{"gold_per_floor":[110,110,47,59,86,98,126,138,150,162,189,201,36,53,53,127,127,141,141,191,191,208,208,237,237,237,253,282,293,26,26,26,99,99,115,390,404,141,154,154,173,63,108,124,144,144,177,197,197,197,197],"floor_reached":52,"playtime":3964,"items_purged":["Defend_G","Die Die Die"],"score":2374,"play_id":"2dd2c45c-2e21-4922-bf18-ea7e7db5117f","local_time":"20181123232442","is_ascension_mode":true,"campfire_choices":[{"data":"Strike_G","floor":6.0,"key":"PURGE"},{"data":"Strike_G","floor":8.0,"key":"PURGE"},{"data":"Defend_G","floor":10.0,"key":"PURGE"},{"data":"Well Laid Plans","floor":15.0,"key":"SMITH"},{"data":"Blade Dance","floor":23.0,"key":"PURGE"},{"data":"Dodge and Roll","floor":25.0,"key":"PURGE"},{"data":"Survivor","floor":32,"key":"PURGE"},{"data":"Regret","floor":40,"key":"PURGE"},{"floor":49,"key":"REST"}],"neow_cost":"TEN_PERCENT_HP_LOSS","seed_source_timestamp":0,"circlet_count":0,"master_deck":["AscendersBane","Neutralize+1","Well Laid Plans+1","Backflip","Heel Hook","Finesse","Footwork","Heel Hook+1","Distraction"],"special_seed":0,"relics":["Ring of the Snake","Peace Pipe","MawBank","Pandora\u0027s Box","Blue Candle","Dodecahedron","Frozen Egg 2","Strawberry","Kunai","Runic Dome","Blood Vial","Bag of Preparation","WingedGreaves"],"potions_floor_usage":[29,50,50],"damage_taken":[{"damage":7.0,"enemies":"Cultist","floor":1.0,"turns":5.0},{"damage":0.0,"enemies":"Jaw Worm","floor":5.0,"turns":6.0},{"damage":7.0,"enemies":"Small Slimes","floor":7.0,"turns":4.0},{"damage":5.0,"enemies":"Exordium Thugs","floor":11.0,"turns":6.0},{"damage":0.0,"enemies":"Looter","floor":14.0,"turns":4.0},{"damage":0.0,"enemies":"Hexaghost","floor":16.0,"turns":2.0},{"damage":0.0,"enemies":"3 Byrds","floor":18.0,"turns":3.0},{"damage":8.0,"enemies":"Chosen","floor":22.0,"turns":7.0},{"damage":1.0,"enemies":"Gremlin Leader","floor":24.0,"turns":2.0},{"damage":4.0,"enemies":"Snake Plant","floor":27.0,"turns":4.0},{"damage":18.0,"enemies":"Slavers","floor":28.0,"turns":4.0},{"damage":1,"enemies":"Cultist and Chosen","floor":29,"turns":5},{"damage":1,"enemies":"Champ","floor":33,"turns":2},{"damage":0,"enemies":"Orb Walker","floor":35,"turns":1},{"damage":12,"enemies":"3 Shapes","floor":37,"turns":3},{"damage":2,"enemies":"Writhing Mass","floor":39,"turns":4},{"damage":1,"enemies":"3 Darklings","floor":41,"turns":2},{"damage":0,"enemies":"Maw","floor":44,"turns":1},{"damage":0,"enemies":"4 Shapes","floor":45,"turns":2},{"damage":0,"enemies":"Giant Head","floor":47,"turns":1},{"damage":0,"enemies":"Spire Growth","floor":48,"turns":1},{"damage":0,"enemies":"Donu and Deca","floor":50,"turns":2},{"damage":0,"enemies":"Awakened One","floor":51,"turns":2}],"seed_played":"8802773926657853405","potions_obtained":[{"floor":1.0,"key":"Block Potion"},{"floor":11.0,"key":"Explosive Potion"},{"floor":22.0,"key":"Strength Potion"},{"floor":39,"key":"SkillPotion"},{"floor":47,"key":"FearPotion"}],"is_trial":false,"path_per_floor":["M","T","?","$","M","R","M","R","T","R","M","?","$","M","R","B",null,"M","?","?","?","M","R","E","R","T","M","E","M","$","?","R","B",null,"M","?","M","$","M","R","M","?","T","M","M","?","E","M","R","B","B",null],"character_chosen":"THE_SILENT","items_purchased":["Finesse","Kunai","Blood Vial"],"campfire_rested":1,"item_purchase_floors":[13,30,38],"current_hp_per_floor":[52,52,52,52,52,52,45,45,45,45,40,40,40,40,40,40,55,55,55,55,55,47,47,46,46,46,42,31,30,30,30,30,29,58,58,58,46,46,46,46,47,47,47,49,51,51,53,55,67,67,67],"gold":197,"neow_bonus":"ONE_RARE_RELIC","is_prod":false,"is_daily":false,"chose_seed":false,"campfire_upgraded":1,"win_rate":0,"timestamp":1542986682,"path_taken":["M","?","?","$","M","R","?","R","T","R","M","?","$","?","R","BOSS","M","?","?","?","M","R","E","R","T","M","E","?","$","?","R","BOSS","M","?","M","?","M","R","M","?","T","?","M","?","E","?","R","BOSS","BOSS"],"build_version":"2018-11-15","purchased_purges":2,"victory":true,"max_hp_per_floor":[60,60,60,60,60,60,60,60,60,60,60,60,60,60,60,60,60,60,60,60,60,60,60,60,60,60,60,67,67,67,67,67,67,67,67,67,67,67,67,67,67,67,67,67,67,67,67,67,67,67,67],"card_choices":[{"not_picked":["Underhanded Strike","Cloak And Dagger"],"picked":"Well Laid Plans","floor":1.0},{"not_picked":["Accuracy","Distraction"],"picked":"Backflip","floor":5.0},{"not_picked":["Bane","Dagger Throw","Backflip"],"picked":"SKIP","floor":7.0},{"not_picked":["Backflip","Prepared"],"picked":"Heel Hook","floor":11.0},{"not_picked":["Underhanded Strike","Prepared","Dash"],"picked":"SKIP","floor":14.0},{"not_picked":["Sucker Punch","Dagger Spray","Slice"],"picked":"SKIP","floor":18.0},{"not_picked":["PiercingWail","Dagger Spray","Eviscerate"],"picked":"SKIP","floor":22.0},{"not_picked":["PiercingWail","Dagger Spray","Eviscerate"],"picked":"SKIP","floor":22.0},{"not_picked":["Endless Agony","Poisoned Stab+1"],"picked":"Footwork","floor":24.0},{"not_picked":["Choke","Backstab","Flying Knee"],"picked":"SKIP","floor":27.0},{"not_picked":["Dash+1","Bane+1","Expertise"],"picked":"SKIP","floor":28.0},{"not_picked":["Deadly Poison","Sucker Punch+1","Quick Slash"],"picked":"SKIP","floor":29},{"not_picked":["Quick Slash","Blade Dance","Predator"],"picked":"SKIP","floor":35},{"not_picked":["Footwork+1","Sucker Punch","Masterful Stab"],"picked":"SKIP","floor":37},{"not_picked":["Caltrops+1","Blade Dance","Backflip"],"picked":"SKIP","floor":39},{"not_picked":["Outmaneuver","PiercingWail+1","Prepared"],"picked":"SKIP","floor":41},{"not_picked":["Quick Slash","Eviscerate"],"picked":"Heel Hook+1","floor":44},{"not_picked":["Deadly Poison","Backflip","Cloak And Dagger"],"picked":"SKIP","floor":45},{"not_picked":["Poisoned Stab","Dagger Spray","Bouncing Flask+1"],"picked":"SKIP","floor":47},{"not_picked":["Prepared","Cloak And Dagger","Crippling Poison"],"picked":"SKIP","floor":48}],"player_experience":1143658,"relics_obtained":[{"floor":2.0,"key":"MawBank"},{"floor":24.0,"key":"Dodecahedron"},{"floor":26.0,"key":"Frozen Egg 2"},{"floor":28.0,"key":"Strawberry"},{"floor":43,"key":"Bag of Preparation"},{"floor":47,"key":"WingedGreaves"}],"event_choices":[{"cards_removed":["Strike_G"],"damage_healed":0.0,"max_hp_gain":0.0,"max_hp_loss":0.0,"gold_gain":0.0,"event_name":"The Cleric","player_choice":"Card Removal","floor":3.0,"gold_loss":75.0,"damage_taken":0.0},{"cards_removed":["Strike_G"],"damage_healed":0.0,"max_hp_gain":0.0,"max_hp_loss":0.0,"gold_gain":0.0,"event_name":"Bonfire Elementals","player_choice":"Offered Basic","floor":12.0,"gold_loss":0.0,"damage_taken":0.0},{"damage_healed":0.0,"max_hp_gain":0.0,"max_hp_loss":0.0,"gold_gain":0.0,"event_name":"Addict","player_choice":"Stole Relic","floor":19.0,"gold_loss":0.0,"damage_taken":0.0,"relics_obtained":["Blue Candle"],"cards_obtained":["Shame"]},{"damage_healed":0.0,"max_hp_gain":0.0,"max_hp_loss":0.0,"gold_gain":50.0,"event_name":"Nest","player_choice":"Stole From Cult","floor":20.0,"gold_loss":0.0,"damage_taken":0.0},{"damage_healed":0.0,"max_hp_gain":0.0,"max_hp_loss":0.0,"gold_gain":0.0,"cards_transformed":["Dash","Leg Sweep"],"event_name":"Drug Dealer","player_choice":"Became Test Subject","floor":21.0,"gold_loss":0.0,"damage_taken":0.0,"cards_obtained":["Die Die Die","Blade Dance"]},{"damage_healed":0,"gold_gain":0,"player_choice":"Ignored","damage_taken":0,"max_hp_gain":0,"max_hp_loss":0,"event_name":"Cursed Tome","floor":31,"gold_loss":0},{"damage_healed":0,"gold_gain":275,"player_choice":"Desecrate","damage_taken":0,"max_hp_gain":0,"max_hp_loss":0,"event_name":"Golden Shrine","floor":36,"gold_loss":0,"cards_obtained":["Regret"]},{"cards_removed":["Shame"],"damage_healed":0,"gold_gain":0,"player_choice":"Upgrade and Remove","damage_taken":0,"max_hp_gain":0,"max_hp_loss":0,"event_name":"Designer","floor":42,"gold_loss":110,"cards_upgraded":["Neutralize"]},{"damage_healed":0,"gold_gain":0,"cards_transformed":["Acrobatics"],"player_choice":"Transformed","damage_taken":0,"max_hp_gain":0,"max_hp_loss":0,"event_name":"Transmorgrifier","floor":46,"gold_loss":0,"cards_obtained":["Distraction"]}],"is_beta":true,"boss_relics":[{"not_picked":["Ectoplasm","WristBlade"],"picked":"Pandora\u0027s Box"},{"not_picked":["Astrolabe","Calling Bell"],"picked":"Runic Dome"}],"items_purged_floors":[13,38],"is_endless":false,"potions_floor_spawned":[1,11,14,22,24,27,28,39,41,47,48],"ascension_level":20}