{"gold_per_floor":[117,117,42,56,67,67,87,87,87,87,114,114,147,157,157,236,236,251,263,276,176,187,187,200,200,279,279,279,204,79,79,79,151,151,167,167,187,37,52,52,72,98,98,98],"floor_reached":44,"playtime":3265,"items_purged":["Strike_R","Strike_R","Strike_R","Strike_R"],"score":1096,"play_id":"9a0ca490-5bba-4c4a-9282-2c63c037246c","local_time":"20190121124907","is_ascension_mode":true,"campfire_choices":[{"data":"True Grit","floor":6.0,"key":"SMITH"},{"data":"Bash","floor":8.0,"key":"SMITH"},{"data":"Shrug It Off","floor":10.0,"key":"SMITH"},{"data":"Body Slam","floor":12.0,"key":"SMITH"},{"data":"Shrug It Off","floor":15.0,"key":"SMITH"},{"data":"Barricade","floor":23.0,"key":"SMITH"},{"data":"Evolve","floor":25.0,"key":"SMITH"},{"floor":32.0,"key":"RECALL"},{"data":"Madness","floor":40.0,"key":"SMITH"}],"neow_cost":"NONE","seed_source_timestamp":3955799120012,"circlet_count":0,"master_deck":["AscendersBane","Defend_R","Defend_R","Defend_R","Defend_R","Bash+1","True Grit+1","Shrug It Off+1","Evolve+1","Body Slam+1","Shrug It Off+1","Barricade+1","Limit Break","Madness","Madness+1"],"special_seed":0,"relics":["Burning Blood","NeowsBlessing","Self Forming Clay","Mercury Hourglass","Du-Vu Doll","Busted Crown","Black Star","Smiling Mask","Strawberry","Molten Egg 2"],"potions_floor_usage":[44],"damage_taken":[{"damage":0.0,"enemies":"Small Slimes","floor":1.0,"turns":1.0},{"damage":0.0,"enemies":"Cultist","floor":4.0,"turns":1.0},{"damage":0.0,"enemies":"2 Louse","floor":5.0,"turns":1.0},{"damage":10.0,"enemies":"Blue Slaver","floor":7.0,"turns":7.0},{"damage":20.0,"enemies":"3 Sentries","floor":11.0,"turns":11.0},{"damage":29.0,"enemies":"Gremlin Nob","floor":13.0,"turns":4.0},{"damage":0.0,"enemies":"2 Fungi Beasts","floor":14.0,"turns":3.0},{"damage":19.0,"enemies":"Slime Boss","floor":16.0,"turns":8.0},{"damage":12.0,"enemies":"Shell Parasite","floor":18.0,"turns":6.0},{"damage":16.0,"enemies":"3 Byrds","floor":19.0,"turns":3.0},{"damage":4.0,"enemies":"Snecko","floor":20.0,"turns":6.0},{"damage":6.0,"enemies":"3 Cultists","floor":22.0,"turns":6.0},{"damage":11.0,"enemies":"Centurion and Healer","floor":24.0,"turns":7.0},{"damage":22.0,"enemies":"Colosseum Slavers","floor":27.0,"turns":5.0},{"damage":0.0,"enemies":"Champ","floor":33.0,"turns":13.0},{"damage":0.0,"enemies":"3 Shapes","floor":35.0,"turns":5.0},{"damage":19.0,"enemies":"Orb Walker","floor":37.0,"turns":4.0},{"damage":8.0,"enemies":"4 Shapes","floor":39.0,"turns":6.0},{"damage":5.0,"enemies":"Maw","floor":41.0,"turns":6.0},{"damage":3,"enemies":"Giant Head","floor":42,"turns":5},{"damage":61,"enemies":"Reptomancer","floor":44,"turns":2}],"seed_played":"8130060160297992305","potions_obtained":[{"floor":4.0,"key":"Weak Potion"},{"floor":7.0,"key":"Energy Potion"},{"floor":18.0,"key":"LiquidBronze"},{"floor":19.0,"key":"Strength Potion"},{"floor":33.0,"key":"Ancient Potion"},{"floor":37.0,"key":"AttackPotion"}],"is_trial":false,"path_per_floor":["M","?","$","M","M","R","M","R","T","R","E","R","E","M","R","B",null,"M","M","M","$","M","R","M","R","T","?","?","?","$","$","R","B",null,"M","?","M","$","M","R","M","E","T","E"],"character_chosen":"IRONCLAD","items_purchased":[],"campfire_rested":0,"item_purchase_floors":[],"current_hp_per_floor":[74,70,70,75,75,75,71,71,71,71,57,57,34,40,40,27,63,57,47,49,49,49,49,44,44,44,28,43,43,43,43,43,49,69,75,61,48,48,46,46,47,57,57,0],"gold":98,"neow_bonus":"THREE_ENEMY_KILL","is_prod":false,"is_daily":false,"chose_seed":false,"campfire_upgraded":8,"win_rate":0,"timestamp":1548046147,"path_taken":["M","?","$","M","M","R","M","R","T","R","E","R","E","M","R","BOSS","M","?","M","$","M","R","M","R","T","?","?","?","?","$","R","BOSS","M","?","M","$","M","R","M","E","T","E"],"build_version":"2019-01-17v2","purchased_purges":4,"victory":false,"max_hp_per_floor":[75,75,75,75,75,75,75,75,75,75,75,75,75,75,75,75,75,75,75,75,75,75,75,75,75,75,75,75,75,75,75,75,75,75,75,75,75,75,75,75,75,82,82,82],"card_choices":[{"not_picked":["Pommel Strike","Cleave"],"picked":"True Grit","floor":1.0},{"not_picked":["Iron Wave","Wild Strike"],"picked":"Shrug It Off","floor":4.0},{"not_picked":["Rage","Entrench"],"picked":"Evolve","floor":5.0},{"not_picked":["Blood for Blood","Pommel Strike","Metallicize"],"picked":"SKIP","floor":7.0},{"not_picked":["Rage","Exhume"],"picked":"Body Slam","floor":11.0},{"not_picked":["Armaments","Body Slam"],"picked":"Shrug It Off","floor":13.0},{"not_picked":["Feel No Pain","Iron Wave","Havoc"],"picked":"SKIP","floor":14.0},{"not_picked":["Juggernaut","Brutality"],"picked":"Barricade","floor":16.0},{"not_picked":["Anger"],"picked":"SKIP","floor":18.0},{"not_picked":["Sever Soul"],"picked":"SKIP","floor":19.0},{"not_picked":["Cleave"],"picked":"SKIP","floor":20.0},{"not_picked":["Heavy Blade"],"picked":"SKIP","floor":22.0},{"not_picked":["Sword Boomerang"],"picked":"SKIP","floor":24.0},{"not_picked":[],"picked":"Limit Break","floor":33.0},{"not_picked":["Rage"],"picked":"SKIP","floor":35.0},{"not_picked":["Sword Boomerang"],"picked":"SKIP","floor":37.0},{"not_picked":["Blood for Blood"],"picked":"SKIP","floor":39.0},{"not_picked":["Armaments"],"picked":"SKIP","floor":41.0},{"not_picked":["Perfected Strike"],"picked":"SKIP","floor":42}],"player_experience":2097576,"relics_obtained":[{"floor":9.0,"key":"Self Forming Clay"},{"floor":11.0,"key":"Mercury Hourglass"},{"floor":13.0,"key":"Du-Vu Doll"},{"floor":42,"key":"Smiling Mask"},{"floor":42,"key":"Strawberry"},{"floor":43,"key":"Molten Egg 2"}],"event_choices":[{"damage_healed":0.0,"max_hp_gain":0.0,"max_hp_loss":0.0,"gold_gain":0.0,"event_name":"The Woman in Blue","player_choice":"Bought 0 Potions","floor":2.0,"gold_loss":0.0,"damage_taken":0.0},{"damage_healed":0.0,"max_hp_gain":0.0,"max_hp_loss":0.0,"gold_gain":0.0,"event_name":"Colosseum","player_choice":"Fight","floor":27.0,"gold_loss":0.0,"damage_taken":0.0},{"damage_healed":0.0,"max_hp_gain":0.0,"max_hp_loss":0.0,"gold_gain":0.0,"event_name":"Colosseum","player_choice":"Fled From Nobs","floor":27.0,"gold_loss":0.0,"damage_taken":0.0},{"damage_healed":15.0,"max_hp_gain":0.0,"max_hp_loss":0.0,"gold_gain":0.0,"event_name":"The Library","player_choice":"Heal","floor":28.0,"gold_loss":0.0,"damage_taken":0.0},{"cards_removed":["Strike_R"],"damage_healed":0.0,"max_hp_gain":0.0,"max_hp_loss":0.0,"gold_gain":0.0,"event_name":"Beggar","player_choice":"Gave Gold","floor":29.0,"gold_loss":75.0,"damage_taken":0.0},{"damage_healed":0.0,"max_hp_gain":0.0,"max_hp_loss":0.0,"gold_gain":0.0,"event_name":"Winding Halls","player_choice":"Embrace Madness","floor":36.0,"gold_loss":0.0,"damage_taken":14.0,"cards_obtained":["Madness","Madness"]}],"is_beta":false,"boss_relics":[{"not_picked":["Fusion Hammer","Pandora\u0027s Box"],"picked":"Busted Crown"},{"not_picked":["Philosopher\u0027s Stone","Eternal Feather"],"picked":"Black Star"}],"items_purged_floors":[3,21,30,38],"is_endless":false,"potions_floor_spawned":[4,7,18,19,27,33,37,39],"killed_by":"Reptomancer","ascension_level":20}