{"gold_per_floor":[110,60,60,60,60,60,73,73,146,69,93,19,33,48,48,177,177,193,216,67,67,94,94,114,114,114,133,146,165,200,100,100,221,221,246,88,101,32,0,0,23,54,54,54,94,94,135,135,135,135],"floor_reached":51,"playtime":1783,"items_purged":["Strike_G","Strike_G","Strike_G"],"score":868,"play_id":"333c135b-382f-4c5d-ae8b-51c623832ba7","local_time":"20181124162848","is_ascension_mode":false,"campfire_choices":[{"data":"Neutralize","floor":6,"key":"SMITH"},{"data":"Cloak And Dagger","floor":8,"key":"SMITH"},{"data":"Accuracy","floor":15,"key":"SMITH"},{"data":"Night Terror","floor":23,"key":"SMITH"},{"data":"Bouncing Flask","floor":25,"key":"SMITH"},{"data":"Accuracy","floor":32,"key":"SMITH"},{"data":"Footwork","floor":46,"key":"SMITH"},{"data":"Flash of Steel","floor":49,"key":"SMITH"}],"neow_cost":"NONE","seed_source_timestamp":24127012177029,"circlet_count":0,"master_deck":["Defend_G","Defend_G","Defend_G","Defend_G","Survivor","Neutralize+1","Cloak And Dagger+1","Accuracy+1","Infinite Blades","Night Terror+1","Bouncing Flask+1","Footwork+1","Ghostly","Ghostly","Ghostly","Ghostly","Ghostly","Accuracy+1","Adrenaline+1","Infinite Blades","Burst+1","Infinite Blades","Flash of Steel+1","Noxious Fumes+1","Escape Plan+1"],"relics":["Ring of the Snake","Golden Idol","Matryoshka","Philosopher\u0027s Stone","Strawberry","Anchor","Lantern","Toxic Egg 2","Potion Belt","Runic Dome","Red Mask","Ancient Tea Set","Snake Skull","Happy Flower"],"potions_floor_usage":[14,18,42,50,50,50],"damage_taken":[{"damage":2,"enemies":"Cultist","floor":1,"turns":6},{"damage":0,"enemies":"Small Slimes","floor":7,"turns":4},{"damage":0,"enemies":"Jaw Worm","floor":11,"turns":3},{"damage":2,"enemies":"Exordium Wildlife","floor":13,"turns":4},{"damage":3,"enemies":"Gremlin Gang","floor":14,"turns":4},{"damage":35,"enemies":"The Guardian","floor":16,"turns":12},{"damage":3,"enemies":"Chosen","floor":18,"turns":7},{"damage":12,"enemies":"Spheric Guardian","floor":19,"turns":5},{"damage":1,"enemies":"Snecko","floor":24,"turns":5},{"damage":0,"enemies":"3 Cultists","floor":27,"turns":8},{"damage":2,"enemies":"Shelled Parasite and Fungi","floor":28,"turns":7},{"damage":0,"enemies":"Snake Plant","floor":29,"turns":5},{"damage":8,"enemies":"Slavers","floor":30,"turns":7},{"damage":20,"enemies":"Automaton","floor":33,"turns":14},{"damage":2,"enemies":"3 Darklings","floor":35,"turns":6},{"damage":0,"enemies":"3 Shapes","floor":37,"turns":4},{"damage":1,"enemies":"Transient","floor":41,"turns":5},{"damage":4,"enemies":"Reptomancer","floor":42,"turns":6},{"damage":0,"enemies":"Giant Head","floor":45,"turns":5},{"damage":0,"enemies":"Reptomancer","floor":47,"turns":5},{"damage":0,"enemies":"Donu and Deca","floor":50,"turns":8}],"seed_played":"-1027719844051747367","potions_obtained":[{"floor":1,"key":"AttackPotion"},{"floor":13,"key":"SpeedPotion"},{"floor":27,"key":"Fire Potion"},{"floor":28,"key":"Regen Potion"},{"floor":30,"key":"Explosive Potion"},{"floor":35,"key":"Weak Potion"},{"floor":41,"key":"Dexterity Potion"},{"floor":47,"key":"AttackPotion"}],"is_trial":false,"path_per_floor":["M","?","$","?","?","R","M","R","T","$","M","$","M","M","R","B",null,"M","M","$","?","T","R","M","R","T","M","M","M","E","$","R","B",null,"M","$","M","$","?","?","M","E","T","$","E","R","E","$","R","B",null],"character_chosen":"THE_SILENT","items_purchased":["Accuracy","Infinite Blades","Footwork","Infinite Blades","Infinite Blades"],"campfire_rested":0,"item_purchase_floors":[10,12,20,36,38],"current_hp_per_floor":[68,68,68,61,61,61,61,61,61,61,61,61,59,56,56,21,65,62,50,50,32,39,39,38,38,38,38,36,36,28,28,28,8,39,37,37,37,37,37,37,36,39,39,39,39,39,39,39,39,39],"gold":135,"neow_bonus":"REMOVE_CARD","is_prod":false,"is_daily":false,"chose_seed":false,"campfire_upgraded":8,"win_rate":0,"timestamp":1543048128,"path_taken":["M","?","$","?","?","R","M","R","T","?","?","$","M","M","R","BOSS","M","?","?","?","?","R","M","R","T","M","M","M","E","$","R","BOSS","M","?","M","$","?","?","M","E","T","$","E","R","E","$","R","BOSS"],"build_version":"2018-11-15","purchased_purges":3,"victory":true,"max_hp_per_floor":[70,70,70,70,65,65,65,65,65,65,65,65,65,65,65,65,65,65,65,65,32,39,39,39,39,39,39,39,39,39,39,39,39,39,39,39,39,39,39,39,39,39,39,39,39,39,39,39,39,39],"card_choices":[{"not_picked":["Skewer","Underhanded Strike"],"picked":"Cloak And Dagger","floor":1},{"not_picked":["Setup","Quick Slash","Blade Dance"],"picked":"SKIP","floor":7},{"not_picked":["Eviscerate","Blur","Dodge and Roll"],"picked":"SKIP","floor":11},{"not_picked":["Bane","Dagger Throw","Concentrate"],"picked":"SKIP","floor":13},{"not_picked":["Outmaneuver","Distraction","Eviscerate"],"picked":"SKIP","floor":14},{"not_picked":["Unload","Die Die Die"],"picked":"Night Terror","floor":16},{"not_picked":["Flying Knee+1","Setup"],"picked":"Bouncing Flask","floor":18},{"not_picked":["Quick Slash","Poisoned Stab","Predator"],"picked":"SKIP","floor":19},{"not_picked":["Deflect+1","PiercingWail","Backstab"],"picked":"SKIP","floor":24},{"not_picked":["Reflex+1","Flechettes","Slice"],"picked":"SKIP","floor":27},{"not_picked":["Poisoned Stab","Caltrops"],"picked":"Accuracy","floor":28},{"not_picked":["Prepared+1","Dagger Throw","Masterful Stab+1"],"picked":"SKIP","floor":29},{"not_picked":["Sucker Punch+1","Bane","Deflect+1"],"picked":"SKIP","floor":30},{"not_picked":["After Image","Die Die Die"],"picked":"Adrenaline+1","floor":33},{"not_picked":["Sucker Punch","Outmaneuver+1","Quick Slash"],"picked":"SKIP","floor":35},{"not_picked":["Dagger Spray+1","Leg Sweep+1"],"picked":"Burst+1","floor":37},{"not_picked":["Mind Blast","Jack Of All Trades+1"],"picked":"Flash of Steel","floor":40},{"not_picked":["Slice","Underhanded Strike+1","Poisoned Stab+1"],"picked":"SKIP","floor":41},{"not_picked":["Deadly Poison+1","Unload"],"picked":"Noxious Fumes+1","floor":42},{"not_picked":["Dagger Throw","Leg Sweep+1"],"picked":"Escape Plan+1","floor":45},{"not_picked":["Backstab+1","PiercingWail+1","Dagger Spray"],"picked":"SKIP","floor":47}],"player_experience":1150209,"relics_obtained":[{"floor":9,"key":"Matryoshka"},{"floor":22,"key":"Strawberry"},{"floor":22,"key":"Anchor"},{"floor":26,"key":"Lantern"},{"floor":26,"key":"Toxic Egg 2"},{"floor":30,"key":"Potion Belt"},{"floor":42,"key":"Ancient Tea Set"},{"floor":43,"key":"Snake Skull"},{"floor":47,"key":"Happy Flower"}],"event_choices":[{"cards_removed":["Strike_G"],"damage_healed":0,"gold_gain":0,"player_choice":"Card Removal","damage_taken":0,"max_hp_gain":0,"max_hp_loss":0,"event_name":"The Cleric","floor":2,"gold_loss":50},{"cards_removed":["Defend_G"],"damage_healed":0,"gold_gain":0,"player_choice":"Card Removal","damage_taken":7,"max_hp_gain":0,"max_hp_loss":0,"event_name":"Golden Wing","floor":4,"gold_loss":0},{"damage_healed":0,"gold_gain":0,"player_choice":"Lose Max HP","damage_taken":0,"relics_obtained":["Golden Idol"],"max_hp_gain":0,"max_hp_loss":5,"event_name":"Golden Idol","floor":5,"gold_loss":0},{"damage_healed":0,"gold_gain":0,"player_choice":"Became a Ghost","damage_taken":0,"max_hp_gain":0,"max_hp_loss":33,"event_name":"Ghosts","floor":21,"gold_loss":0,"cards_obtained":["Ghostly","Ghostly","Ghostly","Ghostly","Ghostly"]},{"damage_healed":0,"gold_gain":0,"player_choice":"Paid","damage_taken":0,"relics_obtained":["Red Mask"],"max_hp_gain":0,"max_hp_loss":0,"event_name":"Tomb of Lord Red Mask","floor":39,"gold_loss":32},{"damage_healed":0,"gold_gain":0,"player_choice":"Memory 1","damage_taken":0,"max_hp_gain":0,"max_hp_loss":0,"event_name":"SensoryStone","floor":40,"gold_loss":0}],"is_beta":false,"boss_relics":[{"not_picked":["Astrolabe","Snecko Eye"],"picked":"Philosopher\u0027s Stone"},{"not_picked":["Velvet Choker","Lizard Tail"],"picked":"Runic Dome"}],"items_purged_floors":[20,31,36],"is_endless":false,"potions_floor_spawned":[1,13,27,28,30,35,41,47],"ascension_level":0}