{"gold_per_floor":[212,54,65,215,115,115,127,52,102,132,87,101,101,121,121,121],"floor_reached":16,"playtime":306,"items_purged":["Strike_R","Doubt"],"score":185,"play_id":"b40df899-65bc-4811-92f9-d949f98b1ec3","local_time":"20181110202149","is_ascension_mode":true,"campfire_choices":[{"data":"Searing Blow","floor":6,"key":"SMITH"},{"data":"Searing Blow+1","floor":13,"key":"SMITH"},{"data":"Searing Blow+2","floor":15,"key":"SMITH"}],"neow_cost":"NONE","seed_source_timestamp":28380771352052,"circlet_count":0,"master_deck":["AscendersBane","Strike_R","Strike_R","Strike_R","Strike_R","Defend_R","Defend_R","Defend_R","Bash","Shockwave","Searing Blow+3","True Grit"],"relics":["Burning Blood","Pen Nib","Juzu Bracelet"],"potions_floor_usage":[10],"damage_taken":[{"damage":8,"enemies":"2 Louse","floor":1,"turns":5},{"damage":2,"enemies":"Jaw Worm","floor":3,"turns":5},{"damage":15,"enemies":"Small Slimes","floor":7,"turns":4},{"damage":38,"enemies":"Lagavulin","floor":10,"turns":7},{"damage":3,"enemies":"Looter","floor":12,"turns":2},{"damage":15,"enemies":"Exordium Wildlife","floor":14,"turns":4},{"damage":0,"enemies":"Slime Boss","floor":16,"turns":1}],"seed_played":"-3523917049699022670","potions_obtained":[{"floor":1,"key":"Fire Potion"},{"floor":7,"key":"Dexterity Potion"}],"is_trial":false,"path_per_floor":["M","$","M","?","$","R","M","?","T","E","?","M","R","M","R","B"],"character_chosen":"IRONCLAD","items_purchased":["Searing Blow"],"campfire_rested":0,"item_purchase_floors":[2],"current_hp_per_floor":[66,66,70,70,70,70,61,61,61,29,29,32,32,23,23,23],"gold":121,"neow_bonus":"HUNDRED_GOLD","is_prod":false,"is_daily":false,"chose_seed":false,"campfire_upgraded":3,"win_rate":0,"timestamp":1541852509,"path_taken":["M","$","M","?","$","R","M","?","T","E","?","M","R","M","R","BOSS"],"build_version":"2018-11-08","purchased_purges":2,"victory":false,"max_hp_per_floor":[75,75,75,75,75,75,75,75,75,75,75,75,75,75,75,75],"card_choices":[{"not_picked":["Twin Strike","Hemokinesis"],"picked":"Shockwave","floor":1},{"not_picked":["Rage","Clothesline","Wild Strike"],"picked":"SKIP","floor":3},{"not_picked":["Shrug It Off","Blood for Blood","Headbutt"],"picked":"SKIP","floor":7},{"not_picked":["Seeing Red","Sword Boomerang","Warcry"],"picked":"SKIP","floor":10},{"not_picked":["Sword Boomerang","Cleave","Burning Pact"],"picked":"SKIP","floor":12},{"not_picked":["Sentinel","Pommel Strike"],"picked":"True Grit","floor":14}],"player_experience":964566,"relics_obtained":[{"floor":9,"key":"Pen Nib"},{"floor":10,"key":"Juzu Bracelet"}],"event_choices":[{"damage_healed":0,"gold_gain":150,"player_choice":"AGREE","damage_taken":0,"max_hp_gain":0,"max_hp_loss":0,"event_name":"Liars Game","floor":4,"gold_loss":0,"cards_obtained":["Doubt"]},{"cards_removed":["Defend_R"],"damage_healed":0,"gold_gain":0,"player_choice":"Card Removal","damage_taken":0,"max_hp_gain":0,"max_hp_loss":0,"event_name":"The Cleric","floor":8,"gold_loss":75},{"damage_healed":0,"gold_gain":0,"player_choice":"Left Gold","damage_taken":0,"max_hp_gain":0,"max_hp_loss":0,"event_name":"World of Goop","floor":11,"gold_loss":45}],"is_beta":false,"boss_relics":[],"items_purged_floors":[2,5],"is_endless":false,"potions_floor_spawned":[1,7],"killed_by":"Slime Boss","ascension_level":17}