{"path_per_floor":["M","M","M","?","M","R","M","R","T","$","M","E","M","M","R","B",null,"M","?","?","T","M"],"character_chosen":"THE_SILENT","items_purchased":[],"gold_per_floor":[14,33,46,146,157,157,168,168,213,138,149,207,222,242,242,344,344,364,279,179,179,195],"floor_reached":23,"campfire_rested":0,"playtime":1154,"current_hp_per_floor":[70,69,69,69,60,60,51,51,51,51,49,41,41,41,41,10,70,48,48,48,48,44],"items_purged":["Defend_G"],"gold":195,"score":195,"play_id":"1cff1903-42fc-470d-9e43-665711062f89","is_prod":false,"is_daily":false,"is_ascension_mode":false,"campfire_upgraded":3,"path_taken":["M","?","M","?","M","R","M","R","T","?","M","E","?","M","R","BOSS","M","?","?","?","M","E"],"build_version":"2018-02-22-PROD1","purchased_purges":1,"victory":false,"master_deck":["Defend_G","Defend_G","Defend_G","Defend_G","Strike_G","Strike_G","Strike_G","Strike_G","Strike_G","Survivor","Neutralize+1","Dagger Spray","Dash","Footwork+1","Adrenaline+1","J.A.X.","Bouncing Flask+1"],"max_hp_per_floor":[70,70,70,70,70,70,70,70,70,70,70,70,70,70,70,70,70,70,70,70,70,70],"relics":["Ring of the Snake","Frozen Eye","Dream Catcher","Tiny Chest","Question Card","Happy Flower","Blue Candle"],"card_choices":[{"not_picked":["Outmaneuver","Escape Plan"],"picked":"Dagger Spray"},{"not_picked":["Flechettes","Dagger Throw"],"picked":"Dash"},{"not_picked":["Blade Dance","Quick Slash"],"picked":"Footwork"},{"not_picked":["Sucker Punch","Slice"],"picked":"Adrenaline"},{"not_picked":["Backflip","Prepared","Underhanded Strike"],"picked":"Bouncing Flask"}],"player_experience":123774,"potions_floor_usage":[23],"damage_taken":[{"damage":0.0,"enemies":"Cultist","floor":1.0,"turns":4.0},{"damage":1.0,"enemies":"2 Louse","floor":2.0,"turns":3.0},{"damage":0.0,"enemies":"Jaw Worm","floor":3.0,"turns":4.0},{"damage":9.0,"enemies":"Exordium Wildlife","floor":5.0,"turns":4.0},{"damage":9.0,"enemies":"Large Slime","floor":7.0,"turns":8.0},{"damage":2.0,"enemies":"2 Fungi Beasts","floor":11.0,"turns":4.0},{"damage":8.0,"enemies":"3 Sentries","floor":12.0,"turns":7.0},{"damage":0.0,"enemies":"Exordium Thugs","floor":13.0,"turns":4.0},{"damage":0.0,"enemies":"Large Slime","floor":14.0,"turns":8.0},{"damage":46.0,"enemies":"The Guardian","floor":16.0,"turns":23.0},{"damage":22,"enemies":"Spheric Guardian","floor":18,"turns":9},{"damage":4,"enemies":"3 Byrds","floor":22,"turns":6},{"damage":59,"enemies":"Gremlin Leader","floor":23,"turns":6}],"event_choices":[{"event_name":"Golden Shrine","player_choice":"Pray","floor":4.0,"damage_taken":0.0},{"event_name":"Addict","player_choice":"Obtained Relic","floor":19,"damage_taken":0},{"event_name":"Drug Dealer","player_choice":"Got JAXXED","floor":20,"damage_taken":0}],"boss_relics":[{"not_picked":["Runic Pyramid","Runic Dome"],"picked":"Question Card"}],"potions_floor_spawned":[2,5,12,16,22],"seed_played":"1237634657192224141","killed_by":"Gremlin Leader","ascension_level":0,"is_trial":false}