{"gold_per_floor":[111,111,59,79,79,79,114,134,159,172,187,187,207,222,222,300,300,317,328,342,342],"floor_reached":21,"playtime":734,"items_purged":[],"score":420,"play_id":"9e2e313d-c0ed-4135-9ba2-e5807f256322","local_time":"20190217221125","is_ascension_mode":true,"campfire_choices":[{"data":"Acrobatics","floor":6.0,"key":"SMITH"},{"data":"Deadly Poison","floor":15.0,"key":"SMITH"}],"neow_cost":"NONE","seed_source_timestamp":22543706665091,"circlet_count":0,"master_deck":["AscendersBane","Defend_G","Defend_G","Defend_G","Defend_G","Defend_G","Strike_G","Strike_G","Strike_G","Strike_G","Survivor","Neutralize+1","PiercingWail","Acrobatics+1","Acrobatics","Heel Hook","Deadly Poison+1","Burst","Wraith Form v2","Tactician"],"special_seed":0,"relics":["Ring of the Snake","NeowsBlessing","Bag of Marbles","Happy Flower","Coffee Dripper"],"potions_floor_usage":[20],"damage_taken":[{"damage":0.0,"enemies":"2 Louse","floor":1.0,"turns":1.0},{"damage":0.0,"enemies":"Jaw Worm","floor":4.0,"turns":1.0},{"damage":0.0,"enemies":"Gremlin Nob","floor":7.0,"turns":1.0},{"damage":1.0,"enemies":"Cultist","floor":8.0,"turns":5.0},{"damage":30.0,"enemies":"Gremlin Gang","floor":10.0,"turns":9.0},{"damage":1.0,"enemies":"Looter","floor":11.0,"turns":5.0},{"damage":2.0,"enemies":"Red Slaver","floor":13.0,"turns":3.0},{"damage":0.0,"enemies":"2 Fungi Beasts","floor":14.0,"turns":4.0},{"damage":6.0,"enemies":"Hexaghost","floor":16.0,"turns":9.0},{"damage":10,"enemies":"3 Byrds","floor":18,"turns":6},{"damage":1,"enemies":"Shell Parasite","floor":19,"turns":6},{"damage":32,"enemies":"Shelled Parasite and Fungi","floor":20,"turns":6},{"damage":12,"enemies":"Centurion and Healer","floor":21,"turns":4}],"seed_played":"-2478013616107491544","potions_obtained":[{"floor":11.0,"key":"Explosive Potion"},{"floor":14.0,"key":"Explosive Potion"},{"floor":16.0,"key":"Swift Potion"}],"is_trial":false,"path_per_floor":["M","?","$","M","?","R","E","M","T","M","M","?","M","M","R","B",null,"M","M","M","M"],"character_chosen":"THE_SILENT","items_purchased":["Acrobatics"],"campfire_rested":0,"item_purchase_floors":[3],"current_hp_per_floor":[59,59,59,59,52,52,52,51,51,21,20,20,18,18,18,12,53,43,42,10,0],"gold":342,"neow_bonus":"THREE_ENEMY_KILL","is_prod":false,"is_daily":false,"chose_seed":false,"campfire_upgraded":2,"win_rate":0,"timestamp":1550412685,"path_taken":["M","?","$","M","?","R","E","?","T","M","M","?","M","M","R","BOSS","M","?","?","M"],"build_version":"2019-01-23","purchased_purges":0,"victory":false,"max_hp_per_floor":[66,66,66,66,66,66,66,66,66,66,66,66,66,66,66,66,66,66,66,66,66],"card_choices":[{"not_picked":["Dagger Spray","Dodge and Roll"],"picked":"PiercingWail","floor":1.0},{"not_picked":["Dagger Spray","Prepared","Bane"],"picked":"SKIP","floor":4.0},{"not_picked":["Backstab","A Thousand Cuts"],"picked":"Acrobatics","floor":7.0},{"not_picked":["Dagger Spray","Acrobatics"],"picked":"Heel Hook","floor":8.0},{"not_picked":["Blade Dance","Acrobatics","Blur"],"picked":"SKIP","floor":10.0},{"not_picked":["Bane","Dagger Throw"],"picked":"Deadly Poison","floor":11.0},{"not_picked":["Prepared","Dodge and Roll"],"picked":"Burst","floor":13.0},{"not_picked":["Leg Sweep","Dash","Backflip"],"picked":"SKIP","floor":14.0},{"not_picked":["Leg Sweep","Dash","Backflip"],"picked":"SKIP","floor":14.0},{"not_picked":["Die Die Die","Glass Knife"],"picked":"Wraith Form v2","floor":16.0},{"not_picked":["Backflip","Slice"],"picked":"Tactician","floor":18},{"not_picked":["Backflip","Acrobatics","Slice"],"picked":"SKIP","floor":19},{"not_picked":["Acrobatics","Eviscerate","Poisoned Stab"],"picked":"SKIP","floor":20}],"player_experience":1466926,"relics_obtained":[{"floor":7.0,"key":"Bag of Marbles"},{"floor":9.0,"key":"Happy Flower"}],"event_choices":[{"damage_healed":0.0,"max_hp_gain":0.0,"max_hp_loss":0.0,"gold_gain":0.0,"event_name":"Liars Game","player_choice":"Ignored","floor":2.0,"gold_loss":0.0,"damage_taken":0.0},{"cards_removed":["Strike_G"],"damage_healed":0.0,"max_hp_gain":0.0,"max_hp_loss":0.0,"gold_gain":0.0,"event_name":"Golden Wing","player_choice":"Card Removal","floor":5.0,"gold_loss":0.0,"damage_taken":7.0},{"damage_healed":0.0,"max_hp_gain":0.0,"max_hp_loss":0.0,"gold_gain":0.0,"event_name":"Accursed Blacksmith","player_choice":"Forge","floor":12.0,"gold_loss":0.0,"damage_taken":0.0,"cards_upgraded":["Neutralize"]}],"is_beta":false,"boss_relics":[{"not_picked":["Astrolabe","Pandora\u0027s Box"],"picked":"Coffee Dripper"}],"items_purged_floors":[],"is_endless":false,"potions_floor_spawned":[11,14,16,19],"killed_by":"Centurion and Healer","ascension_level":20}