{"gold_per_floor":[118,268,343,52,52,52,85,85,137,53,67,77,95,113,113,185,185,199,199,33,53,53,85,85,85,157,31,31,47,47],"floor_reached":30,"playtime":1080,"items_purged":["Doubt"],"score":542,"play_id":"1a364dad-1edb-4e3b-8359-cdf2bbd208e2","local_time":"20190203225814","is_ascension_mode":true,"campfire_choices":[{"data":"Well Laid Plans","floor":6.0,"key":"SMITH"},{"data":"Neutralize","floor":8.0,"key":"SMITH"},{"data":"Caltrops","floor":15.0,"key":"SMITH"},{"data":"Calculated Gamble","floor":24.0,"key":"SMITH"}],"neow_cost":"NONE","seed_source_timestamp":42454767759671,"circlet_count":0,"master_deck":["AscendersBane","Defend_G","Defend_G","Defend_G","Defend_G","Defend_G","Strike_G","Strike_G","Strike_G","Strike_G","Strike_G","Survivor","Neutralize+1","Well Laid Plans+1","Ball Lightning","Caltrops+1","Calculated Gamble+1","Infinite Blades","Power Through","Limit Break","Capacitor","Shrug It Off","J.A.X.","Limit Break"],"special_seed":0,"relics":["Ring of the Snake","NeowsBlessing","PrismaticShard","Mummified Hand","PreservedInsect","Lizard Tail","Oddly Smooth Stone","Dodecahedron","The Courier","Blood Vial"],"potions_floor_usage":[],"damage_taken":[{"damage":0.0,"enemies":"2 Louse","floor":1.0,"turns":1.0},{"damage":0.0,"enemies":"Lagavulin","floor":7.0,"turns":1.0},{"damage":0.0,"enemies":"Jaw Worm","floor":11.0,"turns":1.0},{"damage":0.0,"enemies":"Cultist","floor":12.0,"turns":3.0},{"damage":9.0,"enemies":"Large Slime","floor":13.0,"turns":6.0},{"damage":0.0,"enemies":"Looter","floor":14.0,"turns":4.0},{"damage":26.0,"enemies":"Hexaghost","floor":16.0,"turns":10.0},{"damage":11.0,"enemies":"Shell Parasite","floor":18.0,"turns":8.0},{"damage":5.0,"enemies":"Chosen","floor":21.0,"turns":5.0},{"damage":45.0,"enemies":"Slavers","floor":23.0,"turns":7.0},{"damage":23,"enemies":"Centurion and Healer","floor":29,"turns":6},{"damage":12,"enemies":"Snake Plant","floor":30,"turns":5}],"seed_played":"1030051992016929019","potions_obtained":[{"floor":5.0,"key":"EntropicBrew"},{"floor":5.0,"key":"Poison Potion"},{"floor":21.0,"key":"Strength Potion"}],"is_trial":false,"path_per_floor":["M","?","?","$","?","R","E","R","T","$","M","M","M","M","R","B",null,"M","?","$","M","$","E","R","?","T","$","?","M","M"],"character_chosen":"THE_SILENT","items_purchased":["PrismaticShard","Caltrops","Oddly Smooth Stone","Blood Vial"],"campfire_rested":0,"item_purchase_floors":[4,10,20,27],"current_hp_per_floor":[59,59,48,48,48,48,48,48,48,48,48,48,39,39,39,13,53,42,42,42,37,37,30,30,30,30,30,30,9,0],"gold":47,"neow_bonus":"THREE_ENEMY_KILL","is_prod":false,"is_daily":false,"chose_seed":false,"campfire_upgraded":4,"win_rate":0,"timestamp":1549205894,"path_taken":["M","?","?","$","?","R","E","R","T","$","M","?","M","M","R","BOSS","M","?","$","M","$","E","R","?","T","$","?","M","?"],"build_version":"2019-01-23","purchased_purges":1,"victory":false,"max_hp_per_floor":[66,66,66,66,66,66,66,66,66,66,66,66,66,66,66,66,66,66,66,66,66,66,66,66,66,66,66,66,66,66],"card_choices":[{"not_picked":["Prepared","Backflip"],"picked":"Well Laid Plans","floor":1.0},{"not_picked":["Sword Boomerang","Flex"],"picked":"Ball Lightning","floor":7.0},{"not_picked":["Dagger Spray","Expertise","Prepared"],"picked":"SKIP","floor":11.0},{"not_picked":["Dagger Spray","Expertise","Prepared"],"picked":"SKIP","floor":11.0},{"not_picked":["Anger","Compile Driver"],"picked":"Calculated Gamble","floor":12.0},{"not_picked":["BootSequence","Prepared"],"picked":"Infinite Blades","floor":13.0},{"not_picked":["Underhanded Strike","Lockon"],"picked":"Power Through","floor":14.0},{"not_picked":["Metamorphosis","Dark Embrace"],"picked":"Limit Break","floor":16.0},{"not_picked":["Bane","Wild Strike+1"],"picked":"Capacitor","floor":18.0},{"not_picked":["Riddle With Holes","Slice"],"picked":"Shrug It Off","floor":21.0},{"not_picked":["Cleave+1","Headbutt","Sucker Punch"],"picked":"SKIP","floor":23.0},{"not_picked":["Turbo","Force Field","Combust"],"picked":"SKIP","floor":29}],"player_experience":2495883,"relics_obtained":[{"floor":7.0,"key":"Mummified Hand"},{"floor":9.0,"key":"PreservedInsect"},{"floor":23.0,"key":"Dodecahedron"},{"floor":26,"key":"The Courier"}],"event_choices":[{"damage_healed":0.0,"max_hp_gain":0.0,"max_hp_loss":0.0,"gold_gain":150.0,"event_name":"Liars Game","player_choice":"AGREE","floor":2.0,"gold_loss":0.0,"damage_taken":0.0,"cards_obtained":["Doubt"]},{"damage_healed":0.0,"max_hp_gain":0.0,"max_hp_loss":0.0,"gold_gain":75.0,"event_name":"World of Goop","player_choice":"Gather Gold","floor":3.0,"gold_loss":0.0,"damage_taken":11.0},{"damage_healed":0.0,"max_hp_gain":0.0,"max_hp_loss":0.0,"gold_gain":0.0,"event_name":"Lab","player_choice":"Got Potions","floor":5.0,"gold_loss":0.0,"damage_taken":0.0},{"damage_healed":0.0,"max_hp_gain":0.0,"max_hp_loss":0.0,"gold_gain":0.0,"event_name":"The Mausoleum","player_choice":"Ignored","floor":19.0,"gold_loss":0.0,"damage_taken":0.0},{"damage_healed":0,"gold_gain":0,"player_choice":"Obtain J.A.X.","damage_taken":0,"max_hp_gain":0,"max_hp_loss":0,"event_name":"Drug Dealer","floor":25,"gold_loss":0,"cards_obtained":["J.A.X."]},{"damage_healed":0,"gold_gain":0,"player_choice":"Copied","damage_taken":0,"max_hp_gain":0,"max_hp_loss":0,"event_name":"Duplicator","floor":28,"gold_loss":0,"cards_obtained":["Limit Break"]}],"is_beta":false,"boss_relics":[{"not_picked":["HoveringKite","Snecko Eye"],"picked":"Lizard Tail"}],"items_purged_floors":[4],"is_endless":false,"potions_floor_spawned":[13,14,21],"killed_by":"Snake Plant","ascension_level":20}