{"path_per_floor":["M","?","?","M","$","E","R","E","T","E","R","M","R","E","R","B",null,"M","T","?","M","$","E","R","E","T","E","M","E","R","M","R","B",null,"M","$","?","M","M","E","R","E","T","T","?","E","R","E","R","B"],"character_chosen":"THE_SILENT","items_purchased":["Wraith Form v2","Cloak And Dagger","Toxic Egg 2","Shuriken"],"gold_per_floor":[114,114,114,129,2,32,32,62,62,92,92,107,107,137,137,237,237,252,252,252,267,17,47,47,77,77,107,122,152,152,167,167,267,267,282,32,0,15,30,60,60,90,115,140,140,170,170,200,200,200],"floor_reached":51,"campfire_rested":1,"playtime":2419,"current_hp_per_floor":[70,63,56,56,56,31,31,34,40,19,19,19,19,28,28,9,82,79,85,85,88,88,88,88,88,94,94,93,94,94,94,94,81,100,100,100,100,78,84,90,90,100,106,112,112,112,112,112,112,112],"items_purged":[],"gold":200,"score":1390,"play_id":"8c80b72a-49b6-4595-b129-88f542ede9a3","local_time":"20180425133445","daily_mods":["Heirloom","Cursed Run","Elite Swarm"],"is_prod":false,"is_daily":true,"chose_seed":false,"is_ascension_mode":false,"campfire_upgraded":7,"timestamp":1524634485,"path_taken":["M","?","?","M","$","E","R","E","T","E","R","M","R","E","R","BOSS","M","?","?","?","$","E","R","E","T","E","M","E","R","M","R","BOSS","M","$","?","M","M","E","R","E","T","?","?","E","R","E","R","BOSS"],"build_version":"2018-04-19","seed_source_timestamp":0,"purchased_purges":0,"victory":true,"master_deck":["Defend_G+1","Defend_G+1","Strike_G+1","Strike_G+1","Survivor","Neutralize+1","Endless Agony","Sucker Punch","Wraith Form v2+1","Cloak And Dagger","Venomology","Burst+1","Adrenaline+1","Parasite","Night Terror","Backstab","Terror","Finisher+1","Calculated Gamble+1","Escape Plan","Injury","Acrobatics","After Image+1","Tools of the Trade","Clumsy","Adrenaline+1","Blur+1","Tactician+1","Parasite","Adrenaline+1","Bullet Time+1","Burst+1","Dagger Throw+1","Well Laid Plans+1","Phantasmal Killer+1","Doubt","Decay","Adrenaline+1","Tactician+1"],"max_hp_per_floor":[70,70,70,70,70,70,70,70,76,76,76,76,76,76,76,82,82,82,88,88,88,88,88,88,88,94,94,94,94,94,94,94,100,100,100,100,100,100,100,100,100,100,106,112,112,112,112,112,112,112],"relics":["Cursed Key","Darkstone Periapt","Du-Vu Doll","Bird Faced Urn","Peace Pipe","Blood Vial","Gremlin Horn","Mummified Hand","Whetstone","Orichalcum","Orrery","Gambling Chip","Toxic Egg 2","Anchor","Meat on the Bone","Tough Bandages","Letter Opener","War Paint","Astrolabe","Shuriken","Red Mask","Regal Pillow","Kunai","Juzu Bracelet","Bag of Marbles","Omamori","Snake Skull","Singing Bowl"],"card_choices":[{"not_picked":["All Out Attack","Flying Knee"],"picked":"Endless Agony","floor":1},{"not_picked":["Expertise","Crippling Poison"],"picked":"Sucker Punch","floor":4},{"not_picked":["Phantasmal Killer","Corpse Explosion"],"picked":"Venomology","floor":8},{"not_picked":["Die Die Die","Envenom"],"picked":"Burst","floor":10},{"not_picked":["Unload","Die Die Die"],"picked":"Adrenaline","floor":14},{"not_picked":["Phantasmal Killer","Wraith Form v2"],"picked":"Night Terror","floor":16},{"not_picked":["Choke","Deflect"],"picked":"Backstab","floor":17},{"not_picked":["Bouncing Flask","Deflect"],"picked":"Terror","floor":17},{"not_picked":["Footwork","Flechettes"],"picked":"Finisher","floor":17},{"not_picked":["Deflect","Dagger Throw"],"picked":"Calculated Gamble","floor":17},{"not_picked":["Backflip","Quick Slash"],"picked":"Escape Plan","floor":18},{"not_picked":["Concentrate","Night Terror"],"picked":"Acrobatics","floor":21},{"not_picked":["Envenom","Corpse Explosion"],"picked":"After Image","floor":23},{"not_picked":["Grand Finale","Die Die Die"],"picked":"Tools of the Trade","floor":25},{"not_picked":["Venomology","Burst"],"picked":"Adrenaline","floor":27},{"not_picked":["Dagger Throw","Dagger Spray"],"picked":"Blur","floor":28},{"not_picked":["Night Terror","Glass Knife"],"picked":"Tactician","floor":29},{"not_picked":["Envenom","A Thousand Cuts"],"picked":"Adrenaline","floor":33},{"not_picked":["Flying Knee","Backflip"],"picked":"Well Laid Plans","floor":35},{"not_picked":["Tools of the Trade","Envenom"],"picked":"Phantasmal Killer","floor":40},{"not_picked":["After Image","Die Die Die"],"picked":"Adrenaline","floor":46},{"not_picked":["A Thousand Cuts","Glass Knife"],"picked":"Tactician","floor":48}],"player_experience":428998,"potions_floor_usage":[8,8,10,14,14,16,16,23,25,25,33,33,38,42,50,50],"damage_taken":[{"damage":0,"enemies":"Cultist","floor":1,"turns":4},{"damage":0,"enemies":"Small Slimes","floor":4,"turns":3},{"damage":27,"enemies":"Gremlin Nob","floor":6,"turns":5},{"damage":1,"enemies":"3 Sentries","floor":8,"turns":8},{"damage":23,"enemies":"Gremlin Nob","floor":10,"turns":5},{"damage":4,"enemies":"Jaw Worm","floor":12,"turns":3},{"damage":4,"enemies":"Lagavulin","floor":14,"turns":6},{"damage":29,"enemies":"The Guardian","floor":16,"turns":18},{"damage":3,"enemies":"2 Thieves","floor":18,"turns":4},{"damage":0,"enemies":"Spheric Guardian","floor":21,"turns":5},{"damage":0,"enemies":"Gremlin Leader","floor":23,"turns":4},{"damage":0,"enemies":"Book of Stabbing","floor":25,"turns":4},{"damage":0,"enemies":"Slavers","floor":27,"turns":5},{"damage":1,"enemies":"Centurion and Healer","floor":28,"turns":4},{"damage":0,"enemies":"Book of Stabbing","floor":29,"turns":3},{"damage":0,"enemies":"Snake Plant","floor":31,"turns":2},{"damage":21,"enemies":"Automaton","floor":33,"turns":12},{"damage":0,"enemies":"Orb Walker","floor":35,"turns":3},{"damage":28,"enemies":"3 Darklings","floor":38,"turns":6},{"damage":0,"enemies":"4 Shapes","floor":39,"turns":2},{"damage":2,"enemies":"2 Orb Walkers","floor":40,"turns":4},{"damage":0,"enemies":"Giant Head","floor":42,"turns":4},{"damage":0,"enemies":"Nemesis","floor":46,"turns":5},{"damage":0,"enemies":"Giant Head","floor":48,"turns":3},{"damage":0,"enemies":"Awakened One","floor":50,"turns":5}],"event_choices":[{"event_name":"Scrap Ooze","player_choice":"success","floor":2,"damage_taken":7},{"event_name":"Golden Wing","player_choice":"Card Removal","floor":3,"damage_taken":0},{"event_name":"Back to Basics","player_choice":"Elegance","floor":20,"damage_taken":0},{"event_name":"Tomb of Lord Red Mask","player_choice":"Paid","floor":37,"damage_taken":0},{"event_name":"Wheel of Change","player_choice":"Relic","floor":45,"damage_taken":0}],"boss_relics":[{"not_picked":["Snecko Eye","Velvet Choker"],"picked":"Orrery"},{"not_picked":["Runic Dome","Tiny House"],"picked":"Astrolabe"}],"potions_floor_spawned":[1,6,8,14,16,21,25,28,31,35,39],"seed_played":"-2659894328139620276","ascension_level":0,"is_trial":false}