{"gold_per_floor":[119,119,194,194,213,239,239,254,254,254,179,189,189,205,205,279,279,291,13,13,63,74,74,92,92,92,104,104,104,104,29,29,107,107,121,121,11,24,37,37,55,55,55,66,93,93,112,130,130,130],"floor_reached":50,"playtime":1996,"items_purged":["Strike_G","Strike_G"],"score":1269,"play_id":"5586a3f2-ddee-42fe-bd4b-89f12e561985","local_time":"20190224230024","is_ascension_mode":true,"campfire_choices":[{"data":"Bouncing Flask","floor":7.0,"key":"SMITH"},{"data":"Noxious Fumes","floor":10.0,"key":"SMITH"},{"data":"Deadly Poison","floor":15.0,"key":"SMITH"},{"data":"Neutralize","floor":23.0,"key":"SMITH"},{"data":"Ghostly","floor":25.0,"key":"SMITH"},{"data":"Ghostly","floor":28.0,"key":"SMITH"},{"data":"Ghostly","floor":32.0,"key":"SMITH"},{"data":"Escape Plan","floor":40.0,"key":"SMITH"},{"floor":49,"key":"RECALL"}],"neow_cost":"NONE","seed_source_timestamp":36888978810562,"circlet_count":0,"master_deck":["AscendersBane","Survivor","Neutralize+1","Deadly Poison+1","Bouncing Flask+1","Noxious Fumes+1","Escape Plan+1","After Image+1","After Image","Ghostly+1","Ghostly+1","Ghostly+1","After Image","Terror+1","PiercingWail+1","PiercingWail+1","PiercingWail+1","PiercingWail+1","Cloak And Dagger","After Image"],"special_seed":0,"relics":["Ring of the Snake","NeowsBlessing","FossilizedHelix","Kunai","Cursed Key","Astrolabe","Bottled Lightning"],"potions_floor_usage":[],"damage_taken":[{"damage":0.0,"enemies":"Small Slimes","floor":1.0,"turns":1.0},{"damage":0.0,"enemies":"2 Louse","floor":5.0,"turns":1.0},{"damage":0.0,"enemies":"3 Sentries","floor":6.0,"turns":2.0},{"damage":0.0,"enemies":"Jaw Worm","floor":8.0,"turns":3.0},{"damage":0.0,"enemies":"3 Louse","floor":12.0,"turns":4.0},{"damage":0.0,"enemies":"Red Slaver","floor":14.0,"turns":4.0},{"damage":0.0,"enemies":"The Guardian","floor":16.0,"turns":7.0},{"damage":0.0,"enemies":"Chosen","floor":18.0,"turns":4.0},{"damage":0.0,"enemies":"3 Byrds","floor":22.0,"turns":5.0},{"damage":0.0,"enemies":"Snake Plant","floor":24.0,"turns":5.0},{"damage":0.0,"enemies":"Centurion and Healer","floor":27.0,"turns":9.0},{"damage":0.0,"enemies":"Automaton","floor":33.0,"turns":11.0},{"damage":0.0,"enemies":"Orb Walker","floor":35.0,"turns":6.0},{"damage":0.0,"enemies":"3 Shapes","floor":38.0,"turns":5.0},{"damage":0.0,"enemies":"Sphere and 2 Shapes","floor":39.0,"turns":5.0},{"damage":0.0,"enemies":"Transient","floor":41.0,"turns":6.0},{"damage":0.0,"enemies":"3 Darklings","floor":44.0,"turns":5.0},{"damage":10.0,"enemies":"Nemesis","floor":45.0,"turns":11.0},{"damage":3,"enemies":"Sphere and 2 Shapes","floor":47,"turns":5},{"damage":0,"enemies":"Transient","floor":48,"turns":6},{"damage":26,"enemies":"Awakened One","floor":50,"turns":3}],"seed_played":"-197237352605450455","potions_obtained":[{"floor":5.0,"key":"Explosive Potion"},{"floor":12.0,"key":"FearPotion"},{"floor":44.0,"key":"GhostInAJar"},{"floor":45.0,"key":"SmokeBomb"}],"is_trial":false,"path_per_floor":["M","?","?","?","M","E","R","M","T","R","$","M","?","M","R","B",null,"M","$","?","?","M","R","M","R","T","M","R","?","T","?","R","B",null,"M","?","?","M","M","R","M","$","T","M","E","$","M","M","R","B"],"character_chosen":"THE_SILENT","items_purchased":["After Image"],"campfire_rested":0,"item_purchase_floors":[19],"current_hp_per_floor":[59,59,48,41,41,41,41,41,41,41,41,41,41,41,41,41,60,60,60,33,33,33,33,33,33,33,33,33,33,33,33,33,33,33,33,33,33,33,33,33,33,33,33,33,23,23,20,20,20,0],"gold":130,"neow_bonus":"THREE_ENEMY_KILL","is_prod":false,"is_daily":false,"chose_seed":false,"campfire_upgraded":8,"win_rate":0,"timestamp":1551020424,"path_taken":["M","?","?","?","?","E","R","M","T","R","$","M","?","M","R","BOSS","M","$","?","?","M","R","M","R","T","M","R","?","?","?","R","BOSS","M","?","?","M","M","R","?","$","T","M","E","?","?","M","R","BOSS"],"build_version":"2019-01-23","purchased_purges":2,"victory":false,"max_hp_per_floor":[66,66,66,66,66,66,66,66,66,66,66,66,66,66,66,66,66,66,66,33,33,33,33,33,33,33,33,33,33,33,33,33,33,33,33,33,33,33,33,33,33,33,33,33,33,33,33,33,33,33],"card_choices":[{"not_picked":["Backflip","Acrobatics","Sucker Punch"],"picked":"SKIP","floor":1.0},{"not_picked":["Acrobatics","Dagger Spray"],"picked":"Deadly Poison","floor":5.0},{"not_picked":["Tools of the Trade","Deflect"],"picked":"Bouncing Flask","floor":6.0},{"not_picked":["Dagger Throw","Acrobatics"],"picked":"Noxious Fumes","floor":8.0},{"not_picked":["Dagger Throw","Dodge and Roll","Deflect"],"picked":"SKIP","floor":12.0},{"not_picked":["Deflect","Poisoned Stab"],"picked":"Escape Plan","floor":14.0},{"not_picked":["Envenom","A Thousand Cuts"],"picked":"After Image","floor":16.0},{"not_picked":["Blade Dance","Predator","PiercingWail"],"picked":"SKIP","floor":18.0},{"not_picked":["Flying Knee","Poisoned Stab","Dodge and Roll"],"picked":"SKIP","floor":22.0},{"not_picked":["Caltrops","Setup","Flying Knee"],"picked":"SKIP","floor":24.0},{"not_picked":["Slice","Backstab","Concentrate"],"picked":"SKIP","floor":27.0},{"not_picked":["A Thousand Cuts","Malaise"],"picked":"After Image","floor":33.0},{"not_picked":["Slice","Deflect","Dagger Spray"],"picked":"SKIP","floor":35.0},{"not_picked":["Leg Sweep","Quick Slash"],"picked":"PiercingWail+1","floor":38.0},{"not_picked":["Dagger Throw","Terror"],"picked":"PiercingWail+1","floor":39.0},{"not_picked":["Quick Slash","Distraction","Dodge and Roll+1"],"picked":"SKIP","floor":41.0},{"not_picked":["Eviscerate+1","Dodge and Roll","Outmaneuver+1"],"picked":"SKIP","floor":44.0},{"not_picked":["Slice+1","Dagger Spray"],"picked":"Cloak And Dagger","floor":45.0},{"not_picked":["Flying Knee","Dash","Eviscerate"],"picked":"SKIP","floor":47},{"not_picked":["Eviscerate+1","Infinite Blades+1"],"picked":"After Image","floor":48}],"player_experience":3112022,"relics_obtained":[{"floor":6.0,"key":"FossilizedHelix"},{"floor":9.0,"key":"Kunai"},{"floor":45.0,"key":"Bottled Lightning"}],"event_choices":[{"cards_removed":["Strike_G"],"damage_healed":0.0,"max_hp_gain":0.0,"max_hp_loss":0.0,"gold_gain":0.0,"event_name":"Living Wall","player_choice":"Forget","floor":2.0,"gold_loss":0.0,"damage_taken":0.0},{"damage_healed":0.0,"max_hp_gain":0.0,"max_hp_loss":0.0,"gold_gain":75.0,"event_name":"World of Goop","player_choice":"Gather Gold","floor":3.0,"gold_loss":0.0,"damage_taken":11.0},{"cards_removed":["Defend_G"],"damage_healed":0.0,"max_hp_gain":0.0,"max_hp_loss":0.0,"gold_gain":0.0,"event_name":"Golden Wing","player_choice":"Card Removal","floor":4.0,"gold_loss":0.0,"damage_taken":7.0},{"cards_removed":["Strike_G"],"damage_healed":0.0,"max_hp_gain":0.0,"max_hp_loss":0.0,"gold_gain":0.0,"event_name":"Bonfire Elementals","player_choice":"Offered Basic","floor":13.0,"gold_loss":0.0,"damage_taken":0.0},{"damage_healed":0.0,"max_hp_gain":0.0,"max_hp_loss":33.0,"gold_gain":0.0,"event_name":"Ghosts","player_choice":"Became a Ghost","floor":20.0,"gold_loss":0.0,"damage_taken":0.0,"cards_obtained":["Ghostly","Ghostly","Ghostly"]},{"damage_healed":0.0,"max_hp_gain":0.0,"max_hp_loss":0.0,"gold_gain":50.0,"event_name":"Nest","player_choice":"Stole From Cult","floor":21.0,"gold_loss":0.0,"damage_taken":0.0},{"cards_removed":["Decay"],"damage_healed":0.0,"max_hp_gain":0.0,"max_hp_loss":0.0,"gold_gain":0.0,"event_name":"Back to Basics","player_choice":"Elegance","floor":29.0,"gold_loss":0.0,"damage_taken":0.0},{"cards_removed":["Strike_G"],"damage_healed":0.0,"max_hp_gain":0.0,"max_hp_loss":0.0,"gold_gain":0.0,"event_name":"Beggar","player_choice":"Gave Gold","floor":31.0,"gold_loss":75.0,"damage_taken":0.0},{"damage_healed":0.0,"max_hp_gain":0.0,"max_hp_loss":0.0,"gold_gain":0.0,"event_name":"Mysterious Sphere","player_choice":"Ignored","floor":36.0,"gold_loss":0.0,"damage_taken":0.0},{"cards_removed":["Defend_G"],"damage_healed":0.0,"max_hp_gain":0.0,"max_hp_loss":0.0,"gold_gain":0.0,"event_name":"Designer","player_choice":"Upgrade and Remove","floor":37.0,"gold_loss":110.0,"damage_taken":0.0,"cards_upgraded":["After Image"]}],"is_beta":false,"boss_relics":[{"not_picked":["Black Star","Ectoplasm"],"picked":"Cursed Key"},{"not_picked":["Snecko Eye","Fusion Hammer"],"picked":"Astrolabe"}],"items_purged_floors":[11,19],"is_endless":false,"potions_floor_spawned":[5,12,22,44,45,48],"killed_by":"Awakened One","ascension_level":20}