{"gold_per_floor":[114,129,54,71,90,90,116,116,116,116,135,166,181,181,181,255,255,273,273,273,323,248,248,263,263,286,119,119,119,146,157,157,234,234,252,252,252,252,263,263,283,283,283,283,283,283,316,332,332,332,332],"floor_reached":51,"playtime":3171,"items_purged":["Strike_B"],"score":1302,"play_id":"d2861335-3f62-48b7-9887-5291a9db4047","local_time":"20190119132424","is_ascension_mode":true,"campfire_choices":[{"data":"Sunder","floor":6.0,"key":"SMITH"},{"data":"Dualcast","floor":8.0,"key":"SMITH"},{"data":"Zap","floor":10.0,"key":"SMITH"},{"data":"Coolheaded","floor":15.0,"key":"SMITH"},{"data":"White Noise","floor":23.0,"key":"SMITH"},{"data":"Skim","floor":25.0,"key":"SMITH"},{"data":"Echo Form","floor":28.0,"key":"SMITH"},{"data":"Hologram","floor":32.0,"key":"SMITH"},{"floor":40.0,"key":"REST"},{"floor":42.0,"key":"RECALL"},{"floor":44.0,"key":"REST"},{"floor":46.0,"key":"REST"},{"floor":49,"key":"REST"}],"neow_cost":"NONE","seed_source_timestamp":802586969138,"circlet_count":0,"master_deck":["AscendersBane","Zap+1","Dualcast+1","Genetic Algorithm","Glacier+1","Sunder+1","Chill+1","Coolheaded+1","Echo Form+1","Skim+1","Genetic Algorithm","White Noise+1","Loop+1","Recycle","Hologram+1","Creative AI","Thinking Ahead","Flash of Steel","Transmutation","White Noise+1","Glacier"],"special_seed":0,"relics":["Cracked Core","NeowsBlessing","Pantograph","Incense Burner","Pandora\u0027s Box","Bronze Scales","War Paint","Question Card","Fusion Hammer","Mummified Hand","Bag of Preparation"],"potions_floor_usage":[],"damage_taken":[{"damage":0.0,"enemies":"2 Louse","floor":1.0,"turns":1.0},{"damage":0.0,"enemies":"Small Slimes","floor":2.0,"turns":1.0},{"damage":0.0,"enemies":"Cultist","floor":4.0,"turns":1.0},{"damage":8.0,"enemies":"Looter","floor":5.0,"turns":5.0},{"damage":25.0,"enemies":"Gremlin Nob","floor":7.0,"turns":4.0},{"damage":0.0,"enemies":"Large Slime","floor":11.0,"turns":5.0},{"damage":14.0,"enemies":"3 Sentries","floor":12.0,"turns":9.0},{"damage":0.0,"enemies":"Red Slaver","floor":13.0,"turns":1.0},{"damage":44.0,"enemies":"Slime Boss","floor":16.0,"turns":14.0},{"damage":0.0,"enemies":"Shell Parasite","floor":18.0,"turns":8.0},{"damage":0.0,"enemies":"3 Byrds","floor":24.0,"turns":2.0},{"damage":32.0,"enemies":"Book of Stabbing","floor":30.0,"turns":6.0},{"damage":8.0,"enemies":"3 Cultists","floor":31.0,"turns":3.0},{"damage":16.0,"enemies":"Champ","floor":33.0,"turns":16.0},{"damage":7.0,"enemies":"Orb Walker","floor":35.0,"turns":5.0},{"damage":16.0,"enemies":"3 Shapes","floor":39.0,"turns":4.0},{"damage":0.0,"enemies":"Jaw Worm Horde","floor":41.0,"turns":4.0},{"damage":41,"enemies":"Nemesis","floor":47,"turns":9},{"damage":0,"enemies":"3 Darklings","floor":48,"turns":5},{"damage":5,"enemies":"Time Eater","floor":50,"turns":7},{"damage":51,"enemies":"Awakened One","floor":51,"turns":7}],"seed_played":"5815456452489332490","potions_obtained":[{"floor":1.0,"key":"Swift Potion"},{"floor":2.0,"key":"LiquidBronze"},{"floor":7.0,"key":"EssenceOfSteel"},{"floor":16.0,"key":"FocusPotion"},{"floor":33.0,"key":"Ancient Potion"},{"floor":41.0,"key":"PowerPotion"}],"is_trial":false,"path_per_floor":["M","M","$","M","M","R","E","R","T","R","M","E","M","?","R","B",null,"M","?","?","?","?","R","M","R","T","$","R","$","E","M","R","B",null,"M","$","?","?","M","R","M","R","T","R","?","R","E","M","R","B","B"],"character_chosen":"DEFECT","items_purchased":["War Paint"],"campfire_rested":4,"item_purchase_floors":[27],"current_hp_per_floor":[64,64,64,64,63,63,38,38,38,38,45,38,38,38,38,26,60,71,71,71,71,71,71,71,71,71,71,71,71,46,45,45,61,69,71,71,61,61,45,66,66,66,66,71,71,71,30,30,51,66,20],"gold":332,"neow_bonus":"THREE_ENEMY_KILL","is_prod":false,"is_daily":false,"chose_seed":false,"campfire_upgraded":8,"win_rate":0,"timestamp":1547875464,"path_taken":["M","M","$","M","M","R","E","R","T","R","M","E","M","?","R","BOSS","M","?","?","?","?","R","M","R","T","?","R","$","E","M","R","BOSS","M","$","?","?","?","R","M","R","T","R","?","R","E","M","R","BOSS","BOSS"],"build_version":"2019-01-17v2","purchased_purges":1,"victory":false,"max_hp_per_floor":[71,71,71,71,71,71,71,71,71,71,71,71,71,71,71,71,71,71,71,71,71,71,71,71,71,71,71,71,71,71,71,71,71,71,71,71,71,71,71,71,71,71,71,71,71,71,71,71,71,71,71],"card_choices":[{"not_picked":["Loop","Ball Lightning"],"picked":"Genetic Algorithm","floor":1.0},{"not_picked":["Cold Snap","Skim"],"picked":"Self Repair","floor":2.0},{"not_picked":["Cold Snap","Ball Lightning"],"picked":"Glacier","floor":4.0},{"not_picked":["Force Field","Steam Power"],"picked":"Sunder","floor":5.0},{"not_picked":["Sweeping Beam","Conserve Battery"],"picked":"Chill","floor":7.0},{"not_picked":["Rebound","Beam Cell","Doom and Gloom"],"picked":"SKIP","floor":11.0},{"not_picked":["Cold Snap","Tempest"],"picked":"Coolheaded","floor":12.0},{"not_picked":["Melter","Storm","Chaos"],"picked":"SKIP","floor":13.0},{"not_picked":["Meteor Strike","Reboot"],"picked":"Echo Form","floor":16.0},{"not_picked":["Auto Shields","Conserve Battery","Streamline"],"picked":"SKIP","floor":18.0},{"not_picked":["Reinforced Body","Doom and Gloom"],"picked":"Loop+1","floor":24.0},{"not_picked":["Hologram","BootSequence+1"],"picked":"Recycle","floor":30.0},{"not_picked":["Turbo","Stack","Compile Driver"],"picked":"Hologram","floor":31.0},{"not_picked":["Thunder Strike","Multi-Cast","Core Surge"],"picked":"Creative AI","floor":33.0},{"not_picked":["Coolheaded","Ball Lightning","Hologram","Redo"],"picked":"SKIP","floor":35.0},{"not_picked":["HandOfGreed","Trip","Good Instincts"],"picked":"Thinking Ahead","floor":37.0},{"not_picked":["Dark Shackles","Violence","Madness"],"picked":"Flash of Steel","floor":37.0},{"not_picked":["Jack Of All Trades","Mind Blast","Thinking Ahead"],"picked":"Transmutation","floor":37.0},{"not_picked":["Stack","Gash","Coolheaded","Go for the Eyes"],"picked":"SKIP","floor":39.0},{"not_picked":["Stack","Gash","Coolheaded","Go for the Eyes"],"picked":"SKIP","floor":39.0},{"not_picked":["Doom and Gloom","Rebound+1","Steam Power"],"picked":"White Noise+1","floor":41.0},{"not_picked":["Hologram","Glacier","Go for the Eyes","Loop"],"picked":"SKIP","floor":47},{"not_picked":["Hologram","Go for the Eyes","Loop"],"picked":"Glacier","floor":47},{"not_picked":["Redo","Turbo+1","Capacitor","Genetic Algorithm"],"picked":"SKIP","floor":48}],"player_experience":2023087,"relics_obtained":[{"floor":7.0,"key":"Pantograph"},{"floor":12.0,"key":"Incense Burner"},{"floor":26.0,"key":"Bronze Scales"},{"floor":30.0,"key":"Question Card"},{"floor":43.0,"key":"Mummified Hand"},{"floor":47,"key":"Bag of Preparation"}],"event_choices":[{"cards_removed":["Strike_B"],"damage_healed":0.0,"max_hp_gain":0.0,"max_hp_loss":0.0,"gold_gain":0.0,"event_name":"Living Wall","player_choice":"Forget","floor":14.0,"gold_loss":0.0,"damage_taken":0.0},{"cards_removed":["Machine Learning"],"damage_healed":0.0,"max_hp_gain":0.0,"max_hp_loss":0.0,"gold_gain":0.0,"event_name":"Back to Basics","player_choice":"Elegance","floor":19.0,"gold_loss":0.0,"damage_taken":0.0},{"damage_healed":0.0,"max_hp_gain":0.0,"max_hp_loss":0.0,"gold_gain":0.0,"event_name":"Ghosts","player_choice":"Ignored","floor":20.0,"gold_loss":0.0,"damage_taken":0.0},{"damage_healed":0.0,"max_hp_gain":0.0,"max_hp_loss":0.0,"gold_gain":50.0,"event_name":"Nest","player_choice":"Stole From Cult","floor":21.0,"gold_loss":0.0,"damage_taken":0.0},{"cards_removed":["Coolheaded"],"damage_healed":0.0,"max_hp_gain":0.0,"max_hp_loss":0.0,"gold_gain":0.0,"event_name":"Beggar","player_choice":"Gave Gold","floor":22.0,"gold_loss":75.0,"damage_taken":0.0},{"damage_healed":0.0,"max_hp_gain":0.0,"max_hp_loss":0.0,"gold_gain":0.0,"event_name":"SensoryStone","player_choice":"Memory 3","floor":37.0,"gold_loss":0.0,"damage_taken":10.0},{"cards_removed":["Self Repair"],"damage_healed":0.0,"max_hp_gain":0.0,"max_hp_loss":0.0,"gold_gain":0.0,"event_name":"Purifier","player_choice":"Purged","floor":38.0,"gold_loss":0.0,"damage_taken":0.0},{"cards_removed":["Electrodynamics"],"damage_healed":0.0,"max_hp_gain":0.0,"max_hp_loss":0.0,"gold_gain":0.0,"event_name":"Falling","player_choice":"Removed Power","floor":45.0,"gold_loss":0.0,"damage_taken":0.0}],"is_beta":false,"boss_relics":[{"not_picked":["Snecko Eye","Black Star"],"picked":"Pandora\u0027s Box"},{"not_picked":["Orrery","Inserter"],"picked":"Fusion Hammer"}],"items_purged_floors":[3],"is_endless":false,"potions_floor_spawned":[1,2,4,7,16,24,33,41],"killed_by":"Awakened One","ascension_level":20}