{"gold_per_floor":[115,190,115,133,58,58,84,84,84,84,97,129,148,148,148,148],"floor_reached":16,"playtime":374,"items_purged":["Strike_R"],"score":216,"play_id":"34d016bc-c0f6-4d9e-9888-d8bf852561b2","local_time":"20180924142728","is_ascension_mode":true,"campfire_choices":[{"data":"Cleave","floor":6,"key":"SMITH"},{"data":"Bash","floor":8,"key":"SMITH"},{"data":"Reaper","floor":10,"key":"SMITH"},{"data":"Flex","floor":15,"key":"SMITH"}],"neow_cost":"NONE","seed_source_timestamp":266216999564461,"circlet_count":0,"master_deck":["Strike_R","Strike_R","Strike_R","Defend_R","Defend_R","Defend_R","Defend_R","Bash+1","AscendersBane","Cleave+1","Reaper+1","Flex+1","Whirlwind"],"relics":["Burning Blood","Ancient Tea Set","Kunai","Anchor","WingedGreaves"],"potions_floor_usage":[12],"damage_taken":[{"damage":10,"enemies":"Small Slimes","floor":1,"turns":4},{"damage":0,"enemies":"2 Louse","floor":4,"turns":2},{"damage":32,"enemies":"Gremlin Nob","floor":7,"turns":4},{"damage":0,"enemies":"Jaw Worm","floor":11,"turns":4},{"damage":40,"enemies":"3 Sentries","floor":12,"turns":10},{"damage":29,"enemies":"Exordium Thugs","floor":13,"turns":5},{"damage":35,"enemies":"The Guardian","floor":16,"turns":5}],"seed_played":"-547310358914795349","potions_obtained":[{"floor":4,"key":"Regen Potion"},{"floor":13,"key":"SpeedPotion"}],"is_trial":false,"path_per_floor":["M","?","?","M","$","R","E","R","T","R","M","E","M","?","R"],"character_chosen":"IRONCLAD","items_purchased":[],"campfire_rested":0,"item_purchase_floors":[],"current_hp_per_floor":[64,53,53,59,59,59,33,33,33,33,44,40,31,31,31,0],"gold":148,"neow_bonus":"RANDOM_COMMON_RELIC","is_prod":false,"is_daily":false,"chose_seed":false,"campfire_upgraded":4,"win_rate":0,"timestamp":1537770448,"path_taken":["M","?","?","M","$","R","E","R","T","R","M","E","?","?","R","BOSS"],"build_version":"2018-09-20","purchased_purges":1,"victory":false,"max_hp_per_floor":[75,75,75,75,75,75,75,75,75,75,75,75,75,75,75,75],"card_choices":[{"not_picked":["Wild Strike","Warcry"],"picked":"Cleave","floor":1},{"not_picked":["Rupture","Sever Soul","Perfected Strike"],"picked":"SKIP","floor":4},{"not_picked":["Anger","Rampage"],"picked":"Reaper","floor":7},{"not_picked":["Dropkick","Combust"],"picked":"Flex","floor":11},{"not_picked":["Clash","Sentinel","Rampage"],"picked":"SKIP","floor":12},{"not_picked":["Havoc","Thunderclap"],"picked":"Whirlwind","floor":13}],"player_experience":125078,"relics_obtained":[{"floor":7,"key":"Kunai"},{"floor":9,"key":"Anchor"},{"floor":12,"key":"WingedGreaves"}],"event_choices":[{"event_name":"World of Goop","player_choice":"Gather Gold","floor":2,"damage_taken":0},{"event_name":"The Cleric","player_choice":"Card Removal","floor":3,"damage_taken":0},{"event_name":"Liars Game","player_choice":"disagreed","floor":14,"damage_taken":0}],"is_beta":false,"boss_relics":[],"items_purged_floors":[5],"is_endless":false,"potions_floor_spawned":[4,13],"killed_by":"The Guardian","ascension_level":20}