{"gold_per_floor":[117,135,154,229,11,11,31,31,31,31,31,31,0,18,18,18],"floor_reached":16,"playtime":365,"items_purged":[],"score":180,"play_id":"9ed24362-fd5d-4371-b009-88bce8498d46","local_time":"20190210121524","is_ascension_mode":true,"campfire_choices":[{"data":"Neutralize","floor":6,"key":"SMITH"},{"data":"Catalyst","floor":8,"key":"SMITH"},{"data":"Flechettes","floor":10,"key":"SMITH"},{"floor":12,"key":"DIG"},{"data":"Acrobatics","floor":15,"key":"SMITH"}],"neow_cost":"TEN_PERCENT_HP_LOSS","seed_source_timestamp":13191262118713,"circlet_count":0,"master_deck":["AscendersBane","Defend_G","Defend_G","Defend_G","Defend_G","Defend_G","Strike_G","Strike_G","Strike_G","Strike_G","Strike_G","Survivor","Neutralize+1","Die Die Die","Escape Plan","Flechettes+1","Catalyst+1","Acrobatics+1","Terror"],"relics":["Ring of the Snake","ClockworkSouvenir","Pantograph","Shovel","Letter Opener"],"potions_floor_usage":[],"damage_taken":[{"damage":2,"enemies":"Jaw Worm","floor":1,"turns":5},{"damage":2,"enemies":"2 Louse","floor":2,"turns":2},{"damage":2,"enemies":"Cultist","floor":3,"turns":5},{"damage":0,"enemies":"3 Louse","floor":7,"turns":3},{"damage":0,"enemies":"Looter","floor":13,"turns":4},{"damage":2,"enemies":"Blue Slaver","floor":14,"turns":5},{"damage":53,"enemies":"Hexaghost","floor":16,"turns":9}],"seed_played":"961710052718089725","potions_obtained":[{"floor":1,"key":"Poison Potion"},{"floor":7,"key":"Dexterity Potion"},{"floor":14,"key":"Ancient Potion"}],"is_trial":false,"path_per_floor":["M","M","M","?","$","R","M","R","T","R","?","R","M","M","R","B"],"character_chosen":"THE_SILENT","items_purchased":["ClockworkSouvenir"],"campfire_rested":0,"item_purchase_floors":[5],"current_hp_per_floor":[57,55,53,42,42,42,42,42,42,42,42,42,42,40,40,7],"gold":18,"neow_bonus":"THREE_RARE_CARDS","is_prod":false,"is_daily":false,"chose_seed":false,"campfire_upgraded":4,"win_rate":0,"timestamp":1549772124,"path_taken":["M","M","M","?","$","R","M","R","T","R","?","R","M","M","R","BOSS"],"build_version":"2019-01-23","purchased_purges":0,"victory":false,"max_hp_per_floor":[60,60,60,60,60,60,60,60,60,60,60,60,60,60,60,60],"card_choices":[{"not_picked":["Storm of Steel","Unload"],"picked":"Die Die Die","floor":0},{"not_picked":["Slice","Predator","Dagger Spray"],"picked":"SKIP","floor":1},{"not_picked":["Prepared","Blade Dance"],"picked":"Escape Plan","floor":2},{"not_picked":["Dagger Spray","Poisoned Stab","Flechettes"],"picked":"SKIP","floor":3},{"not_picked":["Dagger Spray","Poisoned Stab"],"picked":"Flechettes","floor":3},{"not_picked":["Predator","Reflex"],"picked":"Catalyst","floor":7},{"not_picked":["Quick Slash","Finisher"],"picked":"Acrobatics","floor":13},{"not_picked":["Riddle With Holes","Finisher"],"picked":"Terror","floor":14}],"player_experience":2567180,"relics_obtained":[{"floor":9,"key":"Pantograph"},{"floor":12,"key":"Letter Opener"}],"event_choices":[{"damage_healed":0,"gold_gain":75,"player_choice":"Gather Gold","damage_taken":11,"max_hp_gain":0,"max_hp_loss":0,"event_name":"World of Goop","floor":4,"gold_loss":0},{"damage_healed":0,"gold_gain":0,"player_choice":"Gave Potion","damage_taken":0,"relics_obtained":["Shovel"],"max_hp_gain":0,"max_hp_loss":0,"event_name":"WeMeetAgain","floor":11,"gold_loss":0}],"is_beta":false,"boss_relics":[],"items_purged_floors":[],"is_endless":false,"potions_floor_spawned":[1,7,14],"killed_by":"Hexaghost","ascension_level":20}