{"gold_per_floor":[114,114,130,130,141,141,167,167,167,167,8,8,26,40,40,115,115,115,40,40,60,60,60,60,85,112,126,126,126,126,137,137,215,265,281,281,297,297,297,297,217,217,217,236,136,136,166,179,179,179,179,179,179,11,37,37],"floor_reached":57,"playtime":3795,"items_purged":["Pain","Bite","Defend_G"],"score":2842,"play_id":"87fe8630-e3b8-4500-9a39-0d07a64d4a90","local_time":"20190215175416","is_ascension_mode":true,"campfire_choices":[{"data":"Deadly Poison","floor":6.0,"key":"SMITH"},{"data":"Neutralize","floor":8.0,"key":"SMITH"},{"data":"Catalyst","floor":12.0,"key":"SMITH"},{"data":"Tactician","floor":15.0,"key":"SMITH"},{"data":"Acrobatics","floor":23.0,"key":"SMITH"},{"floor":28.0,"key":"REST"},{"data":"Burst","floor":32.0,"key":"SMITH"},{"data":"Acrobatics","floor":40.0,"key":"SMITH"},{"data":"Prepared","floor":42.0,"key":"SMITH"},{"data":"Well Laid Plans","floor":46.0,"key":"SMITH"},{"floor":49.0,"key":"RECALL"},{"data":"Survivor","floor":53.0,"key":"SMITH"}],"neow_cost":"NONE","seed_source_timestamp":32080306898036,"circlet_count":0,"master_deck":["AscendersBane","Defend_G","Defend_G","Defend_G","Defend_G","Survivor+1","Neutralize+1","Deadly Poison+1","Catalyst+1","Tactician+1","Burst+1","Prepared+1","Acrobatics+1","Acrobatics+1","Bite","Panache+1","Discovery","Well Laid Plans+1","Adrenaline"],"special_seed":0,"relics":["Ring of the Snake","NeowsBlessing","WarpedTongs","Matryoshka","Pen Nib","Sozu","Nloth\u0027s Gift","Bird Faced Urn","The Courier","Boot","Tiny House","Ancient Tea Set","Paper Crane","Medical Kit","Bag of Marbles"],"potions_floor_usage":[],"damage_taken":[{"damage":0.0,"enemies":"2 Louse","floor":1.0,"turns":1.0},{"damage":1.0,"enemies":"Cultist","floor":3.0,"turns":1.0},{"damage":0.0,"enemies":"Jaw Worm","floor":5.0,"turns":1.0},{"damage":42.0,"enemies":"3 Sentries","floor":7.0,"turns":11.0},{"damage":0.0,"enemies":"2 Fungi Beasts","floor":13.0,"turns":4.0},{"damage":0.0,"enemies":"Large Slime","floor":14.0,"turns":6.0},{"damage":13.0,"enemies":"Hexaghost","floor":16.0,"turns":9.0},{"damage":0.0,"enemies":"3 Byrds","floor":18.0,"turns":2.0},{"damage":16.0,"enemies":"Shell Parasite","floor":21.0,"turns":5.0},{"damage":42.0,"enemies":"Slavers","floor":25.0,"turns":9.0},{"damage":0.0,"enemies":"Snecko","floor":27.0,"turns":5.0},{"damage":11.0,"enemies":"Centurion and Healer","floor":31.0,"turns":12.0},{"damage":0.0,"enemies":"Collector","floor":33.0,"turns":3.0},{"damage":20.0,"enemies":"3 Darklings","floor":35.0,"turns":5.0},{"damage":0.0,"enemies":"3 Shapes","floor":37.0,"turns":7.0},{"damage":3.0,"enemies":"Writhing Mass","floor":44.0,"turns":2.0},{"damage":0.0,"enemies":"Reptomancer","floor":47.0,"turns":2.0},{"damage":0.0,"enemies":"3 Darklings","floor":48.0,"turns":2.0},{"damage":14.0,"enemies":"Donu and Deca","floor":50.0,"turns":3.0},{"damage":0.0,"enemies":"Awakened One","floor":51.0,"turns":3.0},{"damage":4.0,"enemies":"Shield and Spear","floor":55.0,"turns":6.0},{"damage":61,"enemies":"The Heart","floor":56,"turns":5}],"seed_played":"-1772351200239956472","potions_obtained":[{"floor":3.0,"key":"GamblersBrew"},{"floor":4.0,"key":"SmokeBomb"},{"floor":7.0,"key":"Dexterity Potion"},{"floor":14.0,"key":"GhostInAJar"}],"is_trial":false,"path_per_floor":["M","?","M","?","M","R","E","R","T","T","$","R","M","M","R","B",null,"M","?","?","M","?","R","$","E","T","M","R","?","?","M","R","B",null,"M","?","M","?","?","R","$","R","T","M","$","R","E","M","R","B","B",null,"R","$","E","B",null],"character_chosen":"THE_SILENT","items_purchased":["Catalyst","Medical Kit"],"campfire_rested":1,"item_purchase_floors":[11,54],"current_hp_per_floor":[59,59,58,58,58,58,26,26,26,26,26,26,26,26,26,13,60,60,60,60,44,44,44,44,2,2,2,24,24,24,49,49,53,58,48,48,58,55,55,55,55,55,55,52,52,52,55,55,55,41,53,55,55,55,55,13],"gold":37,"neow_bonus":"THREE_ENEMY_KILL","is_prod":false,"is_daily":false,"chose_seed":false,"campfire_upgraded":10,"win_rate":0,"timestamp":1550224456,"path_taken":["M","?","?","?","?","R","E","R","T","?","$","R","M","M","R","BOSS","M","?","?","?","?","R","$","E","T","M","R","?","?","M","R","BOSS","M","?","M","?","?","R","$","R","T","M","$","R","E","M","R","BOSS","BOSS","R","$","E","BOSS"],"build_version":"2019-01-23","purchased_purges":3,"victory":true,"max_hp_per_floor":[66,66,66,66,66,66,76,76,76,76,76,76,76,76,76,76,76,76,76,76,76,76,76,76,76,76,76,76,53,53,53,53,53,58,58,58,58,55,55,55,55,55,55,55,55,55,55,55,55,55,55,55,55,55,55,55],"card_choices":[{"not_picked":["Deflect","Dagger Throw","Flying Knee"],"picked":"SKIP","floor":1.0},{"not_picked":["Dagger Spray","Blade Dance","Flying Knee"],"picked":"SKIP","floor":3.0},{"not_picked":["Blur","Prepared"],"picked":"Deadly Poison","floor":5.0},{"not_picked":["Finisher","Flying Knee","Blade Dance"],"picked":"SKIP","floor":7.0},{"not_picked":["Eviscerate","Setup","Prepared"],"picked":"SKIP","floor":13.0},{"not_picked":["Bane","Sucker Punch"],"picked":"Tactician","floor":14.0},{"not_picked":["Malaise","Doppelganger"],"picked":"Burst","floor":16.0},{"not_picked":["Caltrops","Flying Knee"],"picked":"Prepared","floor":21.0},{"not_picked":["Prepared","Backstab"],"picked":"Acrobatics","floor":25.0},{"not_picked":["Outmaneuver","Burst","Dodge and Roll"],"picked":"SKIP","floor":27.0},{"not_picked":["Slice","PiercingWail","Bane"],"picked":"SKIP","floor":31.0},{"not_picked":["Prepared+1","Dagger Spray","Escape Plan"],"picked":"SKIP","floor":35.0},{"not_picked":["Outmaneuver","Flying Knee","Deadly Poison"],"picked":"SKIP","floor":37.0},{"not_picked":["Quick Slash","Dagger Spray"],"picked":"Well Laid Plans","floor":44.0},{"not_picked":["Flying Knee+1","Wraith Form v2"],"picked":"Adrenaline","floor":47.0},{"not_picked":["Cloak And Dagger","Leg Sweep","Crippling Poison+1"],"picked":"SKIP","floor":48.0},{"not_picked":["Bane","Outmaneuver","Cloak And Dagger"],"picked":"SKIP","floor":55.0}],"player_experience":2781022,"relics_obtained":[{"floor":7.0,"key":"Pear"},{"floor":9.0,"key":"Matryoshka"},{"floor":10.0,"key":"Pen Nib"},{"floor":25.0,"key":"Bird Faced Urn"},{"floor":26.0,"key":"The Courier"},{"floor":26.0,"key":"Boot"},{"floor":43.0,"key":"Ancient Tea Set"},{"floor":47.0,"key":"Paper Crane"},{"floor":55.0,"key":"Bag of Marbles"}],"event_choices":[{"damage_healed":0.0,"max_hp_gain":0.0,"max_hp_loss":0.0,"gold_gain":0.0,"event_name":"Accursed Blacksmith","player_choice":"Rummage","floor":2.0,"gold_loss":0.0,"damage_taken":0.0,"relics_obtained":["WarpedTongs"],"cards_obtained":["Pain"]},{"damage_healed":0.0,"max_hp_gain":0.0,"max_hp_loss":0.0,"gold_gain":0.0,"event_name":"Lab","player_choice":"Got Potions","floor":4.0,"gold_loss":0.0,"damage_taken":0.0},{"cards_removed":["Strike_G"],"damage_healed":0.0,"max_hp_gain":0.0,"max_hp_loss":0.0,"gold_gain":0.0,"event_name":"Beggar","player_choice":"Gave Gold","floor":19.0,"gold_loss":75.0,"damage_taken":0.0},{"damage_healed":0.0,"max_hp_gain":0.0,"max_hp_loss":0.0,"gold_gain":0.0,"event_name":"N\u0027loth","player_choice":"Traded Relic","floor":20.0,"relics_lost":["Pear"],"gold_loss":0.0,"damage_taken":0.0,"relics_obtained":["Nloth\u0027s Gift"]},{"damage_healed":0.0,"max_hp_gain":0.0,"max_hp_loss":0.0,"gold_gain":0.0,"event_name":"The Library","player_choice":"Read","floor":22.0,"gold_loss":0.0,"damage_taken":0.0,"cards_obtained":["Acrobatics"]},{"damage_healed":0.0,"max_hp_gain":0.0,"max_hp_loss":23.0,"gold_gain":0.0,"event_name":"Vampires","player_choice":"Became a vampire","floor":29.0,"gold_loss":0.0,"damage_taken":0.0,"cards_obtained":["Bite","Bite","Bite","Bite","Bite"]},{"damage_healed":0.0,"max_hp_gain":0.0,"max_hp_loss":0.0,"gold_gain":0.0,"cards_transformed":["Bite","Bite"],"event_name":"Drug Dealer","player_choice":"Became Test Subject","floor":30.0,"gold_loss":0.0,"damage_taken":0.0,"cards_obtained":["Panache","Discovery"]},{"cards_removed":["Bite"],"damage_healed":0.0,"max_hp_gain":0.0,"max_hp_loss":0.0,"gold_gain":0.0,"event_name":"Falling","player_choice":"Removed Attack","floor":36.0,"gold_loss":0.0,"damage_taken":0.0},{"damage_healed":0.0,"max_hp_gain":0.0,"max_hp_loss":3.0,"gold_gain":0.0,"event_name":"Winding Halls","player_choice":"Max HP","floor":38.0,"gold_loss":0.0,"damage_taken":0.0},{"damage_healed":0.0,"max_hp_gain":0.0,"max_hp_loss":0.0,"gold_gain":0.0,"event_name":"Tomb of Lord Red Mask","player_choice":"Ignored","floor":39.0,"gold_loss":0.0,"damage_taken":0.0}],"is_beta":false,"boss_relics":[{"not_picked":["Astrolabe","Calling Bell"],"picked":"Sozu"},{"not_picked":["White Beast Statue","Fusion Hammer"],"picked":"Tiny House"}],"items_purged_floors":[11,41,45],"is_endless":false,"potions_floor_spawned":[3,7,14,16,18,25,27,31,44,47,48,55],"ascension_level":20}