{"gold_per_floor":[360,208,227,227,227,227,243,263,563,599,599,618,618,636,636,759,759,779,1409,1134,1149,1172,1172,1186,1186,1212,760,793,817,831,847,847,970,970,989,1003,494,519,519,563,473,487,533,574,574,592,592,616,616,616,616,616,403,471,471],"floor_reached":56,"playtime":3000,"items_purged":["Strike_G","Strike_G","Defend_G","Defend_G","Strike_G"],"score":1613,"play_id":"0814e36c-c122-40b7-b72c-c4cc0dc5a7f3","local_time":"20181129223140","is_ascension_mode":false,"campfire_choices":[{"data":"Predator","floor":6.0,"key":"SMITH"},{"data":"Neutralize","floor":13.0,"key":"SMITH"},{"data":"Bouncing Flask","floor":15.0,"key":"SMITH"},{"data":"Apotheosis","floor":23.0,"key":"SMITH"},{"floor":25.0,"key":"RECALL"},{"data":"Adrenaline","floor":32.0,"key":"SMITH"},{"floor":45.0,"key":"REST"},{"floor":49,"key":"REST"},{"floor":52,"key":"REST"}],"neow_cost":"PERCENT_DAMAGE","seed_source_timestamp":43022212616160,"circlet_count":0,"master_deck":["Defend_G","Defend_G","Strike_G","Survivor+1","Neutralize+1","Acrobatics","Well Laid Plans+1","Predator+1","Backstab","Bouncing Flask+1","Adrenaline+1","Apotheosis+1","Acrobatics","Tactician+1","Adrenaline","Escape Plan+1"],"special_seed":0,"relics":["Ring of the Snake","Golden Idol","Old Coin","FossilizedHelix","Runic Pyramid","Blood Vial","Bag of Marbles","Fusion Hammer","Membership Card","Mummified Hand","Regal Pillow","Smiling Mask","Bag of Preparation","Anchor","WingedGreaves","Dodecahedron","Tiny Chest"],"potions_floor_usage":[],"damage_taken":[{"damage":0.0,"enemies":"Jaw Worm","floor":1.0,"turns":5.0},{"damage":0.0,"enemies":"Small Slimes","floor":3.0,"turns":3.0},{"damage":0.0,"enemies":"Cultist","floor":7.0,"turns":3.0},{"damage":8.0,"enemies":"Large Slime","floor":8.0,"turns":9.0},{"damage":11.0,"enemies":"3 Sentries","floor":10.0,"turns":14.0},{"damage":0.0,"enemies":"Gremlin Gang","floor":12.0,"turns":5.0},{"damage":0.0,"enemies":"Lots of Slimes","floor":14.0,"turns":5.0},{"damage":16.0,"enemies":"Slime Boss","floor":16.0,"turns":7.0},{"damage":2.0,"enemies":"2 Thieves","floor":18.0,"turns":5.0},{"damage":0.0,"enemies":"Spheric Guardian","floor":21.0,"turns":3.0},{"damage":0.0,"enemies":"Centurion and Healer","floor":22.0,"turns":8.0},{"damage":0.0,"enemies":"Sentry and Sphere","floor":24.0,"turns":5.0},{"damage":0.0,"enemies":"Book of Stabbing","floor":28.0,"turns":6.0},{"damage":0.0,"enemies":"Snecko","floor":29.0,"turns":4.0},{"damage":0.0,"enemies":"Centurion and Healer","floor":30.0,"turns":9.0},{"damage":0.0,"enemies":"Snake Plant","floor":31.0,"turns":4.0},{"damage":0.0,"enemies":"Automaton","floor":33.0,"turns":5.0},{"damage":0.0,"enemies":"3 Darklings","floor":35.0,"turns":5.0},{"damage":0.0,"enemies":"Orb Walker","floor":36.0,"turns":2.0},{"damage":0.0,"enemies":"Jaw Worm Horde","floor":38.0,"turns":3.0},{"damage":0.0,"enemies":"Nemesis","floor":40.0,"turns":5.0},{"damage":0.0,"enemies":"4 Shapes","floor":42.0,"turns":2.0},{"damage":0.0,"enemies":"Reptomancer","floor":44.0,"turns":4.0},{"damage":0.0,"enemies":"Maw","floor":46.0,"turns":4.0},{"damage":0,"enemies":"Jaw Worm Horde","floor":48,"turns":2},{"damage":0,"enemies":"Time Eater","floor":50,"turns":10},{"damage":0,"enemies":"Shield and Spear","floor":54,"turns":1},{"damage":0,"enemies":"The Heart","floor":55,"turns":2}],"seed_played":"-6547490566959067333","potions_obtained":[{"floor":3.0,"key":"Swift Potion"},{"floor":7.0,"key":"Block Potion"},{"floor":8.0,"key":"Ancient Potion"},{"floor":30.0,"key":"Weak Potion"},{"floor":31.0,"key":"Swift Potion"}],"is_trial":false,"path_per_floor":["M","$","M","?","?","R","M","M","T","E","?","M","R","M","R","B",null,"M","?","$","M","M","R","M","R","T","$","E","M","M","M","R","B",null,"M","M","$","M","?","E","?","M","T","E","R","M","T","M","R","B",null,"R","$","E","B",null],"character_chosen":"THE_SILENT","items_purchased":["Well Laid Plans","Apotheosis","Fruit Juice","Regen Potion","Blood Vial","Membership Card","GhostInAJar","Mummified Hand","Regal Pillow","GhostInAJar","Dodecahedron"],"campfire_rested":3,"item_purchase_floors":[2,20,27,27,27,37,37,37,37,53,53],"current_hp_per_floor":[49,49,49,49,42,42,42,34,34,23,23,23,23,23,23,7,65,63,15,15,15,15,15,15,15,15,20,37,39,41,43,43,45,70,70,70,70,70,70,70,70,70,70,70,70,70,70,70,70,70,70,70,70,70,70],"gold":471,"neow_bonus":"TWO_FIFTY_GOLD","is_prod":false,"is_daily":false,"chose_seed":true,"campfire_upgraded":5,"win_rate":0,"timestamp":1543501900,"path_taken":["M","$","M","?","?","R","M","M","T","E","?","M","R","?","R","BOSS","M","?","$","M","?","R","M","R","T","$","E","M","M","M","R","BOSS","M","?","$","?","?","E","?","?","T","E","R","M","?","M","R","BOSS","R","$","E","BOSS"],"build_version":"2018-11-15","purchased_purges":5,"victory":true,"max_hp_per_floor":[70,70,70,65,65,65,65,65,65,65,65,65,65,65,65,65,65,65,65,65,65,65,65,65,65,65,70,70,70,70,70,70,70,70,70,70,70,70,70,70,70,70,70,70,70,70,70,70,70,70,70,70,70,70,70],"card_choices":[{"not_picked":["PiercingWail","Slice"],"picked":"Acrobatics","floor":1.0},{"not_picked":["Cloak And Dagger","PiercingWail"],"picked":"Predator","floor":3.0},{"not_picked":["Dagger Spray","Flying Knee","Slice"],"picked":"SKIP","floor":7.0},{"not_picked":["Blur","Poisoned Stab","Distraction"],"picked":"SKIP","floor":8.0},{"not_picked":["Dodge and Roll","Masterful Stab"],"picked":"Backstab","floor":10.0},{"not_picked":["Flying Knee","Dagger Throw","Dagger Spray"],"picked":"SKIP","floor":12.0},{"not_picked":["Flying Knee","Distraction"],"picked":"Bouncing Flask","floor":14.0},{"not_picked":["Die Die Die","Glass Knife"],"picked":"Adrenaline","floor":16.0},{"not_picked":["Poisoned Stab","Dagger Spray","Deadly Poison"],"picked":"SKIP","floor":18.0},{"not_picked":["Deflect","Heel Hook+1","Setup"],"picked":"SKIP","floor":21.0},{"not_picked":["Setup","Prepared"],"picked":"Acrobatics","floor":22.0},{"not_picked":["Cloak And Dagger","Dodge and Roll+1","Backflip"],"picked":"SKIP","floor":24.0},{"not_picked":["Reflex","Flying Knee","Backstab+1"],"picked":"SKIP","floor":28.0},{"not_picked":["PiercingWail","Underhanded Strike","Terror"],"picked":"SKIP","floor":29.0},{"not_picked":["Prepared","Accuracy","Infinite Blades"],"picked":"SKIP","floor":30.0},{"not_picked":["Well Laid Plans","Wraith Form v2"],"picked":"Tactician+1","floor":31.0},{"not_picked":["Storm of Steel","Bullet Time"],"picked":"Adrenaline","floor":33.0},{"not_picked":["Quick Slash+1","Dagger Spray+1"],"picked":"Escape Plan+1","floor":35.0},{"not_picked":["Poisoned Stab","Dagger Throw+1","PiercingWail"],"picked":"SKIP","floor":36.0},{"not_picked":["Flying Knee","Dodge and Roll+1","Slice+1"],"picked":"SKIP","floor":38.0},{"not_picked":["Terror","Expertise+1","Burst"],"picked":"SKIP","floor":40.0},{"not_picked":["Tactician","Dash+1","Underhanded Strike+1"],"picked":"SKIP","floor":42.0},{"not_picked":["Dagger Throw+1","PiercingWail+1","Dash"],"picked":"SKIP","floor":44.0},{"not_picked":["Eviscerate","Dagger Throw","Underhanded Strike+1"],"picked":"SKIP","floor":46.0},{"not_picked":["Infinite Blades","Quick Slash","Backflip"],"picked":"SKIP","floor":48},{"not_picked":["Backflip+1","Acrobatics+1","Flying Knee+1"],"picked":"SKIP","floor":54}],"player_experience":1191684,"relics_obtained":[{"floor":9.0,"key":"Old Coin"},{"floor":10.0,"key":"FossilizedHelix"},{"floor":28.0,"key":"Bag of Marbles"},{"floor":40.0,"key":"Smiling Mask"},{"floor":43.0,"key":"Bag of Preparation"},{"floor":44.0,"key":"Anchor"},{"floor":47,"key":"WingedGreaves"},{"floor":54,"key":"Tiny Chest"}],"event_choices":[{"damage_healed":0.0,"max_hp_gain":0.0,"max_hp_loss":5.0,"gold_gain":0.0,"event_name":"Golden Idol","player_choice":"Lose Max HP","floor":4.0,"gold_loss":0.0,"damage_taken":0.0,"relics_obtained":["Golden Idol"]},{"cards_removed":["Strike_G"],"damage_healed":0.0,"max_hp_gain":0.0,"max_hp_loss":0.0,"gold_gain":0.0,"event_name":"Golden Wing","player_choice":"Card Removal","floor":5.0,"gold_loss":0.0,"damage_taken":7.0},{"damage_healed":0.0,"max_hp_gain":0.0,"max_hp_loss":0.0,"gold_gain":0.0,"event_name":"Upgrade Shrine","player_choice":"Upgraded","floor":11.0,"gold_loss":0.0,"damage_taken":0.0,"cards_upgraded":["Well Laid Plans"]},{"damage_healed":0.0,"max_hp_gain":0.0,"max_hp_loss":0.0,"gold_gain":630.0,"event_name":"Knowing Skull","player_choice":"GOLD GOLD GOLD GOLD GOLD GOLD GOLD ","floor":19.0,"potions_obtained":[],"gold_loss":0.0,"damage_taken":48.0,"cards_obtained":[]},{"damage_healed":0.0,"max_hp_gain":0.0,"max_hp_loss":0.0,"gold_gain":0.0,"event_name":"Tomb of Lord Red Mask","player_choice":"Ignored","floor":39.0,"gold_loss":0.0,"damage_taken":0.0},{"cards_removed":["Defend_G"],"damage_healed":0.0,"max_hp_gain":0.0,"max_hp_loss":0.0,"gold_gain":0.0,"event_name":"Designer","player_choice":"Upgrade and Remove","floor":41.0,"gold_loss":90.0,"damage_taken":0.0,"cards_upgraded":["Survivor"]}],"is_beta":false,"boss_relics":[{"not_picked":["Lizard Tail","Coffee Dripper"],"picked":"Runic Pyramid"},{"not_picked":["Ring of the Serpent","Snecko Eye"],"picked":"Fusion Hammer"}],"items_purged_floors":[2,20,27,37,53],"is_endless":false,"potions_floor_spawned":[3,7,8,10,16,21,30,31,36,38],"ascension_level":0}