{"gold_per_floor":[113,113,188,63,63,94,94,126,206,37,53,53,88,119,119,223,223,242,44,44,55,55,55,55,73,99,24,1,16,16,33,33,128,128,144,161,98,110,110,138,138,157,208,219,250,32,42,54,54,54],"floor_reached":51,"playtime":1549,"items_purged":["Strike_B","Defend_B","Strike_B","Defend_B"],"score":823,"play_id":"5f2a9a0a-ba9e-4328-ba54-f38db58a4789","local_time":"20181104225509","is_ascension_mode":false,"campfire_choices":[{"data":"Zap","floor":7.0,"key":"SMITH"},{"data":"Dualcast","floor":15.0,"key":"SMITH"},{"data":"Streamline","floor":23.0,"key":"SMITH"},{"data":"Beam Cell","floor":30.0,"key":"SMITH"},{"data":"Capacitor","floor":32.0,"key":"SMITH"},{"floor":49,"key":"REST"}],"neow_cost":"NONE","seed_source_timestamp":387638444136880,"circlet_count":0,"master_deck":["Defend_B","Defend_B","Zap+1","Dualcast+1","Capacitor+1","Ball Lightning","BootSequence","FTL","Streamline+1","Reboot","Steam","Gash+1","Beam Cell+1","Go for the Eyes+1","Hologram","Gash+1","Chill","Gash","Flash of Steel","Seek"],"special_seed":0,"relics":["Cracked Core","NeowsBlessing","Unceasing Top","Ginger","Anchor","Meat on the Bone","Symbiotic Virus","Torii","Runic Dome","Membership Card","Ancient Tea Set","Sozu","PreservedInsect","Art of War","Bag of Marbles"],"potions_floor_usage":[44,50],"damage_taken":[{"damage":0.0,"enemies":"Cultist","floor":1.0,"turns":1.0},{"damage":0.0,"enemies":"Lagavulin","floor":6.0,"turns":1.0},{"damage":0.0,"enemies":"3 Sentries","floor":8.0,"turns":1.0},{"damage":0.0,"enemies":"2 Louse","floor":11.0,"turns":2.0},{"damage":34.0,"enemies":"Gremlin Nob","floor":13.0,"turns":4.0},{"damage":15.0,"enemies":"Gremlin Nob","floor":14.0,"turns":3.0},{"damage":2.0,"enemies":"Slime Boss","floor":16.0,"turns":7.0},{"damage":0.0,"enemies":"2 Thieves","floor":18.0,"turns":2.0},{"damage":13.0,"enemies":"3 Byrds","floor":21.0,"turns":3.0},{"damage":0.0,"enemies":"Cultist and Chosen","floor":25.0,"turns":3.0},{"damage":1.0,"enemies":"Centurion and Healer","floor":29.0,"turns":3.0},{"damage":8.0,"enemies":"Snake Plant","floor":31.0,"turns":3.0},{"damage":28.0,"enemies":"Champ","floor":33.0,"turns":8.0},{"damage":0.0,"enemies":"Orb Walker","floor":35.0,"turns":2.0},{"damage":0.0,"enemies":"3 Shapes","floor":36.0,"turns":3.0},{"damage":0.0,"enemies":"Maw","floor":38.0,"turns":4.0},{"damage":0.0,"enemies":"Giant Head","floor":40.0,"turns":4.0},{"damage":0.0,"enemies":"Jaw Worm Horde","floor":42.0,"turns":2.0},{"damage":16,"enemies":"Sphere and 2 Shapes","floor":44,"turns":5},{"damage":19,"enemies":"Nemesis","floor":45,"turns":5},{"damage":0,"enemies":"4 Shapes","floor":47,"turns":2},{"damage":0,"enemies":"Transient","floor":48,"turns":4},{"damage":45,"enemies":"Time Eater","floor":50,"turns":6}],"seed_played":"-7803738189314840570","potions_obtained":[{"floor":8.0,"key":"FearPotion"},{"floor":13.0,"key":"Explosive Potion"},{"floor":21.0,"key":"LiquidBronze"},{"floor":25.0,"key":"Regen Potion"}],"is_trial":false,"path_per_floor":["M","?","?","$","T","E","R","E","T","$","M","$","?","E","R","B",null,"M","$","?","M","?","R","?","M","T","?","$","M","R","M","R","B",null,"M","M","$","M","?","E","?","M","T","M","E","$","M","M","R","B",null],"character_chosen":"DEFECT","items_purchased":["Ball Lightning","FTL","Membership Card","Beam Cell","Gash","Flash of Steel","Seek"],"campfire_rested":1,"item_purchase_floors":[4,10,19,28,46,46,46],"current_hp_per_floor":[75,68,57,57,57,57,57,57,57,57,57,57,35,32,32,42,75,75,75,75,62,62,62,62,62,62,62,62,61,61,53,53,37,75,75,75,75,75,71,71,71,71,71,60,41,41,41,41,62,29],"gold":54,"neow_bonus":"THREE_ENEMY_KILL","is_prod":false,"is_daily":false,"chose_seed":false,"campfire_upgraded":5,"win_rate":0,"timestamp":1541343309,"path_taken":["M","?","?","$","?","E","R","E","T","$","M","?","?","E","R","BOSS","M","$","?","M","?","R","?","?","T","?","?","M","R","M","R","BOSS","M","M","$","M","?","E","?","?","T","M","E","$","M","M","R","BOSS"],"build_version":"2018-11-02","purchased_purges":4,"victory":true,"max_hp_per_floor":[75,75,75,75,75,75,75,75,75,75,75,75,75,75,75,75,75,75,75,75,75,75,75,75,75,75,75,75,75,75,75,75,75,75,75,75,75,75,71,71,71,71,71,71,71,71,71,71,71,71],"card_choices":[{"not_picked":["Coolheaded","Barrage"],"picked":"Capacitor","floor":1.0},{"not_picked":["Tempest","Leap","Skim"],"picked":"SKIP","floor":6.0},{"not_picked":["Cold Snap","Melter"],"picked":"BootSequence","floor":8.0},{"not_picked":["Steam Power","Reinforced Body"],"picked":"Streamline","floor":11.0},{"not_picked":["Cold Snap","Aggregate","Capacitor"],"picked":"SKIP","floor":14.0},{"not_picked":["Core Surge","Amplify"],"picked":"Reboot","floor":16.0},{"not_picked":["Force Field+1","Conserve Battery+1"],"picked":"Steam","floor":18.0},{"not_picked":["Heatsinks","Rebound"],"picked":"Gash+1","floor":21.0},{"not_picked":["Steam","Hello World","Lockon"],"picked":"SKIP","floor":25.0},{"not_picked":["Steam","Barrage"],"picked":"Go for the Eyes+1","floor":29.0},{"not_picked":["Steam Power","Scrape+1","Barrage"],"picked":"SKIP","floor":31.0},{"not_picked":["Conserve Battery","Redo","Steam"],"picked":"SKIP","floor":35.0},{"not_picked":["Skim+1","Go for the Eyes+1"],"picked":"Hologram","floor":36.0},{"not_picked":["Double Energy","Glacier+1"],"picked":"Gash+1","floor":38.0},{"not_picked":["Hologram+1","Reprogram+1","Coolheaded+1"],"picked":"SKIP","floor":40.0},{"not_picked":["Loop","Steam","Sweeping Beam"],"picked":"SKIP","floor":42.0},{"not_picked":["Ball Lightning+1","Reinforced Body+1"],"picked":"Chill","floor":44},{"not_picked":["Sweeping Beam","Fusion+1","Doom and Gloom+1"],"picked":"SKIP","floor":45},{"not_picked":["Multi-Cast","Stack","Chill+1"],"picked":"SKIP","floor":47},{"not_picked":["Streamline","Coolheaded+1","Capacitor"],"picked":"SKIP","floor":48}],"player_experience":448197,"relics_obtained":[{"floor":5.0,"key":"Unceasing Top"},{"floor":6.0,"key":"Ginger"},{"floor":8.0,"key":"Anchor"},{"floor":9.0,"key":"Meat on the Bone"},{"floor":13.0,"key":"Symbiotic Virus"},{"floor":14.0,"key":"Torii"},{"floor":26.0,"key":"Ancient Tea Set"},{"floor":40.0,"key":"PreservedInsect"},{"floor":43.0,"key":"Art of War"},{"floor":45,"key":"Bag of Marbles"}],"event_choices":[{"cards_removed":["Strike_B"],"damage_healed":0.0,"max_hp_gain":0.0,"max_hp_loss":0.0,"gold_gain":0.0,"event_name":"Golden Wing","player_choice":"Card Removal","floor":2.0,"gold_loss":0.0,"damage_taken":7.0},{"damage_healed":0.0,"max_hp_gain":0.0,"max_hp_loss":0.0,"gold_gain":75.0,"event_name":"World of Goop","player_choice":"Gather Gold","floor":3.0,"gold_loss":0.0,"damage_taken":11.0},{"damage_healed":0.0,"max_hp_gain":0.0,"max_hp_loss":0.0,"gold_gain":30.0,"event_name":"Dead Adventurer","player_choice":"Searched \u00272\u0027 times","floor":13.0,"gold_loss":0.0,"damage_taken":0.0},{"damage_healed":0.0,"max_hp_gain":0.0,"max_hp_loss":0.0,"gold_gain":0.0,"event_name":"The Mausoleum","player_choice":"Ignored","floor":20.0,"gold_loss":0.0,"damage_taken":0.0},{"damage_healed":0.0,"max_hp_gain":0.0,"max_hp_loss":0.0,"gold_gain":0.0,"event_name":"Ghosts","player_choice":"Ignored","floor":24.0,"gold_loss":0.0,"damage_taken":0.0},{"cards_removed":["Strike_B"],"damage_healed":0.0,"max_hp_gain":0.0,"max_hp_loss":0.0,"gold_gain":0.0,"event_name":"Beggar","player_choice":"Gave Gold","floor":27.0,"gold_loss":75.0,"damage_taken":0.0},{"damage_healed":0.0,"max_hp_gain":0.0,"max_hp_loss":4.0,"gold_gain":0.0,"event_name":"Winding Halls","player_choice":"Max HP","floor":39.0,"gold_loss":0.0,"damage_taken":0.0},{"damage_healed":0.0,"max_hp_gain":0.0,"max_hp_loss":0.0,"gold_gain":0.0,"event_name":"SecretPortal","player_choice":"Ignored","floor":41.0,"gold_loss":0.0,"damage_taken":0.0}],"is_beta":true,"boss_relics":[{"not_picked":["Black Star","Orrery"],"picked":"Runic Dome"},{"not_picked":["White Beast Statue","Philosopher\u0027s Stone"],"picked":"Sozu"}],"items_purged_floors":[4,10,37,46],"is_endless":false,"potions_floor_spawned":[8,13,21,25,29,40,47,48],"ascension_level":0}