{"gold_per_floor":[114,19,34,46,58,89,60,60,111,125,125,42,42,61,61,61],"floor_reached":16,"playtime":432,"items_purged":[],"score":203,"play_id":"cb9b3dee-998e-4b8f-99ee-434bd88acee5","local_time":"20181115200007","is_ascension_mode":true,"campfire_choices":[{"data":"Deadly Poison","floor":8,"key":"SMITH"},{"data":"Deadly Poison","floor":11,"key":"SMITH"},{"floor":13,"key":"REST"},{"data":"Well Laid Plans","floor":15,"key":"SMITH"}],"neow_cost":"NONE","seed_source_timestamp":7420586605274,"circlet_count":0,"master_deck":["AscendersBane","Defend_G","Defend_G","Defend_G","Defend_G","Defend_G","Strike_G","Strike_G","Strike_G","Strike_G","Strike_G","Survivor","Neutralize","Flying Knee","Well Laid Plans+1","Deadly Poison+1","Dagger Spray","Deadly Poison+1","Footwork","Footwork","Backflip"],"relics":["Ring of the Snake","NeowsBlessing","Singing Bowl","Dream Catcher"],"potions_floor_usage":[6,10],"damage_taken":[{"damage":0,"enemies":"Cultist","floor":1,"turns":1},{"damage":0,"enemies":"Small Slimes","floor":3,"turns":1},{"damage":0,"enemies":"Jaw Worm","floor":4,"turns":1},{"damage":17,"enemies":"Large Slime","floor":5,"turns":6},{"damage":17,"enemies":"3 Sentries","floor":6,"turns":7},{"damage":21,"enemies":"Exordium Thugs","floor":7,"turns":4},{"damage":2,"enemies":"2 Fungi Beasts","floor":10,"turns":4},{"damage":4,"enemies":"Looter","floor":14,"turns":3},{"damage":25,"enemies":"Hexaghost","floor":16,"turns":12}],"seed_played":"4812484427288062483","potions_obtained":[{"floor":1,"key":"Swift Potion"},{"floor":5,"key":"GhostInAJar"},{"floor":7,"key":"GhostInAJar"},{"floor":14,"key":"Dexterity Potion"}],"is_trial":false,"path_per_floor":["M","$","M","M","M","E","M","R","T","M","R","$","R","M","R","B"],"character_chosen":"THE_SILENT","items_purchased":["Well Laid Plans","Deadly Poison","Footwork"],"campfire_rested":1,"item_purchase_floors":[2,2,12],"current_hp_per_floor":[59,59,59,59,42,25,6,6,6,6,6,6,29,25,25,0],"gold":61,"neow_bonus":"THREE_ENEMY_KILL","is_prod":false,"is_daily":false,"chose_seed":false,"campfire_upgraded":3,"win_rate":0,"timestamp":1542283207,"path_taken":["M","$","?","M","M","E","M","R","T","M","R","$","R","M","R","BOSS"],"build_version":"2018-11-14","purchased_purges":0,"victory":false,"max_hp_per_floor":[66,66,66,66,66,66,68,68,68,70,70,70,72,72,72,72],"card_choices":[{"not_picked":["Terror","Catalyst"],"picked":"Flying Knee","floor":1},{"not_picked":["Setup","Dodge and Roll","Choke"],"picked":"SKIP","floor":3},{"not_picked":["Dodge and Roll","Backflip"],"picked":"Dagger Spray","floor":4},{"not_picked":["Riddle With Holes","Wraith Form v2"],"picked":"Deadly Poison","floor":5},{"not_picked":["Wraith Form v2","Accuracy"],"picked":"Footwork","floor":6},{"not_picked":["Flying Knee","Deadly Poison","Riddle With Holes"],"picked":"Singing Bowl","floor":7},{"not_picked":["Slice","Blade Dance","Bane"],"picked":"Singing Bowl","floor":10},{"not_picked":["Dodge and Roll","Setup","Sucker Punch"],"picked":"Singing Bowl","floor":13},{"not_picked":["Quick Slash","Expertise"],"picked":"Backflip","floor":14}],"player_experience":1064221,"relics_obtained":[{"floor":6,"key":"Singing Bowl"},{"floor":9,"key":"Dream Catcher"}],"event_choices":[],"is_beta":true,"boss_relics":[],"items_purged_floors":[],"is_endless":false,"potions_floor_spawned":[1,5,7,14],"killed_by":"Hexaghost","ascension_level":19}