{"gold_per_floor":[213,233,46,46,46,72,82,82,162,189,189,203,203,303,303,404,404,416,416,616,631,641,641,740,740,740,771,771,210,230,240,240,341,341,357,369,269,279,298,298,298,298,298,315,331,331,351,363,363,363],"floor_reached":51,"playtime":3666,"items_purged":["Strike_G","Strike_G","Caltrops+1"],"score":709,"play_id":"5dec80e3-4e33-4763-a765-b4a79f029c7c","local_time":"20181024045133","is_ascension_mode":false,"campfire_choices":[{"data":"Noxious Fumes","floor":8.0,"key":"SMITH"},{"data":"Leg Sweep","floor":11.0,"key":"SMITH"},{"data":"Survivor","floor":13.0,"key":"SMITH"},{"data":"Defend_G","floor":15.0,"key":"SMITH"},{"data":"Tools of the Trade","floor":23.0,"key":"SMITH"},{"data":"Reflex","floor":25.0,"key":"SMITH"},{"data":"Defend_G","floor":28.0,"key":"SMITH"},{"data":"Defend_G","floor":32.0,"key":"SMITH"},{"data":"Malaise","floor":40,"key":"SMITH"},{"data":"Dodge and Roll","floor":42,"key":"SMITH"},{"data":"Predator","floor":46,"key":"SMITH"},{"data":"Venomology","floor":49,"key":"SMITH"}],"neow_cost":"NONE","seed_source_timestamp":4239941628906,"circlet_count":0,"master_deck":["Defend_G+1","Defend_G+1","Defend_G+1","Strike_G+1","Survivor+1","Neutralize+1","Predator+1","Leg Sweep+1","Noxious Fumes+1","Tools of the Trade+1","Leg Sweep+1","Outmaneuver+1","Reflex+1","Venomology+1","Dodge and Roll+1","Malaise+1"],"special_seed":0,"relics":["Ring of the Serpent","Dream Catcher","The Courier","Thread and Needle","Astrolabe","Mercury Hourglass","Red Mask","Anchor","Blood Vial","Mango","Omamori"],"potions_floor_usage":[35,36,38,38,39,44,45,47,48,50,50,50,50,50,50,50],"damage_taken":[{"damage":1.0,"enemies":"Jaw Worm","floor":1.0,"turns":5.0},{"damage":0.0,"enemies":"Small Slimes","floor":2.0,"turns":3.0},{"damage":23.0,"enemies":"3 Sentries","floor":6.0,"turns":8.0},{"damage":0.0,"enemies":"Cultist","floor":7.0,"turns":3.0},{"damage":10.0,"enemies":"Lagavulin","floor":10.0,"turns":8.0},{"damage":5.0,"enemies":"3 Louse","floor":12.0,"turns":4.0},{"damage":9.0,"enemies":"Hexaghost","floor":16.0,"turns":11.0},{"damage":0.0,"enemies":"Shell Parasite","floor":18.0,"turns":7.0},{"damage":13.0,"enemies":"3 Byrds","floor":21.0,"turns":3.0},{"damage":0.0,"enemies":"Centurion and Healer","floor":22.0,"turns":9.0},{"damage":0.0,"enemies":"Masked Bandits","floor":27.0,"turns":3.0},{"damage":0.0,"enemies":"Snake Plant","floor":30.0,"turns":4.0},{"damage":0.0,"enemies":"Snecko","floor":31.0,"turns":5.0},{"damage":34.0,"enemies":"Automaton","floor":33.0,"turns":13.0},{"damage":0,"enemies":"Orb Walker","floor":35,"turns":6},{"damage":0,"enemies":"3 Shapes","floor":36,"turns":4},{"damage":0,"enemies":"Spire Growth","floor":38,"turns":7},{"damage":10,"enemies":"Sphere and 2 Shapes","floor":39,"turns":6},{"damage":0,"enemies":"4 Shapes","floor":44,"turns":5},{"damage":0,"enemies":"Writhing Mass","floor":45,"turns":10},{"damage":0,"enemies":"Sphere and 2 Shapes","floor":47,"turns":5},{"damage":0,"enemies":"Jaw Worm Horde","floor":48,"turns":7},{"damage":0,"enemies":"Awakened One","floor":50,"turns":25}],"seed_played":"8015389028920844175","potions_obtained":[{"floor":1.0,"key":"Explosive Potion"},{"floor":12.0,"key":"SneckoOil"},{"floor":16.0,"key":"AttackPotion"},{"floor":18.0,"key":"Poison Potion"},{"floor":27.0,"key":"Poison Potion"},{"floor":35,"key":"LiquidBronze"},{"floor":38,"key":"EssenceOfSteel"},{"floor":39,"key":"PowerPotion"}],"is_trial":false,"path_per_floor":["M","M","$","?","?","E","M","R","T","E","R","M","R","?","R","B",null,"M","?","?","M","M","R","?","R","T","?","R","$","M","M","R","B",null,"M","M","$","M","M","R","?","R","T","M","M","R","M","M","R","B"],"character_chosen":"THE_SILENT","items_purchased":["Leg Sweep","Noxious Fumes","Anchor","Blood Vial","Mango"],"campfire_rested":0,"item_purchase_floors":[3,3,29,29,29],"current_hp_per_floor":[69,69,69,55,55,32,32,32,32,22,22,17,17,17,17,8,70,70,57,57,44,44,44,44,44,44,44,44,58,60,62,62,30,89,89,89,89,89,79,79,79,79,79,81,83,83,85,85,85,85],"gold":363,"neow_bonus":"HUNDRED_GOLD","is_prod":false,"is_daily":false,"chose_seed":false,"campfire_upgraded":12,"win_rate":0,"timestamp":1540327893,"path_taken":["M","M","$","?","?","E","M","R","T","E","R","M","R","?","R","BOSS","M","?","?","?","M","R","?","R","T","?","R","$","M","M","R","BOSS","M","M","$","M","M","R","?","R","T","M","M","R","M","M","R","BOSS"],"build_version":"2018-10-18","purchased_purges":3,"victory":true,"max_hp_per_floor":[70,70,70,70,70,70,70,70,70,70,70,70,70,70,70,70,70,70,75,75,75,75,75,75,75,75,75,75,89,89,89,89,89,89,89,89,89,89,89,89,85,85,85,85,85,85,85,85,85,85],"card_choices":[{"not_picked":["Crippling Poison","Cloak And Dagger"],"picked":"Predator","floor":1.0},{"not_picked":["Deflect","Prepared","Underhanded Strike"],"picked":"SKIP","floor":2.0},{"not_picked":["Dagger Throw","Predator","Cloak And Dagger"],"picked":"SKIP","floor":6.0},{"not_picked":["Expertise","Flechettes","Prepared"],"picked":"SKIP","floor":7.0},{"not_picked":["Predator","Acrobatics","Dash"],"picked":"SKIP","floor":10.0},{"not_picked":["Tactician","Dagger Throw","Concentrate"],"picked":"SKIP","floor":12.0},{"not_picked":["Unload","Doppelganger"],"picked":"Tools of the Trade","floor":16.0},{"not_picked":["Deflect","Finisher"],"picked":"Reflex","floor":18.0},{"not_picked":["Quick Slash","Finisher+1","Sucker Punch"],"picked":"SKIP","floor":21.0},{"not_picked":["Outmaneuver","Dodge and Roll","Deflect"],"picked":"SKIP","floor":22.0},{"not_picked":["Dagger Spray","Slice+1","Grand Finale"],"picked":"SKIP","floor":30.0},{"not_picked":["Outmaneuver+1","Quick Slash","Poisoned Stab"],"picked":"SKIP","floor":31.0},{"not_picked":["Unload","Envenom"],"picked":"Venomology","floor":33.0},{"not_picked":["Flechettes+1","Setup","Bane+1"],"picked":"SKIP","floor":35},{"not_picked":["Cloak And Dagger+1","Blade Dance+1","Distraction"],"picked":"SKIP","floor":36},{"not_picked":["Dodge and Roll","Flying Knee+1","Outmaneuver"],"picked":"SKIP","floor":38},{"not_picked":["Flying Knee+1","Outmaneuver"],"picked":"Dodge and Roll","floor":38},{"not_picked":["Cloak And Dagger","Catalyst+1"],"picked":"Malaise","floor":39},{"not_picked":["Accuracy+1","Bane","Sucker Punch"],"picked":"SKIP","floor":44},{"not_picked":["Accuracy","Outmaneuver","Poisoned Stab+1"],"picked":"SKIP","floor":45},{"not_picked":["Outmaneuver","Acrobatics+1","Riddle With Holes+1"],"picked":"SKIP","floor":47},{"not_picked":["Slice+1","Prepared","Skewer+1"],"picked":"SKIP","floor":48}],"player_experience":589019,"relics_obtained":[{"floor":6.0,"key":"Dream Catcher"},{"floor":9.0,"key":"The Courier"},{"floor":10.0,"key":"Thread and Needle"},{"floor":26.0,"key":"Mercury Hourglass"},{"floor":27.0,"key":"Red Mask"},{"floor":43,"key":"Omamori"}],"event_choices":[{"damage_healed":0.0,"max_hp_gain":0.0,"max_hp_loss":0.0,"gold_gain":0.0,"event_name":"Shining Light","player_choice":"Entered Light","floor":4.0,"gold_loss":0.0,"damage_taken":14.0,"cards_upgraded":["Neutralize","Strike_G"]},{"cards_removed":["Defend_G"],"damage_healed":0.0,"max_hp_gain":0.0,"max_hp_loss":0.0,"gold_gain":0.0,"event_name":"Living Wall","player_choice":"Forget","floor":5.0,"gold_loss":0.0,"damage_taken":0.0},{"damage_healed":0.0,"max_hp_gain":0.0,"max_hp_loss":0.0,"gold_gain":100.0,"event_name":"Golden Shrine","player_choice":"Pray","floor":14.0,"gold_loss":0.0,"damage_taken":0.0},{"damage_healed":0.0,"max_hp_gain":5.0,"max_hp_loss":0.0,"gold_gain":0.0,"event_name":"Forgotten Altar","player_choice":"Shed Blood","floor":19.0,"gold_loss":0.0,"damage_taken":18.0},{"damage_healed":0.0,"max_hp_gain":0.0,"max_hp_loss":0.0,"gold_gain":250.0,"event_name":"The Joust","player_choice":"Bet on Owner","floor":20.0,"gold_loss":50.0,"damage_taken":0.0},{"damage_healed":0.0,"max_hp_gain":0.0,"max_hp_loss":0.0,"gold_gain":99.0,"event_name":"Nest","player_choice":"Stole From Cult","floor":24.0,"gold_loss":0.0,"damage_taken":0.0},{"damage_healed":0.0,"max_hp_gain":0.0,"max_hp_loss":0.0,"gold_gain":0.0,"event_name":"Masked Bandits","player_choice":"Fought Bandits","floor":27.0,"gold_loss":0.0,"damage_taken":0.0},{"damage_healed":0,"gold_gain":0,"player_choice":"Max HP","damage_taken":0,"max_hp_gain":0,"max_hp_loss":4,"event_name":"Winding Halls","floor":41,"gold_loss":0}],"is_beta":false,"boss_relics":[{"not_picked":["HoveringKite","White Beast Statue"],"picked":"Astrolabe"},{"not_picked":["Lizard Tail","Philosopher\u0027s Stone"],"picked":"Ring of the Serpent"}],"items_purged_floors":[3,29,37],"is_endless":false,"potions_floor_spawned":[1,12,16,18,22,27,35,38,39,47],"ascension_level":0}