{"gold_per_floor":[117,42,57,74,74,109,135,135,185,203,203,528,453,275,275,354,354,370,74,74,74,93,121,121,154,154,165,15,46,46,96,96,172,172,186,203,28,28,79,114,132,132,132,132,146,146,146,61,61,61,61,61,61,61,88,88],"floor_reached":57,"playtime":4586,"items_purged":["Strike_B","Strike_B","Strike_B","Defend_B","Defend_B"],"score":2959,"play_id":"94ed303c-210d-41f3-9436-feaba2f9de5f","local_time":"20190110223620","is_ascension_mode":true,"campfire_choices":[{"data":"Dualcast","floor":8.0,"key":"SMITH"},{"floor":11.0,"key":"REST"},{"data":"Zap","floor":15.0,"key":"SMITH"},{"data":"Biased Cognition","floor":24.0,"key":"SMITH"},{"data":"Buffer","floor":30.0,"key":"SMITH"},{"data":"Ghostly","floor":32.0,"key":"SMITH"},{"data":"Defragment","floor":42,"key":"SMITH"},{"data":"Defragment","floor":46,"key":"SMITH"},{"floor":49,"key":"RECALL"},{"data":"Coolheaded","floor":53,"key":"SMITH"}],"neow_cost":"NONE","seed_source_timestamp":34081981687548,"circlet_count":0,"master_deck":["AscendersBane","Defend_B","Defend_B","Zap+1","Dualcast+1","Electrodynamics","Chill","Chill","Biased Cognition+1","Glacier","Buffer+1","Ball Lightning","Ghostly","Ghostly+1","Ghostly","Coolheaded+1","Loop+1","Chaos+1","Hologram+1","Core Surge","Defragment+1","Rainbow","Glacier","Panacea","Coolheaded+1","Glacier","Defragment+1","Recycle","Fission"],"special_seed":0,"relics":["Cracked Core","Blood Vial","Odd Mushroom","Regal Pillow","Old Coin","Coffee Dripper","Orichalcum","Ancient Tea Set","PreservedInsect","Sundial","Happy Flower","Orrery","Emotion Chip","Art of War","Blue Candle"],"potions_floor_usage":[39,55,56],"damage_taken":[{"damage":0.0,"enemies":"Small Slimes","floor":1.0,"turns":2.0},{"damage":1.0,"enemies":"2 Louse","floor":3.0,"turns":2.0},{"damage":2.0,"enemies":"Jaw Worm","floor":4.0,"turns":4.0},{"damage":30.0,"enemies":"Gremlin Nob","floor":6.0,"turns":4.0},{"damage":7.0,"enemies":"The Mushroom Lair","floor":7.0,"turns":3.0},{"damage":0.0,"enemies":"3 Louse","floor":10.0,"turns":1.0},{"damage":9.0,"enemies":"3 Sentries","floor":12.0,"turns":9.0},{"damage":30.0,"enemies":"Slime Boss","floor":16.0,"turns":9.0},{"damage":2.0,"enemies":"2 Thieves","floor":18.0,"turns":4.0},{"damage":0.0,"enemies":"Spheric Guardian","floor":22.0,"turns":6.0},{"damage":16.0,"enemies":"Gremlin Leader","floor":23.0,"turns":8.0},{"damage":0.0,"enemies":"Slavers","floor":25.0,"turns":3.0},{"damage":0.0,"enemies":"Snake Plant","floor":27.0,"turns":4.0},{"damage":0.0,"enemies":"Gremlin Leader","floor":29.0,"turns":8.0},{"damage":12.0,"enemies":"Collector","floor":33.0,"turns":17.0},{"damage":0.0,"enemies":"3 Shapes","floor":35.0,"turns":3.0},{"damage":0.0,"enemies":"3 Darklings","floor":36.0,"turns":5.0},{"damage":0,"enemies":"2 Orb Walkers","floor":39,"turns":5},{"damage":0,"enemies":"Nemesis","floor":40,"turns":9},{"damage":0,"enemies":"Jaw Worm Horde","floor":41,"turns":4},{"damage":0,"enemies":"Sphere and 2 Shapes","floor":45,"turns":7},{"damage":0,"enemies":"Time Eater","floor":50,"turns":18},{"damage":1,"enemies":"Donu and Deca","floor":51,"turns":14},{"damage":0,"enemies":"Shield and Spear","floor":55,"turns":6},{"damage":24,"enemies":"The Heart","floor":56,"turns":21}],"seed_played":"8961479327631049326","potions_obtained":[{"floor":3.0,"key":"Poison Potion"},{"floor":10.0,"key":"Block Potion"},{"floor":12.0,"key":"AttackPotion"},{"floor":27.0,"key":"GamblersBrew"},{"floor":35.0,"key":"Block Potion"},{"floor":36.0,"key":"Swift Potion"},{"floor":40,"key":"FearPotion"}],"is_trial":false,"path_per_floor":["M","$","M","M","?","E","?","R","T","M","R","E","?","$","R","B",null,"M","$","?","?","M","E","R","E","T","M","$","E","R","?","R","B",null,"M","M","$","?","?","E","M","R","T","?","M","R","$","$","R","B","B",null,"R","$","E","B",null],"character_chosen":"DEFECT","items_purchased":["Glacier","Orichalcum","Recycle"],"campfire_rested":1,"item_purchase_floors":[14,19,48],"current_hp_per_floor":[64,64,63,61,61,31,26,26,26,28,64,57,57,57,57,29,61,61,61,35,35,35,19,19,21,21,23,23,25,25,25,25,15,30,32,34,34,34,35,35,35,35,35,35,35,35,35,35,35,35,34,35,35,35,35,11],"gold":88,"neow_bonus":"ONE_RANDOM_RARE_CARD","is_prod":false,"is_daily":false,"chose_seed":false,"campfire_upgraded":8,"win_rate":0,"timestamp":1547130980,"path_taken":["M","$","M","M","?","E","?","R","T","M","R","E","?","$","R","BOSS","M","$","?","?","M","E","R","E","T","M","$","E","R","?","R","BOSS","M","M","$","?","?","E","M","R","T","?","M","R","?","$","R","BOSS","BOSS","R","$","E","BOSS"],"build_version":"2019-01-03v4","purchased_purges":5,"victory":true,"max_hp_per_floor":[71,71,71,71,71,71,71,71,71,71,71,71,71,71,71,71,71,71,71,35,35,35,35,35,35,35,35,35,35,35,35,35,35,35,35,35,35,35,35,35,35,35,35,35,35,35,35,35,35,35,35,35,35,35,35,35],"card_choices":[{"not_picked":["Rebound","Redo"],"picked":"Go for the Eyes","floor":1.0},{"not_picked":["Steam Power","Streamline","FTL"],"picked":"SKIP","floor":3.0},{"not_picked":["Hello World","Steam","Gash"],"picked":"SKIP","floor":4.0},{"not_picked":["Streamline","Cold Snap","BootSequence"],"picked":"SKIP","floor":6.0},{"not_picked":["Static Discharge","Coolheaded"],"picked":"Chill","floor":7.0},{"not_picked":["Barrage","Scrape"],"picked":"Chill","floor":10.0},{"not_picked":["Recycle","BootSequence"],"picked":"Biased Cognition","floor":12.0},{"not_picked":["Machine Learning","Seek"],"picked":"Buffer","floor":16.0},{"not_picked":["Conserve Battery","Rebound"],"picked":"Ball Lightning","floor":18.0},{"not_picked":["Stack","Beam Cell","Streamline+1"],"picked":"SKIP","floor":22.0},{"not_picked":["Multi-Cast","BootSequence"],"picked":"Coolheaded+1","floor":23.0},{"not_picked":["Steam Power+1","Conserve Battery"],"picked":"Loop+1","floor":25.0},{"not_picked":["Hologram+1","Skim"],"picked":"Chaos+1","floor":27.0},{"not_picked":["Lockon","Reinforced Body"],"picked":"Hologram+1","floor":29.0},{"not_picked":["Seek","Electrodynamics"],"picked":"Core Surge","floor":33.0},{"not_picked":["Stack","Hologram"],"picked":"Defragment","floor":34.0},{"not_picked":["Streamline","Redo"],"picked":"Rainbow","floor":34.0},{"not_picked":["Turbo","FTL+1"],"picked":"Glacier","floor":35.0},{"not_picked":["Compile Driver","Reinforced Body","Leap+1"],"picked":"SKIP","floor":36.0},{"not_picked":["Bandage Up","Good Instincts"],"picked":"Panacea","floor":38},{"not_picked":["FTL","Melter"],"picked":"Coolheaded","floor":39},{"not_picked":["Beam Cell","Stack","Static Discharge"],"picked":"SKIP","floor":40},{"not_picked":["Melter","Lockon"],"picked":"Glacier","floor":41},{"not_picked":["Tempest","Storm"],"picked":"Defragment","floor":45},{"not_picked":["Genetic Algorithm","Redo"],"picked":"Fission","floor":55}],"player_experience":1925696,"relics_obtained":[{"floor":6.0,"key":"Blood Vial"},{"floor":7.0,"key":"Odd Mushroom"},{"floor":9.0,"key":"Regal Pillow"},{"floor":12.0,"key":"Old Coin"},{"floor":23.0,"key":"Ancient Tea Set"},{"floor":25.0,"key":"PreservedInsect"},{"floor":26.0,"key":"Sundial"},{"floor":29.0,"key":"Happy Flower"},{"floor":39,"key":"Emotion Chip"},{"floor":40,"key":"Art of War"},{"floor":55,"key":"Blue Candle"}],"event_choices":[{"damage_healed":0.0,"max_hp_gain":0.0,"max_hp_loss":0.0,"gold_gain":0.0,"event_name":"Liars Game","player_choice":"Ignored","floor":5.0,"gold_loss":0.0,"damage_taken":0.0},{"damage_healed":0.0,"max_hp_gain":0.0,"max_hp_loss":0.0,"gold_gain":0.0,"event_name":"Mushrooms","player_choice":"Fought Mushrooms","floor":7.0,"gold_loss":0.0,"damage_taken":0.0},{"cards_removed":["Strike_B"],"damage_healed":0.0,"max_hp_gain":0.0,"max_hp_loss":0.0,"gold_gain":0.0,"event_name":"The Cleric","player_choice":"Card Removal","floor":13.0,"gold_loss":75.0,"damage_taken":0.0},{"damage_healed":0.0,"max_hp_gain":0.0,"max_hp_loss":36.0,"gold_gain":0.0,"event_name":"Ghosts","player_choice":"Became a Ghost","floor":20.0,"gold_loss":0.0,"damage_taken":0.0,"cards_obtained":["Ghostly","Ghostly","Ghostly"]},{"damage_healed":0.0,"max_hp_gain":0.0,"max_hp_loss":0.0,"gold_gain":0.0,"event_name":"Vampires","player_choice":"Ignored","floor":21.0,"gold_loss":0.0,"damage_taken":0.0},{"damage_healed":0.0,"max_hp_gain":0.0,"max_hp_loss":0.0,"gold_gain":50.0,"event_name":"Nest","player_choice":"Stole From Cult","floor":31.0,"gold_loss":0.0,"damage_taken":0.0},{"damage_healed":0,"gold_gain":0,"player_choice":"Memory 1","damage_taken":0,"max_hp_gain":0,"max_hp_loss":0,"event_name":"SensoryStone","floor":38,"gold_loss":0},{"damage_healed":0,"gold_gain":0,"player_choice":"Fight","damage_taken":0,"max_hp_gain":0,"max_hp_loss":0,"event_name":"Mysterious Sphere","floor":39,"gold_loss":0},{"cards_removed":["Go for the Eyes"],"damage_healed":0,"gold_gain":0,"player_choice":"Removed Attack","damage_taken":0,"max_hp_gain":0,"max_hp_loss":0,"event_name":"Falling","floor":44,"gold_loss":0}],"is_beta":false,"boss_relics":[{"not_picked":["Nuclear Battery","Cursed Key"],"picked":"Coffee Dripper"},{"not_picked":["Sozu","Velvet Choker"],"picked":"Orrery"}],"items_purged_floors":[2,14,19,28,37],"is_endless":false,"potions_floor_spawned":[3,10,12,16,18,22,27,35,36,40,45],"ascension_level":20}