{"gold_per_floor":[113,113,83,83,98,98,130,146,200,214,214,69,69,79,79,178,178,197,197,97,107,125,125,135,135,135,145,179,198,198,73,73,174,174,194,194,211,230,230,230,245,264,290,308,321,171,189,189,189,189],"floor_reached":51,"playtime":1831,"items_purged":["Strike_G","Defend_G","Defend_G","Strike_G+1"],"score":823,"play_id":"c65230c7-0ff0-46c9-bf47-d19645ee08ec","local_time":"20181029160027","is_ascension_mode":false,"campfire_choices":[{"data":"Deadly Poison","floor":6.0,"key":"SMITH"},{"data":"Neutralize","floor":11.0,"key":"SMITH"},{"data":"Noxious Fumes","floor":13.0,"key":"SMITH"},{"data":"Backflip","floor":15.0,"key":"SMITH"},{"data":"Night Terror","floor":23.0,"key":"SMITH"},{"data":"Ghostly","floor":25.0,"key":"SMITH"},{"data":"Ghostly","floor":30.0,"key":"SMITH"},{"data":"Ghostly","floor":32.0,"key":"SMITH"},{"data":"Cloak And Dagger","floor":49,"key":"SMITH"}],"neow_cost":"NONE","seed_source_timestamp":17793070116099,"circlet_count":0,"master_deck":["Defend_G+1","Defend_G+1","Defend_G+1","Strike_G+1","Survivor+1","Neutralize+1","Deadly Poison+1","Noxious Fumes+1","Backflip+1","Night Terror+1","Ghostly+1","Ghostly+1","Ghostly+1","Ghostly+1","Ghostly+1","Deadly Poison+1","Blur+1","Venomology+1","Wraith Form v2+1","Footwork+1","Deadly Poison+1","Cloak And Dagger+1"],"special_seed":0,"relics":["Ring of the Snake","Lantern","Regal Pillow","Coffee Dripper","Mummified Hand","Runic Pyramid","Mark of the Bloom","Juzu Bracelet"],"potions_floor_usage":[38,38,41,41,44,44,45,45,45,45,47,50,50,50],"damage_taken":[{"damage":3.0,"enemies":"Small Slimes","floor":1.0,"turns":4.0},{"damage":1.0,"enemies":"2 Louse","floor":5.0,"turns":3.0},{"damage":12.0,"enemies":"3 Sentries","floor":7.0,"turns":9.0},{"damage":0.0,"enemies":"Cultist","floor":8.0,"turns":3.0},{"damage":4.0,"enemies":"Blue Slaver","floor":10.0,"turns":4.0},{"damage":0.0,"enemies":"Exordium Thugs","floor":14.0,"turns":5.0},{"damage":21.0,"enemies":"Slime Boss","floor":16.0,"turns":11.0},{"damage":0.0,"enemies":"Spheric Guardian","floor":18.0,"turns":3.0},{"damage":0.0,"enemies":"Chosen","floor":21.0,"turns":6.0},{"damage":0.0,"enemies":"Shelled Parasite and Fungi","floor":22.0,"turns":6.0},{"damage":0.0,"enemies":"Snake Plant","floor":24.0,"turns":5.0},{"damage":0.0,"enemies":"Centurion and Healer","floor":27.0,"turns":6.0},{"damage":0.0,"enemies":"Gremlin Leader","floor":28.0,"turns":6.0},{"damage":0.0,"enemies":"3 Cultists","floor":29.0,"turns":4.0},{"damage":0.0,"enemies":"Automaton","floor":33.0,"turns":12.0},{"damage":0.0,"enemies":"3 Darklings","floor":35.0,"turns":6.0},{"damage":0.0,"enemies":"Orb Walker","floor":37.0,"turns":5.0},{"damage":0,"enemies":"Writhing Mass","floor":38,"turns":5},{"damage":0,"enemies":"Sphere and 2 Shapes","floor":41,"turns":5},{"damage":0,"enemies":"Transient","floor":42,"turns":5},{"damage":0,"enemies":"4 Shapes","floor":44,"turns":4},{"damage":0,"enemies":"Spire Growth","floor":45,"turns":5},{"damage":0,"enemies":"Transient","floor":47,"turns":5},{"damage":0,"enemies":"Awakened One","floor":50,"turns":16}],"seed_played":"1406107546809761141","potions_obtained":[{"floor":1.0,"key":"Block Potion"},{"floor":3.0,"key":"Weak Potion"},{"floor":3.0,"key":"Weak Potion"},{"floor":5.0,"key":"Poison Potion"},{"floor":16.0,"key":"GamblersBrew"},{"floor":27.0,"key":"Ancient Potion"},{"floor":28.0,"key":"Regen Potion"},{"floor":38,"key":"GhostInAJar"},{"floor":44,"key":"LiquidBronze"}],"is_trial":false,"path_per_floor":["M","?","?","?","M","R","E","M","T","M","R","$","R","M","R","B",null,"M","?","$","M","M","R","M","R","T","M","E","M","R","$","R","B",null,"M","?","M","M","?","R","M","M","T","M","M","$","M","?","R","B"],"character_chosen":"THE_SILENT","items_purchased":["Noxious Fumes"],"campfire_rested":0,"item_purchase_floors":[12],"current_hp_per_floor":[67,53,53,58,57,57,45,45,45,41,41,41,41,41,41,20,75,75,37,37,37,37,37,37,37,37,37,37,37,37,37,37,37,37,37,37,37,37,37,37,37,37,37,37,37,37,37,37,37,37],"gold":189,"neow_bonus":"REMOVE_CARD","is_prod":false,"is_daily":false,"chose_seed":false,"campfire_upgraded":9,"win_rate":0,"timestamp":1540800027,"path_taken":["M","?","?","?","?","R","E","M","T","M","R","$","R","M","R","BOSS","M","?","$","M","M","R","M","R","T","M","E","M","R","?","R","BOSS","M","?","M","M","?","R","M","?","T","M","M","$","M","?","R","BOSS"],"build_version":"2018-10-25v2","purchased_purges":4,"victory":true,"max_hp_per_floor":[70,70,70,75,75,75,75,75,75,75,75,75,75,75,75,75,75,75,37,37,37,37,37,37,37,37,37,37,37,37,37,37,37,37,37,37,37,37,37,37,37,37,37,37,37,37,37,37,37,37],"card_choices":[{"not_picked":["Choke","Heel Hook"],"picked":"Deadly Poison","floor":1.0},{"not_picked":["Poisoned Stab","Sucker Punch","Blade Dance"],"picked":"SKIP","floor":5.0},{"not_picked":["Bane","Choke","Crippling Poison"],"picked":"SKIP","floor":7.0},{"not_picked":["Outmaneuver","Eviscerate","Blade Dance"],"picked":"SKIP","floor":8.0},{"not_picked":["Prepared","Cloak And Dagger","Underhanded Strike"],"picked":"SKIP","floor":10.0},{"not_picked":["Eviscerate","Dodge and Roll"],"picked":"Backflip","floor":14.0},{"not_picked":["Tools of the Trade","Burst"],"picked":"Night Terror","floor":16.0},{"not_picked":["Reflex","Poisoned Stab+1","Outmaneuver"],"picked":"SKIP","floor":18.0},{"not_picked":["Slice+1","Underhanded Strike","Flying Knee"],"picked":"SKIP","floor":21.0},{"not_picked":["PiercingWail","Heel Hook+1","Cloak And Dagger"],"picked":"SKIP","floor":22.0},{"not_picked":["PiercingWail","Heel Hook+1","Cloak And Dagger"],"picked":"SKIP","floor":22.0},{"not_picked":["Sucker Punch","Backflip+1"],"picked":"Deadly Poison+1","floor":24.0},{"not_picked":["Dodge and Roll","Acrobatics"],"picked":"Blur+1","floor":27.0},{"not_picked":["Dagger Spray","Distraction+1","Bane"],"picked":"SKIP","floor":28.0},{"not_picked":["Sucker Punch","Accuracy"],"picked":"Venomology","floor":29.0},{"not_picked":["Malaise","Venomology"],"picked":"Wraith Form v2","floor":33.0},{"not_picked":["Predator","Sucker Punch+1","Underhanded Strike+1"],"picked":"SKIP","floor":35.0},{"not_picked":["Underhanded Strike","Dagger Spray","Prepared+1"],"picked":"SKIP","floor":37.0},{"not_picked":["Cloak And Dagger+1","Deadly Poison+1"],"picked":"Footwork+1","floor":38},{"not_picked":["Flechettes+1","Blade Dance+1","Predator+1"],"picked":"SKIP","floor":41},{"not_picked":["Underhanded Strike","Prepared+1","Deflect"],"picked":"SKIP","floor":42},{"not_picked":["Acrobatics","Accuracy","Blade Dance"],"picked":"SKIP","floor":44},{"not_picked":["Cloak And Dagger","Bane"],"picked":"Deadly Poison+1","floor":45},{"not_picked":["Blade Dance+1","Slice+1","Envenom"],"picked":"SKIP","floor":47}],"player_experience":717192,"relics_obtained":[{"floor":7.0,"key":"Lantern"},{"floor":9.0,"key":"Regal Pillow"},{"floor":26.0,"key":"Mummified Hand"},{"floor":43,"key":"Juzu Bracelet"}],"event_choices":[{"damage_healed":0.0,"max_hp_gain":0.0,"max_hp_loss":0.0,"gold_gain":0.0,"event_name":"Shining Light","player_choice":"Entered Light","floor":2.0,"gold_loss":0.0,"damage_taken":14.0,"cards_upgraded":["Survivor","Strike_G"]},{"damage_healed":0.0,"max_hp_gain":0.0,"max_hp_loss":0.0,"gold_gain":0.0,"event_name":"The Woman in Blue","player_choice":"Bought 2 Potions","floor":3.0,"gold_loss":0.0,"damage_taken":0.0},{"damage_healed":0.0,"max_hp_gain":5.0,"max_hp_loss":0.0,"gold_gain":0.0,"event_name":"Big Fish","player_choice":"Donut","floor":4.0,"gold_loss":0.0,"damage_taken":0.0},{"damage_healed":0.0,"max_hp_gain":0.0,"max_hp_loss":38.0,"gold_gain":0.0,"event_name":"Ghosts","player_choice":"Became a Ghost","floor":19.0,"gold_loss":0.0,"damage_taken":0.0,"cards_obtained":["Ghostly","Ghostly","Ghostly","Ghostly","Ghostly"]},{"damage_healed":0.0,"max_hp_gain":0.0,"max_hp_loss":0.0,"gold_gain":0.0,"event_name":"SensoryStone","player_choice":"Memory 1","floor":36.0,"gold_loss":0.0,"damage_taken":0.0},{"damage_healed":0,"gold_gain":0,"player_choice":"Upgrade","damage_taken":0,"relics_obtained":["Mark of the Bloom"],"max_hp_gain":0,"max_hp_loss":0,"event_name":"MindBloom","floor":39,"gold_loss":0,"cards_upgraded":["Defend_G","Defend_G","Defend_G","Strike_G","Strike_G","Ghostly","Ghostly","Venomology","Wraith Form v2"]},{"damage_healed":0,"gold_gain":0,"cards_transformed":["Strike_G"],"player_choice":"Transformed","damage_taken":0,"max_hp_gain":0,"max_hp_loss":0,"event_name":"Transmorgrifier","floor":48,"gold_loss":0,"cards_obtained":["Cloak And Dagger"]}],"is_beta":false,"boss_relics":[{"not_picked":["Empty Cage","Pandora\u0027s Box"],"picked":"Coffee Dripper"},{"not_picked":["Eternal Feather","Lizard Tail"],"picked":"Runic Pyramid"}],"items_purged_floors":[12,20,31,46],"is_endless":false,"potions_floor_spawned":[1,5,16,27,28,29,38,44,47],"ascension_level":0}