{"gold_per_floor":[115,1,14,14,14,14,71,71,95,95,120,135,135,135,135,231,231,251,251,270,270,270,295,295,309,362,394,394,407,407],"floor_reached":30,"playtime":768,"items_purged":[],"score":518,"play_id":"348cd297-e944-4c75-bb8a-b011947a03c9","local_time":"20181003195446","is_ascension_mode":true,"campfire_choices":[{"data":"Neutralize","floor":6.0,"key":"SMITH"},{"data":"Cloak And Dagger","floor":8.0,"key":"SMITH"},{"data":"Infinite Blades","floor":10.0,"key":"SMITH"},{"data":"Accuracy","floor":13.0,"key":"SMITH"},{"data":"Blade Dance","floor":15.0,"key":"SMITH"},{"data":"Finisher","floor":24.0,"key":"SMITH"},{"floor":28.0,"key":"REST"}],"neow_cost":"NONE","seed_source_timestamp":107688736160285,"circlet_count":0,"master_deck":["Defend_G","Defend_G","Defend_G","Defend_G","Defend_G","Strike_G","Strike_G","Strike_G","Strike_G","Survivor","Neutralize+1","AscendersBane","Infinite Blades+1","Accuracy+1","Finisher+1","Cloak And Dagger+1","Dagger Throw","Blade Dance+1","Corpse Explosion","Backstab","Dagger Spray","Backflip"],"special_seed":0,"relics":["Ring of the Serpent","NeowsBlessing","Tiny Chest","Pen Nib","Boot","WarpedTongs","Nunchaku","Strawberry","Pantograph"],"potions_floor_usage":[30],"damage_taken":[{"damage":0.0,"enemies":"Jaw Worm","floor":1.0,"turns":1.0},{"damage":0.0,"enemies":"Cultist","floor":3.0,"turns":1.0},{"damage":0.0,"enemies":"3 Sentries","floor":7.0,"turns":2.0},{"damage":0.0,"enemies":"Gremlin Nob","floor":11.0,"turns":2.0},{"damage":0.0,"enemies":"Small Slimes","floor":12.0,"turns":3.0},{"damage":30.0,"enemies":"The Guardian","floor":16.0,"turns":9.0},{"damage":7.0,"enemies":"2 Thieves","floor":18.0,"turns":4.0},{"damage":2.0,"enemies":"3 Byrds","floor":20.0,"turns":3.0},{"damage":23.0,"enemies":"Slavers","floor":23.0,"turns":5.0},{"damage":8.0,"enemies":"Cultist and Chosen","floor":25.0,"turns":4.0},{"damage":18.0,"enemies":"Gremlin Leader","floor":27.0,"turns":4.0},{"damage":12.0,"enemies":"Snake Plant","floor":29.0,"turns":4.0},{"damage":29,"enemies":"Book of Stabbing","floor":30,"turns":3}],"seed_played":"-1560967055495074737","potions_obtained":[{"floor":3.0,"key":"SteroidPotion"},{"floor":11.0,"key":"SpeedPotion"},{"floor":16.0,"key":"Block Potion"},{"floor":18.0,"key":"GamblersBrew"},{"floor":23.0,"key":"Strength Potion"}],"is_trial":false,"path_per_floor":["M","$","M","?","$","R","E","R","T","R","E","M","R","?","R","B",null,"M","?","M","?","?","E","R","M","T","E","R","M"],"character_chosen":"THE_SILENT","items_purchased":["Accuracy","Finisher"],"campfire_rested":1,"item_purchase_floors":[2,2],"current_hp_per_floor":[63,63,63,63,63,63,63,63,63,63,63,63,63,68,68,38,66,59,59,57,57,57,34,34,26,33,15,39,27,0],"gold":407,"neow_bonus":"THREE_ENEMY_KILL","is_prod":false,"is_daily":false,"chose_seed":false,"campfire_upgraded":6,"win_rate":0,"timestamp":1538567686,"path_taken":["M","$","M","?","$","R","E","R","T","R","E","?","R","?","R","BOSS","M","?","?","?","?","E","R","M","T","E","R","M","E"],"build_version":"2018-09-27","purchased_purges":0,"victory":false,"max_hp_per_floor":[70,70,70,70,70,70,70,70,70,70,70,70,70,75,75,75,75,75,75,75,75,75,75,75,75,82,82,82,82,82],"card_choices":[{"not_picked":["Deadly Poison","Outmaneuver"],"picked":"Infinite Blades","floor":1.0},{"not_picked":["Crippling Poison","Dodge and Roll"],"picked":"Cloak And Dagger","floor":3.0},{"not_picked":["Caltrops","Deflect","Reflex"],"picked":"SKIP","floor":7.0},{"not_picked":["Outmaneuver","Skewer","Quick Slash"],"picked":"SKIP","floor":11.0},{"not_picked":["Concentrate","Deadly Poison"],"picked":"Blade Dance","floor":12.0},{"not_picked":["Bullet Time","Grand Finale"],"picked":"Corpse Explosion","floor":16.0},{"not_picked":["Flying Knee","Dagger Spray","Deadly Poison"],"picked":"SKIP","floor":18.0},{"not_picked":["Catalyst","Dagger Throw","Sucker Punch"],"picked":"SKIP","floor":20.0},{"not_picked":["Flying Knee","Storm of Steel","Cloak And Dagger"],"picked":"SKIP","floor":23.0},{"not_picked":["Riddle With Holes","Distraction"],"picked":"Dagger Spray","floor":25.0},{"not_picked":["Distraction","Unload","Underhanded Strike"],"picked":"SKIP","floor":27.0},{"not_picked":["Crippling Poison","Quick Slash+1"],"picked":"Backflip","floor":29.0}],"player_experience":174431,"relics_obtained":[{"floor":7.0,"key":"Tiny Chest"},{"floor":9.0,"key":"Pen Nib"},{"floor":11.0,"key":"Boot"},{"floor":23.0,"key":"Nunchaku"},{"floor":26.0,"key":"Strawberry"},{"floor":27.0,"key":"Pantograph"}],"event_choices":[{"event_name":"Transmorgrifier","player_choice":"Transform","floor":4.0,"damage_taken":0.0},{"event_name":"Big Fish","player_choice":"Donut","floor":14.0,"damage_taken":0.0},{"event_name":"Accursed Blacksmith","player_choice":"Rummage","floor":19.0,"damage_taken":0.0},{"event_name":"The Library","player_choice":"Read","floor":21.0,"damage_taken":0.0},{"event_name":"Fountain of Cleansing","player_choice":"Removed Curse","floor":22.0,"damage_taken":0.0}],"is_beta":false,"boss_relics":[{"not_picked":["Tiny House","HoveringKite"],"picked":"Ring of the Serpent"}],"items_purged_floors":[],"is_endless":false,"potions_floor_spawned":[3,11,16,18,23,27],"killed_by":"Book of Stabbing","ascension_level":12}