{"gold_per_floor":[112,131,56,56,68,68,68,68,122,122,156,176,202,217,217,217],"floor_reached":16,"playtime":399,"items_purged":["Doubt"],"score":220,"play_id":"1bf0cbbf-3ae5-44cd-b91e-de877804c548","local_time":"20190417071939","is_ascension_mode":true,"campfire_choices":[{"data":"Darkness","floor":6,"key":"SMITH"},{"data":"Defragment","floor":8,"key":"SMITH"},{"data":"Dualcast","floor":10,"key":"SMITH"},{"data":"Consume","floor":15,"key":"SMITH"}],"neow_cost":"CURSE","seed_source_timestamp":94730106482404,"circlet_count":0,"master_deck":["AscendersBane","Strike_B","Strike_B","Strike_B","Defend_B","Defend_B","Defend_B","Defend_B","Zap","Dualcast+1","Consume+1","Defragment+1","Darkness+1","Rainbow","Glacier","Ball Lightning","Glacier","Turbo"],"relics":["Cracked Core","Turnip","Tiny Chest","Art of War","Dead Branch"],"potions_floor_usage":[11,16,16],"damage_taken":[{"damage":3,"enemies":"Small Slimes","floor":1,"turns":5},{"damage":12,"enemies":"Jaw Worm","floor":2,"turns":3},{"damage":17,"enemies":"Cultist","floor":5,"turns":4},{"damage":8,"enemies":"Lagavulin","floor":11,"turns":7},{"damage":1,"enemies":"Large Slime","floor":12,"turns":4},{"damage":6,"enemies":"3 Sentries","floor":13,"turns":6},{"damage":7,"enemies":"3 Louse","floor":14,"turns":3},{"damage":0,"enemies":"The Guardian","floor":16,"turns":2}],"seed_played":"4860607862376653566","potions_obtained":[{"floor":2,"key":"EssenceOfSteel"},{"floor":5,"key":"Dexterity Potion"},{"floor":11,"key":"Block Potion"}],"is_trial":false,"path_per_floor":["M","M","$","?","M","R","?","R","T","R","E","M","E","M","R","B"],"character_chosen":"DEFECT","items_purchased":[],"campfire_rested":0,"item_purchase_floors":[],"current_hp_per_floor":[61,49,49,49,32,32,32,32,32,32,24,23,17,10,10,10],"gold":217,"neow_bonus":"ONE_RARE_RELIC","is_prod":false,"is_daily":false,"chose_seed":false,"campfire_upgraded":4,"win_rate":0,"timestamp":1555456779,"path_taken":["M","M","$","?","M","R","?","R","T","R","E","M","E","M","R","BOSS"],"build_version":"2019-01-23","purchased_purges":1,"victory":false,"max_hp_per_floor":[71,71,71,71,71,71,71,71,71,71,71,71,71,71,71,71],"card_choices":[{"not_picked":["Steam","Sweeping Beam"],"picked":"Consume","floor":1},{"not_picked":["Barrage","Stack"],"picked":"Defragment","floor":2},{"not_picked":["Streamline","Blizzard","Rebound"],"picked":"SKIP","floor":5},{"not_picked":["Rainbow","Turbo"],"picked":"Glacier","floor":11},{"not_picked":["Leap","BootSequence"],"picked":"Ball Lightning","floor":12},{"not_picked":["Machine Learning","Conserve Battery"],"picked":"Glacier","floor":13},{"not_picked":["Redo","Lockon"],"picked":"Turbo","floor":14}],"player_experience":4352818,"relics_obtained":[{"floor":9,"key":"Tiny Chest"},{"floor":11,"key":"Art of War"},{"floor":13,"key":"Dead Branch"}],"event_choices":[{"damage_healed":0,"gold_gain":0,"cards_transformed":["Strike_B"],"player_choice":"Change","damage_taken":0,"max_hp_gain":0,"max_hp_loss":0,"event_name":"Living Wall","floor":4,"gold_loss":0,"cards_obtained":["Darkness"]},{"damage_healed":0,"gold_gain":0,"player_choice":"1 cards matched","damage_taken":0,"max_hp_gain":0,"max_hp_loss":0,"event_name":"Match and Keep!","floor":7,"gold_loss":0,"cards_obtained":["Rainbow"]}],"is_beta":false,"boss_relics":[],"items_purged_floors":[3],"is_endless":false,"potions_floor_spawned":[2,5,11],"killed_by":"The Guardian","ascension_level":20}