{"gold_per_floor":[113,113,73,90,90,90,134,134,134,170,11,11,47,47,47,140,140,156,176,195,195,211,211,111,127,127,127,142,155,74,88,88,184,184,203,203,536,636,636,193,193,210,210,224,224,224,239,273,273,273,273,273,273,123,156,156],"floor_reached":57,"playtime":3785,"items_purged":["Strike_G","Strike_G","Strike_G","Defend_G"],"score":2921,"play_id":"d50c3da0-ef37-4e0c-a92c-45d7cce153bd","local_time":"20190224201226","is_ascension_mode":true,"campfire_choices":[{"data":"Catalyst","floor":6.0,"key":"SMITH"},{"data":"Deadly Poison","floor":8.0,"key":"SMITH"},{"data":"Neutralize","floor":12.0,"key":"SMITH"},{"data":"Calculated Gamble","floor":15.0,"key":"SMITH"},{"data":"Well Laid Plans","floor":23.0,"key":"SMITH"},{"data":"Survivor","floor":27.0,"key":"SMITH"},{"floor":32.0,"key":"RECALL"},{"data":"Strike_G+1","floor":41.0,"key":"PURGE"},{"data":"Strike_G+1","floor":46.0,"key":"PURGE"},{"data":"Defend_G","floor":49.0,"key":"PURGE"},{"data":"Defend_G","floor":53.0,"key":"PURGE"}],"neow_cost":"NONE","seed_source_timestamp":24948492921510,"circlet_count":0,"master_deck":["AscendersBane","Defend_G","Survivor+1","Neutralize+1","Calculated Gamble+1","Catalyst+1","Deadly Poison+1","Malaise+1","Well Laid Plans+1","Deadly Poison+1","PiercingWail+1","After Image","Crippling Poison+1","Impatience+1","Panacea+1","Deep Breath+1","Purity+1","Acrobatics+1"],"special_seed":0,"relics":["Ring of the Snake","Whetstone","Bird Faced Urn","Pear","Toxic Egg 2","Sozu","Runic Dome","Peace Pipe","Thread and Needle","Medical Kit","Dodecahedron","Bottled Lightning"],"potions_floor_usage":[56,56],"damage_taken":[{"damage":0.0,"enemies":"2 Louse","floor":1.0,"turns":4.0},{"damage":2.0,"enemies":"Jaw Worm","floor":4.0,"turns":6.0},{"damage":15.0,"enemies":"Lagavulin","floor":7.0,"turns":5.0},{"damage":31.0,"enemies":"3 Sentries","floor":10.0,"turns":10.0},{"damage":0.0,"enemies":"Gremlin Nob","floor":13.0,"turns":3.0},{"damage":11.0,"enemies":"The Guardian","floor":16.0,"turns":7.0},{"damage":1.0,"enemies":"Chosen","floor":18.0,"turns":4.0},{"damage":14.0,"enemies":"2 Thieves","floor":19.0,"turns":5.0},{"damage":3.0,"enemies":"Snake Plant","floor":20.0,"turns":5.0},{"damage":1.0,"enemies":"Snecko","floor":22.0,"turns":5.0},{"damage":9.0,"enemies":"Centurion and Healer","floor":25.0,"turns":9.0},{"damage":0.0,"enemies":"Snake Plant","floor":28.0,"turns":6.0},{"damage":2.0,"enemies":"Snecko","floor":29.0,"turns":4.0},{"damage":13.0,"enemies":"Cultist and Chosen","floor":31.0,"turns":8.0},{"damage":25.0,"enemies":"Automaton","floor":33.0,"turns":10.0},{"damage":1.0,"enemies":"Orb Walker","floor":35.0,"turns":3.0},{"damage":0.0,"enemies":"Mind Bloom Boss Battle","floor":38.0,"turns":5.0},{"damage":11.0,"enemies":"3 Darklings","floor":42.0,"turns":4.0},{"damage":0.0,"enemies":"Spire Growth","floor":44.0,"turns":5.0},{"damage":0.0,"enemies":"Writhing Mass","floor":47.0,"turns":6.0},{"damage":0.0,"enemies":"Reptomancer","floor":48.0,"turns":2.0},{"damage":0.0,"enemies":"Awakened One","floor":50.0,"turns":4.0},{"damage":0.0,"enemies":"Donu and Deca","floor":51.0,"turns":3.0},{"damage":2.0,"enemies":"Shield and Spear","floor":55.0,"turns":3.0},{"damage":24,"enemies":"The Heart","floor":56,"turns":8}],"seed_played":"-8817647373441383653","potions_obtained":[{"floor":1.0,"key":"PowerPotion"},{"floor":10.0,"key":"SteroidPotion"},{"floor":16.0,"key":"Poison Potion"}],"is_trial":false,"path_per_floor":["M","?","$","M","?","R","E","R","T","E","$","R","E","$","R","B",null,"M","M","M","?","M","R","$","M","T","R","M","M","$","M","R","B",null,"M","?","?","?","T","$","R","M","T","M","?","R","M","E","R","B","B",null,"R","$","E","B",null],"character_chosen":"THE_SILENT","items_purchased":["Catalyst","GhostInAJar","After Image","Purity+1","Medical Kit"],"campfire_rested":0,"item_purchase_floors":[3,11,30,40,40],"current_hp_per_floor":[59,64,64,62,62,62,47,47,47,26,26,26,26,26,26,15,59,58,44,41,41,42,42,42,35,35,35,37,37,37,28,28,7,57,58,48,48,52,52,52,52,45,45,49,49,49,53,57,57,61,65,72,72,72,72,52],"gold":156,"neow_bonus":"REMOVE_CARD","is_prod":false,"is_daily":false,"chose_seed":false,"campfire_upgraded":6,"win_rate":0,"timestamp":1551010346,"path_taken":["M","?","$","M","?","R","E","R","T","E","?","R","E","$","R","BOSS","M","M","M","?","M","R","$","M","T","R","M","M","$","M","R","BOSS","M","?","?","?","?","$","R","?","T","?","?","R","M","E","R","BOSS","BOSS","R","$","E","BOSS"],"build_version":"2019-01-23","purchased_purges":4,"victory":true,"max_hp_per_floor":[66,71,71,71,64,64,64,64,64,74,74,74,74,74,74,74,74,74,74,74,74,74,74,74,74,74,74,74,74,74,74,74,74,74,74,74,74,74,74,74,74,74,74,74,74,74,74,74,74,74,74,74,74,74,74,74],"card_choices":[{"not_picked":["Blur","Outmaneuver"],"picked":"Calculated Gamble","floor":1.0},{"not_picked":["Choke","Acrobatics"],"picked":"Deadly Poison","floor":4.0},{"not_picked":["Flechettes","Predator","Prepared"],"picked":"SKIP","floor":7.0},{"not_picked":["Slice","Envenom","Acrobatics"],"picked":"SKIP","floor":10.0},{"not_picked":["Dagger Spray","Dash","Infinite Blades"],"picked":"SKIP","floor":13.0},{"not_picked":["Unload","Envenom"],"picked":"Malaise+1","floor":16.0},{"not_picked":["Flying Knee","Quick Slash","Dodge and Roll+1"],"picked":"SKIP","floor":18.0},{"not_picked":["Setup+1","Dodge and Roll+1","Deflect+1"],"picked":"SKIP","floor":19.0},{"not_picked":["Bane+1","All Out Attack"],"picked":"Well Laid Plans","floor":20.0},{"not_picked":["Poisoned Stab","Bouncing Flask+1","Dagger Spray"],"picked":"SKIP","floor":22.0},{"not_picked":["Poisoned Stab","Blade Dance+1","Underhanded Strike"],"picked":"SKIP","floor":25.0},{"not_picked":["Outmaneuver+1","Deadly Poison+1","Poisoned Stab"],"picked":"SKIP","floor":28.0},{"not_picked":["Outmaneuver+1","Poisoned Stab"],"picked":"Deadly Poison+1","floor":28.0},{"not_picked":["PiercingWail+1","Terror+1","All Out Attack"],"picked":"SKIP","floor":29.0},{"not_picked":["Terror+1","All Out Attack"],"picked":"PiercingWail+1","floor":29.0},{"not_picked":["Flying Knee","Outmaneuver+1","Crippling Poison+1"],"picked":"SKIP","floor":31.0},{"not_picked":["Flying Knee","Outmaneuver+1"],"picked":"Crippling Poison+1","floor":31.0},{"not_picked":["Dagger Throw+1","Prepared+1","Deadly Poison+1"],"picked":"SKIP","floor":35.0},{"not_picked":["Sadistic Nature","Blind+1"],"picked":"Impatience+1","floor":36.0},{"not_picked":["Discovery+1","Blind+1"],"picked":"Panacea+1","floor":36.0},{"not_picked":["Discovery+1","Violence+1"],"picked":"Deep Breath+1","floor":36.0},{"not_picked":["Blur+1","Deflect+1"],"picked":"Acrobatics+1","floor":42.0},{"not_picked":["Eviscerate+1","Dodge and Roll+1","Deflect+1"],"picked":"SKIP","floor":44.0},{"not_picked":["Poisoned Stab","Caltrops","Underhanded Strike"],"picked":"SKIP","floor":47.0},{"not_picked":["Bane+1","Dagger Spray","Deflect+1"],"picked":"SKIP","floor":48.0},{"not_picked":["Underhanded Strike","Accuracy","Endless Agony+1"],"picked":"SKIP","floor":55.0}],"player_experience":3103202,"relics_obtained":[{"floor":7.0,"key":"Whetstone"},{"floor":9.0,"key":"Bird Faced Urn"},{"floor":10.0,"key":"Pear"},{"floor":13.0,"key":"Toxic Egg 2"},{"floor":38.0,"key":"Peace Pipe"},{"floor":39.0,"key":"Thread and Needle"},{"floor":48.0,"key":"Dodecahedron"},{"floor":55.0,"key":"Bottled Lightning"}],"event_choices":[{"damage_healed":0.0,"max_hp_gain":5.0,"max_hp_loss":0.0,"gold_gain":0.0,"event_name":"Big Fish","player_choice":"Donut","floor":2.0,"gold_loss":0.0,"damage_taken":0.0},{"damage_healed":0.0,"max_hp_gain":0.0,"max_hp_loss":7.0,"gold_gain":0.0,"event_name":"Golden Idol","player_choice":"Lose Max HP","floor":5.0,"gold_loss":0.0,"damage_taken":0.0,"relics_obtained":["Golden Idol"]},{"damage_healed":0.0,"max_hp_gain":0.0,"max_hp_loss":0.0,"gold_gain":0.0,"event_name":"The Mausoleum","player_choice":"Ignored","floor":21.0,"gold_loss":0.0,"damage_taken":0.0},{"damage_healed":0.0,"max_hp_gain":0.0,"max_hp_loss":0.0,"gold_gain":0.0,"event_name":"SensoryStone","player_choice":"Memory 3","floor":36.0,"gold_loss":0.0,"damage_taken":10.0},{"damage_healed":0.0,"max_hp_gain":0.0,"max_hp_loss":0.0,"gold_gain":333.0,"event_name":"The Moai Head","player_choice":"Gave Idol","floor":37.0,"relics_lost":["Golden Idol"],"gold_loss":0.0,"damage_taken":0.0},{"damage_healed":0.0,"max_hp_gain":0.0,"max_hp_loss":0.0,"gold_gain":0.0,"event_name":"MindBloom","player_choice":"Fight","floor":38.0,"gold_loss":0.0,"damage_taken":0.0},{"damage_healed":0.0,"max_hp_gain":0.0,"max_hp_loss":0.0,"gold_gain":0.0,"event_name":"Tomb of Lord Red Mask","player_choice":"Ignored","floor":45.0,"gold_loss":0.0,"damage_taken":0.0}],"is_beta":false,"boss_relics":[{"not_picked":["Tiny House","Astrolabe"],"picked":"Sozu"},{"not_picked":["Lizard Tail","Busted Crown"],"picked":"Runic Dome"}],"items_purged_floors":[11,24,40,54],"is_endless":false,"potions_floor_spawned":[1,10,16,22,25,28,31,42,44],"ascension_level":20}