{"gold_per_floor":[111,36,36,36,36,62,76,110,110,110,139,150,176,196,196,270,270,282,294,308,308],"floor_reached":21,"playtime":744,"items_purged":["Strike_B"],"score":468,"play_id":"78b9c1ac-8184-43f0-9586-d55bbc3cba44","local_time":"20190426221710","is_ascension_mode":true,"campfire_choices":[{"data":"Biased Cognition","floor":10.0,"key":"SMITH"},{"data":"Static Discharge","floor":15.0,"key":"SMITH"}],"neow_cost":"NONE","seed_source_timestamp":33571414279996,"circlet_count":0,"master_deck":["AscendersBane","Strike_B","Strike_B","Strike_B","Defend_B","Defend_B","Defend_B","Defend_B","Zap","Dualcast","Doom and Gloom","Biased Cognition+1","Chill","Self Repair","Reboot","Static Discharge+1","Electrodynamics","Go for the Eyes+1","Loop"],"special_seed":0,"relics":["Cracked Core","NeowsBlessing","Pen Nib","Pear","Ornamental Fan","Happy Flower","Black Star"],"potions_floor_usage":[],"damage_taken":[{"damage":0.0,"enemies":"Cultist","floor":1.0,"turns":1.0},{"damage":0.0,"enemies":"3 Sentries","floor":6.0,"turns":1.0},{"damage":0.0,"enemies":"Small Slimes","floor":7.0,"turns":1.0},{"damage":9.0,"enemies":"Lagavulin","floor":8.0,"turns":7.0},{"damage":16.0,"enemies":"Gremlin Nob","floor":11.0,"turns":4.0},{"damage":0.0,"enemies":"2 Louse","floor":12.0,"turns":1.0},{"damage":45.0,"enemies":"3 Sentries","floor":13.0,"turns":5.0},{"damage":4.0,"enemies":"Exordium Wildlife","floor":14.0,"turns":4.0},{"damage":18.0,"enemies":"Hexaghost","floor":16.0,"turns":5.0},{"damage":22,"enemies":"2 Thieves","floor":18,"turns":2},{"damage":20,"enemies":"Shell Parasite","floor":19,"turns":4},{"damage":12,"enemies":"Snecko","floor":20,"turns":4},{"damage":18,"enemies":"Colosseum Slavers","floor":21,"turns":4},{"damage":39,"enemies":"Colosseum Nobs","floor":21,"turns":3}],"seed_played":"-1637520663871581243","potions_obtained":[{"floor":1.0,"key":"SkillPotion"},{"floor":5.0,"key":"Fruit Juice"},{"floor":5.0,"key":"Regen Potion"},{"floor":12.0,"key":"FocusPotion"},{"floor":13.0,"key":"Fire Potion"}],"is_trial":false,"path_per_floor":["M","$","?","$","?","E","M","E","T","R","E","M","E","M","R","B",null,"M","M","M","?"],"character_chosen":"DEFECT","items_purchased":[],"campfire_rested":0,"item_purchase_floors":[],"current_hp_per_floor":[64,64,64,64,69,69,69,82,82,82,66,66,28,31,31,20,70,55,42,37,0],"gold":308,"neow_bonus":"THREE_ENEMY_KILL","is_prod":false,"is_daily":false,"chose_seed":false,"campfire_upgraded":2,"win_rate":0,"timestamp":1556288230,"path_taken":["M","$","?","$","?","E","M","E","T","R","E","M","E","M","R","BOSS","M","?","M","?"],"build_version":"2019-01-23","purchased_purges":1,"victory":false,"max_hp_per_floor":[71,71,71,71,76,76,76,86,86,86,86,86,86,86,86,86,86,86,86,86,86],"card_choices":[{"not_picked":["Storm","Redo"],"picked":"Doom and Gloom","floor":1.0},{"not_picked":["Consume","Sweeping Beam"],"picked":"Biased Cognition","floor":6.0},{"not_picked":["Redo","Streamline"],"picked":"Chill","floor":7.0},{"not_picked":["Beam Cell","Aggregate","Fusion"],"picked":"SKIP","floor":8.0},{"not_picked":["Auto Shields","Steam"],"picked":"Self Repair","floor":11.0},{"not_picked":["Beam Cell","Compile Driver","Steam"],"picked":"SKIP","floor":12.0},{"not_picked":["Double Energy","Gash"],"picked":"Reboot","floor":13.0},{"not_picked":["Compile Driver","Reprogram"],"picked":"Static Discharge","floor":14.0},{"not_picked":["Hyperbeam","Echo Form"],"picked":"Electrodynamics","floor":16.0},{"not_picked":["Conserve Battery","Sweeping Beam"],"picked":"Go for the Eyes+1","floor":18},{"not_picked":["Hello World","Consume","Stack"],"picked":"SKIP","floor":19},{"not_picked":["Sunder","Static Discharge"],"picked":"Loop","floor":20}],"player_experience":4537389,"relics_obtained":[{"floor":6.0,"key":"Pen Nib"},{"floor":8.0,"key":"Pear"},{"floor":11.0,"key":"Ornamental Fan"},{"floor":13.0,"key":"Happy Flower"}],"event_choices":[{"damage_healed":0.0,"max_hp_gain":0.0,"max_hp_loss":0.0,"gold_gain":0.0,"event_name":"The Cleric","player_choice":"Leave","floor":3.0,"gold_loss":0.0,"damage_taken":0.0},{"damage_healed":0.0,"max_hp_gain":0.0,"max_hp_loss":0.0,"gold_gain":0.0,"event_name":"Lab","player_choice":"Got Potions","floor":5.0,"gold_loss":0.0,"damage_taken":0.0},{"damage_healed":0,"gold_gain":0,"player_choice":"Fight","damage_taken":0,"max_hp_gain":0,"max_hp_loss":0,"event_name":"Colosseum","floor":21,"gold_loss":0},{"damage_healed":0,"gold_gain":0,"player_choice":"Fought Nobs","damage_taken":0,"max_hp_gain":0,"max_hp_loss":0,"event_name":"Colosseum","floor":21,"gold_loss":0}],"is_beta":false,"boss_relics":[{"not_picked":["Sozu","Ectoplasm"],"picked":"Black Star"}],"items_purged_floors":[2],"is_endless":false,"potions_floor_spawned":[1,6,12,13,19,20,21],"killed_by":"Colosseum Nobs","ascension_level":20}