{"gold_per_floor":[115,126,126,151,151,194,194,232,232,232,267,287,43,66,66,66],"floor_reached":16,"playtime":1001,"items_purged":["Strike_G"],"score":222,"play_id":"1421e63c-2096-4153-b588-4129af86f2a5","local_time":"20190508181414","is_ascension_mode":true,"campfire_choices":[{"floor":7,"key":"REST"},{"floor":10,"key":"REST"},{"floor":15,"key":"REST"}],"neow_cost":"PERCENT_DAMAGE","seed_source_timestamp":103969919465010,"circlet_count":0,"master_deck":["AscendersBane","Defend_G","Defend_G","Defend_G","Defend_G","Strike_G","Strike_G","Strike_G","Survivor","Neutralize","Dagger Throw","Skewer","Noxious Fumes","Deflect","Flying Knee+1","Dash+1","Well Laid Plans"],"relics":["Ring of the Snake","Golden Idol","Question Card","Molten Egg 2","Letter Opener","StoneCalendar","Bronze Scales"],"potions_floor_usage":[6,8,11,12],"damage_taken":[{"damage":3,"enemies":"Jaw Worm","floor":1,"turns":7},{"damage":0,"enemies":"Cultist","floor":2,"turns":3},{"damage":3,"enemies":"Small Slimes","floor":4,"turns":4},{"damage":26,"enemies":"Gremlin Nob","floor":6,"turns":4},{"damage":26,"enemies":"3 Sentries","floor":8,"turns":10},{"damage":16,"enemies":"Lagavulin","floor":11,"turns":6},{"damage":0,"enemies":"3 Louse","floor":12,"turns":4},{"damage":0,"enemies":"Large Slime","floor":14,"turns":4},{"damage":34,"enemies":"Slime Boss","floor":16,"turns":3}],"seed_played":"3349882689148657413","potions_obtained":[{"floor":4,"key":"Poison Potion"},{"floor":5,"key":"GhostInAJar"},{"floor":8,"key":"Weak Potion"},{"floor":11,"key":"GamblersBrew"}],"is_trial":false,"path_per_floor":["M","M","?","M","?","E","R","E","T","R","E","M","$","M","R","B"],"character_chosen":"THE_SILENT","items_purchased":["Bronze Scales"],"campfire_rested":3,"item_purchase_floors":[13],"current_hp_per_floor":[41,41,41,38,38,12,30,4,4,22,6,6,6,6,24,0],"gold":66,"neow_bonus":"REMOVE_TWO","is_prod":false,"is_daily":false,"chose_seed":false,"campfire_upgraded":0,"win_rate":0,"timestamp":1557332054,"path_taken":["M","M","?","M","?","E","R","E","T","R","E","?","$","M","R","BOSS"],"build_version":"2019-01-23","purchased_purges":1,"victory":false,"max_hp_per_floor":[66,66,60,60,60,60,60,60,60,60,60,60,60,60,60,60],"card_choices":[{"not_picked":["Outmaneuver","Reflex"],"picked":"Dagger Throw","floor":1},{"not_picked":["Dodge and Roll","Prepared"],"picked":"Skewer","floor":2},{"not_picked":["PiercingWail","Slice"],"picked":"Noxious Fumes","floor":4},{"not_picked":["Deadly Poison","Envenom"],"picked":"Deflect","floor":6},{"not_picked":["Dodge and Roll","Blade Dance","PiercingWail"],"picked":"Flying Knee","floor":8},{"not_picked":["Envenom","Predator+1","Bane+1","Prepared"],"picked":"SKIP","floor":11},{"not_picked":["Slice+1","Reflex","Deadly Poison"],"picked":"Dash+1","floor":12},{"not_picked":["Acrobatics","Endless Agony+1","Heel Hook+1"],"picked":"Well Laid Plans","floor":14}],"player_experience":569515,"relics_obtained":[{"floor":6,"key":"Question Card"},{"floor":8,"key":"Molten Egg 2"},{"floor":9,"key":"Letter Opener"},{"floor":11,"key":"StoneCalendar"}],"event_choices":[{"damage_healed":0,"gold_gain":0,"player_choice":"Lose Max HP","damage_taken":0,"relics_obtained":["Golden Idol"],"max_hp_gain":0,"max_hp_loss":6,"event_name":"Golden Idol","floor":3,"gold_loss":0},{"damage_healed":0,"gold_gain":0,"player_choice":"Got Potions","damage_taken":0,"max_hp_gain":0,"max_hp_loss":0,"event_name":"Lab","floor":5,"gold_loss":0}],"is_beta":false,"boss_relics":[],"items_purged_floors":[13],"is_endless":false,"potions_floor_spawned":[4,8,11],"killed_by":"Slime Boss","ascension_level":17}