{"gold_per_floor":[109,109,32,107,126,157,73,73,73,73,53,53,63,80,80,158,158,178,103,120,45,71,71,71,88,88,88,88,99,99,126,126,126],"floor_reached":33,"playtime":1865,"items_purged":["Strike_G"],"score":672,"play_id":"9ea887f9-3441-4daa-a22b-0c07b74a4408","local_time":"20181118155741","is_ascension_mode":true,"campfire_choices":[{"data":"Concentrate","floor":8,"key":"SMITH"},{"data":"Reflex","floor":10,"key":"SMITH"},{"data":"Footwork","floor":12,"key":"SMITH"},{"data":"Dagger Throw","floor":15,"key":"SMITH"},{"data":"Noxious Fumes","floor":23,"key":"SMITH"},{"data":"Well Laid Plans","floor":30,"key":"SMITH"},{"data":"Terror","floor":32,"key":"SMITH"}],"neow_cost":"NONE","seed_source_timestamp":1571965285264085,"circlet_count":0,"master_deck":["AscendersBane","Defend_G","Defend_G","Defend_G","Defend_G","Defend_G","Strike_G","Strike_G","Survivor","Neutralize","Backflip","Concentrate+1","Reflex+1","Dagger Throw+1","Footwork+1","Well Laid Plans+1","Escape Plan","Malaise","Noxious Fumes+1","RitualDagger","PiercingWail+1","Terror+1"],"relics":["Ring of the Serpent","NeowsBlessing","FossilizedHelix","Bottled Tornado","Red Mask","Blue Candle","Meat on the Bone","Snake Skull"],"potions_floor_usage":[16,22,22,33],"damage_taken":[{"damage":0,"enemies":"2 Louse","floor":1,"turns":1},{"damage":0,"enemies":"Small Slimes","floor":5,"turns":2},{"damage":0,"enemies":"Lagavulin","floor":6,"turns":1},{"damage":0,"enemies":"Cultist","floor":13,"turns":4},{"damage":0,"enemies":"Blue Slaver","floor":14,"turns":5},{"damage":0,"enemies":"The Guardian","floor":16,"turns":26},{"damage":0,"enemies":"Shell Parasite","floor":18,"turns":6},{"damage":8,"enemies":"Spheric Guardian","floor":20,"turns":7},{"damage":0,"enemies":"Masked Bandits","floor":22,"turns":8},{"damage":10,"enemies":"Snecko","floor":25,"turns":9},{"damage":7,"enemies":"Centurion and Healer","floor":29,"turns":10},{"damage":10,"enemies":"Book of Stabbing","floor":31,"turns":10},{"damage":57,"enemies":"Champ","floor":33,"turns":14}],"seed_played":"-6893217448653730010","potions_obtained":[{"floor":11,"key":"Fire Potion"},{"floor":13,"key":"Block Potion"},{"floor":20,"key":"FearPotion"},{"floor":31,"key":"Swift Potion"}],"is_trial":false,"path_per_floor":["M","?","$","?","M","E","$","R","T","R","?","R","M","M","R","B",null,"M","$","M","?","?","R","?","M","T","T","$","M","R","E","R","B"],"character_chosen":"THE_SILENT","items_purchased":["Reflex","Well Laid Plans"],"campfire_rested":0,"item_purchase_floors":[3,7],"current_hp_per_floor":[59,59,59,48,48,48,48,48,48,48,48,48,48,48,48,48,62,62,62,54,54,54,54,48,38,38,38,38,43,43,45,45,0],"gold":126,"neow_bonus":"THREE_ENEMY_KILL","is_prod":false,"is_daily":false,"chose_seed":false,"campfire_upgraded":7,"win_rate":0,"timestamp":1542527861,"path_taken":["M","?","$","?","M","E","$","R","T","R","?","R","?","M","R","BOSS","M","$","M","?","?","R","?","M","T","?","?","M","R","E","R","BOSS"],"build_version":"2018-11-15","purchased_purges":1,"victory":false,"max_hp_per_floor":[66,66,66,66,66,66,66,66,66,66,66,66,66,66,66,66,66,66,66,66,66,66,66,66,66,66,66,66,66,66,66,66,66],"card_choices":[{"not_picked":["Bane","Flying Knee"],"picked":"Backflip","floor":1},{"not_picked":["Cloak And Dagger","Dodge and Roll"],"picked":"Dagger Throw","floor":5},{"not_picked":["Cloak And Dagger","Backflip"],"picked":"Footwork","floor":6},{"not_picked":["Storm of Steel","Riddle With Holes","Reflex"],"picked":"SKIP","floor":13},{"not_picked":["Dodge and Roll","Well Laid Plans"],"picked":"Escape Plan","floor":14},{"not_picked":["Bullet Time","Storm of Steel"],"picked":"Malaise","floor":16},{"not_picked":["Backflip","Predator","Flying Knee"],"picked":"SKIP","floor":18},{"not_picked":["Dodge and Roll","Bane","Quick Slash"],"picked":"SKIP","floor":20},{"not_picked":["Bane","Prepared+1"],"picked":"Noxious Fumes","floor":22},{"not_picked":["Cloak And Dagger","Sucker Punch"],"picked":"PiercingWail+1","floor":25},{"not_picked":["Choke","Accuracy+1","Footwork"],"picked":"SKIP","floor":29},{"not_picked":["Dodge and Roll+1","Footwork"],"picked":"Terror","floor":31}],"player_experience":530900,"relics_obtained":[{"floor":6,"key":"FossilizedHelix"},{"floor":9,"key":"Bottled Tornado"},{"floor":22,"key":"Red Mask"},{"floor":26,"key":"Blue Candle"},{"floor":27,"key":"Meat on the Bone"},{"floor":31,"key":"Snake Skull"}],"event_choices":[{"damage_healed":0,"gold_gain":0,"cards_transformed":["Strike_G"],"player_choice":"Change","damage_taken":0,"max_hp_gain":0,"max_hp_loss":0,"event_name":"Living Wall","floor":2,"gold_loss":0,"cards_obtained":["Concentrate"]},{"damage_healed":0,"gold_gain":75,"player_choice":"Gather Gold","damage_taken":11,"max_hp_gain":0,"max_hp_loss":0,"event_name":"World of Goop","floor":4,"gold_loss":0},{"damage_healed":0,"gold_gain":0,"player_choice":"Bought 1 Potion","damage_taken":0,"max_hp_gain":0,"max_hp_loss":0,"event_name":"The Woman in Blue","floor":11,"gold_loss":0},{"cards_removed":["Strike_G"],"damage_healed":0,"gold_gain":0,"player_choice":"Gave Gold","damage_taken":0,"max_hp_gain":0,"max_hp_loss":0,"event_name":"Beggar","floor":21,"gold_loss":75},{"damage_healed":0,"gold_gain":0,"player_choice":"Fought Bandits","damage_taken":0,"max_hp_gain":0,"max_hp_loss":0,"event_name":"Masked Bandits","floor":22,"gold_loss":0},{"damage_healed":0,"gold_gain":0,"player_choice":"Joined the Cult","damage_taken":6,"max_hp_gain":0,"max_hp_loss":0,"event_name":"Nest","floor":24,"gold_loss":0,"cards_obtained":["RitualDagger"]}],"is_beta":true,"boss_relics":[{"not_picked":["HoveringKite","Lizard Tail"],"picked":"Ring of the Serpent"}],"items_purged_floors":[19],"is_endless":false,"potions_floor_spawned":[13,20,31],"killed_by":"Champ","ascension_level":20}