{"gold_per_floor":[119,194,194,204,39,64,64,64,64,64,97,109,121,144,156,168],"floor_reached":16,"playtime":361,"items_purged":["Defend_B"],"score":262,"play_id":"185accae-2c2f-4bb4-b515-7782daf1cfd9","local_time":"20190116173310","is_ascension_mode":true,"campfire_choices":[{"data":"Hologram","floor":7,"key":"SMITH"},{"data":"Coolheaded","floor":12,"key":"SMITH"},{"data":"Gash","floor":15,"key":"SMITH"}],"neow_cost":"NONE","seed_source_timestamp":23730220311618,"circlet_count":0,"master_deck":["AscendersBane","Strike_B","Strike_B","Strike_B","Defend_B","Defend_B","Defend_B","Zap","Dualcast","Hologram+1","Gash+1","Genetic Algorithm","Coolheaded+1","Recycle"],"relics":["Cracked Core","NeowsBlessing","Cables","WingedGreaves","MawBank"],"potions_floor_usage":[11],"damage_taken":[{"damage":0,"enemies":"2 Louse","floor":1,"turns":1},{"damage":0,"enemies":"Small Slimes","floor":4,"turns":1},{"damage":0,"enemies":"Lagavulin","floor":6,"turns":1},{"damage":42,"enemies":"Gremlin Nob","floor":11,"turns":4},{"damage":0,"enemies":"Jaw Worm","floor":14,"turns":3},{"damage":10,"enemies":"Hexaghost","floor":16,"turns":9}],"seed_played":"-5790213268909606683","potions_obtained":[{"floor":1,"key":"PowerPotion"},{"floor":11,"key":"Block Potion"}],"is_trial":false,"path_per_floor":["M","?","?","M","$","E","R","?","T","$","E","R","$","M","R","B"],"character_chosen":"DEFECT","items_purchased":["Genetic Algorithm"],"campfire_rested":0,"item_purchase_floors":[5],"current_hp_per_floor":[64,53,46,46,46,46,46,51,51,51,9,9,9,9,9,0],"gold":168,"neow_bonus":"THREE_ENEMY_KILL","is_prod":false,"is_daily":false,"chose_seed":false,"campfire_upgraded":3,"win_rate":0,"timestamp":1547631190,"path_taken":["M","?","?","M","$","E","R","?","T","$","E","R","$","M","R","BOSS"],"build_version":"2019-01-10","purchased_purges":1,"victory":false,"max_hp_per_floor":[71,71,71,71,71,71,71,76,76,76,76,76,76,76,76,76],"card_choices":[{"not_picked":["Heatsinks","Steam"],"picked":"Hologram","floor":1},{"not_picked":["Conserve Battery","Go for the Eyes"],"picked":"Gash","floor":4},{"not_picked":["Heatsinks","Turbo"],"picked":"Coolheaded","floor":6},{"not_picked":["Hello World","White Noise"],"picked":"Recycle","floor":11},{"not_picked":["Double Energy","Multi-Cast","Beam Cell"],"picked":"SKIP","floor":14}],"player_experience":1948458,"relics_obtained":[{"floor":6,"key":"Cables"},{"floor":9,"key":"WingedGreaves"},{"floor":11,"key":"MawBank"}],"event_choices":[{"damage_healed":0,"gold_gain":75,"player_choice":"Gather Gold","damage_taken":11,"max_hp_gain":0,"max_hp_loss":0,"event_name":"World of Goop","floor":2,"gold_loss":0},{"cards_removed":["Strike_B"],"damage_healed":0,"gold_gain":0,"player_choice":"Card Removal","damage_taken":7,"max_hp_gain":0,"max_hp_loss":0,"event_name":"Golden Wing","floor":3,"gold_loss":0},{"damage_healed":0,"gold_gain":0,"player_choice":"Donut","damage_taken":0,"max_hp_gain":5,"max_hp_loss":0,"event_name":"Big Fish","floor":8,"gold_loss":0}],"is_beta":false,"boss_relics":[],"items_purged_floors":[5],"is_endless":false,"potions_floor_spawned":[1,11],"killed_by":"Hexaghost","ascension_level":20}