{"gold_per_floor":[110,30,30,45,59,59,71,71,119,119,69,69,83,6,6,106,106,125,145,163,4,4,4,4,20,20,20,38,38,1,16,16,119,119,135,135,152,52,70,89,89,105,105,122,122,132,149,24,24,24],"floor_reached":51,"playtime":1534,"items_purged":["Strike_B","Strike_B","Defend_B"],"score":743,"play_id":"305293f3-e32c-4e51-af80-928500d3f762","local_time":"20190612133831","is_ascension_mode":false,"campfire_choices":[{"data":"Consume","floor":6,"key":"SMITH"},{"data":"Dualcast","floor":8,"key":"SMITH"},{"data":"Zap","floor":10,"key":"SMITH"},{"data":"Loop","floor":15,"key":"SMITH"},{"data":"Capacitor","floor":23,"key":"SMITH"},{"data":"Defragment","floor":27,"key":"SMITH"},{"data":"Defragment","floor":29,"key":"SMITH"},{"data":"Chaos","floor":32,"key":"SMITH"},{"data":"Skim","floor":41,"key":"SMITH"},{"data":"Coolheaded","floor":45,"key":"SMITH"},{"data":"Rainbow","floor":49,"key":"SMITH"}],"neow_cost":"PERCENT_DAMAGE","seed_source_timestamp":10435061741688,"circlet_count":0,"master_deck":["Defend_B","Defend_B","Defend_B","Zap+1","Dualcast+1","Turbo","Consume+1","Chill","Skim+1","Chaos+1","Loop+1","Rainbow+1","Heatsinks+1","Defragment+1","Capacitor+1","Coolheaded+1","Defragment+1","Creative AI","Self Repair","Loop+1","White Noise+1","Coolheaded+1"],"relics":["Cracked Core","Ginger","DataDisk","Runic Dome","Mummified Hand","Cursed Key"],"potions_floor_usage":[19,50],"damage_taken":[{"damage":1,"enemies":"Cultist","floor":1,"turns":3},{"damage":2,"enemies":"2 Louse","floor":4,"turns":3},{"damage":0,"enemies":"Small Slimes","floor":5,"turns":3},{"damage":8,"enemies":"2 Fungi Beasts","floor":7,"turns":5},{"damage":0,"enemies":"Gremlin Gang","floor":13,"turns":4},{"damage":21,"enemies":"The Guardian","floor":16,"turns":7},{"damage":0,"enemies":"Chosen","floor":18,"turns":4},{"damage":0,"enemies":"3 Byrds","floor":19,"turns":4},{"damage":12,"enemies":"Snake Plant","floor":20,"turns":5},{"damage":0,"enemies":"Centurion and Healer","floor":25,"turns":7},{"damage":0,"enemies":"Shelled Parasite and Fungi","floor":28,"turns":5},{"damage":0,"enemies":"Chosen and Byrds","floor":31,"turns":5},{"damage":0,"enemies":"Collector","floor":33,"turns":6},{"damage":0,"enemies":"3 Shapes","floor":35,"turns":4},{"damage":0,"enemies":"3 Darklings","floor":37,"turns":4},{"damage":0,"enemies":"4 Shapes","floor":39,"turns":4},{"damage":0,"enemies":"Transient","floor":40,"turns":5},{"damage":0,"enemies":"Maw","floor":42,"turns":6},{"damage":0,"enemies":"Jaw Worm Horde","floor":44,"turns":4},{"damage":0,"enemies":"Spire Growth","floor":46,"turns":4},{"damage":0,"enemies":"Sphere and 2 Shapes","floor":47,"turns":3},{"damage":46,"enemies":"Time Eater","floor":50,"turns":5}],"seed_played":"318061538248542750","potions_obtained":[{"floor":4,"key":"Poison Potion"},{"floor":7,"key":"Weak Potion"},{"floor":20,"key":"Ancient Potion"},{"floor":25,"key":"SteroidPotion"},{"floor":35,"key":"SpeedPotion"},{"floor":37,"key":"SkillPotion"}],"is_trial":false,"path_per_floor":["M","$","?","M","M","R","M","R","T","R","?","?","M","$","R","B",null,"M","M","M","$","?","R","?","M","T","R","M","R","$","M","R","B",null,"M","?","M","$","M","M","R","M","T","M","R","M","M","$","R","B",null],"character_chosen":"DEFECT","items_purchased":["Consume","Loop","Capacitor","Coolheaded","Self Repair"],"campfire_rested":0,"item_purchase_floors":[2,14,21,21,30],"current_hp_per_floor":[53,53,46,44,44,44,36,36,36,36,36,36,36,36,36,15,75,75,75,63,63,49,49,49,49,49,49,49,49,49,56,56,63,80,80,80,80,80,80,80,80,80,80,80,80,80,80,80,80,41],"gold":24,"neow_bonus":"ONE_RARE_RELIC","is_prod":false,"is_daily":false,"chose_seed":false,"campfire_upgraded":11,"win_rate":0,"timestamp":1560317911,"path_taken":["M","?","?","M","M","R","M","R","T","R","?","?","?","?","R","BOSS","M","M","M","$","?","R","?","M","T","R","M","R","$","M","R","BOSS","M","?","?","?","?","M","R","M","T","M","R","?","?","$","R","BOSS"],"build_version":"2019-01-23","purchased_purges":3,"victory":true,"max_hp_per_floor":[75,75,75,75,75,75,75,75,75,75,75,75,75,75,75,75,75,75,75,75,75,80,80,80,80,80,80,80,80,80,80,80,80,80,80,80,80,80,80,80,80,80,80,80,80,80,80,80,80,80],"card_choices":[{"not_picked":["Conserve Battery","Beam Cell"],"picked":"Turbo","floor":1},{"not_picked":["Scrape","Rebound"],"picked":"Chill","floor":4},{"not_picked":["Sweeping Beam","Streamline","Fusion"],"picked":"SKIP","floor":5},{"not_picked":["Hyperbeam","White Noise"],"picked":"Skim","floor":7},{"not_picked":["Conserve Battery","Blizzard"],"picked":"Chaos","floor":13},{"not_picked":["Core Surge","Echo Form"],"picked":"Rainbow","floor":16},{"not_picked":["Leap","Barrage+1","Rebound+1"],"picked":"SKIP","floor":18},{"not_picked":["Glacier","Go for the Eyes+1"],"picked":"Heatsinks+1","floor":19},{"not_picked":["FTL","Reprogram"],"picked":"Defragment","floor":20},{"not_picked":["Stack","Chaos+1"],"picked":"Defragment","floor":25},{"not_picked":["Leap","Lockon"],"picked":"Creative AI","floor":28},{"not_picked":["Stack","Barrage","Fusion"],"picked":"SKIP","floor":31},{"not_picked":["Chill","Steam+1"],"picked":"Loop","floor":35},{"not_picked":["Compile Driver","Cold Snap+1"],"picked":"White Noise+1","floor":37},{"not_picked":["Stack","Beam Cell+1","Steam+1"],"picked":"SKIP","floor":39},{"not_picked":["Compile Driver","Cold Snap"],"picked":"Coolheaded+1","floor":40},{"not_picked":["Reprogram","Ball Lightning","Glacier+1"],"picked":"SKIP","floor":42},{"not_picked":["Blizzard+1","Force Field","Leap"],"picked":"SKIP","floor":44},{"not_picked":["FTL","Doom and Gloom+1","Thunder Strike"],"picked":"SKIP","floor":46},{"not_picked":["Blizzard","Ball Lightning","Cold Snap+1"],"picked":"SKIP","floor":47}],"player_experience":5096821,"relics_obtained":[{"floor":9,"key":"DataDisk"},{"floor":26,"key":"Mummified Hand"}],"event_choices":[{"cards_removed":["Strike_B"],"damage_healed":0,"gold_gain":0,"player_choice":"Card Removal","damage_taken":7,"max_hp_gain":0,"max_hp_loss":0,"event_name":"Golden Wing","floor":3,"gold_loss":0},{"cards_removed":["Strike_B"],"damage_healed":0,"gold_gain":0,"player_choice":"Card Removal","damage_taken":0,"max_hp_gain":0,"max_hp_loss":0,"event_name":"The Cleric","floor":11,"gold_loss":50},{"damage_healed":0,"gold_gain":0,"player_choice":"Ignored","damage_taken":0,"max_hp_gain":0,"max_hp_loss":0,"event_name":"NoteForYourself","floor":12,"gold_loss":0},{"damage_healed":0,"gold_gain":0,"player_choice":"Shed Blood","damage_taken":19,"max_hp_gain":5,"max_hp_loss":0,"event_name":"Forgotten Altar","floor":22,"gold_loss":0},{"damage_healed":0,"gold_gain":0,"player_choice":"Ignored","damage_taken":0,"max_hp_gain":0,"max_hp_loss":0,"event_name":"Vampires","floor":24,"gold_loss":0},{"damage_healed":0,"gold_gain":0,"player_choice":"Forge","damage_taken":0,"max_hp_gain":0,"max_hp_loss":0,"event_name":"Accursed Blacksmith","floor":36,"gold_loss":0,"cards_upgraded":["Loop"]}],"is_beta":false,"boss_relics":[{"not_picked":["Ectoplasm","Black Star"],"picked":"Runic Dome"},{"not_picked":["Nuclear Battery","Eternal Feather"],"picked":"Cursed Key"}],"items_purged_floors":[21,38,48],"is_endless":false,"potions_floor_spawned":[4,7,20,25,35,37,40],"ascension_level":0}