{"gold_per_floor":[115,115,133,208,227,227,247,247,247,82,82,82,82,82,82,154,154,166,180,180,180],"floor_reached":21,"playtime":843,"items_purged":["Strike_G"],"score":334,"play_id":"4f140a4c-a0a5-4aec-a52d-474583ec4ac9","local_time":"20190515201420","is_ascension_mode":true,"campfire_choices":[{"data":"Noxious Fumes","floor":6.0,"key":"SMITH"},{"data":"Neutralize","floor":8.0,"key":"SMITH"},{"data":"Calculated Gamble","floor":13.0,"key":"SMITH"},{"floor":15.0,"key":"RECALL"}],"neow_cost":"TEN_PERCENT_HP_LOSS","seed_source_timestamp":0,"circlet_count":0,"master_deck":["AscendersBane","Survivor","Neutralize+1","Madness","Purity","After Image","Noxious Fumes+1","Tactician","Backflip","Calculated Gamble+1","Pain","Night Terror","Dodge and Roll","Cloak And Dagger","Concentrate","Slice","Skewer","Eviscerate","Reflex","Prepared+1"],"special_seed":0,"relics":["Ring of the Snake","The Specimen","WarpedTongs","Pandora\u0027s Box"],"potions_floor_usage":[],"damage_taken":[{"damage":4.0,"enemies":"2 Louse","floor":1.0,"turns":5.0},{"damage":5.0,"enemies":"Cultist","floor":3.0,"turns":4.0},{"damage":1.0,"enemies":"Small Slimes","floor":5.0,"turns":5.0},{"damage":0.0,"enemies":"2 Fungi Beasts","floor":7.0,"turns":5.0},{"damage":24.0,"enemies":"The Guardian","floor":16.0,"turns":15.0},{"damage":23.0,"enemies":"Spheric Guardian","floor":18.0,"turns":8.0},{"damage":24.0,"enemies":"Chosen","floor":19.0,"turns":4.0},{"damage":21,"enemies":"Shelled Parasite and Fungi","floor":21,"turns":1}],"seed_played":"2385746339218811405","potions_obtained":[{"floor":3.0,"key":"Energy Potion"},{"floor":19.0,"key":"Energy Potion"}],"is_trial":false,"path_per_floor":["M","?","M","?","M","R","M","R","T","$","?","$","R","?","R","B",null,"M","M","?","M"],"character_chosen":"THE_SILENT","items_purchased":["Calculated Gamble"],"campfire_rested":0,"item_purchase_floors":[10],"current_hp_per_floor":[55,55,50,39,38,38,38,38,38,38,38,38,38,38,38,14,49,26,2,2,0],"gold":180,"neow_bonus":"RANDOM_COLORLESS_2","is_prod":false,"is_daily":false,"chose_seed":false,"campfire_upgraded":3,"win_rate":0,"timestamp":1557922460,"path_taken":["M","?","?","?","M","R","M","R","T","$","?","$","R","?","R","BOSS","M","?","?","?"],"build_version":"2019-01-23","purchased_purges":1,"victory":false,"max_hp_per_floor":[60,60,60,60,60,60,60,60,60,60,60,60,60,60,60,60,60,60,60,60,60],"card_choices":[{"not_picked":["Prepared","Blade Dance","Quick Slash"],"picked":"SKIP","floor":1.0},{"not_picked":["Expertise","Dagger Throw"],"picked":"Tactician","floor":3.0},{"not_picked":["Prepared","Dagger Spray"],"picked":"Backflip","floor":5.0},{"not_picked":["Leg Sweep","Underhanded Strike","Slice"],"picked":"SKIP","floor":7.0},{"not_picked":["Adrenaline","Die Die Die"],"picked":"Night Terror","floor":16.0},{"not_picked":["Leg Sweep","Terror","Dagger Spray"],"picked":"SKIP","floor":18.0},{"not_picked":["Bane","Heel Hook","Skewer+1"],"picked":"SKIP","floor":19.0}],"player_experience":4790035,"relics_obtained":[{"floor":9.0,"key":"The Specimen"}],"event_choices":[{"damage_healed":0.0,"max_hp_gain":0.0,"max_hp_loss":0.0,"gold_gain":0.0,"event_name":"Match and Keep!","player_choice":"2 cards matched","floor":2.0,"gold_loss":0.0,"damage_taken":0.0,"cards_obtained":["After Image","Noxious Fumes"]},{"damage_healed":0.0,"max_hp_gain":0.0,"max_hp_loss":0.0,"gold_gain":75.0,"event_name":"World of Goop","player_choice":"Gather Gold","floor":4.0,"gold_loss":0.0,"damage_taken":11.0},{"cards_removed":["Strike_G"],"damage_healed":0.0,"max_hp_gain":0.0,"max_hp_loss":0.0,"gold_gain":0.0,"event_name":"Living Wall","player_choice":"Forget","floor":11.0,"gold_loss":0.0,"damage_taken":0.0},{"damage_healed":0.0,"max_hp_gain":0.0,"max_hp_loss":0.0,"gold_gain":0.0,"event_name":"Accursed Blacksmith","player_choice":"Rummage","floor":14.0,"gold_loss":0.0,"damage_taken":0.0,"relics_obtained":["WarpedTongs"],"cards_obtained":["Pain"]},{"damage_healed":0.0,"max_hp_gain":0.0,"max_hp_loss":0.0,"gold_gain":0.0,"event_name":"Upgrade Shrine","player_choice":"Upgraded","floor":20.0,"gold_loss":0.0,"damage_taken":0.0,"cards_upgraded":["Prepared"]}],"is_beta":false,"boss_relics":[{"not_picked":["Velvet Choker","Tiny House"],"picked":"Pandora\u0027s Box"}],"items_purged_floors":[10],"is_endless":false,"potions_floor_spawned":[3,19],"killed_by":"Shelled Parasite and Fungi","ascension_level":20}