{"gold_per_floor":[114,36,47,122,122,122,138,138,138,156,156,156,156,168,168,266,266,279,305,319,337,356,356,356,356,356,81,91,91,111,122,122,219,219,232,232,245,264,282,282,282,292,292,306,319,77,92,102,102,102],"floor_reached":51,"playtime":4764,"items_purged":["Writhe","Strike_B"],"score":722,"play_id":"2734a48f-cfa7-4460-9738-1517285e00d6","local_time":"20190611230013","is_ascension_mode":false,"campfire_choices":[{"data":"Chaos","floor":6.0,"key":"SMITH"},{"data":"Recycle","floor":8.0,"key":"SMITH"},{"data":"Skim","floor":13.0,"key":"SMITH"},{"data":"Dualcast","floor":15.0,"key":"SMITH"},{"data":"Consume","floor":23.0,"key":"SMITH"},{"data":"Skim","floor":29,"key":"SMITH"},{"floor":32,"key":"REST"},{"data":"Biased Cognition","floor":40,"key":"SMITH"},{"floor":49,"key":"REST"}],"neow_cost":"PERCENT_DAMAGE","seed_source_timestamp":37332743422272,"circlet_count":0,"master_deck":["Defend_B","Defend_B","Defend_B","Defend_B","Zap","Dualcast+1","Chaos+1","Recycle+1","Melter","Skim+1","Turbo","Chill","Creative AI","White Noise","Consume+1","White Noise","Glacier","Skim+1","Turbo+1","Defragment","Biased Cognition+1","Turbo+1","Defragment","Hologram","Heatsinks","Panacea","Meteor Strike","Turbo+1"],"special_seed":0,"relics":["Cracked Core","Dodecahedron","Orrery","Red Mask","Centennial Puzzle","Matryoshka","ClockworkSouvenir","Empty Cage","Turnip","Art of War","Bag of Marbles"],"potions_floor_usage":[38,47,50,50],"damage_taken":[{"damage":1.0,"enemies":"2 Louse","floor":1.0,"turns":4.0},{"damage":3.0,"enemies":"Jaw Worm","floor":3.0,"turns":4.0},{"damage":0.0,"enemies":"Small Slimes","floor":7.0,"turns":3.0},{"damage":3.0,"enemies":"3 Louse","floor":10.0,"turns":3.0},{"damage":3.0,"enemies":"Looter","floor":14.0,"turns":4.0},{"damage":26.0,"enemies":"Hexaghost","floor":16.0,"turns":9.0},{"damage":13.0,"enemies":"Spheric Guardian","floor":18.0,"turns":4.0},{"damage":9.0,"enemies":"Masked Bandits","floor":19.0,"turns":4.0},{"damage":0.0,"enemies":"Shell Parasite","floor":20.0,"turns":8.0},{"damage":8.0,"enemies":"Cultist and Chosen","floor":21.0,"turns":7.0},{"damage":13.0,"enemies":"Snake Plant","floor":22.0,"turns":4.0},{"damage":6,"enemies":"Shelled Parasite and Fungi","floor":28,"turns":8},{"damage":12,"enemies":"Chosen and Byrds","floor":30,"turns":5},{"damage":2,"enemies":"Snake Plant","floor":31,"turns":8},{"damage":0,"enemies":"Collector","floor":33,"turns":9},{"damage":0,"enemies":"3 Shapes","floor":35,"turns":5},{"damage":0,"enemies":"3 Darklings","floor":37,"turns":7},{"damage":0,"enemies":"Sphere and 2 Shapes","floor":38,"turns":5},{"damage":34,"enemies":"Jaw Worm Horde","floor":39,"turns":4},{"damage":5,"enemies":"Writhing Mass","floor":42,"turns":6},{"damage":7,"enemies":"Spire Growth","floor":44,"turns":6},{"damage":0,"enemies":"Maw","floor":45,"turns":8},{"damage":2,"enemies":"Writhing Mass","floor":47,"turns":5},{"damage":0,"enemies":"Sphere and 2 Shapes","floor":48,"turns":3},{"damage":34,"enemies":"Awakened One","floor":50,"turns":8}],"seed_played":"1931949799836655214","potions_obtained":[{"floor":1.0,"key":"PowerPotion"},{"floor":10.0,"key":"Energy Potion"},{"floor":14.0,"key":"Swift Potion"},{"floor":20.0,"key":"Fire Potion"},{"floor":21.0,"key":"Weak Potion"},{"floor":30,"key":"SteroidPotion"},{"floor":31,"key":"Poison Potion"},{"floor":33,"key":"PowerPotion"},{"floor":37,"key":"SkillPotion"},{"floor":38,"key":"GamblersBrew"},{"floor":48,"key":"Poison Potion"}],"is_trial":false,"path_per_floor":["M","$","M","?","?","R","M","R","T","M","?","?","R","M","R","B",null,"M","?","M","M","M","R","?","?","T","$","M","R","M","M","R","B",null,"M","?","M","M","M","R","?","M","T","M","M","$","M","M","R","B",null],"character_chosen":"DEFECT","items_purchased":["Recycle","ClockworkSouvenir","Panacea","Swift Potion"],"campfire_rested":2,"item_purchase_floors":[2,27,46,46],"current_hp_per_floor":[67,67,64,53,58,58,58,58,58,55,48,48,48,45,45,19,94,81,72,72,64,51,51,51,51,51,51,45,45,33,31,59,59,94,94,94,94,94,60,60,60,55,55,48,48,48,46,46,74,40],"gold":102,"neow_bonus":"TWENTY_PERCENT_HP_BONUS","is_prod":false,"is_daily":false,"chose_seed":false,"campfire_upgraded":7,"win_rate":0,"timestamp":1560265213,"path_taken":["M","$","M","?","?","R","M","R","T","M","?","?","R","M","R","BOSS","M","?","M","M","M","R","?","?","T","$","?","R","M","M","R","BOSS","M","?","M","?","M","R","?","?","T","M","M","$","?","M","R","BOSS"],"build_version":"2019-01-23","purchased_purges":2,"victory":true,"max_hp_per_floor":[89,89,89,89,94,94,94,94,94,94,94,94,94,94,94,94,94,94,94,94,94,94,94,94,94,94,94,94,94,94,94,94,94,94,94,94,94,94,94,94,94,94,94,94,94,94,94,94,94,94],"card_choices":[{"not_picked":["Beam Cell","Rebound"],"picked":"Chaos","floor":1.0},{"not_picked":["Beam Cell","Stack"],"picked":"Melter","floor":3.0},{"not_picked":["Blizzard","Storm"],"picked":"Skim","floor":7.0},{"not_picked":["Streamline","Static Discharge"],"picked":"Turbo","floor":10.0},{"not_picked":["Turbo","Steam"],"picked":"Chill","floor":14.0},{"not_picked":["Seek","Echo Form"],"picked":"Creative AI","floor":16.0},{"not_picked":["Go for the Eyes","Auto Shields"],"picked":"White Noise","floor":17.0},{"not_picked":["Streamline","Loop"],"picked":"Consume","floor":17.0},{"not_picked":["Conserve Battery","Ball Lightning"],"picked":"White Noise","floor":18.0},{"not_picked":["Streamline","Reprogram"],"picked":"Glacier","floor":19.0},{"not_picked":["Defragment","Consume"],"picked":"Skim","floor":20.0},{"not_picked":["Stack","Leap+1","Sunder"],"picked":"SKIP","floor":21.0},{"not_picked":["Go for the Eyes","Sunder","Beam Cell"],"picked":"SKIP","floor":22.0},{"not_picked":["Go for the Eyes","Scrape"],"picked":"Turbo+1","floor":28},{"not_picked":["Rip and Tear","Force Field","Turbo+1"],"picked":"SKIP","floor":30},{"not_picked":["Streamline","Coolheaded+1"],"picked":"Defragment","floor":31},{"not_picked":["Multi-Cast","Reboot"],"picked":"Biased Cognition","floor":33},{"not_picked":["Scrape","Coolheaded"],"picked":"Turbo+1","floor":35},{"not_picked":["Steam","Coolheaded","BootSequence+1"],"picked":"SKIP","floor":37},{"not_picked":["Cold Snap+1","Streamline+1","Redo"],"picked":"SKIP","floor":38},{"not_picked":["Cold Snap+1","Streamline+1","Redo"],"picked":"SKIP","floor":38},{"not_picked":["Beam Cell+1","Fusion","Leap"],"picked":"SKIP","floor":39},{"not_picked":["Compile Driver","Steam+1"],"picked":"Defragment","floor":42},{"not_picked":["Streamline+1","Sweeping Beam+1"],"picked":"Hologram","floor":44},{"not_picked":["Chaos","Compile Driver"],"picked":"Heatsinks","floor":45},{"not_picked":["Leap","Conserve Battery"],"picked":"Meteor Strike","floor":47},{"not_picked":["Streamline+1","Leap"],"picked":"Turbo+1","floor":48}],"player_experience":5067807,"relics_obtained":[{"floor":9.0,"key":"Dodecahedron"},{"floor":19.0,"key":"Red Mask"},{"floor":26,"key":"Matryoshka"},{"floor":43,"key":"Art of War"},{"floor":43,"key":"Bag of Marbles"}],"event_choices":[{"damage_healed":0.0,"max_hp_gain":0.0,"max_hp_loss":0.0,"gold_gain":75.0,"event_name":"World of Goop","player_choice":"Gather Gold","floor":4.0,"gold_loss":0.0,"damage_taken":11.0},{"damage_healed":0.0,"max_hp_gain":5.0,"max_hp_loss":0.0,"gold_gain":0.0,"event_name":"Big Fish","player_choice":"Donut","floor":5.0,"gold_loss":0.0,"damage_taken":0.0},{"cards_removed":["Strike_B"],"damage_healed":0.0,"max_hp_gain":0.0,"max_hp_loss":0.0,"gold_gain":0.0,"event_name":"Golden Wing","player_choice":"Card Removal","floor":11.0,"gold_loss":0.0,"damage_taken":7.0},{"damage_healed":0.0,"max_hp_gain":0.0,"max_hp_loss":0.0,"gold_gain":0.0,"event_name":"Liars Game","player_choice":"Ignored","floor":12.0,"gold_loss":0.0,"damage_taken":0.0},{"damage_healed":0.0,"max_hp_gain":0.0,"max_hp_loss":0.0,"gold_gain":0.0,"event_name":"Masked Bandits","player_choice":"Fought Bandits","floor":19.0,"gold_loss":0.0,"damage_taken":0.0},{"damage_healed":0.0,"max_hp_gain":0.0,"max_hp_loss":0.0,"gold_gain":0.0,"event_name":"The Mausoleum","player_choice":"Opened","floor":24.0,"gold_loss":0.0,"damage_taken":0.0,"relics_obtained":["Centennial Puzzle"],"cards_obtained":["Writhe"]},{"damage_healed":0,"gold_gain":0,"player_choice":"Ignored","damage_taken":0,"max_hp_gain":0,"max_hp_loss":0,"event_name":"Cursed Tome","floor":25,"gold_loss":0},{"damage_healed":0,"gold_gain":0,"player_choice":"Full Heal","damage_taken":0,"max_hp_gain":0,"max_hp_loss":0,"event_name":"Wheel of Change","floor":36,"gold_loss":0},{"damage_healed":0,"gold_gain":0,"player_choice":"Gave Potion","damage_taken":0,"relics_obtained":["Turnip"],"max_hp_gain":0,"max_hp_loss":0,"event_name":"WeMeetAgain","floor":41,"gold_loss":0}],"is_beta":false,"boss_relics":[{"not_picked":["Eternal Feather","Ectoplasm"],"picked":"Orrery"},{"not_picked":["Nuclear Battery","Black Star"],"picked":"Empty Cage"}],"items_purged_floors":[27,46],"is_endless":false,"potions_floor_spawned":[1,10,14,20,21,30,31,33,37,38,39,48],"ascension_level":0}