{"gold_per_floor":[365,375,388,54,4,4,26,42,42,54,64,64,98,115,115,216,216,227,237,253,267,287,287,304,304,304,314,326,226,226,239,239,343,343,363,363,383,189,0,0,13,25,25,25,25,42,42,42,42,42],"floor_reached":51,"playtime":1785,"items_purged":["Parasite","Strike_G","Strike_G"],"score":732,"play_id":"cb2325b4-780e-4931-87e8-bf9a0956074a","local_time":"20181029141246","is_ascension_mode":false,"campfire_choices":[{"data":"Noxious Fumes","floor":6.0,"key":"SMITH"},{"data":"Catalyst","floor":12.0,"key":"SMITH"},{"data":"Catalyst","floor":15.0,"key":"SMITH"},{"data":"Catalyst","floor":23.0,"key":"SMITH"},{"data":"Bullet Time","floor":25.0,"key":"SMITH"},{"data":"Bullet Time","floor":30.0,"key":"SMITH"},{"data":"Noxious Fumes","floor":32,"key":"SMITH"},{"data":"Catalyst","floor":40,"key":"SMITH"},{"data":"Corpse Explosion","floor":44,"key":"SMITH"},{"data":"Footwork","floor":49,"key":"SMITH"}],"neow_cost":"CURSE","seed_source_timestamp":11194154379142,"circlet_count":0,"master_deck":["Defend_G","Defend_G","Defend_G","Defend_G","Defend_G","Strike_G","Strike_G","Survivor","Backflip","Dagger Spray","Catalyst+1","Noxious Fumes+1","Catalyst+1","Backflip","Backflip","Noxious Fumes+1","Bullet Time+1","Venomology","Catalyst+1","Footwork+1","PiercingWail","PiercingWail+1","Bullet Time+1","PiercingWail","Corpse Explosion+1","Deadly Poison+1","Catalyst+1","Deadly Poison+1","Deadly Poison+1","PiercingWail"],"special_seed":0,"relics":["Ring of the Snake","Potion Belt","Odd Mushroom","Question Card","Bag of Marbles","Philosopher\u0027s Stone","Pantograph","Runic Pyramid","Red Mask","Bag of Preparation"],"potions_floor_usage":[31,31,31,31,37,41,50],"damage_taken":[{"damage":0.0,"enemies":"Cultist","floor":1.0,"turns":5.0},{"damage":0.0,"enemies":"Small Slimes","floor":2.0,"turns":5.0},{"damage":0.0,"enemies":"2 Louse","floor":3.0,"turns":3.0},{"damage":17.0,"enemies":"The Mushroom Lair","floor":7.0,"turns":5.0},{"damage":2.0,"enemies":"Looter","floor":8.0,"turns":5.0},{"damage":7.0,"enemies":"2 Fungi Beasts","floor":10.0,"turns":4.0},{"damage":3.0,"enemies":"Red Slaver","floor":11.0,"turns":4.0},{"damage":6.0,"enemies":"3 Sentries","floor":13.0,"turns":6.0},{"damage":6.0,"enemies":"Looter","floor":14.0,"turns":4.0},{"damage":18.0,"enemies":"Slime Boss","floor":16.0,"turns":5.0},{"damage":7.0,"enemies":"2 Thieves","floor":18.0,"turns":4.0},{"damage":0.0,"enemies":"Shell Parasite","floor":19.0,"turns":5.0},{"damage":0.0,"enemies":"Snecko","floor":20.0,"turns":4.0},{"damage":1.0,"enemies":"Chosen and Byrds","floor":21.0,"turns":4.0},{"damage":22.0,"enemies":"Sentry and Sphere","floor":22.0,"turns":6.0},{"damage":0.0,"enemies":"Cultist and Chosen","floor":24.0,"turns":4.0},{"damage":0.0,"enemies":"Snake Plant","floor":27.0,"turns":4.0},{"damage":3.0,"enemies":"Sentry and Sphere","floor":28.0,"turns":4.0},{"damage":0,"enemies":"3 Cultists","floor":31,"turns":5},{"damage":8,"enemies":"Automaton","floor":33,"turns":6},{"damage":0,"enemies":"3 Shapes","floor":35,"turns":4},{"damage":0,"enemies":"3 Darklings","floor":37,"turns":4},{"damage":8,"enemies":"Writhing Mass","floor":41,"turns":3},{"damage":0,"enemies":"Spire Growth","floor":42,"turns":2},{"damage":1,"enemies":"Maw","floor":46,"turns":3},{"damage":4,"enemies":"Donu and Deca","floor":50,"turns":2}],"seed_played":"-4678794114229540256","potions_obtained":[{"floor":1.0,"key":"FearPotion"},{"floor":2.0,"key":"Block Potion"},{"floor":7.0,"key":"LiquidBronze"},{"floor":11.0,"key":"SpeedPotion"},{"floor":14.0,"key":"Dexterity Potion"},{"floor":20.0,"key":"Swift Potion"},{"floor":22.0,"key":"AttackPotion"},{"floor":31,"key":"SteroidPotion"},{"floor":33,"key":"AttackPotion"},{"floor":35,"key":"Poison Potion"}],"is_trial":false,"path_per_floor":["M","M","M","$","?","R","?","M","T","M","M","R","E","M","R","B",null,"M","M","M","M","M","R","M","R","T","M","M","$","R","M","R","B",null,"M","?","M","$","?","R","M","M","T","R","?","M","$","?","R","B"],"character_chosen":"THE_SILENT","items_purchased":["Noxious Fumes","Catalyst","Potion Belt","Catalyst"],"campfire_rested":0,"item_purchase_floors":[4,4,4,38],"current_hp_per_floor":[70,70,70,67,67,67,50,48,48,41,38,38,32,26,26,8,67,60,60,60,59,37,37,37,37,37,37,34,34,34,34,34,51,67,67,64,64,64,64,64,56,56,56,56,56,55,55,55,55,60],"gold":42,"neow_bonus":"TWO_FIFTY_GOLD","is_prod":false,"is_daily":false,"chose_seed":false,"campfire_upgraded":10,"win_rate":0,"timestamp":1540793566,"path_taken":["M","M","M","$","?","R","?","M","T","M","M","R","E","M","R","BOSS","M","M","M","M","M","R","M","R","T","M","M","$","R","M","R","BOSS","M","?","?","$","?","R","M","M","T","R","?","?","$","?","R","BOSS"],"build_version":"2018-10-25v2","purchased_purges":3,"victory":true,"max_hp_per_floor":[70,70,70,67,67,67,67,67,67,67,67,67,67,67,67,67,67,67,67,67,67,67,67,67,67,67,67,67,67,67,67,67,67,67,67,64,64,64,64,64,64,64,64,64,64,64,64,64,64,64],"card_choices":[{"not_picked":["Caltrops","Acrobatics"],"picked":"Backflip","floor":1.0},{"not_picked":["Crippling Poison","Outmaneuver"],"picked":"Dagger Spray","floor":2.0},{"not_picked":["Finisher","Riddle With Holes"],"picked":"Catalyst","floor":3.0},{"not_picked":["Dagger Spray","Outmaneuver"],"picked":"Backflip","floor":8.0},{"not_picked":["Setup","Slice","Endless Agony","Dodge and Roll"],"picked":"SKIP","floor":10.0},{"not_picked":["Predator","Cloak And Dagger","Acrobatics"],"picked":"Backflip","floor":11.0},{"not_picked":["Setup","Bane","Escape Plan"],"picked":"Noxious Fumes","floor":13.0},{"not_picked":["Dagger Throw","Bane","Blur"],"picked":"Bullet Time","floor":14.0},{"not_picked":["Tools of the Trade","Doppelganger","A Thousand Cuts"],"picked":"Venomology","floor":16.0},{"not_picked":["Poisoned Stab","Flying Knee+1","Backstab+1","Quick Slash"],"picked":"SKIP","floor":18.0},{"not_picked":["Dodge and Roll","Prepared","Cloak And Dagger","Bane"],"picked":"SKIP","floor":19.0},{"not_picked":["Dodge and Roll+1","Bane","Terror"],"picked":"Catalyst","floor":20.0},{"not_picked":["Backflip","Slice+1","Outmaneuver"],"picked":"Footwork","floor":21.0},{"not_picked":["Underhanded Strike","Acrobatics","Poisoned Stab"],"picked":"PiercingWail","floor":22.0},{"not_picked":["Dagger Spray","Bane","Blade Dance"],"picked":"PiercingWail+1","floor":24.0},{"not_picked":["Dash","Dagger Throw","Riddle With Holes"],"picked":"Bullet Time","floor":27.0},{"not_picked":["Cloak And Dagger","Prepared+1","Blade Dance+1","Slice"],"picked":"SKIP","floor":28.0},{"not_picked":["Cloak And Dagger+1","Dash","Flying Knee+1"],"picked":"PiercingWail","floor":31},{"not_picked":["Unload","Grand Finale","Storm of Steel"],"picked":"Corpse Explosion","floor":33},{"not_picked":["Outmaneuver+1","Deflect","Acrobatics+1"],"picked":"Deadly Poison+1","floor":35},{"not_picked":["Quick Slash","Prepared+1","Backstab","Blade Dance"],"picked":"SKIP","floor":37},{"not_picked":["Outmaneuver","Underhanded Strike+1","Cloak And Dagger"],"picked":"Deadly Poison+1","floor":41},{"not_picked":["Flechettes+1","Blade Dance","Choke"],"picked":"Deadly Poison+1","floor":42},{"not_picked":["Flying Knee","Bane+1","Dagger Spray+1"],"picked":"PiercingWail","floor":46}],"player_experience":712549,"relics_obtained":[{"floor":7.0,"key":"Odd Mushroom"},{"floor":9.0,"key":"Question Card"},{"floor":13.0,"key":"Bag of Marbles"},{"floor":26.0,"key":"Pantograph"},{"floor":43,"key":"Bag of Preparation"}],"event_choices":[{"cards_removed":["Strike_G"],"damage_healed":0.0,"max_hp_gain":0.0,"max_hp_loss":0.0,"gold_gain":0.0,"event_name":"The Cleric","player_choice":"Card Removal","floor":5.0,"gold_loss":50.0,"damage_taken":0.0},{"damage_healed":0.0,"max_hp_gain":0.0,"max_hp_loss":0.0,"gold_gain":0.0,"event_name":"Mushrooms","player_choice":"Fought Mushrooms","floor":7.0,"gold_loss":0.0,"damage_taken":0.0},{"damage_healed":0,"gold_gain":0,"player_choice":"Max HP","damage_taken":0,"max_hp_gain":0,"max_hp_loss":3,"event_name":"Winding Halls","floor":36,"gold_loss":0},{"damage_healed":0,"gold_gain":0,"player_choice":"Paid","damage_taken":0,"relics_obtained":["Red Mask"],"max_hp_gain":0,"max_hp_loss":0,"event_name":"Tomb of Lord Red Mask","floor":39,"gold_loss":189},{"cards_removed":["Neutralize"],"damage_healed":0,"gold_gain":0,"player_choice":"Removed Attack","damage_taken":0,"max_hp_gain":0,"max_hp_loss":0,"event_name":"Falling","floor":45,"gold_loss":0},{"damage_healed":0,"gold_gain":0,"player_choice":"Ignored","damage_taken":0,"max_hp_gain":0,"max_hp_loss":0,"event_name":"Mysterious Sphere","floor":48,"gold_loss":0}],"is_beta":false,"boss_relics":[{"not_picked":["WristBlade","Ring of the Serpent"],"picked":"Philosopher\u0027s Stone"},{"not_picked":["Sozu","Fusion Hammer"],"picked":"Runic Pyramid"}],"items_purged_floors":[4,29,38],"is_endless":false,"potions_floor_spawned":[1,2,7,11,14,20,22,31,33,35],"ascension_level":0}