{"gold_per_floor":[110,110,90,3,21,21,47,47,125,135,164,181,204,232,232,232],"floor_reached":16,"playtime":526,"items_purged":[],"score":286,"play_id":"880ffd1a-3ce8-434d-91b7-b815d97276dd","local_time":"20181116202417","is_ascension_mode":true,"campfire_choices":[{"data":"Neutralize","floor":6,"key":"SMITH"},{"data":"Footwork","floor":8,"key":"SMITH"},{"data":"Catalyst","floor":15,"key":"SMITH"}],"neow_cost":"NONE","seed_source_timestamp":1416500017313533,"circlet_count":0,"master_deck":["AscendersBane","Defend_G","Defend_G","Defend_G","Defend_G","Defend_G","Strike_G","Strike_G","Strike_G","Strike_G","Strike_G","Survivor","Neutralize+1","Poisoned Stab","Footwork+1","Catalyst+1","After Image","Leg Sweep","Well Laid Plans"],"relics":["Ring of the Snake","NeowsBlessing","WingedGreaves","Ornamental Fan","Regal Pillow","Oddly Smooth Stone"],"potions_floor_usage":[12,14],"damage_taken":[{"damage":0,"enemies":"Small Slimes","floor":1,"turns":1},{"damage":0,"enemies":"2 Louse","floor":5,"turns":1},{"damage":0,"enemies":"3 Sentries","floor":7,"turns":1},{"damage":3,"enemies":"Cultist","floor":10,"turns":4},{"damage":9,"enemies":"Lagavulin","floor":11,"turns":9},{"damage":7,"enemies":"Exordium Thugs","floor":12,"turns":5},{"damage":42,"enemies":"3 Sentries","floor":14,"turns":16},{"damage":3,"enemies":"Hexaghost","floor":16,"turns":9}],"seed_played":"-9188344447488688045","potions_obtained":[{"floor":3,"key":"Explosive Potion"},{"floor":5,"key":"Weak Potion"},{"floor":11,"key":"AttackPotion"}],"is_trial":false,"path_per_floor":["M","?","?","$","M","R","E","R","T","M","E","M","T","E","R","B"],"character_chosen":"THE_SILENT","items_purchased":["Footwork"],"campfire_rested":0,"item_purchase_floors":[4],"current_hp_per_floor":[59,64,64,64,64,64,64,64,64,61,52,45,45,3,3,0],"gold":232,"neow_bonus":"THREE_ENEMY_KILL","is_prod":false,"is_daily":false,"chose_seed":false,"campfire_upgraded":3,"win_rate":0,"timestamp":1542371057,"path_taken":["M","?","?","$","M","R","E","R","T","?","E","M","?","E","R","BOSS"],"build_version":"2018-11-15","purchased_purges":0,"victory":false,"max_hp_per_floor":[66,71,71,71,71,71,71,71,71,71,71,71,71,71,71,71],"card_choices":[{"not_picked":["Poisoned Stab","Setup","PiercingWail"],"picked":"SKIP","floor":1},{"not_picked":["Setup","PiercingWail"],"picked":"Poisoned Stab","floor":1},{"not_picked":["Flying Knee","Outmaneuver"],"picked":"Catalyst","floor":5},{"not_picked":["Dagger Spray","Acrobatics","Expertise"],"picked":"SKIP","floor":7},{"not_picked":["Reflex","Finisher","Slice"],"picked":"SKIP","floor":10},{"not_picked":["Poisoned Stab","Quick Slash"],"picked":"After Image","floor":11},{"not_picked":["Bane","Underhanded Strike"],"picked":"Leg Sweep","floor":12},{"not_picked":["Blur","Quick Slash"],"picked":"Well Laid Plans","floor":14}],"player_experience":501005,"relics_obtained":[{"floor":7,"key":"WingedGreaves"},{"floor":9,"key":"Ornamental Fan"},{"floor":11,"key":"Regal Pillow"},{"floor":14,"key":"Oddly Smooth Stone"}],"event_choices":[{"damage_healed":0,"gold_gain":0,"player_choice":"Donut","damage_taken":0,"max_hp_gain":5,"max_hp_loss":0,"event_name":"Big Fish","floor":2,"gold_loss":0},{"damage_healed":0,"gold_gain":0,"player_choice":"Bought 1 Potion","damage_taken":0,"max_hp_gain":0,"max_hp_loss":0,"event_name":"The Woman in Blue","floor":3,"gold_loss":0}],"is_beta":true,"boss_relics":[],"items_purged_floors":[],"is_endless":false,"potions_floor_spawned":[5,11],"killed_by":"Hexaghost","ascension_level":20}