{"gold_per_floor":[366,32,46,63,74,74,106,106,106,118,149,149,164,184,184,184],"floor_reached":16,"playtime":2229,"items_purged":["Strike_G"],"score":224,"play_id":"779deab4-7655-43f5-aceb-4df8974ca310","local_time":"20190206132117","is_ascension_mode":true,"campfire_choices":[{"data":"Glass Knife","floor":6,"key":"SMITH"},{"data":"Neutralize","floor":12,"key":"SMITH"},{"data":"Footwork","floor":15,"key":"SMITH"}],"neow_cost":"TEN_PERCENT_HP_LOSS","seed_source_timestamp":92390998908057,"circlet_count":0,"master_deck":["AscendersBane","Defend_G","Defend_G","Defend_G","Defend_G","Defend_G","Strike_G","Strike_G","Strike_G","Strike_G+1","Survivor","Neutralize+1","Glass Knife+1","Deep Breath+1","Footwork+1","Backflip","Acrobatics","Unload+1"],"relics":["Ring of the Snake","Whetstone","Centennial Puzzle","Sundial","Odd Mushroom"],"potions_floor_usage":[7,16],"damage_taken":[{"damage":2,"enemies":"Cultist","floor":1,"turns":5},{"damage":2,"enemies":"2 Louse","floor":3,"turns":2},{"damage":0,"enemies":"Small Slimes","floor":4,"turns":4},{"damage":5,"enemies":"Looter","floor":5,"turns":5},{"damage":6,"enemies":"Gremlin Nob","floor":7,"turns":3},{"damage":0,"enemies":"Exordium Wildlife","floor":10,"turns":3},{"damage":28,"enemies":"Lagavulin","floor":11,"turns":6},{"damage":0,"enemies":"Red Slaver","floor":13,"turns":1},{"damage":11,"enemies":"The Mushroom Lair","floor":14,"turns":3},{"damage":8,"enemies":"Hexaghost","floor":16,"turns":7}],"seed_played":"-644795095513907308","potions_obtained":[{"floor":3,"key":"FearPotion"},{"floor":5,"key":"Ancient Potion"},{"floor":11,"key":"AttackPotion"}],"is_trial":false,"path_per_floor":["M","$","M","M","M","R","E","?","T","M","E","R","M","?","R","B"],"character_chosen":"THE_SILENT","items_purchased":["Glass Knife","Deep Breath"],"campfire_rested":0,"item_purchase_floors":[2,2],"current_hp_per_floor":[57,57,55,55,50,50,44,44,44,44,16,16,16,5,5,0],"gold":184,"neow_bonus":"TWO_FIFTY_GOLD","is_prod":false,"is_daily":false,"chose_seed":false,"campfire_upgraded":3,"win_rate":0,"timestamp":1549430477,"path_taken":["M","$","M","M","?","R","E","?","T","?","E","R","M","?","R","BOSS"],"build_version":"2019-01-23","purchased_purges":1,"victory":false,"max_hp_per_floor":[60,60,60,60,60,60,60,60,60,60,60,60,60,60,60,60],"card_choices":[{"not_picked":["Dodge and Roll","Underhanded Strike","Dagger Spray"],"picked":"SKIP","floor":1},{"not_picked":["Dodge and Roll","Underhanded Strike","Dagger Spray"],"picked":"SKIP","floor":1},{"not_picked":["PiercingWail","Outmaneuver"],"picked":"Footwork","floor":3},{"not_picked":["Masterful Stab","Caltrops"],"picked":"Backflip","floor":4},{"not_picked":["Blade Dance","After Image"],"picked":"Acrobatics","floor":5},{"not_picked":["Tactician","Bane"],"picked":"Unload","floor":7},{"not_picked":["Dagger Throw","Cloak And Dagger","Masterful Stab"],"picked":"SKIP","floor":10},{"not_picked":["Deflect","Finisher","Underhanded Strike"],"picked":"SKIP","floor":11},{"not_picked":["Deflect","Finisher","Underhanded Strike"],"picked":"SKIP","floor":11},{"not_picked":["All Out Attack","Quick Slash","Leg Sweep"],"picked":"SKIP","floor":13}],"player_experience":1426667,"relics_obtained":[{"floor":7,"key":"Whetstone"},{"floor":9,"key":"Centennial Puzzle"},{"floor":11,"key":"Sundial"},{"floor":14,"key":"Odd Mushroom"}],"event_choices":[{"damage_healed":0,"gold_gain":0,"player_choice":"Upgraded","damage_taken":0,"max_hp_gain":0,"max_hp_loss":0,"event_name":"Upgrade Shrine","floor":8,"gold_loss":0,"cards_upgraded":["Deep Breath"]},{"damage_healed":0,"gold_gain":0,"player_choice":"Fought Mushrooms","damage_taken":0,"max_hp_gain":0,"max_hp_loss":0,"event_name":"Mushrooms","floor":14,"gold_loss":0}],"is_beta":true,"boss_relics":[],"items_purged_floors":[2],"is_endless":false,"potions_floor_spawned":[3,5,11,14],"killed_by":"Hexaghost","ascension_level":20}