{"gold_per_floor":[214,139,139,42,63,63,86,105,105,129,168,168,191,204,204,323,323,343,362,362,375,395,395,416,441,441,441,462,481,500,62,62,187,187,202,202,222,222,22,22,58,58,58,391,391,401,419,419,419,419],"floor_reached":51,"playtime":2736,"items_purged":["Strike_G","Strike_G"],"score":708,"play_id":"f80e24cd-3c34-449f-a781-807e38c36a01","local_time":"20190717120737","is_ascension_mode":false,"campfire_choices":[{"data":"Noxious Fumes","floor":6.0,"key":"SMITH"},{"data":"Neutralize","floor":12.0,"key":"SMITH"},{"data":"Blade Dance","floor":15.0,"key":"SMITH"},{"data":"Envenom","floor":23,"key":"SMITH"},{"data":"Catalyst","floor":27,"key":"SMITH"},{"data":"Accuracy","floor":32,"key":"SMITH"},{"floor":40,"key":"REST"},{"floor":42,"key":"REST"},{"floor":45,"key":"REST"},{"floor":49,"key":"RECALL"}],"neow_cost":"NONE","seed_source_timestamp":9378084718250,"circlet_count":0,"master_deck":["Strike_G+1","Strike_G+1","Strike_G+1","Defend_G+1","Defend_G+1","Defend_G+1","Defend_G+1","Defend_G+1","Survivor+1","Neutralize+1","Footwork+1","Blade Dance+1","Accuracy+1","Noxious Fumes+1","Envenom+1","Grand Finale+1","Backflip+1","After Image+1","Backflip+1","Deadly Poison+1","Catalyst+1","Expertise+1","Infinite Blades+1","After Image+1","Noxious Fumes+1","After Image+1","Cloak And Dagger+1"],"special_seed":0,"relics":["Ring of the Serpent","Bag of Preparation","Potion Belt","Mummified Hand","Orrery","Paper Crane","Dead Branch","Mark of the Bloom","DollysMirror","Bag of Marbles","Darkstone Periapt"],"potions_floor_usage":[21,24,25,33,46,50,50,50,50,50,50],"damage_taken":[{"damage":2.0,"enemies":"Small Slimes","floor":1.0,"turns":4.0},{"damage":0.0,"enemies":"Jaw Worm","floor":5.0,"turns":5.0},{"damage":0.0,"enemies":"Cultist","floor":8.0,"turns":4.0},{"damage":10.0,"enemies":"Gremlin Gang","floor":10.0,"turns":3.0},{"damage":8.0,"enemies":"3 Sentries","floor":11.0,"turns":8.0},{"damage":0.0,"enemies":"Red Slaver","floor":13.0,"turns":3.0},{"damage":4.0,"enemies":"Exordium Wildlife","floor":14.0,"turns":3.0},{"damage":12.0,"enemies":"Hexaghost","floor":16.0,"turns":8.0},{"damage":2.0,"enemies":"Spheric Guardian","floor":18.0,"turns":7.0},{"damage":0.0,"enemies":"3 Byrds","floor":19.0,"turns":6.0},{"damage":4,"enemies":"Snecko","floor":21,"turns":6},{"damage":1,"enemies":"Centurion and Healer","floor":22,"turns":8},{"damage":1,"enemies":"Snake Plant","floor":24,"turns":3},{"damage":16,"enemies":"3 Cultists","floor":25,"turns":5},{"damage":0,"enemies":"Snecko","floor":28,"turns":4},{"damage":10,"enemies":"Sentry and Sphere","floor":29,"turns":4},{"damage":0,"enemies":"Centurion and Healer","floor":30,"turns":8},{"damage":8,"enemies":"Collector","floor":33,"turns":6},{"damage":3,"enemies":"Orb Walker","floor":35,"turns":4},{"damage":0,"enemies":"3 Darklings","floor":37,"turns":5},{"damage":0,"enemies":"Giant Head","floor":41,"turns":7},{"damage":0,"enemies":"Sphere and 2 Shapes","floor":46,"turns":5},{"damage":0,"enemies":"Maw","floor":47,"turns":6},{"damage":41,"enemies":"Time Eater","floor":50,"turns":9}],"seed_played":"-5698518789765030587","potions_obtained":[{"floor":1.0,"key":"Strength Potion"},{"floor":11.0,"key":"FearPotion"},{"floor":14.0,"key":"Block Potion"},{"floor":19.0,"key":"Ancient Potion"},{"floor":24,"key":"PowerPotion"},{"floor":28,"key":"GamblersBrew"},{"floor":30,"key":"Energy Potion"},{"floor":33,"key":"EntropicBrew"},{"floor":37,"key":"Ancient Potion"},{"floor":41,"key":"Block Potion"}],"is_trial":false,"path_per_floor":["M","$","?","$","M","R","T","M","T","M","E","R","M","M","R","B",null,"M","M","?","M","M","R","M","M","T","R","M","M","M","$","R","B",null,"M","?","M","?","$","R","E","R","T","?","R","M","M","?","R","B",null],"character_chosen":"THE_SILENT","items_purchased":["Blade Dance","Accuracy","Dead Branch","Infinite Blades","DollysMirror"],"campfire_rested":3,"item_purchase_floors":[4,4,31,31,39],"current_hp_per_floor":[68,68,65,65,65,65,65,65,65,55,47,47,47,43,43,31,65,63,63,63,59,58,58,57,41,41,41,41,31,31,31,31,23,65,62,62,62,62,62,62,62,62,62,62,62,62,62,62,62,21],"gold":419,"neow_bonus":"HUNDRED_GOLD","is_prod":false,"is_daily":false,"chose_seed":false,"campfire_upgraded":6,"win_rate":0,"timestamp":1563336457,"path_taken":["M","$","?","$","M","R","?","M","T","M","E","R","M","M","R","BOSS","M","M","?","M","M","R","M","M","T","R","M","?","?","$","R","BOSS","M","?","M","?","$","R","E","R","T","?","R","?","M","?","R","BOSS"],"build_version":"2019-07-05","purchased_purges":2,"victory":true,"max_hp_per_floor":[70,70,65,65,65,65,65,65,65,65,65,65,65,65,65,65,65,65,65,65,65,65,65,65,65,65,65,65,65,65,65,65,65,65,65,65,65,65,65,65,65,65,65,65,65,65,65,62,62,62],"card_choices":[{"not_picked":["Infinite Blades","PiercingWail"],"picked":"Footwork","floor":1.0},{"not_picked":["Heel Hook","Quick Slash"],"picked":"Noxious Fumes","floor":5.0},{"not_picked":["Blade Dance","Flying Knee","Slice"],"picked":"SKIP","floor":8.0},{"not_picked":["Deflect","Dagger Spray","Heel Hook"],"picked":"SKIP","floor":10.0},{"not_picked":["Blade Dance","Sucker Punch","Outmaneuver"],"picked":"SKIP","floor":11.0},{"not_picked":["Finisher","Outmaneuver","PiercingWail"],"picked":"SKIP","floor":13.0},{"not_picked":["PiercingWail","Prepared"],"picked":"Envenom","floor":14.0},{"not_picked":["Bullet Time","Storm of Steel"],"picked":"Grand Finale","floor":16.0},{"not_picked":["Dodge and Roll","Tactician"],"picked":"Backflip","floor":17.0},{"not_picked":["Dodge and Roll","Tactician"],"picked":"After Image","floor":17.0},{"not_picked":["Outmaneuver","Bane+1"],"picked":"Backflip","floor":18.0},{"not_picked":["Bane","Skewer+1","Expertise+1"],"picked":"SKIP","floor":19.0},{"not_picked":["Crippling Poison","Underhanded Strike","Outmaneuver"],"picked":"SKIP","floor":21},{"not_picked":["Deflect","Quick Slash"],"picked":"Deadly Poison+1","floor":22},{"not_picked":["Dagger Throw+1","A Thousand Cuts"],"picked":"Catalyst","floor":24},{"not_picked":["Caltrops+1","Distraction","PiercingWail+1"],"picked":"SKIP","floor":25},{"not_picked":["Flying Knee","Bane+1","Slice"],"picked":"SKIP","floor":28},{"not_picked":["Dagger Spray","Slice+1","Quick Slash"],"picked":"SKIP","floor":29},{"not_picked":["Tactician+1","Dodge and Roll"],"picked":"Expertise+1","floor":30},{"not_picked":["Corpse Explosion","Die Die Die"],"picked":"After Image","floor":33},{"not_picked":["Dash+1","Underhanded Strike"],"picked":"Noxious Fumes+1","floor":35},{"not_picked":["Poisoned Stab+1","Blade Dance+1","Prepared"],"picked":"SKIP","floor":37},{"not_picked":["Expertise","Venomology"],"picked":"Cloak And Dagger+1","floor":41},{"not_picked":["PiercingWail","Quick Slash","Expertise+1"],"picked":"SKIP","floor":46},{"not_picked":["Masterful Stab+1","Tactician","Outmaneuver"],"picked":"SKIP","floor":47}],"player_experience":5744066,"relics_obtained":[{"floor":7.0,"key":"Bag of Preparation"},{"floor":9.0,"key":"Potion Belt"},{"floor":11.0,"key":"Mummified Hand"},{"floor":26,"key":"Paper Crane"},{"floor":41,"key":"Bag of Marbles"},{"floor":43,"key":"Darkstone Periapt"}],"event_choices":[{"damage_healed":0.0,"max_hp_gain":0.0,"max_hp_loss":5.0,"gold_gain":0.0,"event_name":"Golden Idol","player_choice":"Lose Max HP","floor":3.0,"gold_loss":0.0,"damage_taken":0.0,"relics_obtained":["Golden Idol"]},{"damage_healed":0.0,"max_hp_gain":0.0,"max_hp_loss":0.0,"gold_gain":0.0,"event_name":"N\u0027loth","player_choice":"Ignored","floor":20.0,"gold_loss":0.0,"damage_taken":0.0},{"damage_healed":0,"gold_gain":0,"player_choice":"Upgrade","damage_taken":0,"relics_obtained":["Mark of the Bloom"],"max_hp_gain":0,"max_hp_loss":0,"event_name":"MindBloom","floor":36,"gold_loss":0,"cards_upgraded":["Strike_G","Strike_G","Strike_G","Defend_G","Defend_G","Defend_G","Defend_G","Defend_G","Survivor","Footwork","Grand Finale","Backflip","After Image","Backflip","Infinite Blades","After Image"]},{"damage_healed":0,"gold_gain":0,"player_choice":"Ignored","damage_taken":0,"max_hp_gain":0,"max_hp_loss":0,"event_name":"Tomb of Lord Red Mask","floor":38,"gold_loss":0},{"damage_healed":0,"gold_gain":333,"player_choice":"Gave Idol","damage_taken":0,"max_hp_gain":0,"max_hp_loss":0,"event_name":"The Moai Head","floor":44,"relics_lost":["Golden Idol"],"gold_loss":0},{"damage_healed":0,"gold_gain":0,"player_choice":"Max HP","damage_taken":0,"max_hp_gain":0,"max_hp_loss":3,"event_name":"Winding Halls","floor":48,"gold_loss":0}],"is_beta":false,"boss_relics":[{"not_picked":["Tiny House","Eternal Feather"],"picked":"Orrery"},{"not_picked":["Lizard Tail","Snecko Eye"],"picked":"Ring of the Serpent"}],"items_purged_floors":[2,31],"is_endless":false,"potions_floor_spawned":[1,11,14,19,24,28,30,33,37,41],"ascension_level":0}