{"gold_per_floor":[110,36,46,46,11,11,22,22,22,22,52,68,85,185,185,287,287,307,307,406,406,321,321,98,111,111,121,121,132,132,167,167,270,270,286,303,1,18,18,44,44,60,106,106,106,116,40,56,56,56],"floor_reached":51,"playtime":1753,"items_purged":["Strike_B","Defend_B"],"score":953,"play_id":"ff4b2fba-9e38-4c13-a8d9-d61cf44d337e","local_time":"20181009214748","is_ascension_mode":true,"campfire_choices":[{"data":"Defragment","floor":6,"key":"SMITH"},{"data":"Defragment","floor":8,"key":"SMITH"},{"data":"Consume","floor":10,"key":"SMITH"},{"floor":15,"key":"REST"},{"data":"Capacitor","floor":23,"key":"SMITH"},{"data":"Buffer","floor":28,"key":"SMITH"},{"data":"Electrodynamics","floor":30,"key":"SMITH"},{"data":"Electrodynamics","floor":32,"key":"SMITH"},{"floor":41,"key":"REST"},{"floor":45,"key":"REST"},{"data":"Capacitor","floor":49,"key":"SMITH"}],"neow_cost":"","seed_source_timestamp":38794520206589,"circlet_count":0,"master_deck":["Strike_B","Strike_B","Defend_B","Defend_B","Defend_B","Zap","Dualcast","Gash","Defragment+1","Consume+1","Defragment+1","Capacitor+1","Cold Snap","Electrodynamics+1","Buffer+1","Coolheaded","Electrodynamics+1","Meteor Strike","Recycle+1","Transmutation","Discovery","Purity","Perfected Strike","Capacitor+1","Force Field+1"],"relics":["Cracked Core","Regal Pillow","Incense Burner","Snecko Eye","Centennial Puzzle","Bag of Preparation","Emotion Chip","Pantograph","Runic Dome","PrismaticShard","Dream Catcher","Strawberry"],"potions_floor_usage":[12,25,40,50,50],"damage_taken":[{"damage":9,"enemies":"Small Slimes","floor":1,"turns":4},{"damage":9,"enemies":"Jaw Worm","floor":3,"turns":3},{"damage":8,"enemies":"2 Louse","floor":7,"turns":3},{"damage":20,"enemies":"Lagavulin","floor":11,"turns":6},{"damage":5,"enemies":"Lots of Slimes","floor":12,"turns":9},{"damage":0,"enemies":"2 Fungi Beasts","floor":13,"turns":4},{"damage":29,"enemies":"Slime Boss","floor":16,"turns":5},{"damage":0,"enemies":"Spheric Guardian","floor":18,"turns":3},{"damage":0,"enemies":"Shell Parasite","floor":25,"turns":5},{"damage":3,"enemies":"Centurion and Healer","floor":27,"turns":4},{"damage":0,"enemies":"Sentry and Sphere","floor":29,"turns":4},{"damage":9,"enemies":"Gremlin Leader","floor":31,"turns":5},{"damage":15,"enemies":"Automaton","floor":33,"turns":7},{"damage":0,"enemies":"3 Shapes","floor":35,"turns":3},{"damage":9,"enemies":"Orb Walker","floor":36,"turns":4},{"damage":0,"enemies":"Sphere and 2 Shapes","floor":38,"turns":2},{"damage":32,"enemies":"Nemesis","floor":40,"turns":7},{"damage":21,"enemies":"Spire Growth","floor":42,"turns":4},{"damage":0,"enemies":"4 Shapes","floor":46,"turns":1},{"damage":15,"enemies":"Reptomancer","floor":48,"turns":5},{"damage":57,"enemies":"Awakened One","floor":50,"turns":8}],"seed_played":"6985634328884524986","potions_obtained":[{"floor":3,"key":"SkillPotion"},{"floor":12,"key":"LiquidBronze"},{"floor":13,"key":"FearPotion"},{"floor":16,"key":"Block Potion"},{"floor":31,"key":"SkillPotion"},{"floor":42,"key":"Block Potion"}],"is_trial":false,"path_per_floor":["M","$","M","?","?","R","M","R","T","R","E","M","M","?","R","B",null,"M","?","?","?","?","R","$","M","T","M","R","M","R","E","R","B",null,"M","M","$","M","?","E","R","M","T","?","R","M","$","M","R","B"],"character_chosen":"DEFECT","items_purchased":["Defragment","Bag of Preparation","PrismaticShard","Capacitor"],"campfire_rested":3,"item_purchase_floors":[2,24,37,47],"current_hp_per_floor":[59,59,50,43,61,61,53,53,53,53,33,28,28,28,65,36,65,65,65,65,51,51,51,51,51,51,48,48,48,48,39,39,49,72,72,63,63,63,53,21,60,39,46,46,87,87,87,72,72,30],"gold":56,"neow_bonus":"","is_prod":false,"is_daily":false,"chose_seed":false,"campfire_upgraded":8,"win_rate":0,"timestamp":1539092868,"path_taken":["M","$","M","?","?","R","M","R","T","R","E","M","?","?","R","BOSS","M","?","?","?","?","R","$","M","T","M","R","?","R","E","R","BOSS","M","M","$","M","?","E","R","?","T","?","R","M","$","M","R","BOSS"],"build_version":"2018-10-04v2","purchased_purges":2,"victory":true,"max_hp_per_floor":[75,75,75,75,75,75,75,75,75,75,75,75,75,75,75,75,75,75,75,75,80,80,80,80,80,80,80,80,80,80,80,80,80,80,80,80,80,80,80,80,80,80,87,87,87,87,87,87,87,87],"card_choices":[{"not_picked":["Compile Driver","Sweeping Beam"],"picked":"Gash","floor":1},{"not_picked":["Rebound","Redo"],"picked":"Consume","floor":3},{"not_picked":["Consume","Hologram"],"picked":"Defragment","floor":7},{"not_picked":["Barrage","Stack"],"picked":"Capacitor","floor":11},{"not_picked":["Leap","Steam"],"picked":"Cold Snap","floor":12},{"not_picked":["Reprogram","Sunder"],"picked":"Electrodynamics","floor":13},{"not_picked":["Machine Learning","Rainbow"],"picked":"Buffer","floor":16},{"not_picked":["Beam Cell+1","Conserve Battery+1"],"picked":"Coolheaded","floor":18},{"not_picked":["Hologram","Cold Snap","Consume"],"picked":"SKIP","floor":25},{"not_picked":["Barrage+1","Rebound","Conserve Battery"],"picked":"SKIP","floor":27},{"not_picked":["Darkness","Double Energy","Steam"],"picked":"SKIP","floor":29},{"not_picked":["Streamline","Beam Cell"],"picked":"Electrodynamics","floor":31},{"not_picked":["Fission","Reboot"],"picked":"Meteor Strike","floor":33},{"not_picked":["Barrage+1","Stack","Steam+1"],"picked":"SKIP","floor":35},{"not_picked":["Undo+1","Lockon+1"],"picked":"Recycle+1","floor":36},{"not_picked":["Armaments","Blade Dance","Sweeping Beam"],"picked":"SKIP","floor":38},{"not_picked":["Blind","Flash of Steel"],"picked":"Transmutation","floor":39},{"not_picked":["Forethought","Dramatic Entrance"],"picked":"Discovery","floor":39},{"not_picked":["Panacea","Flash of Steel"],"picked":"Purity","floor":39},{"not_picked":["Deadly Poison+1","Reflex","Heatsinks+1"],"picked":"SKIP","floor":40},{"not_picked":["Skim","Intimidate+1","Blade Dance+1"],"picked":"SKIP","floor":42},{"not_picked":["Storm","Pummel+1"],"picked":"Perfected Strike","floor":46},{"not_picked":["Flex+1","Prepared"],"picked":"Force Field+1","floor":48}],"player_experience":60400,"relics_obtained":[{"floor":9,"key":"Regal Pillow"},{"floor":11,"key":"Incense Burner"},{"floor":26,"key":"Emotion Chip"},{"floor":31,"key":"Pantograph"},{"floor":40,"key":"Dream Catcher"},{"floor":43,"key":"Strawberry"}],"event_choices":[{"event_name":"Golden Wing","player_choice":"Card Removal","floor":4,"damage_taken":0},{"event_name":"The Cleric","player_choice":"Healed","floor":5,"damage_taken":0},{"event_name":"Golden Shrine","player_choice":"Pray","floor":14,"damage_taken":0},{"event_name":"The Mausoleum","player_choice":"No","floor":19,"damage_taken":0},{"event_name":"Nest","player_choice":"Stole From Cult","floor":20,"damage_taken":0},{"event_name":"Forgotten Altar","player_choice":"Shed Blood","floor":21,"damage_taken":0},{"event_name":"Addict","player_choice":"Obtained Relic","floor":22,"damage_taken":0},{"event_name":"SensoryStone","player_choice":"Memory 3","floor":39,"damage_taken":0},{"event_name":"Tomb of Lord Red Mask","player_choice":"Ignored","floor":44,"damage_taken":0}],"is_beta":false,"boss_relics":[{"not_picked":["Lizard Tail","Eternal Feather"],"picked":"Snecko Eye"},{"not_picked":["Philosopher\u0027s Stone","Nuclear Battery"],"picked":"Runic Dome"}],"items_purged_floors":[24,37],"is_endless":false,"potions_floor_spawned":[3,12,13,16,31,35,38,42,46],"ascension_level":8}