{"gold_per_floor":[110,124,49,124,124,124,150,150,174,203,215,229,229,240,240,312,312,329,329,343,89,89],"floor_reached":22,"playtime":465,"items_purged":["Defend_B"],"score":438,"play_id":"39e59c17-e68b-4370-b305-014bd8495895","local_time":"20190604212244","is_ascension_mode":true,"campfire_choices":[{"data":"Darkness","floor":6.0,"key":"SMITH"},{"data":"Chaos","floor":8.0,"key":"SMITH"},{"floor":15,"key":"REST"}],"neow_cost":"NONE","seed_source_timestamp":781629853187146,"circlet_count":0,"master_deck":["AscendersBane","Strike_B+1","Strike_B+1","Defend_B","Defend_B","Defend_B","Zap","Dualcast","Darkness+1","Hologram","Chaos+1","Conserve Battery","Machine Learning","Electrodynamics","Turbo","Hologram","Defragment"],"special_seed":0,"relics":["Cracked Core","NeowsBlessing","Whetstone","Smiling Mask","Nuclear Battery","Omamori"],"potions_floor_usage":[12],"damage_taken":[{"damage":0.0,"enemies":"Jaw Worm","floor":1.0,"turns":1.0},{"damage":0.0,"enemies":"Small Slimes","floor":2.0,"turns":1.0},{"damage":0.0,"enemies":"Gremlin Nob","floor":7.0,"turns":1.0},{"damage":30.0,"enemies":"3 Sentries","floor":10.0,"turns":8.0},{"damage":2.0,"enemies":"2 Louse","floor":11.0,"turns":2.0},{"damage":18,"enemies":"Gremlin Gang","floor":12,"turns":3},{"damage":1,"enemies":"Exordium Wildlife","floor":14,"turns":2},{"damage":17,"enemies":"Hexaghost","floor":16,"turns":9},{"damage":16,"enemies":"3 Byrds","floor":18,"turns":3},{"damage":25,"enemies":"Shell Parasite","floor":20,"turns":5},{"damage":13,"enemies":"3 Cultists","floor":22,"turns":4}],"seed_played":"-3852107184677536415","potions_obtained":[{"floor":7.0,"key":"PowerPotion"},{"floor":10.0,"key":"Strength Potion"},{"floor":18,"key":"FocusPotion"}],"is_trial":false,"path_per_floor":["M","M","?","?","?","R","E","R","T","E","M","M","?","M","R","B",null,"M","?","M","$","M"],"character_chosen":"DEFECT","items_purchased":["Defragment","Omamori"],"campfire_rested":1,"item_purchase_floors":[21,21],"current_hp_per_floor":[64,64,64,53,53,53,53,53,53,23,21,3,3,2,23,6,55,39,35,10,10,0],"gold":89,"neow_bonus":"THREE_ENEMY_KILL","is_prod":false,"is_daily":false,"chose_seed":false,"campfire_upgraded":2,"win_rate":0,"timestamp":1559650964,"path_taken":["M","M","?","?","?","R","E","R","T","E","?","M","?","M","R","BOSS","M","?","?","$","?"],"build_version":"2019-01-23","purchased_purges":1,"victory":false,"max_hp_per_floor":[71,71,71,71,71,71,71,71,71,71,71,71,71,71,71,71,71,71,71,71,71,71],"card_choices":[{"not_picked":["Rebound","BootSequence"],"picked":"Darkness","floor":1.0},{"not_picked":["FTL","Go for the Eyes"],"picked":"Hologram","floor":2.0},{"not_picked":["Sweeping Beam","Turbo"],"picked":"Chaos","floor":7.0},{"not_picked":["Doom and Gloom","Steam","Hyperbeam"],"picked":"SKIP","floor":10.0},{"not_picked":["Storm","Barrage"],"picked":"Conserve Battery","floor":11.0},{"not_picked":["Streamline","FTL","Rebound"],"picked":"SKIP","floor":12},{"not_picked":["Ball Lightning","FTL"],"picked":"Machine Learning","floor":14},{"not_picked":["Seek","Fission"],"picked":"Electrodynamics","floor":16},{"not_picked":["Steam Power","Steam"],"picked":"Turbo","floor":18},{"not_picked":["Steam+1","Auto Shields"],"picked":"Hologram","floor":20}],"player_experience":551496,"relics_obtained":[{"floor":7.0,"key":"Whetstone"},{"floor":10.0,"key":"Smiling Mask"}],"event_choices":[{"cards_removed":["Strike_B"],"damage_healed":0.0,"max_hp_gain":0.0,"max_hp_loss":0.0,"gold_gain":0.0,"event_name":"The Cleric","player_choice":"Card Removal","floor":3.0,"gold_loss":75.0,"damage_taken":0.0},{"damage_healed":0.0,"max_hp_gain":0.0,"max_hp_loss":0.0,"gold_gain":75.0,"event_name":"World of Goop","player_choice":"Gather Gold","floor":4.0,"gold_loss":0.0,"damage_taken":11.0},{"cards_removed":["Strike_B"],"damage_healed":0.0,"max_hp_gain":0.0,"max_hp_loss":0.0,"gold_gain":0.0,"event_name":"Purifier","player_choice":"Purged","floor":5.0,"gold_loss":0.0,"damage_taken":0.0},{"damage_healed":0,"gold_gain":0,"player_choice":"Ignored","damage_taken":0,"max_hp_gain":0,"max_hp_loss":0,"event_name":"Golden Wing","floor":13,"gold_loss":0},{"damage_healed":0,"gold_gain":0,"player_choice":"Bought 0 Potions","damage_taken":0,"max_hp_gain":0,"max_hp_loss":0,"event_name":"The Woman in Blue","floor":19,"gold_loss":0}],"is_beta":false,"boss_relics":[{"not_picked":["Fusion Hammer","Lizard Tail"],"picked":"Nuclear Battery"}],"items_purged_floors":[21],"is_endless":false,"potions_floor_spawned":[7,10,11,18],"killed_by":"3 Cultists","ascension_level":20}