{"gold_per_floor":[99,99,99,99,99,99,29,29,29,29,29,29,29,29,29,29,29,29,29,29,29,29,29,29,29,29,29,29,29,29,29,29,29],"floor_reached":33,"playtime":887,"items_purged":[],"score":290,"play_id":"e6508540-0ccb-4209-afa9-ca981d9fb1ee","local_time":"20190804020611","is_ascension_mode":false,"campfire_choices":[{"data":"Melter","floor":6.0,"key":"SMITH"},{"data":"Darkness","floor":15.0,"key":"SMITH"},{"data":"Meteor Strike","floor":23.0,"key":"SMITH"},{"data":"Rebound","floor":28,"key":"SMITH"},{"floor":32,"key":"REST"}],"neow_cost":"NONE","seed_source_timestamp":3152209493190,"circlet_count":0,"master_deck":["Strike_B","Strike_B","Strike_B","Defend_B","Defend_B","Defend_B","Defend_B","Zap+1","Dualcast+1","Melter+1","Darkness+1","Rebound+1","Hologram+1","Meteor Strike+1","Capacitor+1","Ghostly+1","Ghostly+1","Ghostly+1","Ghostly+1","Ghostly+1","Auto Shields+1","Consume+1","FTL","Conserve Battery+1","Fission+1","Conserve Battery+1","Defragment","Recycle+1"],"special_seed":0,"relics":["Ectoplasm","Letter Opener","Boot","Toxic Egg 2","Sozu","Pen Nib","Dream Catcher","PreservedInsect"],"potions_floor_usage":[],"damage_taken":[{"damage":5.0,"enemies":"Small Slimes","floor":1.0,"turns":3.0},{"damage":1.0,"enemies":"Jaw Worm","floor":4.0,"turns":4.0},{"damage":11.0,"enemies":"Lagavulin","floor":8.0,"turns":6.0},{"damage":0.0,"enemies":"Cultist","floor":12.0,"turns":3.0},{"damage":44.0,"enemies":"The Guardian","floor":16.0,"turns":9.0},{"damage":5.0,"enemies":"Chosen","floor":18.0,"turns":4.0},{"damage":17.0,"enemies":"3 Byrds","floor":19.0,"turns":3.0},{"damage":0.0,"enemies":"Centurion and Healer","floor":22.0,"turns":7.0},{"damage":1,"enemies":"Snecko","floor":24,"turns":6},{"damage":3,"enemies":"Slavers","floor":27,"turns":5},{"damage":17,"enemies":"Cultist and Chosen","floor":29,"turns":8},{"damage":0,"enemies":"Snake Plant","floor":30,"turns":5},{"damage":10,"enemies":"Snecko","floor":31,"turns":4},{"damage":43,"enemies":"Champ","floor":33,"turns":7}],"seed_played":"-7929222409907221131","potions_obtained":[{"floor":1.0,"key":"Ancient Potion"},{"floor":4.0,"key":"Ancient Potion"}],"is_trial":false,"path_per_floor":["M","?","?","M","?","R","$","E","T","$","?","M","$","?","R","B",null,"M","M","?","?","M","R","M","?","T","E","R","M","M","M","R","B"],"character_chosen":"DEFECT","items_purchased":["Darkness"],"campfire_rested":1,"item_purchase_floors":[7],"current_hp_per_floor":[70,70,70,69,36,36,36,25,25,25,25,25,25,50,50,6,75,70,53,53,37,37,37,36,36,36,33,33,16,16,6,17,0],"gold":29,"neow_bonus":"BOSS_RELIC","is_prod":false,"is_daily":false,"chose_seed":false,"campfire_upgraded":4,"win_rate":0,"timestamp":1564905971,"path_taken":["M","?","?","?","?","R","?","E","T","$","?","M","?","?","R","BOSS","M","M","?","?","M","R","M","?","T","E","R","M","M","?","R","BOSS"],"build_version":"2019-07-17","purchased_purges":0,"victory":false,"max_hp_per_floor":[75,75,75,75,75,75,75,75,75,75,75,75,75,75,75,75,75,75,75,75,37,37,37,37,37,37,37,37,37,37,37,37,37],"card_choices":[{"not_picked":["Heatsinks","Gash"],"picked":"Melter","floor":1.0},{"not_picked":["Loop","Double Energy","Barrage"],"picked":"SKIP","floor":4.0},{"not_picked":["Compile Driver","Capacitor"],"picked":"Rebound","floor":8.0},{"not_picked":["Gash","Conserve Battery+1"],"picked":"Hologram+1","floor":12.0},{"not_picked":["Core Surge","Hyperbeam"],"picked":"Meteor Strike","floor":16.0},{"not_picked":["Cold Snap","Sweeping Beam"],"picked":"Capacitor+1","floor":18.0},{"not_picked":["Stack+1","Streamline","Reprogram+1"],"picked":"SKIP","floor":19.0},{"not_picked":["Streamline+1","Beam Cell"],"picked":"Auto Shields+1","floor":22.0},{"not_picked":["Conserve Battery+1","Rebound"],"picked":"Consume+1","floor":24},{"not_picked":["Cold Snap","Rebound"],"picked":"Conserve Battery+1","floor":27},{"not_picked":["Self Repair","Double Energy+1"],"picked":"Fission+1","floor":29},{"not_picked":["Chill+1","Go for the Eyes"],"picked":"Conserve Battery+1","floor":30},{"not_picked":["Conserve Battery+1","White Noise+1"],"picked":"Defragment","floor":31},{"not_picked":["Lockon","Beam Cell"],"picked":"Recycle+1","floor":32}],"player_experience":1612886,"relics_obtained":[{"floor":8.0,"key":"Boot"},{"floor":9.0,"key":"Toxic Egg 2"},{"floor":26,"key":"Dream Catcher"},{"floor":27,"key":"PreservedInsect"}],"event_choices":[{"damage_healed":0.0,"max_hp_gain":0.0,"max_hp_loss":0.0,"gold_gain":0.0,"event_name":"Living Wall","player_choice":"Grow","floor":2.0,"gold_loss":0.0,"damage_taken":0.0,"cards_upgraded":["Zap"]},{"damage_healed":0.0,"max_hp_gain":0.0,"max_hp_loss":0.0,"gold_gain":0.0,"event_name":"Upgrade Shrine","player_choice":"Upgraded","floor":3.0,"gold_loss":0.0,"damage_taken":0.0,"cards_upgraded":["Dualcast"]},{"damage_healed":0.0,"max_hp_gain":0.0,"max_hp_loss":0.0,"gold_gain":0.0,"event_name":"Scrap Ooze","player_choice":"Success","floor":5.0,"gold_loss":0.0,"damage_taken":33.0,"relics_obtained":["Letter Opener"]},{"damage_healed":0.0,"max_hp_gain":0.0,"max_hp_loss":0.0,"gold_gain":0.0,"event_name":"Dead Adventurer","player_choice":"Searched \u00271\u0027 times","floor":11.0,"gold_loss":0.0,"damage_taken":0.0},{"damage_healed":25.0,"max_hp_gain":0.0,"max_hp_loss":0.0,"gold_gain":0.0,"event_name":"Big Fish","player_choice":"Banana","floor":14.0,"gold_loss":0.0,"damage_taken":0.0},{"damage_healed":0.0,"max_hp_gain":0.0,"max_hp_loss":0.0,"gold_gain":0.0,"event_name":"The Mausoleum","player_choice":"Opened","floor":20.0,"gold_loss":0.0,"damage_taken":0.0,"relics_obtained":["Pen Nib"]},{"damage_healed":0.0,"max_hp_gain":0.0,"max_hp_loss":38.0,"gold_gain":0.0,"event_name":"Ghosts","player_choice":"Became a Ghost","floor":21.0,"gold_loss":0.0,"damage_taken":0.0,"cards_obtained":["Ghostly","Ghostly","Ghostly","Ghostly","Ghostly"]},{"damage_healed":0,"gold_gain":0,"cards_transformed":["Strike_B"],"player_choice":"Transformed","damage_taken":0,"max_hp_gain":0,"max_hp_loss":0,"event_name":"Transmorgrifier","floor":25,"gold_loss":0,"cards_obtained":["FTL"]}],"is_beta":false,"boss_relics":[{"not_picked":["Fusion Hammer","Calling Bell"],"picked":"Sozu"}],"items_purged_floors":[],"is_endless":false,"potions_floor_spawned":[1,4,22,29,30,31],"killed_by":"Champ","ascension_level":0}