{"gold_per_floor":[118,7,17,92,13,13,43,43,43,43,72,83,43,75,75,154,154,170,170,146,46,58,90,90,116,116,116,116,149,93,93,93,164,164,179,196,243,243,243,271,283,283,334,344,373,373,248,262,262,262,262],"floor_reached":52,"playtime":2066,"items_purged":["Strike_R","Strike_R","Bash"],"score":2589,"play_id":"1ae6a243-e8d4-40c5-8403-18d8bf1c9e85","local_time":"20181115214610","is_ascension_mode":true,"campfire_choices":[{"data":"Power Through","floor":6.0,"key":"SMITH"},{"data":"Feel No Pain","floor":8.0,"key":"SMITH"},{"data":"Second Wind","floor":15.0,"key":"SMITH"},{"data":"Offering","floor":28,"key":"SMITH"},{"data":"Body Slam","floor":32,"key":"SMITH"},{"data":"Body Slam","floor":42,"key":"SMITH"},{"data":"Purity","floor":46,"key":"SMITH"},{"data":"Power Through","floor":49,"key":"SMITH"}],"neow_cost":"NONE","seed_source_timestamp":0,"circlet_count":0,"master_deck":["AscendersBane","Strike_R+1","Defend_R","Defend_R","Power Through+1","Feel No Pain+1","Evolve","Seeing Red","Second Wind+1","Offering+1","Shrug It Off","Power Through+1","Body Slam+1","Impervious","Body Slam+1","Purity+1"],"special_seed":0,"relics":["Burning Blood","NeowsBlessing","Strawberry","Meat on the Bone","Bronze Scales","Charon\u0027s Ashes","Mark of Pain","Unceasing Top","Dodecahedron","Juzu Bracelet","Singing Bowl","Paper Frog","Empty Cage","FossilizedHelix","Anchor","Regal Pillow"],"potions_floor_usage":[25,25,33,44,50],"damage_taken":[{"damage":0.0,"enemies":"Jaw Worm","floor":1.0,"turns":1.0},{"damage":0.0,"enemies":"Small Slimes","floor":3.0,"turns":1.0},{"damage":0.0,"enemies":"Lagavulin","floor":7.0,"turns":1.0},{"damage":38.0,"enemies":"Gremlin Nob","floor":11.0,"turns":5.0},{"damage":1.0,"enemies":"Cultist","floor":12.0,"turns":3.0},{"damage":12.0,"enemies":"Looter","floor":13.0,"turns":4.0},{"damage":43.0,"enemies":"Lagavulin","floor":14.0,"turns":10.0},{"damage":18.0,"enemies":"The Guardian","floor":16.0,"turns":15.0},{"damage":20.0,"enemies":"Shell Parasite","floor":18.0,"turns":4.0},{"damage":23.0,"enemies":"2 Thieves","floor":20.0,"turns":4.0},{"damage":6.0,"enemies":"Snake Plant","floor":22.0,"turns":5.0},{"damage":6.0,"enemies":"Book of Stabbing","floor":23.0,"turns":5.0},{"damage":37,"enemies":"Slavers","floor":25,"turns":7},{"damage":30,"enemies":"Book of Stabbing","floor":29,"turns":7},{"damage":6,"enemies":"Collector","floor":33,"turns":4},{"damage":6,"enemies":"3 Darklings","floor":35,"turns":5},{"damage":6,"enemies":"Orb Walker","floor":36,"turns":3},{"damage":39,"enemies":"2 Orb Walkers","floor":37,"turns":5},{"damage":0,"enemies":"Giant Head","floor":40,"turns":4},{"damage":0,"enemies":"4 Shapes","floor":41,"turns":3},{"damage":8,"enemies":"Writhing Mass","floor":44,"turns":3},{"damage":0,"enemies":"Nemesis","floor":45,"turns":5},{"damage":0,"enemies":"Maw","floor":48,"turns":4},{"damage":0,"enemies":"Donu and Deca","floor":50,"turns":5},{"damage":0,"enemies":"Awakened One","floor":51,"turns":9}],"seed_played":"1249311458581621507","potions_obtained":[{"floor":1.0,"key":"Weak Potion"},{"floor":3.0,"key":"EntropicBrew"},{"floor":12.0,"key":"Block Potion"},{"floor":20.0,"key":"Block Potion"},{"floor":23.0,"key":"Regen Potion"},{"floor":29,"key":"BloodPotion"},{"floor":37,"key":"SteroidPotion"},{"floor":40,"key":"Weak Potion"},{"floor":44,"key":"Explosive Potion"},{"floor":48,"key":"Block Potion"}],"is_trial":false,"path_per_floor":["M","$","M","?","$","R","E","R","T","?","E","M","M","E","R","B",null,"M","M","?","M","$","M","E","?","E","T","T","R","E","$","?","R","B",null,"M","M","?","?","?","E","M","R","T","M","E","R","$","M","R","B","B",null],"character_chosen":"IRONCLAD","items_purchased":["Power Through","Feel No Pain","Body Slam"],"campfire_rested":0,"item_purchase_floors":[2,5,30],"current_hp_per_floor":[74,74,75,64,64,64,77,77,77,52,32,49,55,30,30,30,69,55,55,50,50,50,50,50,43,43,43,43,33,33,33,33,53,76,76,78,59,59,59,67,75,75,75,75,83,83,83,91,91,97,98],"gold":262,"neow_bonus":"THREE_ENEMY_KILL","is_prod":false,"is_daily":false,"chose_seed":false,"campfire_upgraded":8,"win_rate":0,"timestamp":1542289570,"path_taken":["M","$","M","?","$","R","E","R","T","?","E","M","M","E","R","BOSS","M","?","?","$","M","E","?","E","T","?","R","E","$","?","R","BOSS","M","M","?","?","?","E","M","R","T","M","E","R","$","M","R","BOSS","BOSS"],"build_version":"2018-11-14","purchased_purges":3,"victory":true,"max_hp_per_floor":[75,75,75,75,75,75,82,82,82,82,82,82,82,82,82,82,82,82,82,82,82,82,82,82,82,82,82,82,84,84,84,84,84,84,84,86,88,88,88,90,92,92,92,94,96,96,96,98,98,98,98],"card_choices":[{"not_picked":["Infernal Blade","Combust","Iron Wave"],"picked":"SKIP","floor":1.0},{"not_picked":["Uppercut","Dropkick","Pommel Strike"],"picked":"SKIP","floor":3.0},{"not_picked":["True Grit","Wild Strike"],"picked":"Evolve","floor":7.0},{"not_picked":["Rupture","Pummel"],"picked":"Seeing Red","floor":11.0},{"not_picked":["Clothesline","Perfected Strike","Wild Strike"],"picked":"SKIP","floor":12.0},{"not_picked":["Rage","Clothesline","Cleave"],"picked":"SKIP","floor":13.0},{"not_picked":["Rupture","Perfected Strike"],"picked":"Second Wind","floor":14.0},{"not_picked":["Brutality","Reaper"],"picked":"Offering","floor":16.0},{"not_picked":["Headbutt","Uppercut","True Grit"],"picked":"SKIP","floor":18.0},{"not_picked":["Iron Wave","Twin Strike"],"picked":"Shrug It Off","floor":20.0},{"not_picked":["Pummel","Clash"],"picked":"Power Through","floor":22.0},{"not_picked":["Rage","Twin Strike","Sword Boomerang"],"picked":"SKIP","floor":23.0},{"not_picked":["Immolate","Perfected Strike","Flex"],"picked":"SKIP","floor":25},{"not_picked":["Uppercut","Entrench","Fire Breathing"],"picked":"Singing Bowl","floor":29},{"not_picked":["Exhume","Feed"],"picked":"Impervious","floor":33},{"not_picked":["Anger","Rupture"],"picked":"Body Slam","floor":35},{"not_picked":["Second Wind","Thunderclap","Headbutt"],"picked":"Singing Bowl","floor":36},{"not_picked":["Headbutt+1","Burning Pact","Havoc"],"picked":"Singing Bowl","floor":37},{"not_picked":["Forethought","The Bomb"],"picked":"Purity","floor":39},{"not_picked":["Metallicize","Dropkick","Pummel"],"picked":"Singing Bowl","floor":40},{"not_picked":["Cleave","Ghostly Armor","Heavy Blade"],"picked":"Singing Bowl","floor":41},{"not_picked":["Pommel Strike","Corruption","Twin Strike"],"picked":"Singing Bowl","floor":44},{"not_picked":["Perfected Strike","Flex","Wild Strike+1"],"picked":"Singing Bowl","floor":45},{"not_picked":["True Grit","Armaments+1","Thunderclap"],"picked":"Singing Bowl","floor":48}],"player_experience":493643,"relics_obtained":[{"floor":7.0,"key":"Strawberry"},{"floor":9.0,"key":"Meat on the Bone"},{"floor":11.0,"key":"Bronze Scales"},{"floor":14.0,"key":"Charon\u0027s Ashes"},{"floor":23.0,"key":"Unceasing Top"},{"floor":25,"key":"Dodecahedron"},{"floor":26,"key":"Juzu Bracelet"},{"floor":27,"key":"Singing Bowl"},{"floor":29,"key":"Paper Frog"},{"floor":37,"key":"FossilizedHelix"},{"floor":40,"key":"Anchor"},{"floor":45,"key":"Regal Pillow"}],"event_choices":[{"damage_healed":0.0,"max_hp_gain":0.0,"max_hp_loss":0.0,"gold_gain":75.0,"event_name":"World of Goop","player_choice":"Gather Gold","floor":4.0,"gold_loss":0.0,"damage_taken":11.0},{"damage_healed":0.0,"max_hp_gain":0.0,"max_hp_loss":0.0,"gold_gain":0.0,"event_name":"Shining Light","player_choice":"Entered Light","floor":10.0,"gold_loss":0.0,"damage_taken":25.0,"cards_upgraded":["Strike_R","Strike_R"]},{"cards_removed":["Strike_R"],"damage_healed":0.0,"max_hp_gain":0.0,"max_hp_loss":0.0,"gold_gain":0.0,"event_name":"Bonfire Elementals","player_choice":"Offered Basic","floor":19.0,"gold_loss":0.0,"damage_taken":0.0},{"damage_healed":0,"gold_gain":0,"player_choice":"Ignored","damage_taken":0,"max_hp_gain":0,"max_hp_loss":0,"event_name":"The Mausoleum","floor":24,"gold_loss":0},{"damage_healed":0,"gold_gain":0,"player_choice":"Ignored","damage_taken":0,"max_hp_gain":0,"max_hp_loss":0,"event_name":"Ghosts","floor":31,"gold_loss":0},{"damage_healed":0,"gold_gain":0,"player_choice":"Fight","damage_taken":0,"max_hp_gain":0,"max_hp_loss":0,"event_name":"Mysterious Sphere","floor":37,"gold_loss":0},{"cards_removed":["Defend_R"],"damage_healed":0,"gold_gain":0,"player_choice":"Removed Skill","damage_taken":0,"max_hp_gain":0,"max_hp_loss":0,"event_name":"Falling","floor":38,"gold_loss":0},{"damage_healed":0,"gold_gain":0,"player_choice":"Memory 1","damage_taken":0,"max_hp_gain":0,"max_hp_loss":0,"event_name":"SensoryStone","floor":39,"gold_loss":0}],"is_beta":true,"boss_relics":[{"not_picked":["Busted Crown","Sozu"],"picked":"Mark of Pain"},{"not_picked":["Black Star","Pandora\u0027s Box"],"picked":"Empty Cage"}],"items_purged_floors":[2,21,47],"is_endless":false,"potions_floor_spawned":[1,3,12,20,23,29,37,40,44,48],"ascension_level":20}