{"gold_per_floor":[113,127,127,277,157,157,190,11,11,23,53,53,86,104,104,104],"floor_reached":16,"playtime":333,"items_purged":["Doubt"],"score":265,"play_id":"e69a8dc8-d89b-4398-93f9-7910b7c28ceb","local_time":"20181012023754","is_ascension_mode":true,"campfire_choices":[{"data":"Zap","floor":6.0,"key":"SMITH"},{"data":"Consume","floor":15.0,"key":"SMITH"}],"neow_cost":"NONE","seed_source_timestamp":96749275028124,"circlet_count":0,"master_deck":["Strike_B","Strike_B","Strike_B","Strike_B+1","Defend_B","Defend_B+1","Defend_B","Defend_B","Zap+1","Dualcast","AscendersBane","Capacitor","Streamline","Self Repair","Go for the Eyes","Consume+1","Leap"],"special_seed":0,"relics":["Cracked Core","NeowsBlessing","Bottled Lightning","DataDisk","Letter Opener","Orichalcum","Golden Idol","Centennial Puzzle"],"potions_floor_usage":[16],"damage_taken":[{"damage":0.0,"enemies":"Jaw Worm","floor":1.0,"turns":1.0},{"damage":0.0,"enemies":"Cultist","floor":2.0,"turns":1.0},{"damage":0.0,"enemies":"Gremlin Nob","floor":7.0,"turns":1.0},{"damage":7.0,"enemies":"Small Slimes","floor":10.0,"turns":3.0},{"damage":20.0,"enemies":"3 Sentries","floor":11.0,"turns":6.0},{"damage":14.0,"enemies":"Gremlin Nob","floor":13.0,"turns":4.0},{"damage":5.0,"enemies":"3 Louse","floor":14.0,"turns":3.0},{"damage":0,"enemies":"Slime Boss","floor":16,"turns":4}],"seed_played":"3512549896606212134","potions_obtained":[{"floor":2.0,"key":"AttackPotion"},{"floor":10.0,"key":"SpeedPotion"},{"floor":11.0,"key":"GamblersBrew"}],"is_trial":false,"path_per_floor":["M","M","?","?","$","R","E","$","T","M","E","?","E","M","R"],"character_chosen":"DEFECT","items_purchased":["Self Repair","DataDisk"],"campfire_rested":0,"item_purchase_floors":[5,8],"current_hp_per_floor":[64,64,43,43,43,43,50,50,50,50,30,30,23,18,18,18],"gold":104,"neow_bonus":"THREE_ENEMY_KILL","is_prod":false,"is_daily":false,"chose_seed":false,"campfire_upgraded":2,"win_rate":0,"timestamp":1539283074,"path_taken":["M","M","?","?","$","R","E","$","T","M","E","?","E","?","R","BOSS"],"build_version":"2018-10-04v2","purchased_purges":1,"victory":false,"max_hp_per_floor":[71,71,71,71,71,71,71,71,71,71,71,64,64,64,64,64],"card_choices":[{"not_picked":["Hologram","Sweeping Beam"],"picked":"Capacitor","floor":1.0},{"not_picked":["Genetic Algorithm","Compile Driver"],"picked":"Streamline","floor":2.0},{"not_picked":["Double Energy","Compile Driver","Rebound"],"picked":"SKIP","floor":7.0},{"not_picked":["Beam Cell","Gash"],"picked":"Go for the Eyes","floor":10.0},{"not_picked":["Lockon","Chill"],"picked":"Consume","floor":11.0},{"not_picked":["Stack","Multi-Cast"],"picked":"Leap","floor":13.0},{"not_picked":["Conserve Battery","Stack","Hologram"],"picked":"SKIP","floor":14.0}],"player_experience":294446,"relics_obtained":[{"floor":7.0,"key":"Bottled Lightning"},{"floor":9.0,"key":"Letter Opener"},{"floor":11.0,"key":"Orichalcum"},{"floor":13.0,"key":"Centennial Puzzle"}],"event_choices":[{"event_name":"Shining Light","player_choice":"Entered Light","floor":3.0,"damage_taken":0.0},{"event_name":"Liars Game","player_choice":"agreed","floor":4.0,"damage_taken":0.0},{"event_name":"Golden Idol","player_choice":"Lose Max HP","floor":12.0,"damage_taken":0.0}],"is_beta":false,"boss_relics":[],"items_purged_floors":[5],"is_endless":false,"potions_floor_spawned":[2,10,11],"killed_by":"Slime Boss","ascension_level":17}