{"gold_per_floor":[110,110,33,46,63,63,80,80,107,32,32,42,73,86,86,186,186,205,205,217,229,242,242,262,277,277,277,277,291,41,54,54,154,154,172,188,188,188,46,78,94,106,106,106,117,128,128,128,128,128],"floor_reached":51,"playtime":2945,"items_purged":["Defend_G","Strike_G"],"score":760,"play_id":"1f2d8d02-90a7-4e9e-8248-85fbfad2698c","local_time":"20181021224202","is_ascension_mode":false,"campfire_choices":[{"data":"Well Laid Plans","floor":6.0,"key":"SMITH"},{"data":"Acrobatics","floor":8.0,"key":"SMITH"},{"data":"Tactician","floor":11.0,"key":"SMITH"},{"data":"Reflex","floor":15.0,"key":"SMITH"},{"data":"Prepared","floor":23.0,"key":"SMITH"},{"data":"Glass Knife","floor":28.0,"key":"SMITH"},{"data":"Prepared","floor":32,"key":"SMITH"},{"floor":47,"key":"REST"},{"data":"Well Laid Plans","floor":49,"key":"SMITH"}],"neow_cost":"NONE","seed_source_timestamp":50093908161246,"circlet_count":0,"master_deck":["Defend_G","Defend_G","Strike_G+1","Strike_G+1","Survivor","Neutralize","Tactician+1","Adrenaline","Well Laid Plans+1","Acrobatics+1","Glass Knife+1","Reflex+1","Corpse Explosion","Prepared+1","Prepared+1","Catalyst+1","Concentrate","Backflip","Choke","Slice","Footwork","Tactician","Prepared+1","Die Die Die","Tactician+1","Well Laid Plans+1","Tactician","Footwork","Dodge and Roll+1","Acrobatics+1","Dodge and Roll+1"],"special_seed":0,"relics":["Ring of the Snake","Lantern","Whetstone","Orichalcum","Cursed Key","WristBlade"],"potions_floor_usage":[40,40,42,50,50,50],"damage_taken":[{"damage":0.0,"enemies":"Small Slimes","floor":1.0,"turns":3.0},{"damage":0.0,"enemies":"Cultist","floor":4.0,"turns":4.0},{"damage":0.0,"enemies":"2 Louse","floor":5.0,"turns":4.0},{"damage":0.0,"enemies":"Red Slaver","floor":7.0,"turns":4.0},{"damage":0.0,"enemies":"Large Slime","floor":12.0,"turns":4.0},{"damage":9.0,"enemies":"3 Sentries","floor":13.0,"turns":9.0},{"damage":0.0,"enemies":"Looter","floor":14.0,"turns":2.0},{"damage":22.0,"enemies":"Hexaghost","floor":16.0,"turns":13.0},{"damage":0.0,"enemies":"Spheric Guardian","floor":18.0,"turns":3.0},{"damage":0.0,"enemies":"3 Byrds","floor":20.0,"turns":2.0},{"damage":0.0,"enemies":"Sentry and Sphere","floor":21.0,"turns":3.0},{"damage":0.0,"enemies":"Shelled Parasite and Fungi","floor":22.0,"turns":4.0},{"damage":0.0,"enemies":"Snake Plant","floor":24.0,"turns":4.0},{"damage":0.0,"enemies":"Chosen and Byrds","floor":25.0,"turns":4.0},{"damage":0.0,"enemies":"Snecko","floor":29.0,"turns":2.0},{"damage":0,"enemies":"Snake Plant","floor":31,"turns":2},{"damage":40,"enemies":"Champ","floor":33,"turns":7},{"damage":0,"enemies":"Orb Walker","floor":35,"turns":2},{"damage":0,"enemies":"3 Shapes","floor":36,"turns":2},{"damage":45,"enemies":"Nemesis","floor":40,"turns":7},{"damage":0,"enemies":"Maw","floor":41,"turns":4},{"damage":0,"enemies":"Jaw Worm Horde","floor":42,"turns":2},{"damage":1,"enemies":"4 Shapes","floor":45,"turns":4},{"damage":0,"enemies":"Sphere and 2 Shapes","floor":46,"turns":1},{"damage":0,"enemies":"Time Eater","floor":50,"turns":12}],"seed_played":"-4393542453562424898","potions_obtained":[{"floor":4.0,"key":"Poison Potion"},{"floor":13.0,"key":"Weak Potion"},{"floor":14.0,"key":"Block Potion"},{"floor":21.0,"key":"Energy Potion"},{"floor":22.0,"key":"Fire Potion"},{"floor":24.0,"key":"Strength Potion"},{"floor":29.0,"key":"Block Potion"},{"floor":35,"key":"Dexterity Potion"},{"floor":40,"key":"Fruit Juice"},{"floor":41,"key":"SteroidPotion"},{"floor":45,"key":"SkillPotion"}],"is_trial":false,"path_per_floor":["M","?","$","M","M","R","M","R","T","$","R","M","E","M","R","B",null,"M","?","M","M","M","R","M","M","T","?","R","M","$","M","R","B",null,"M","M","T","?","$","E","M","M","T","?","M","M","R","?","R","B"],"character_chosen":"THE_SILENT","items_purchased":["Well Laid Plans","Footwork","Tactician","Well Laid Plans","Tactician"],"campfire_rested":1,"item_purchase_floors":[3,30,30,39,39],"current_hp_per_floor":[70,70,70,70,70,70,70,70,70,70,70,70,61,61,61,39,70,70,70,70,70,70,70,70,70,70,70,70,70,70,70,70,30,70,70,70,70,70,70,30,30,30,30,49,48,48,70,70,70,70],"gold":128,"neow_bonus":"RANDOM_COMMON_RELIC","is_prod":false,"is_daily":false,"chose_seed":false,"campfire_upgraded":8,"win_rate":0,"timestamp":1540132922,"path_taken":["M","?","$","?","M","R","M","R","T","$","R","M","E","M","R","BOSS","M","?","?","M","M","R","M","M","T","?","R","M","$","M","R","BOSS","M","M","?","?","$","E","M","M","T","?","?","M","R","?","R","BOSS"],"build_version":"2018-10-18","purchased_purges":2,"victory":true,"max_hp_per_floor":[70,70,70,70,70,70,70,70,70,70,70,70,70,70,70,70,70,70,70,70,70,70,70,70,70,70,70,70,70,70,70,70,70,70,70,70,70,70,70,75,75,75,75,75,75,75,75,75,75,75],"card_choices":[{"not_picked":["Acrobatics","Dodge and Roll"],"picked":"Tactician","floor":1.0},{"not_picked":["PiercingWail","Underhanded Strike","Deflect"],"picked":"SKIP","floor":4.0},{"not_picked":["Setup","Dagger Throw"],"picked":"Acrobatics","floor":5.0},{"not_picked":["Expertise","Choke","Bane"],"picked":"SKIP","floor":7.0},{"not_picked":["Cloak And Dagger","Expertise","Sucker Punch"],"picked":"SKIP","floor":12.0},{"not_picked":["PiercingWail","Bane"],"picked":"Glass Knife","floor":13.0},{"not_picked":["Cloak And Dagger","Noxious Fumes"],"picked":"Reflex","floor":14.0},{"not_picked":["Bullet Time","Envenom"],"picked":"Corpse Explosion","floor":16.0},{"not_picked":["Quick Slash","Setup"],"picked":"Prepared","floor":18.0},{"not_picked":["Dodge and Roll+1","Slice+1"],"picked":"Prepared+1","floor":20.0},{"not_picked":["Dash","Flechettes"],"picked":"Catalyst+1","floor":21.0},{"not_picked":["Backflip","Deadly Poison+1"],"picked":"Concentrate","floor":22.0},{"not_picked":["Deadly Poison","Blade Dance","Die Die Die"],"picked":"SKIP","floor":24.0},{"not_picked":["Terror+1","Skewer"],"picked":"Backflip","floor":25.0},{"not_picked":["Setup","Crippling Poison","All Out Attack"],"picked":"SKIP","floor":29.0},{"not_picked":["Sucker Punch","Riddle With Holes"],"picked":"Prepared","floor":31},{"not_picked":["Corpse Explosion","After Image"],"picked":"Die Die Die","floor":33},{"not_picked":["Dagger Spray","Blade Dance+1","Noxious Fumes"],"picked":"SKIP","floor":35},{"not_picked":["Calculated Gamble","Dodge and Roll"],"picked":"Tactician+1","floor":36},{"not_picked":["Calculated Gamble+1","Choke+1","Setup"],"picked":"SKIP","floor":40},{"not_picked":["Deflect+1","All Out Attack"],"picked":"Footwork","floor":41},{"not_picked":["Prepared+1","Accuracy+1"],"picked":"Dodge and Roll+1","floor":42},{"not_picked":["Blur","Poisoned Stab+1"],"picked":"Acrobatics+1","floor":45},{"not_picked":["Crippling Poison+1","PiercingWail+1"],"picked":"Dodge and Roll+1","floor":46}],"player_experience":478942,"relics_obtained":[{"floor":9.0,"key":"Whetstone"},{"floor":13.0,"key":"Orichalcum"}],"event_choices":[{"damage_healed":0.0,"max_hp_gain":0.0,"max_hp_loss":0.0,"gold_gain":0.0,"cards_transformed":["Strike_G"],"event_name":"Transmorgrifier","player_choice":"Transformed","floor":2.0,"gold_loss":0.0,"damage_taken":0.0,"cards_obtained":["Adrenaline"]},{"cards_removed":["Defend_G"],"damage_healed":0.0,"max_hp_gain":0.0,"max_hp_loss":0.0,"gold_gain":0.0,"event_name":"Back to Basics","player_choice":"Elegance","floor":19.0,"gold_loss":0.0,"damage_taken":0.0},{"damage_healed":0.0,"max_hp_gain":0.0,"max_hp_loss":0.0,"gold_gain":0.0,"cards_transformed":["Defend_G","Strike_G"],"event_name":"Drug Dealer","player_choice":"Became Test Subject","floor":27.0,"gold_loss":0.0,"damage_taken":0.0,"cards_obtained":["Choke","Slice"]},{"damage_healed":0,"gold_gain":0,"player_choice":"Ignored","damage_taken":0,"max_hp_gain":0,"max_hp_loss":0,"event_name":"SecretPortal","floor":38,"gold_loss":0},{"damage_healed":19,"gold_gain":0,"player_choice":"Writhe","damage_taken":0,"max_hp_gain":0,"max_hp_loss":0,"event_name":"Winding Halls","floor":44,"gold_loss":0,"cards_obtained":["Writhe"]},{"cards_removed":["Writhe"],"damage_healed":0,"gold_gain":0,"player_choice":"Purged","damage_taken":0,"max_hp_gain":0,"max_hp_loss":0,"event_name":"Purifier","floor":48,"gold_loss":0}],"is_beta":false,"boss_relics":[{"not_picked":["Fusion Hammer","Ectoplasm"],"picked":"Cursed Key"},{"not_picked":["Runic Dome","Calling Bell"],"picked":"WristBlade"}],"items_purged_floors":[10,30],"is_endless":false,"potions_floor_spawned":[4,13,14,21,22,24,29,31,35,40,41,45,46],"ascension_level":0}