{"gold_per_floor":[115,190,75,75,90,90,121,121,121,65,93,93,109,124,124,124],"floor_reached":16,"playtime":482,"items_purged":["Strike_G"],"score":316,"play_id":"a3d75f5a-eca9-4fd0-904d-80ad662a02b5","local_time":"20190703163930","is_ascension_mode":true,"campfire_choices":[{"floor":6.0,"key":"DIG"},{"floor":8.0,"key":"REST"},{"data":"Cloak And Dagger","floor":12.0,"key":"SMITH"},{"data":"Choke","floor":15.0,"key":"SMITH"}],"neow_cost":"NONE","seed_source_timestamp":65261651536430,"circlet_count":0,"master_deck":["AscendersBane","Strike_G","Strike_G","Strike_G","Strike_G","Defend_G","Defend_G","Defend_G","Defend_G","Defend_G","Survivor","Neutralize","Madness","Choke+1","Infinite Blades","Cloak And Dagger+1"],"special_seed":0,"relics":["Ring of the Snake","Shovel","Lantern","Mummified Hand","Shuriken","Snake Skull"],"potions_floor_usage":[16],"damage_taken":[{"damage":12.0,"enemies":"Cultist","floor":1.0,"turns":6.0},{"damage":0.0,"enemies":"Small Slimes","floor":5.0,"turns":3.0},{"damage":39.0,"enemies":"3 Sentries","floor":7.0,"turns":11.0},{"damage":16.0,"enemies":"Lagavulin","floor":11.0,"turns":6.0},{"damage":2.0,"enemies":"Jaw Worm","floor":13.0,"turns":4.0},{"damage":0.0,"enemies":"Red Slaver","floor":14.0,"turns":3.0},{"damage":0,"enemies":"Slime Boss","floor":16,"turns":5}],"seed_played":"-926328448366539230","potions_obtained":[{"floor":1.0,"key":"Fruit Juice"},{"floor":13.0,"key":"AttackPotion"}],"is_trial":false,"path_per_floor":["M","?","$","?","M","R","E","R","T","$","E","R","M","M","R","B"],"character_chosen":"THE_SILENT","items_purchased":["Infinite Blades","Cloak And Dagger"],"campfire_rested":1,"item_purchase_floors":[3,10],"current_hp_per_floor":[52,41,41,41,41,41,2,23,23,23,7,7,5,5,5,5],"gold":124,"neow_bonus":"RANDOM_COLORLESS","is_prod":false,"is_daily":false,"chose_seed":false,"campfire_upgraded":2,"win_rate":0,"timestamp":1562143170,"path_taken":["M","?","$","?","M","R","E","R","T","$","E","R","M","M","R","BOSS"],"build_version":"2019-07-01","purchased_purges":1,"victory":false,"max_hp_per_floor":[71,71,71,71,71,71,71,71,71,71,71,71,71,71,71,71],"card_choices":[{"not_picked":["Dodge and Roll","Quick Slash"],"picked":"Choke","floor":1.0},{"not_picked":["Poisoned Stab","Slice","Dodge and Roll"],"picked":"SKIP","floor":5.0},{"not_picked":["Blade Dance","Finisher","Underhanded Strike"],"picked":"SKIP","floor":7.0},{"not_picked":["Dagger Spray","Grand Finale","Acrobatics"],"picked":"SKIP","floor":11.0},{"not_picked":["Catalyst","Distraction","Caltrops"],"picked":"SKIP","floor":13.0},{"not_picked":["Dash","Underhanded Strike","Dodge and Roll"],"picked":"SKIP","floor":14.0}],"player_experience":1516900,"relics_obtained":[{"floor":4.0,"key":"Shovel"},{"floor":6.0,"key":"Lantern"},{"floor":7.0,"key":"Mummified Hand"},{"floor":9.0,"key":"Shuriken"},{"floor":11.0,"key":"Snake Skull"}],"event_choices":[{"damage_healed":0.0,"max_hp_gain":0.0,"max_hp_loss":0.0,"gold_gain":75.0,"event_name":"World of Goop","player_choice":"Gather Gold","floor":2.0,"gold_loss":0.0,"damage_taken":11.0},{"damage_healed":0.0,"max_hp_gain":0.0,"max_hp_loss":0.0,"gold_gain":0.0,"event_name":"Wheel of Change","player_choice":"Relic","floor":4.0,"gold_loss":0.0,"damage_taken":0.0}],"is_beta":false,"boss_relics":[],"items_purged_floors":[3],"is_endless":false,"potions_floor_spawned":[1,13],"killed_by":"Slime Boss","ascension_level":20}