{"path_per_floor":["M","M","M","M","M","R","E","R","T","R","M","E","$","M","R","B",null,"M","?","?","?","M","E","M","$","T","$","E","R","M","M","R","B",null,"M","$","?","?","M","R","E","R","T","E","M","E","?","M","R","B"],"character_chosen":"IRONCLAD","items_purchased":["Dodecahedron","Whetstone","Ice Cream"],"gold_per_floor":[114,129,144,159,174,174,204,204,229,229,244,274,24,39,39,139,139,154,154,154,154,169,199,214,214,289,139,169,169,184,199,199,299,299,314,14,14,14,29,29,59,59,139,169,184,214,227,242,242,242],"floor_reached":51,"campfire_rested":0,"playtime":1681,"item_purchase_floors":[13,27,36],"current_hp_per_floor":[80,80,76,78,80,80,49,49,49,49,53,54,54,67,67,43,87,80,80,64,64,80,86,87,87,87,87,77,77,83,87,87,67,89,89,89,89,78,81,81,89,89,89,93,93,95,94,97,97,84],"items_purged":[],"gold":242,"score":1012,"play_id":"b3534c5d-e570-4a68-938e-e8ed87a220aa","local_time":"20180523130203","daily_mods":["Brewmaster","Lethality","Vintage"],"is_prod":false,"is_daily":true,"chose_seed":false,"is_ascension_mode":false,"campfire_upgraded":9,"timestamp":1527051723,"campfire_choices":[{"data":"Bash","floor":6,"key":"SMITH"},{"data":"Venomology","floor":8,"key":"SMITH"},{"data":"Venomology","floor":10,"key":"SMITH"},{"data":"Pummel","floor":15,"key":"SMITH"},{"data":"Heavy Blade","floor":29,"key":"SMITH"},{"data":"Double Tap","floor":32,"key":"SMITH"},{"data":"Madness","floor":40,"key":"SMITH"},{"data":"Madness","floor":42,"key":"SMITH"},{"data":"Hemokinesis","floor":49,"key":"SMITH"}],"path_taken":["M","?","M","M","M","R","E","R","T","R","M","E","$","M","R","BOSS","M","?","?","?","M","E","M","?","T","$","E","R","M","M","R","BOSS","M","$","?","?","M","R","E","R","T","E","M","E","?","M","R","BOSS"],"build_version":"2018-05-21v2","seed_source_timestamp":0,"purchased_purges":0,"victory":true,"master_deck":["Strike_R+1","Strike_R+1","Strike_R+1","Strike_R+1","Strike_R+1","Defend_R+1","Defend_R+1","Defend_R+1","Defend_R+1","Bash+1","Venomology+1","Venomology+1","Venomology+1","Venomology","Clash+1","Pummel+1","Limit Break","Double Tap+1","Sword Boomerang+1","Heavy Blade+1","Battle Trance","Hemokinesis+1","Madness+1","Madness+1"],"max_hp_per_floor":[80,80,80,80,80,80,80,80,80,80,80,80,80,87,87,87,87,87,87,87,87,87,87,87,87,87,87,87,87,87,87,87,89,89,89,89,89,89,89,89,91,91,91,93,93,95,97,97,97,97],"relics":["Burning Blood","White Beast Statue","Happy Flower","Bag of Preparation","Bronze Scales","Lantern","Bottled Flame","Meat on the Bone","Art of War","Boot","War Paint","Dodecahedron","Strawberry","Potion Belt","Orrery","Question Card","Enchiridion","Pen Nib","Darkstone Periapt","Ancient Tea Set","Toolbox","Whetstone","Regal Pillow","Singing Bowl","Bag of Marbles","Paper Frog","Black Star","Oddly Smooth Stone","Ice Cream","Blue Candle","Sundial","Champion Belt","Tiny Chest","Toxic Egg 2","Centennial Puzzle","Mercury Hourglass","Molten Egg 2","Smiling Mask","Du-Vu Doll","Vajra"],"card_choices":[{"not_picked":["Dual Wield","Thunderclap"],"picked":"Clash","floor":7},{"not_picked":["Iron Wave","Uppercut"],"picked":"Pummel","floor":12},{"not_picked":["Bludgeon","Offering"],"picked":"Limit Break","floor":16},{"not_picked":["Carnage","Clothesline"],"picked":"Double Tap","floor":17},{"not_picked":["True Grit","Heavy Blade"],"picked":"Sword Boomerang","floor":17},{"not_picked":["Uppercut","Second Wind"],"picked":"Heavy Blade","floor":17},{"not_picked":["Thunderclap","Twin Strike","Sword Boomerang","Combust"],"picked":"SKIP","floor":23},{"not_picked":["Hemokinesis","Metallicize","Entrench+1","Evolve"],"picked":"SKIP","floor":28},{"not_picked":["Offering","Double Tap","Reaper","Fiend Fire"],"picked":"Singing Bowl","floor":33},{"not_picked":["Warcry+1","Headbutt","Pummel+1","Cleave+1"],"picked":"Singing Bowl","floor":41},{"not_picked":["Armaments+1","Sentinel+1","Disarm+1","Clash+1"],"picked":"Singing Bowl","floor":44},{"not_picked":["Cleave","Berserk","Perfected Strike+1","Shrug It Off+1"],"picked":"Singing Bowl","floor":46},{"not_picked":["Flex+1","Cleave+1","Heavy Blade+1","Pommel Strike+1"],"picked":"Singing Bowl","floor":47}],"player_experience":489274,"potions_floor_usage":[1,1,2,4,4,5,5,5,5,5,7,7,7,7,7,11,11,11,12,12,12,14,16,16,16,16,16,18,22,22,22,22,22,23,23,24,24,24,28,28,28,28,30,31,31,33,33,33,33,33,33,39,39,39,41,41,44,44,44,44,44,46,46,47,47,47,48,48,48,50,50,50,50,50,50],"damage_taken":[{"damage":0,"enemies":"Cultist","floor":1,"turns":3},{"damage":0,"enemies":"2 Louse","floor":2,"turns":1},{"damage":10,"enemies":"Small Slimes","floor":3,"turns":3},{"damage":4,"enemies":"Exordium Wildlife","floor":4,"turns":3},{"damage":2,"enemies":"3 Louse","floor":5,"turns":3},{"damage":37,"enemies":"3 Sentries","floor":7,"turns":6},{"damage":14,"enemies":"Gremlin Gang","floor":11,"turns":3},{"damage":17,"enemies":"Gremlin Nob","floor":12,"turns":3},{"damage":0,"enemies":"Looter","floor":14,"turns":1},{"damage":42,"enemies":"Hexaghost","floor":16,"turns":5},{"damage":13,"enemies":"Shell Parasite","floor":18,"turns":2},{"damage":3,"enemies":"2 Thieves","floor":22,"turns":2},{"damage":0,"enemies":"Gremlin Leader","floor":23,"turns":3},{"damage":0,"enemies":"Snake Plant","floor":24,"turns":1},{"damage":16,"enemies":"Book of Stabbing","floor":28,"turns":2},{"damage":0,"enemies":"3 Cultists","floor":30,"turns":1},{"damage":0,"enemies":"Centurion and Healer","floor":31,"turns":2},{"damage":33,"enemies":"Collector","floor":33,"turns":5},{"damage":0,"enemies":"Orb Walker","floor":35,"turns":1},{"damage":3,"enemies":"3 Shapes","floor":39,"turns":2},{"damage":0,"enemies":"2 Orb Walkers","floor":41,"turns":2},{"damage":2,"enemies":"Giant Head","floor":44,"turns":3},{"damage":0,"enemies":"Flame Bruiser 2 Orb","floor":45,"turns":1},{"damage":0,"enemies":"Nemesis","floor":46,"turns":1},{"damage":9,"enemies":"…Ò√ÿ‘≤«Ú","floor":47,"turns":1},{"damage":0,"enemies":"3 Darklings","floor":48,"turns":1},{"damage":19,"enemies":"Time Eater","floor":50,"turns":4}],"relics_obtained":[{"floor":1,"key":"Happy Flower"},{"floor":2,"key":"Bag of Preparation"},{"floor":3,"key":"Bronze Scales"},{"floor":4,"key":"Lantern"},{"floor":5,"key":"Bottled Flame"},{"floor":7,"key":"Meat on the Bone"},{"floor":9,"key":"Art of War"},{"floor":11,"key":"Boot"},{"floor":12,"key":"War Paint"},{"floor":14,"key":"Strawberry"},{"floor":16,"key":"Potion Belt"},{"floor":18,"key":"Question Card"},{"floor":20,"key":"Enchiridion"},{"floor":22,"key":"Pen Nib"},{"floor":23,"key":"Darkstone Periapt"},{"floor":24,"key":"Ancient Tea Set"},{"floor":26,"key":"Toolbox"},{"floor":28,"key":"Regal Pillow"},{"floor":30,"key":"Singing Bowl"},{"floor":31,"key":"Bag of Marbles"},{"floor":33,"key":"Paper Frog"},{"floor":35,"key":"Oddly Smooth Stone"},{"floor":39,"key":"Blue Candle"},{"floor":41,"key":"Sundial"},{"floor":41,"key":"Champion Belt"},{"floor":43,"key":"Tiny Chest"},{"floor":44,"key":"Toxic Egg 2"},{"floor":44,"key":"Centennial Puzzle"},{"floor":45,"key":"Mercury Hourglass"},{"floor":46,"key":"Molten Egg 2"},{"floor":46,"key":"Smiling Mask"},{"floor":47,"key":"Du-Vu Doll"},{"floor":48,"key":"Vajra"}],"event_choices":[{"event_name":"The Library","player_choice":"Read","floor":19,"damage_taken":0},{"event_name":"Cursed Tome","player_choice":"Obtained Book","floor":20,"damage_taken":0},{"event_name":"Back to Basics","player_choice":"Simplicity","floor":21,"damage_taken":0},{"event_name":"Transmorgrifier","player_choice":"Transform","floor":37,"damage_taken":0},{"event_name":"Winding Halls","player_choice":"Embrace Madness","floor":38,"damage_taken":0},{"event_name":"Mysterious Sphere","player_choice":"Fight","floor":47,"damage_taken":0}],"boss_relics":[{"not_picked":["Mark of Pain","Ectoplasm"],"picked":"Orrery"},{"not_picked":["Philosopher\u0027s Stone","Calling Bell"],"picked":"Black Star"}],"items_purged_floors":[],"potions_floor_spawned":[1,2,3,4,5,7,11,12,14,16,18,22,23,24,28,30,31,33,35,39,41,44,45,46,47,48],"seed_played":"-4877040327349419501","ascension_level":0,"potions_obtained":[{"floor":1,"key":"Weak Potion"},{"floor":2,"key":"GamblersBrew"},{"floor":3,"key":"Poison Potion"},{"floor":4,"key":"Block Potion"},{"floor":5,"key":"Dexterity Potion"},{"floor":7,"key":"SmokeBomb"},{"floor":18,"key":"EssenceOfSteel"},{"floor":22,"key":"EssenceOfSteel"},{"floor":24,"key":"Swift Potion"},{"floor":30,"key":"PowerPotion"},{"floor":33,"key":"Weak Potion"},{"floor":35,"key":"SteroidPotion"},{"floor":39,"key":"Explosive Potion"},{"floor":41,"key":"SkillPotion"},{"floor":44,"key":"FearPotion"},{"floor":45,"key":"Fire Potion"},{"floor":47,"key":"Energy Potion"},{"floor":48,"key":"GamblersBrew"}],"is_trial":false}