{"gold_per_floor":[114,114,126,201,82,115,115,130,130,130,150,150,160,195,195,195],"floor_reached":16,"playtime":251,"items_purged":["Strike_R"],"score":270,"play_id":"fd70d196-b520-4691-aad8-68f309a5383d","local_time":"20190108223910","is_ascension_mode":true,"campfire_choices":[{"data":"Rampage","floor":7,"key":"SMITH"},{"data":"True Grit","floor":10,"key":"SMITH"},{"data":"Barricade","floor":15,"key":"SMITH"}],"neow_cost":"NONE","seed_source_timestamp":40144742246279,"circlet_count":0,"master_deck":["AscendersBane","Strike_R","Strike_R","Strike_R","Strike_R","Defend_R","Defend_R","Defend_R","Defend_R","Bash","True Grit+1","Immolate","Rampage+1","Battle Trance","Headbutt","Armaments","Berserk","Barricade+1"],"special_seed":0,"relics":["Burning Blood","NeowsBlessing","Mummified Hand","Dodecahedron","Unceasing Top"],"potions_floor_usage":[],"damage_taken":[{"damage":0.0,"enemies":"Cultist","floor":1.0,"turns":1.0},{"damage":0,"enemies":"Small Slimes","floor":3,"turns":1},{"damage":0,"enemies":"3 Sentries","floor":6,"turns":2},{"damage":0,"enemies":"2 Louse","floor":8,"turns":2},{"damage":0,"enemies":"Exordium Wildlife","floor":11,"turns":1},{"damage":0,"enemies":"2 Fungi Beasts","floor":13,"turns":3},{"damage":56,"enemies":"Gremlin Nob","floor":14,"turns":5},{"damage":33,"enemies":"Slime Boss","floor":16,"turns":3}],"seed_played":"-5759883764860224973","potions_obtained":[{"floor":3,"key":"BloodPotion"},{"floor":11,"key":"Dexterity Potion"}],"is_trial":false,"path_per_floor":["M","?","M","?","$","E","R","M","T","R","M","?","M","E","R","B"],"character_chosen":"IRONCLAD","items_purchased":["Battle Trance"],"campfire_rested":0,"item_purchase_floors":[5],"current_hp_per_floor":[74,74,75,64,64,70,70,75,75,75,75,80,80,30,30,0],"gold":195,"neow_bonus":"THREE_ENEMY_KILL","is_prod":false,"is_daily":false,"chose_seed":false,"campfire_upgraded":3,"win_rate":0,"timestamp":1546958350,"path_taken":["M","?","?","?","$","E","R","M","T","R","M","?","M","E","R","BOSS"],"build_version":"2019-01-03v4","purchased_purges":1,"victory":false,"max_hp_per_floor":[75,75,75,75,75,75,75,75,75,75,75,80,80,80,80,80],"card_choices":[{"not_picked":["Headbutt","Anger"],"picked":"True Grit","floor":1.0},{"not_picked":["Hemokinesis","Iron Wave"],"picked":"Rampage","floor":3},{"not_picked":["Warcry","Spot Weakness"],"picked":"Headbutt","floor":6},{"not_picked":["Infernal Blade","Reckless Charge"],"picked":"Armaments","floor":8},{"not_picked":["Pommel Strike","Perfected Strike","Flex"],"picked":"SKIP","floor":11},{"not_picked":["True Grit","Perfected Strike"],"picked":"Berserk","floor":13},{"not_picked":["Twin Strike","Infernal Blade"],"picked":"Barricade","floor":14}],"player_experience":1867881,"relics_obtained":[{"floor":6,"key":"Mummified Hand"},{"floor":9,"key":"Dodecahedron"},{"floor":14,"key":"Unceasing Top"}],"event_choices":[{"damage_healed":0,"gold_gain":0,"player_choice":"1 cards matched","damage_taken":0,"max_hp_gain":0,"max_hp_loss":0,"event_name":"Match and Keep!","floor":2,"gold_loss":0,"cards_obtained":["Immolate"]},{"damage_healed":0,"gold_gain":75,"player_choice":"Gather Gold","damage_taken":11,"max_hp_gain":0,"max_hp_loss":0,"event_name":"World of Goop","floor":4,"gold_loss":0},{"damage_healed":0,"gold_gain":0,"player_choice":"Donut","damage_taken":0,"max_hp_gain":5,"max_hp_loss":0,"event_name":"Big Fish","floor":12,"gold_loss":0}],"is_beta":false,"boss_relics":[],"items_purged_floors":[5],"is_endless":false,"potions_floor_spawned":[3,11,14],"killed_by":"Slime Boss","ascension_level":20}