{"gold_per_floor":[109,109,120,46,46,46,71,71,71,88,116,136,198,214,214,214],"floor_reached":16,"playtime":260,"items_purged":[],"score":270,"play_id":"530ae3ce-42c5-45e3-8eb6-daea586e20df","local_time":"20181121232646","is_ascension_mode":true,"campfire_choices":[{"floor":6.0,"key":"RECALL"},{"data":"Predator","floor":15,"key":"SMITH"}],"neow_cost":"NONE","seed_source_timestamp":17812377014708,"circlet_count":0,"master_deck":["AscendersBane","Defend_G","Defend_G","Defend_G","Defend_G","Defend_G","Strike_G","Strike_G","Strike_G","Strike_G","Survivor+1","Neutralize+1","Poisoned Stab","Predator+1","Flying Knee","Eviscerate","Backstab","Deadly Poison","Predator+1","Deadly Poison"],"special_seed":0,"relics":["Ring of the Snake","NeowsBlessing","Mummified Hand","Potion Belt","Unceasing Top","Bag of Preparation"],"potions_floor_usage":[13,16],"damage_taken":[{"damage":0.0,"enemies":"Jaw Worm","floor":1.0,"turns":1.0},{"damage":0.0,"enemies":"Cultist","floor":3.0,"turns":1.0},{"damage":0.0,"enemies":"Lagavulin","floor":7.0,"turns":1.0},{"damage":0.0,"enemies":"2 Louse","floor":10.0,"turns":3.0},{"damage":6.0,"enemies":"Gremlin Nob","floor":11.0,"turns":3.0},{"damage":4.0,"enemies":"Large Slime","floor":12.0,"turns":4.0},{"damage":18,"enemies":"Lagavulin Event","floor":13,"turns":4},{"damage":0,"enemies":"Exordium Wildlife","floor":14,"turns":2},{"damage":1,"enemies":"Slime Boss","floor":16,"turns":4}],"seed_played":"-5055372312620147773","potions_obtained":[{"floor":3.0,"key":"GhostInAJar"},{"floor":10.0,"key":"GamblersBrew"},{"floor":11.0,"key":"Regen Potion"}],"is_trial":false,"path_per_floor":["M","?","M","$","?","R","E","?","T","M","E","M","?","M","R","B"],"character_chosen":"THE_SILENT","items_purchased":["Predator"],"campfire_rested":0,"item_purchase_floors":[4],"current_hp_per_floor":[59,59,59,59,39,39,39,39,39,39,33,29,11,11,11,10],"gold":214,"neow_bonus":"THREE_ENEMY_KILL","is_prod":false,"is_daily":false,"chose_seed":false,"campfire_upgraded":1,"win_rate":0,"timestamp":1542814006,"path_taken":["M","?","?","$","?","R","E","?","T","M","E","M","?","?","R","BOSS"],"build_version":"2018-11-15","purchased_purges":0,"victory":false,"max_hp_per_floor":[66,66,66,66,66,66,66,66,66,66,66,66,66,66,66,66],"card_choices":[{"not_picked":["Dagger Throw","Dagger Spray","Dodge and Roll"],"picked":"SKIP","floor":1.0},{"not_picked":["Deflect","Infinite Blades"],"picked":"Poisoned Stab","floor":3.0},{"not_picked":["Dagger Throw","Expertise"],"picked":"Flying Knee","floor":7.0},{"not_picked":["Poisoned Stab","Bouncing Flask"],"picked":"Backstab","floor":10.0},{"not_picked":["Poisoned Stab","Tools of the Trade","Quick Slash"],"picked":"SKIP","floor":11.0},{"not_picked":["Dagger Spray","Riddle With Holes"],"picked":"Deadly Poison","floor":12.0},{"not_picked":["Eviscerate","Deflect"],"picked":"Predator","floor":13},{"not_picked":["Dagger Throw","Riddle With Holes"],"picked":"Deadly Poison","floor":14}],"player_experience":1136206,"relics_obtained":[{"floor":7.0,"key":"Mummified Hand"},{"floor":9.0,"key":"Potion Belt"},{"floor":11.0,"key":"Unceasing Top"},{"floor":13,"key":"Bag of Preparation"}],"event_choices":[{"damage_healed":0.0,"max_hp_gain":0.0,"max_hp_loss":0.0,"gold_gain":0.0,"event_name":"Upgrade Shrine","player_choice":"Upgraded","floor":2.0,"gold_loss":0.0,"damage_taken":0.0,"cards_upgraded":["Neutralize"]},{"damage_healed":0.0,"max_hp_gain":0.0,"max_hp_loss":0.0,"gold_gain":0.0,"event_name":"Shining Light","player_choice":"Entered Light","floor":5.0,"gold_loss":0.0,"damage_taken":20.0,"cards_upgraded":["Survivor","Predator"]},{"damage_healed":0.0,"max_hp_gain":0.0,"max_hp_loss":0.0,"gold_gain":0.0,"cards_transformed":["Strike_G"],"event_name":"Living Wall","player_choice":"Change","floor":8.0,"gold_loss":0.0,"damage_taken":0.0,"cards_obtained":["Eviscerate"]},{"damage_healed":0,"gold_gain":0,"player_choice":"Searched \u00271\u0027 times","damage_taken":0,"max_hp_gain":0,"max_hp_loss":0,"event_name":"Dead Adventurer","floor":13,"gold_loss":0}],"is_beta":true,"boss_relics":[],"items_purged_floors":[],"is_endless":false,"potions_floor_spawned":[3,10,11],"killed_by":"Slime Boss","ascension_level":20}