{"gold_per_floor":[364,364,364,214,214,214,235,235,305,48,63,84,1,20,20,118,118,139,154,47,47,47],"floor_reached":22,"playtime":519,"items_purged":["Parasite","Strike_G"],"score":448,"play_id":"fb2854fb-8114-46a6-a836-c1cc9c0e59dd","local_time":"20190318005817","is_ascension_mode":true,"campfire_choices":[{"data":"Neutralize","floor":6.0,"key":"SMITH"},{"data":"Tactician","floor":8.0,"key":"SMITH"},{"data":"Noxious Fumes","floor":15.0,"key":"SMITH"}],"neow_cost":"CURSE","seed_source_timestamp":61129091605774,"circlet_count":0,"master_deck":["AscendersBane","Defend_G","Defend_G","Defend_G+1","Defend_G","Defend_G+1","Strike_G","Strike_G","Strike_G","Strike_G","Survivor","Neutralize+1","Tactician+1","Caltrops","Dagger Throw","Noxious Fumes+1","All Out Attack","Corpse Explosion+1","Expertise+1","PiercingWail+1","Acrobatics+1"],"special_seed":0,"relics":["Ring of the Snake","Golden Idol","Matryoshka","Anchor","Toxic Egg 2","Bronze Scales","Black Star"],"potions_floor_usage":[16,16],"damage_taken":[{"damage":1.0,"enemies":"Small Slimes","floor":1.0,"turns":3.0},{"damage":1.0,"enemies":"2 Louse","floor":7.0,"turns":3.0},{"damage":7.0,"enemies":"Cultist","floor":11.0,"turns":5.0},{"damage":0.0,"enemies":"Red Slaver","floor":12.0,"turns":5.0},{"damage":0.0,"enemies":"Looter","floor":14.0,"turns":3.0},{"damage":0,"enemies":"Slime Boss","floor":16,"turns":11},{"damage":0,"enemies":"3 Byrds","floor":18,"turns":2},{"damage":22,"enemies":"2 Thieves","floor":19,"turns":4},{"damage":4,"enemies":"Centurion and Healer","floor":22,"turns":7}],"seed_played":"8690100572927993874","potions_obtained":[{"floor":11.0,"key":"GhostInAJar"},{"floor":12.0,"key":"Block Potion"},{"floor":19,"key":"Weak Potion"}],"is_trial":false,"path_per_floor":["M","?","?","$","?","R","M","R","T","$","M","M","$","M","R","B",null,"M","M","$","?","M"],"character_chosen":"THE_SILENT","items_purchased":["Expertise","Bronze Scales","Noxious Fumes","Acrobatics+1","Fire Potion"],"campfire_rested":0,"item_purchase_floors":[4,10,13,20,20],"current_hp_per_floor":[58,58,40,40,40,40,39,39,39,39,32,32,32,32,32,32,51,51,29,29,29,25],"gold":47,"neow_bonus":"TWO_FIFTY_GOLD","is_prod":false,"is_daily":false,"chose_seed":false,"campfire_upgraded":3,"win_rate":0,"timestamp":1552841897,"path_taken":["M","?","?","$","?","R","?","R","T","$","M","M","?","M","R","BOSS","M","M","?","?","M"],"build_version":"2019-01-23","purchased_purges":2,"victory":false,"max_hp_per_floor":[66,60,60,57,57,57,57,57,57,57,57,57,57,57,57,57,57,57,57,57,57,57],"card_choices":[{"not_picked":["Cloak And Dagger","Prepared","Outmaneuver"],"picked":"SKIP","floor":1.0},{"not_picked":["Crippling Poison","Concentrate"],"picked":"Tactician","floor":7.0},{"not_picked":["Endless Agony","Slice"],"picked":"Caltrops","floor":11.0},{"not_picked":["Dodge and Roll+1","Finisher"],"picked":"Dagger Throw","floor":12.0},{"not_picked":["Setup+1","Choke"],"picked":"All Out Attack","floor":14.0},{"not_picked":["A Thousand Cuts","Malaise+1"],"picked":"Corpse Explosion+1","floor":16},{"not_picked":["Bane","Blur+1"],"picked":"Expertise+1","floor":18},{"not_picked":["Predator","PiercingWail+1","Dagger Spray"],"picked":"SKIP","floor":19},{"not_picked":["Predator","Dagger Spray"],"picked":"PiercingWail+1","floor":19}],"player_experience":3673184,"relics_obtained":[{"floor":9.0,"key":"Anchor"},{"floor":9.0,"key":"Toxic Egg 2"}],"event_choices":[{"damage_healed":0.0,"max_hp_gain":0.0,"max_hp_loss":6.0,"gold_gain":0.0,"event_name":"Golden Idol","player_choice":"Lose Max HP","floor":2.0,"gold_loss":0.0,"damage_taken":0.0,"relics_obtained":["Golden Idol"]},{"damage_healed":0.0,"max_hp_gain":0.0,"max_hp_loss":0.0,"gold_gain":0.0,"event_name":"Shining Light","player_choice":"Entered Light","floor":3.0,"gold_loss":0.0,"damage_taken":18.0,"cards_upgraded":["Defend_G","Defend_G"]},{"cards_removed":["Expertise"],"damage_healed":0.0,"max_hp_gain":0.0,"max_hp_loss":0.0,"gold_gain":0.0,"event_name":"WeMeetAgain","player_choice":"Gave Card","floor":5.0,"gold_loss":0.0,"damage_taken":0.0,"relics_obtained":["Matryoshka"]},{"damage_healed":0,"gold_gain":0,"player_choice":"Ignored","damage_taken":0,"max_hp_gain":0,"max_hp_loss":0,"event_name":"Beggar","floor":21,"gold_loss":0}],"is_beta":false,"boss_relics":[{"not_picked":["Empty Cage","Sozu"],"picked":"Black Star"}],"items_purged_floors":[4,10],"is_endless":false,"potions_floor_spawned":[11,12,14,19],"killed_by":"Centurion and Healer","ascension_level":20}