{"gold_per_floor":[368,382,39,39,54,86,86,102,127,127,52,79,39,39,39,111,161,177,130,30,30,30,63,63],"floor_reached":24,"playtime":860,"items_purged":["Decay","Strike_G"],"score":594,"play_id":"0a918de3-2a57-418e-ad21-1610747a94e9","local_time":"20190216140925","is_ascension_mode":true,"campfire_choices":[{"data":"Noxious Fumes","floor":7.0,"key":"SMITH"},{"data":"Catalyst","floor":15.0,"key":"SMITH"}],"neow_cost":"TEN_PERCENT_HP_LOSS","seed_source_timestamp":18339155341104,"circlet_count":0,"master_deck":["AscendersBane","Defend_G","Defend_G+1","Defend_G","Defend_G","Defend_G","Strike_G","Strike_G","Survivor","Neutralize","Deadly Poison","Escape Plan","Noxious Fumes+1","Die Die Die","Burst","Catalyst+1","Doppelganger","Footwork","Acrobatics","Night Terror","After Image"],"special_seed":0,"relics":["Ring of the Snake","Chemical X","Boot","Ancient Tea Set","Omamori","Tiny House","Happy Flower"],"potions_floor_usage":[24],"damage_taken":[{"damage":4.0,"enemies":"Cultist","floor":1.0,"turns":4.0},{"damage":1.0,"enemies":"2 Louse","floor":2.0,"turns":3.0},{"damage":3.0,"enemies":"Jaw Worm","floor":5.0,"turns":4.0},{"damage":13.0,"enemies":"Lagavulin","floor":6.0,"turns":9.0},{"damage":0.0,"enemies":"3 Louse","floor":8.0,"turns":2.0},{"damage":32.0,"enemies":"3 Sentries","floor":12.0,"turns":8.0},{"damage":0.0,"enemies":"Slime Boss","floor":16.0,"turns":2.0},{"damage":11.0,"enemies":"Spheric Guardian","floor":18.0,"turns":5.0},{"damage":5.0,"enemies":"2 Thieves","floor":19.0,"turns":5.0},{"damage":27,"enemies":"Gremlin Leader","floor":23,"turns":3},{"damage":4,"enemies":"3 Cultists","floor":24,"turns":5}],"seed_played":"-4737732345358543440","potions_obtained":[{"floor":5.0,"key":"Ancient Potion"},{"floor":6.0,"key":"Strength Potion"},{"floor":12.0,"key":"SkillPotion"},{"floor":16.0,"key":"GamblersBrew"},{"floor":17.0,"key":"Weak Potion"},{"floor":18.0,"key":"SkillPotion"},{"floor":23,"key":"SkillPotion"}],"is_trial":false,"path_per_floor":["M","M","$","?","M","E","R","M","T","?","$","E","$","?","R","B",null,"M","M","$","?","$","E","M"],"character_chosen":"THE_SILENT","items_purchased":["Fire Potion","Noxious Fumes","Chemical X","Catalyst"],"campfire_rested":0,"item_purchase_floors":[3,3,3,13],"current_hp_per_floor":[55,54,54,54,51,38,38,38,38,35,35,3,3,3,3,3,51,40,35,35,35,35,8,4],"gold":63,"neow_bonus":"TWO_FIFTY_GOLD","is_prod":false,"is_daily":false,"chose_seed":false,"campfire_upgraded":2,"win_rate":0,"timestamp":1550297365,"path_taken":["M","M","$","?","M","E","R","?","T","?","?","E","$","?","R","BOSS","M","M","$","?","$","E","M"],"build_version":"2019-01-23","purchased_purges":2,"victory":false,"max_hp_per_floor":[60,60,60,60,60,60,60,60,60,60,60,60,60,60,60,60,65,65,65,65,65,65,65,65],"card_choices":[{"not_picked":["Flying Knee","Deflect"],"picked":"Deadly Poison","floor":1.0},{"not_picked":["Quick Slash","Sucker Punch"],"picked":"Escape Plan","floor":2.0},{"not_picked":["Poisoned Stab","Prepared","Quick Slash"],"picked":"SKIP","floor":5.0},{"not_picked":["Poisoned Stab","Prepared","Quick Slash"],"picked":"SKIP","floor":5.0},{"not_picked":["Backflip","Riddle With Holes"],"picked":"Die Die Die","floor":6.0},{"not_picked":["Poisoned Stab","Underhanded Strike","Blade Dance"],"picked":"SKIP","floor":8.0},{"not_picked":["Accuracy","Dodge and Roll"],"picked":"Burst","floor":12.0},{"not_picked":["Unload","Die Die Die"],"picked":"Doppelganger","floor":16.0},{"not_picked":["Riddle With Holes","Underhanded Strike"],"picked":"Footwork","floor":17.0},{"not_picked":["Bane+1","Acrobatics","Caltrops"],"picked":"SKIP","floor":18.0},{"not_picked":["Flying Knee","Dodge and Roll","Dagger Throw"],"picked":"SKIP","floor":19.0},{"not_picked":["Dagger Spray+1","Poisoned Stab"],"picked":"After Image","floor":23}],"player_experience":2820143,"relics_obtained":[{"floor":6.0,"key":"Boot"},{"floor":9.0,"key":"Ancient Tea Set"},{"floor":12.0,"key":"Omamori"},{"floor":23,"key":"Happy Flower"}],"event_choices":[{"damage_healed":0.0,"max_hp_gain":0.0,"max_hp_loss":0.0,"gold_gain":0.0,"event_name":"Wheel of Change","player_choice":"Cursed","floor":4.0,"gold_loss":0.0,"damage_taken":0.0,"cards_obtained":["Decay"]},{"damage_healed":0.0,"max_hp_gain":0.0,"max_hp_loss":0.0,"gold_gain":0.0,"event_name":"The Woman in Blue","player_choice":"Bought 0 Potions","floor":10.0,"gold_loss":0.0,"damage_taken":0.0},{"damage_healed":0.0,"max_hp_gain":0.0,"max_hp_loss":0.0,"gold_gain":0.0,"event_name":"Shining Light","player_choice":"Ignored","floor":14.0,"gold_loss":0.0,"damage_taken":0.0},{"damage_healed":0.0,"max_hp_gain":0.0,"max_hp_loss":0.0,"gold_gain":0.0,"cards_transformed":["Strike_G","Strike_G"],"event_name":"Drug Dealer","player_choice":"Became Test Subject","floor":21.0,"gold_loss":0.0,"damage_taken":0.0,"cards_obtained":["Acrobatics","Night Terror"]}],"is_beta":false,"boss_relics":[{"not_picked":["White Beast Statue","Ring of the Serpent"],"picked":"Tiny House"}],"items_purged_floors":[11,20],"is_endless":false,"potions_floor_spawned":[5,6,12,16,18,23],"killed_by":"3 Cultists","ascension_level":20}