{"gold_per_floor":[10,27,27,39,57,57,74,74,74,74,89,89,89,121,121,200,200,220,220,234,234,247,281,281,300,300,300,53,53,53,82,82,153,153,167,167,167,67,67,67,83,83,83,116,116,116,146,164,164,164,164],"floor_reached":51,"playtime":1770,"items_purged":["Strike_G","Defend_G"],"score":1532,"play_id":"60d315c5-03d0-4545-8170-5abad777665e","local_time":"20190730234222","is_ascension_mode":true,"campfire_choices":[{"data":"Burst","floor":6.0,"key":"SMITH"},{"data":"Footwork","floor":10.0,"key":"SMITH"},{"data":"Wraith Form v2","floor":12.0,"key":"SMITH"},{"data":"Neutralize","floor":15.0,"key":"SMITH"},{"floor":24.0,"key":"REST"},{"data":"Calculated Gamble","floor":27.0,"key":"SMITH"},{"data":"Adrenaline","floor":30.0,"key":"SMITH"},{"data":"Ghostly","floor":32.0,"key":"SMITH"},{"data":"Tactician","floor":40.0,"key":"SMITH"},{"data":"Acrobatics","floor":42.0,"key":"SMITH"},{"floor":49.0,"key":"RECALL"}],"neow_cost":"NO_GOLD","seed_source_timestamp":0,"circlet_count":0,"master_deck":["AscendersBane","Defend_G","Defend_G","Defend_G","Defend_G","Survivor","Neutralize+1","Acrobatics+1","Burst+1","Corpse Explosion","Footwork+1","Wraith Form v2+1","Noxious Fumes","Ghostly","Ghostly+1","Ghostly","Acrobatics+1","Acrobatics","Catalyst","Adrenaline+1","Calculated Gamble+1","Venomology","Tactician+1","Catalyst","Prepared","Blur","Catalyst","Acrobatics"],"special_seed":0,"relics":["Ring of the Snake","Prayer Wheel","Gremlin Horn","Empty Cage","Kunai","Torii","Bag of Preparation","Bottled Lightning","Question Card","Runic Dome","Pear","Potion Belt","Frozen Egg 2","Bird Faced Urn"],"potions_floor_usage":[51,51],"damage_taken":[{"damage":2.0,"enemies":"2 Louse","floor":1.0,"turns":3.0},{"damage":3.0,"enemies":"Cultist","floor":2.0,"turns":5.0},{"damage":10.0,"enemies":"Jaw Worm","floor":4.0,"turns":6.0},{"damage":7.0,"enemies":"3 Louse","floor":5.0,"turns":2.0},{"damage":4.0,"enemies":"Blue Slaver","floor":7.0,"turns":8.0},{"damage":1.0,"enemies":"Red Slaver","floor":11.0,"turns":6.0},{"damage":12.0,"enemies":"3 Sentries","floor":14.0,"turns":4.0},{"damage":11.0,"enemies":"The Guardian","floor":16.0,"turns":13.0},{"damage":8.0,"enemies":"3 Byrds","floor":18.0,"turns":3.0},{"damage":16.0,"enemies":"2 Thieves","floor":20.0,"turns":5.0},{"damage":9.0,"enemies":"Snake Plant","floor":22.0,"turns":8.0},{"damage":22.0,"enemies":"Gremlin Leader","floor":23.0,"turns":8.0},{"damage":2.0,"enemies":"Shelled Parasite and Fungi","floor":25.0,"turns":4.0},{"damage":0.0,"enemies":"Slavers","floor":31.0,"turns":4.0},{"damage":6.0,"enemies":"Collector","floor":33.0,"turns":10.0},{"damage":0.0,"enemies":"Orb Walker","floor":35.0,"turns":4.0},{"damage":0.0,"enemies":"3 Shapes","floor":41.0,"turns":4.0},{"damage":32.0,"enemies":"Reptomancer","floor":44.0,"turns":9.0},{"damage":1.0,"enemies":"Giant Head","floor":47.0,"turns":6.0},{"damage":2.0,"enemies":"Jaw Worm Horde","floor":48.0,"turns":2.0},{"damage":3.0,"enemies":"Donu and Deca","floor":50.0,"turns":7.0},{"damage":39,"enemies":"Time Eater","floor":51,"turns":4}],"seed_played":"953937769662131336","potions_obtained":[{"floor":11.0,"key":"GamblersBrew"},{"floor":14.0,"key":"FearPotion"},{"floor":16.0,"key":"LiquidBronze"},{"floor":25.0,"key":"Dexterity Potion"},{"floor":31.0,"key":"FearPotion"},{"floor":33.0,"key":"Swift Potion"},{"floor":48.0,"key":"SpeedPotion"}],"is_trial":false,"path_per_floor":["M","M","?","M","M","R","M","?","T","R","M","R","?","E","R","B",null,"M","?","M","?","M","E","R","M","T","R","$","T","R","E","R","B",null,"M","?","T","$","?","R","M","R","T","E","?","?","E","M","R","B","B"],"character_chosen":"THE_SILENT","items_purchased":["Bag of Preparation"],"campfire_rested":1,"item_purchase_floors":[28],"current_hp_per_floor":[57,54,54,44,37,37,33,33,33,33,32,32,25,13,13,2,50,42,33,17,33,24,2,11,9,9,9,9,9,9,9,9,3,26,26,26,36,36,36,36,36,36,36,4,4,34,33,32,32,34,0],"gold":164,"neow_bonus":"ONE_RARE_RELIC","is_prod":false,"is_daily":false,"chose_seed":false,"campfire_upgraded":9,"win_rate":0,"timestamp":1564497742,"path_taken":["M","M","?","M","M","R","?","?","T","R","?","R","?","E","R","BOSS","M","?","M","?","?","E","R","M","T","R","$","?","R","E","R","BOSS","M","?","?","$","?","R","M","R","T","E","?","?","E","?","R","BOSS","BOSS"],"build_version":"2019-07-17","purchased_purges":2,"victory":false,"max_hp_per_floor":[66,66,66,66,66,66,66,66,66,66,66,66,66,66,66,66,66,66,33,33,33,33,33,33,33,33,33,33,33,33,33,33,33,33,33,33,43,43,41,41,41,41,41,41,41,34,34,34,34,34,34],"card_choices":[{"not_picked":["Quick Slash","PiercingWail"],"picked":"Acrobatics","floor":1.0},{"not_picked":["Dagger Spray","Blade Dance","Deflect"],"picked":"SKIP","floor":1.0},{"not_picked":["Dodge and Roll","Prepared"],"picked":"Burst","floor":2.0},{"not_picked":["Blade Dance","Predator","Caltrops"],"picked":"SKIP","floor":2.0},{"not_picked":["Blade Dance","Caltrops"],"picked":"Predator","floor":2.0},{"not_picked":["Dagger Spray","Accuracy","Flying Knee"],"picked":"SKIP","floor":4.0},{"not_picked":["Quick Slash","Night Terror","Choke"],"picked":"SKIP","floor":4.0},{"not_picked":["Prepared","Slice","Poisoned Stab"],"picked":"SKIP","floor":5.0},{"not_picked":["Accuracy","All Out Attack","Blade Dance"],"picked":"SKIP","floor":5.0},{"not_picked":["Slice","Underhanded Strike"],"picked":"Footwork","floor":7.0},{"not_picked":["Predator","Quick Slash"],"picked":"PiercingWail","floor":7.0},{"not_picked":["Flying Knee","Bouncing Flask"],"picked":"Wraith Form v2","floor":11.0},{"not_picked":["Flying Knee","Deadly Poison","Dodge and Roll"],"picked":"SKIP","floor":11.0},{"not_picked":["Dodge and Roll","Outmaneuver","Eviscerate"],"picked":"SKIP","floor":14.0},{"not_picked":["Crippling Poison","Terror+1"],"picked":"Noxious Fumes","floor":18.0},{"not_picked":["Finisher","Bouncing Flask","Dagger Spray"],"picked":"SKIP","floor":18.0},{"not_picked":["Slice","Escape Plan"],"picked":"Acrobatics","floor":20.0},{"not_picked":["Deflect","Flechettes"],"picked":"Acrobatics","floor":20.0},{"not_picked":["Poisoned Stab","Deadly Poison"],"picked":"Catalyst","floor":22.0},{"not_picked":["Noxious Fumes","Underhanded Strike+1","Expertise"],"picked":"SKIP","floor":22.0},{"not_picked":["Riddle With Holes","Dodge and Roll"],"picked":"Adrenaline","floor":23.0},{"not_picked":["Masterful Stab","Backflip"],"picked":"Calculated Gamble","floor":25.0},{"not_picked":["Poisoned Stab","Slice+1","Deflect"],"picked":"SKIP","floor":25.0},{"not_picked":["Riddle With Holes","Endless Agony","Heel Hook"],"picked":"SKIP","floor":31.0},{"not_picked":["Malaise","Wraith Form v2","Envenom"],"picked":"Venomology","floor":33.0},{"not_picked":["Flying Knee","PiercingWail","Outmaneuver"],"picked":"Tactician","floor":35.0},{"not_picked":["Dodge and Roll","Eviscerate","Endless Agony","Dagger Throw"],"picked":"SKIP","floor":35.0},{"not_picked":["Underhanded Strike","Die Die Die","Backflip"],"picked":"Catalyst","floor":41.0},{"not_picked":["Predator+1","Cloak And Dagger","Dagger Throw","Backflip"],"picked":"SKIP","floor":41.0},{"not_picked":["Finisher+1","Caltrops","Distraction"],"picked":"Prepared","floor":44.0},{"not_picked":["Caltrops+1","Dagger Spray","Bane"],"picked":"Blur","floor":47.0},{"not_picked":["Bane","Die Die Die","Blade Dance+1"],"picked":"Catalyst","floor":48.0},{"not_picked":["Outmaneuver","Poisoned Stab+1","Backflip+1"],"picked":"Acrobatics","floor":48.0}],"player_experience":695150,"relics_obtained":[{"floor":14.0,"key":"Gremlin Horn"},{"floor":23.0,"key":"Kunai"},{"floor":26.0,"key":"Torii"},{"floor":29.0,"key":"Bottled Lightning"},{"floor":31.0,"key":"Question Card"},{"floor":37.0,"key":"Pear"},{"floor":43.0,"key":"Potion Belt"},{"floor":44.0,"key":"Frozen Egg 2"},{"floor":47.0,"key":"Bird Faced Urn"}],"event_choices":[{"damage_healed":0.0,"max_hp_gain":0.0,"max_hp_loss":0.0,"gold_gain":0.0,"cards_transformed":["Strike_G"],"event_name":"Transmorgrifier","player_choice":"Transformed","floor":3.0,"gold_loss":0.0,"damage_taken":0.0,"cards_obtained":["Corpse Explosion"]},{"damage_healed":0.0,"max_hp_gain":0.0,"max_hp_loss":0.0,"gold_gain":0.0,"event_name":"Accursed Blacksmith","player_choice":"Forge","floor":8.0,"gold_loss":0.0,"damage_taken":0.0,"cards_upgraded":["Acrobatics"]},{"cards_removed":["Strike_G"],"damage_healed":0.0,"max_hp_gain":0.0,"max_hp_loss":0.0,"gold_gain":0.0,"event_name":"Golden Wing","player_choice":"Card Removal","floor":13.0,"gold_loss":0.0,"damage_taken":7.0},{"damage_healed":0.0,"max_hp_gain":0.0,"max_hp_loss":33.0,"gold_gain":0.0,"event_name":"Ghosts","player_choice":"Became a Ghost","floor":19.0,"gold_loss":0.0,"damage_taken":0.0,"cards_obtained":["Ghostly","Ghostly","Ghostly"]},{"cards_removed":["Predator"],"damage_healed":16.0,"max_hp_gain":0.0,"max_hp_loss":0.0,"gold_gain":0.0,"event_name":"Bonfire Elementals","player_choice":"Offered Uncommon","floor":21.0,"gold_loss":0.0,"damage_taken":0.0},{"cards_removed":["PiercingWail"],"damage_healed":0.0,"max_hp_gain":0.0,"max_hp_loss":0.0,"gold_gain":0.0,"event_name":"Falling","player_choice":"Removed Skill","floor":36.0,"gold_loss":0.0,"damage_taken":0.0},{"damage_healed":0.0,"max_hp_gain":0.0,"max_hp_loss":2.0,"gold_gain":0.0,"event_name":"Winding Halls","player_choice":"Max HP","floor":39.0,"gold_loss":0.0,"damage_taken":0.0},{"damage_healed":0.0,"max_hp_gain":0.0,"max_hp_loss":0.0,"gold_gain":0.0,"event_name":"Tomb of Lord Red Mask","player_choice":"Ignored","floor":45.0,"gold_loss":0.0,"damage_taken":0.0},{"damage_healed":34.0,"max_hp_gain":0.0,"max_hp_loss":7.0,"gold_gain":0.0,"event_name":"The Moai Head","player_choice":"Heal","floor":46.0,"gold_loss":0.0,"damage_taken":0.0}],"is_beta":false,"boss_relics":[{"not_picked":["Velvet Choker","Ectoplasm"],"picked":"Empty Cage"},{"not_picked":["Sozu","Calling Bell"],"picked":"Runic Dome"}],"items_purged_floors":[28,38],"is_endless":false,"potions_floor_spawned":[11,14,16,25,31,33,35,48],"killed_by":"Time Eater","ascension_level":20}