{"gold_per_floor":[115,115,131,56,21,21,41,41,41,55,69,99,114,149,149,223,223,240,240,240,290,310,310,330,230,285,285,295,295,133,151,151,228,228,245,263,263,60,72,72,88,88,115,131,131,131,131,144,144,144,144],"floor_reached":52,"playtime":3968,"items_purged":["Strike_B","Strike_B","Strike_B","Defend_B"],"score":1858,"play_id":"4f337789-6a6c-4a2b-a287-6071bddfcbf4","local_time":"20190118182240","is_ascension_mode":true,"campfire_choices":[{"data":"Dualcast","floor":6.0,"key":"SMITH"},{"data":"Defragment","floor":8.0,"key":"SMITH"},{"data":"Reinforced Body","floor":15.0,"key":"SMITH"},{"data":"Capacitor","floor":23.0,"key":"SMITH"},{"data":"Defend_B","floor":27.0,"key":"SMITH"},{"data":"Defend_B","floor":29.0,"key":"SMITH"},{"data":"Defragment","floor":32.0,"key":"SMITH"},{"floor":40,"key":"REST"},{"floor":46,"key":"REST"},{"floor":49,"key":"REST"}],"neow_cost":"NONE","seed_source_timestamp":19527243098502,"circlet_count":0,"master_deck":["AscendersBane","Strike_B+1","Defend_B+1","Defend_B+1","Defend_B+1","Zap","Dualcast+1","Reinforced Body+1","Genetic Algorithm","Defragment+1","Darkness+1","Rainbow+1","Core Surge","Capacitor+1","Hologram+1","Defragment+1","Glacier+1","Echo Form","Redo+1","Coolheaded+1","BootSequence+1"],"special_seed":0,"relics":["Velvet Choker","Toxic Egg 2","WingedGreaves","Matryoshka","Orrery","Ancient Tea Set","Art of War","Runic Pyramid","Orichalcum","Potion Belt"],"potions_floor_usage":[51,51],"damage_taken":[{"damage":4.0,"enemies":"Jaw Worm","floor":1.0,"turns":4.0},{"damage":0.0,"enemies":"Small Slimes","floor":3.0,"turns":4.0},{"damage":0.0,"enemies":"2 Louse","floor":7.0,"turns":2.0},{"damage":8.0,"enemies":"Lots of Slimes","floor":10.0,"turns":5.0},{"damage":3.0,"enemies":"Exordium Wildlife","floor":11.0,"turns":6.0},{"damage":0.0,"enemies":"Large Slime","floor":13.0,"turns":4.0},{"damage":11.0,"enemies":"Gremlin Nob","floor":14.0,"turns":3.0},{"damage":23.0,"enemies":"The Guardian","floor":16.0,"turns":10.0},{"damage":0.0,"enemies":"3 Byrds","floor":18.0,"turns":3.0},{"damage":6.0,"enemies":"Spheric Guardian","floor":22.0,"turns":5.0},{"damage":34.0,"enemies":"Snake Plant","floor":24.0,"turns":6.0},{"damage":1.0,"enemies":"Centurion and Healer","floor":28.0,"turns":7.0},{"damage":1.0,"enemies":"Sentry and Sphere","floor":31.0,"turns":7.0},{"damage":0.0,"enemies":"Champ","floor":33.0,"turns":10.0},{"damage":0.0,"enemies":"3 Shapes","floor":35.0,"turns":5.0},{"damage":21,"enemies":"3 Darklings","floor":36,"turns":6},{"damage":0,"enemies":"Maw","floor":39,"turns":8},{"damage":0,"enemies":"Spire Growth","floor":41,"turns":8},{"damage":31,"enemies":"Jaw Worm Horde","floor":44,"turns":8},{"damage":0,"enemies":"3 Darklings","floor":48,"turns":6},{"damage":0,"enemies":"Donu and Deca","floor":50,"turns":13},{"damage":42,"enemies":"Awakened One","floor":51,"turns":12}],"seed_played":"3463332157850282436","potions_obtained":[{"floor":1.0,"key":"Block Potion"},{"floor":10.0,"key":"Ancient Potion"},{"floor":13.0,"key":"LiquidBronze"},{"floor":14.0,"key":"SpeedPotion"},{"floor":28.0,"key":"GamblersBrew"},{"floor":39,"key":"AttackPotion"},{"floor":48,"key":"Dexterity Potion"}],"is_trial":false,"path_per_floor":["M","?","M","$","?","R","M","R","T","M","M","?","M","E","R","B",null,"M","?","?","?","M","R","M","$","T","R","M","R","$","M","R","B",null,"M","M","?","$","M","R","M","?","T","M","?","R","?","M","R","B","B",null],"character_chosen":"DEFECT","items_purchased":["Defragment","Redo+1"],"campfire_rested":3,"item_purchase_floors":[30,38],"current_hp_per_floor":[60,39,39,39,56,56,56,56,56,48,45,45,45,34,34,11,56,56,56,70,70,64,64,30,30,30,30,29,29,29,28,28,28,60,60,39,39,39,39,60,60,60,60,29,29,50,50,50,71,71,29],"gold":144,"neow_bonus":"BOSS_RELIC","is_prod":false,"is_daily":false,"chose_seed":false,"campfire_upgraded":7,"win_rate":0,"timestamp":1547806960,"path_taken":["M","?","M","$","?","R","M","R","T","M","?","?","M","E","R","BOSS","M","?","?","?","?","R","M","$","T","R","M","R","$","M","R","BOSS","M","M","?","$","M","R","M","?","T","?","?","R","?","M","R","BOSS","BOSS"],"build_version":"2019-01-17","purchased_purges":4,"victory":true,"max_hp_per_floor":[71,71,71,71,71,71,71,71,71,71,71,71,71,71,71,71,71,71,71,71,71,71,71,71,71,71,71,71,71,71,71,71,71,71,71,71,71,71,71,71,71,71,71,71,71,71,71,71,71,71,71],"card_choices":[{"not_picked":["Storm","Ball Lightning"],"picked":"Reinforced Body","floor":1.0},{"not_picked":["Conserve Battery","Cold Snap"],"picked":"Genetic Algorithm","floor":3.0},{"not_picked":["Sweeping Beam","Conserve Battery"],"picked":"Defragment","floor":7.0},{"not_picked":["Ball Lightning","Beam Cell"],"picked":"Coolheaded+1","floor":10.0},{"not_picked":["Hologram+1","Rebound"],"picked":"Darkness+1","floor":11.0},{"not_picked":["Conserve Battery+1","Steam+1","Cold Snap"],"picked":"SKIP","floor":13.0},{"not_picked":["BootSequence+1","Beam Cell","Leap+1"],"picked":"SKIP","floor":14.0},{"not_picked":["Seek+1","Buffer"],"picked":"Rainbow+1","floor":16.0},{"not_picked":["Steam+1","Barrage"],"picked":"Core Surge","floor":17.0},{"not_picked":["Go for the Eyes","Rebound"],"picked":"Capacitor","floor":17.0},{"not_picked":["Heatsinks","Steam+1","Amplify+1"],"picked":"SKIP","floor":18.0},{"not_picked":["Gash","Sweeping Beam"],"picked":"Hologram+1","floor":22.0},{"not_picked":["Hello World","Beam Cell","Go for the Eyes"],"picked":"SKIP","floor":24.0},{"not_picked":["Gash","Barrage","Hello World"],"picked":"SKIP","floor":28.0},{"not_picked":["Leap+1","Cold Snap"],"picked":"Glacier+1","floor":31.0},{"not_picked":["Core Surge","Creative AI"],"picked":"Echo Form","floor":33.0},{"not_picked":["Hologram+1","Reinforced Body+1","Turbo+1"],"picked":"SKIP","floor":35.0},{"not_picked":["Doom and Gloom","Conserve Battery+1","Rebound+1"],"picked":"SKIP","floor":36},{"not_picked":["Auto Shields+1","Conserve Battery+1"],"picked":"Coolheaded+1","floor":39},{"not_picked":["Stack+1","Barrage","Beam Cell"],"picked":"SKIP","floor":41},{"not_picked":["Reinforced Body+1","Hologram+1","Compile Driver"],"picked":"SKIP","floor":44},{"not_picked":["BootSequence+1","Leap+1","FTL"],"picked":"SKIP","floor":48},{"not_picked":["Leap+1","FTL"],"picked":"BootSequence+1","floor":48}],"player_experience":2006216,"relics_obtained":[{"floor":9.0,"key":"Toxic Egg 2"},{"floor":14.0,"key":"Matryoshka"},{"floor":26.0,"key":"Ancient Tea Set"},{"floor":26.0,"key":"Art of War"},{"floor":43,"key":"Orichalcum"},{"floor":43,"key":"Potion Belt"}],"event_choices":[{"damage_healed":0.0,"max_hp_gain":0.0,"max_hp_loss":0.0,"gold_gain":0.0,"event_name":"Shining Light","player_choice":"Entered Light","floor":2.0,"gold_loss":0.0,"damage_taken":21.0,"cards_upgraded":["Defend_B","Strike_B"]},{"damage_healed":17.0,"max_hp_gain":0.0,"max_hp_loss":0.0,"gold_gain":0.0,"event_name":"The Cleric","player_choice":"Healed","floor":5.0,"gold_loss":35.0,"damage_taken":0.0},{"damage_healed":0.0,"max_hp_gain":0.0,"max_hp_loss":0.0,"gold_gain":30.0,"event_name":"Dead Adventurer","player_choice":"Searched \u00272\u0027 times","floor":12.0,"gold_loss":0.0,"damage_taken":0.0,"relics_obtained":["WingedGreaves"]},{"damage_healed":0.0,"max_hp_gain":0.0,"max_hp_loss":0.0,"gold_gain":0.0,"event_name":"Vampires","player_choice":"Ignored","floor":19.0,"gold_loss":0.0,"damage_taken":0.0},{"damage_healed":14.0,"max_hp_gain":0.0,"max_hp_loss":0.0,"gold_gain":0.0,"event_name":"The Library","player_choice":"Heal","floor":20.0,"gold_loss":0.0,"damage_taken":0.0},{"damage_healed":0.0,"max_hp_gain":0.0,"max_hp_loss":0.0,"gold_gain":100.0,"event_name":"The Joust","player_choice":"Bet on Murderer","floor":21.0,"gold_loss":50.0,"damage_taken":0.0},{"cards_removed":["Coolheaded"],"damage_healed":0,"gold_gain":0,"player_choice":"Removed Skill","damage_taken":0,"max_hp_gain":0,"max_hp_loss":0,"event_name":"Falling","floor":37,"gold_loss":0},{"damage_healed":0,"gold_gain":0,"player_choice":"Ignored","damage_taken":0,"max_hp_gain":0,"max_hp_loss":0,"event_name":"Tomb of Lord Red Mask","floor":42,"gold_loss":0},{"damage_healed":0,"gold_gain":0,"player_choice":"Ignored","damage_taken":0,"max_hp_gain":0,"max_hp_loss":0,"event_name":"Mysterious Sphere","floor":45,"gold_loss":0},{"damage_healed":0,"gold_gain":0,"player_choice":"Memory 1","damage_taken":0,"max_hp_gain":0,"max_hp_loss":0,"event_name":"SensoryStone","floor":47,"gold_loss":0}],"is_beta":false,"boss_relics":[{"not_picked":["Ectoplasm","Sozu"],"picked":"Orrery"},{"not_picked":["Cursed Key","White Beast Statue"],"picked":"Runic Pyramid"}],"items_purged_floors":[4,25,30,38],"is_endless":false,"potions_floor_spawned":[1,10,13,14,16,28,39,48],"ascension_level":20}