{"gold_per_floor":[118,118,118,143,143,143,155,166,189,189,189,207,224,204,204,277,277,289,204,129,144,194,194,13,44,44,44,76,76,76,88,88,163,163,175,75,123,134,134,189,64,97,121,154,154,186,186,186,186,186,186,186,186,36,69,69],"floor_reached":57,"playtime":2250,"items_purged":["Strike_G","Strike_G","Defend_G","Corpse Explosion+1"],"score":3095,"play_id":"6e0e51c7-8d0c-4b0b-9b82-2c82683e036b","local_time":"20190117214504","is_ascension_mode":true,"campfire_choices":[{"data":"Leg Sweep","floor":6.0,"key":"SMITH"},{"data":"Corpse Explosion","floor":15.0,"key":"SMITH"},{"data":"Footwork","floor":23.0,"key":"SMITH"},{"data":"Grand Finale","floor":29.0,"key":"SMITH"},{"data":"Prepared","floor":32.0,"key":"SMITH"},{"floor":49.0,"key":"RECALL"},{"data":"Backflip","floor":53,"key":"SMITH"}],"neow_cost":"NONE","seed_source_timestamp":42079965780006,"circlet_count":0,"master_deck":["AscendersBane","Defend_G","Defend_G","Defend_G","Defend_G+1","Survivor","Neutralize+1","Leg Sweep+1","Footwork+1","Backflip+1","Backflip","Grand Finale+1","Prepared+1","Acrobatics"],"special_seed":0,"relics":["Ring of the Snake","Dream Catcher","Paper Crane","Runic Pyramid","Boot","Strawberry","Question Card","Vajra","Black Star","Calipers","Pen Nib","Blue Candle","Meat on the Bone","Orichalcum","Regal Pillow","Omamori","Ginger","Bag of Preparation","Happy Flower","Sundial","Oddly Smooth Stone"],"potions_floor_usage":[56,56],"damage_taken":[{"damage":1.0,"enemies":"2 Louse","floor":1.0,"turns":3.0},{"damage":0.0,"enemies":"Jaw Worm","floor":7.0,"turns":5.0},{"damage":1.0,"enemies":"Small Slimes","floor":8.0,"turns":7.0},{"damage":4.0,"enemies":"Exordium Thugs","floor":12.0,"turns":4.0},{"damage":1.0,"enemies":"Looter","floor":13.0,"turns":5.0},{"damage":0.0,"enemies":"The Guardian","floor":16.0,"turns":16.0},{"damage":0.0,"enemies":"2 Thieves","floor":18.0,"turns":3.0},{"damage":3.0,"enemies":"Chosen","floor":21.0,"turns":5.0},{"damage":8.0,"enemies":"Slavers","floor":25.0,"turns":2.0},{"damage":0.0,"enemies":"Book of Stabbing","floor":28.0,"turns":6.0},{"damage":0.0,"enemies":"Centurion and Healer","floor":31.0,"turns":3.0},{"damage":7.0,"enemies":"Automaton","floor":33.0,"turns":8.0},{"damage":5.0,"enemies":"3 Shapes","floor":35.0,"turns":2.0},{"damage":0.0,"enemies":"2 Orb Walkers","floor":37.0,"turns":3.0},{"damage":16.0,"enemies":"3 Darklings","floor":38.0,"turns":2.0},{"damage":0.0,"enemies":"Nemesis","floor":42.0,"turns":4.0},{"damage":0.0,"enemies":"Giant Head","floor":44.0,"turns":5.0},{"damage":16.0,"enemies":"Nemesis","floor":46.0,"turns":11.0},{"damage":13,"enemies":"Donu and Deca","floor":50,"turns":3},{"damage":0,"enemies":"Awakened One","floor":51,"turns":7},{"damage":12,"enemies":"Shield and Spear","floor":55,"turns":3},{"damage":21,"enemies":"The Heart","floor":56,"turns":9}],"seed_played":"-4510634296575645992","potions_obtained":[{"floor":7.0,"key":"PowerPotion"},{"floor":8.0,"key":"FearPotion"},{"floor":12.0,"key":"GhostInAJar"},{"floor":14.0,"key":"Fruit Juice"},{"floor":25.0,"key":"Strength Potion"},{"floor":38.0,"key":"Explosive Potion"}],"is_trial":false,"path_per_floor":["M","?","?","T","?","R","M","M","T","T","?","M","M","?","R","B",null,"M","?","?","M","?","R","$","E","T","?","E","R","$","M","R","B",null,"M","$","?","M","?","T","$","E","T","E","?","E","?","T","R","B","B",null,"R","$","E","B",null],"character_chosen":"THE_SILENT","items_purchased":["Finesse"],"campfire_rested":0,"item_purchase_floors":[24],"current_hp_per_floor":[58,58,38,38,38,38,38,37,37,37,30,26,25,30,30,30,61,61,61,61,58,58,58,58,57,57,57,57,57,57,57,57,50,71,66,66,66,50,50,50,50,50,50,50,50,46,46,46,46,45,45,67,67,67,55,46],"gold":69,"neow_bonus":"ONE_RANDOM_RARE_CARD","is_prod":false,"is_daily":false,"chose_seed":false,"campfire_upgraded":6,"win_rate":0,"timestamp":1547732704,"path_taken":["M","?","?","?","?","R","M","M","T","?","?","?","M","?","R","BOSS","M","?","?","M","?","R","$","E","T","?","E","R","$","?","R","BOSS","M","$","?","M","?","?","?","E","T","E","?","E","?","?","R","BOSS","BOSS","R","$","E","BOSS"],"build_version":"2019-01-16","purchased_purges":4,"victory":true,"max_hp_per_floor":[66,66,66,66,66,66,66,66,66,66,66,66,66,71,71,71,71,71,71,71,71,71,71,71,78,78,78,78,78,78,78,78,78,78,78,78,78,78,74,74,74,74,74,74,74,74,74,74,74,74,74,74,74,74,74,74],"card_choices":[{"not_picked":["Bane","Reflex"],"picked":"Leg Sweep","floor":1.0},{"not_picked":["Backflip","Outmaneuver"],"picked":"Footwork","floor":7.0},{"not_picked":["Dodge and Roll","Flying Knee","PiercingWail"],"picked":"SKIP","floor":8.0},{"not_picked":["Choke","Outmaneuver"],"picked":"Backflip","floor":12.0},{"not_picked":["Blade Dance","Deflect"],"picked":"Backflip","floor":13.0},{"not_picked":["Storm of Steel","Envenom"],"picked":"Grand Finale","floor":16.0},{"not_picked":["Noxious Fumes","Dagger Spray","Infinite Blades"],"picked":"SKIP","floor":18.0},{"not_picked":["Sucker Punch","Dagger Throw","Choke"],"picked":"SKIP","floor":21.0},{"not_picked":["All Out Attack","Cloak And Dagger","Quick Slash"],"picked":"SKIP","floor":25.0},{"not_picked":["Tactician","Choke","Flying Knee"],"picked":"Prepared","floor":28.0},{"not_picked":["Distraction","Deadly Poison","Underhanded Strike","Blade Dance"],"picked":"SKIP","floor":31.0},{"not_picked":["Bane+1","Poisoned Stab","Reflex","Backflip"],"picked":"SKIP","floor":35.0},{"not_picked":["Outmaneuver","Flechettes+1","Endless Agony","Distraction"],"picked":"SKIP","floor":38.0},{"not_picked":["Bouncing Flask","Poisoned Stab","Die Die Die","Underhanded Strike"],"picked":"SKIP","floor":42.0},{"not_picked":["Riddle With Holes","Reflex","PiercingWail+1","Deflect+1"],"picked":"SKIP","floor":44.0},{"not_picked":["Backflip+1","Malaise","Accuracy+1","Quick Slash"],"picked":"SKIP","floor":46.0},{"not_picked":["PiercingWail","Underhanded Strike","Caltrops"],"picked":"Acrobatics","floor":55}],"player_experience":1291067,"relics_obtained":[{"floor":9.0,"key":"Dream Catcher"},{"floor":10.0,"key":"Paper Crane"},{"floor":25.0,"key":"Strawberry"},{"floor":26.0,"key":"Question Card"},{"floor":28.0,"key":"Vajra"},{"floor":37.0,"key":"Calipers"},{"floor":40.0,"key":"Pen Nib"},{"floor":42.0,"key":"Blue Candle"},{"floor":42.0,"key":"Meat on the Bone"},{"floor":43.0,"key":"Orichalcum"},{"floor":44.0,"key":"Regal Pillow"},{"floor":44.0,"key":"Omamori"},{"floor":46.0,"key":"Ginger"},{"floor":46.0,"key":"Bag of Preparation"},{"floor":48.0,"key":"Happy Flower"},{"floor":55,"key":"Sundial"},{"floor":55,"key":"Oddly Smooth Stone"}],"event_choices":[{"cards_removed":["Strike_G"],"damage_healed":0.0,"max_hp_gain":0.0,"max_hp_loss":0.0,"gold_gain":0.0,"event_name":"Living Wall","player_choice":"Forget","floor":2.0,"gold_loss":0.0,"damage_taken":0.0},{"damage_healed":0.0,"max_hp_gain":0.0,"max_hp_loss":0.0,"gold_gain":0.0,"event_name":"Shining Light","player_choice":"Entered Light","floor":3.0,"gold_loss":0.0,"damage_taken":20.0,"cards_upgraded":["Neutralize","Defend_G"]},{"damage_healed":0.0,"max_hp_gain":0.0,"max_hp_loss":0.0,"gold_gain":0.0,"event_name":"Liars Game","player_choice":"Ignored","floor":5.0,"gold_loss":0.0,"damage_taken":0.0},{"cards_removed":["Strike_G"],"damage_healed":0.0,"max_hp_gain":0.0,"max_hp_loss":0.0,"gold_gain":0.0,"event_name":"Golden Wing","player_choice":"Card Removal","floor":11.0,"gold_loss":0.0,"damage_taken":7.0},{"damage_healed":0.0,"max_hp_gain":0.0,"max_hp_loss":0.0,"gold_gain":0.0,"event_name":"The Woman in Blue","player_choice":"Bought 1 Potion","floor":14.0,"gold_loss":0.0,"damage_taken":0.0},{"damage_healed":0.0,"max_hp_gain":0.0,"max_hp_loss":0.0,"gold_gain":0.0,"event_name":"Addict","player_choice":"Obtained Relic","floor":19.0,"gold_loss":85.0,"damage_taken":0.0,"relics_obtained":["Boot"]},{"cards_removed":["Strike_G"],"damage_healed":0.0,"max_hp_gain":0.0,"max_hp_loss":0.0,"gold_gain":0.0,"event_name":"Beggar","player_choice":"Gave Gold","floor":20.0,"gold_loss":75.0,"damage_taken":0.0},{"damage_healed":0.0,"max_hp_gain":0.0,"max_hp_loss":0.0,"gold_gain":50.0,"event_name":"Nest","player_choice":"Stole From Cult","floor":22.0,"gold_loss":0.0,"damage_taken":0.0},{"damage_healed":0.0,"max_hp_gain":0.0,"max_hp_loss":0.0,"gold_gain":0.0,"event_name":"The Mausoleum","player_choice":"Ignored","floor":27.0,"gold_loss":0.0,"damage_taken":0.0},{"damage_healed":0.0,"max_hp_gain":0.0,"max_hp_loss":0.0,"gold_gain":0.0,"event_name":"Mysterious Sphere","player_choice":"Fight","floor":37.0,"gold_loss":0.0,"damage_taken":0.0},{"damage_healed":0.0,"max_hp_gain":0.0,"max_hp_loss":4.0,"gold_gain":0.0,"event_name":"Winding Halls","player_choice":"Max HP","floor":39.0,"gold_loss":0.0,"damage_taken":0.0},{"damage_healed":0.0,"max_hp_gain":0.0,"max_hp_loss":0.0,"gold_gain":0.0,"event_name":"Tomb of Lord Red Mask","player_choice":"Ignored","floor":45.0,"gold_loss":0.0,"damage_taken":0.0},{"cards_removed":["Finesse"],"damage_healed":0.0,"max_hp_gain":0.0,"max_hp_loss":0.0,"gold_gain":0.0,"event_name":"Falling","player_choice":"Removed Skill","floor":47.0,"gold_loss":0.0,"damage_taken":0.0}],"is_beta":true,"boss_relics":[{"not_picked":["Velvet Choker","Philosopher\u0027s Stone"],"picked":"Runic Pyramid"},{"not_picked":["WristBlade","Eternal Feather"],"picked":"Black Star"}],"items_purged_floors":[24,36,41,54],"is_endless":false,"potions_floor_spawned":[7,8,12,25,38,44],"ascension_level":20}