{"gold_per_floor":[119,134,15,26,36,70,86,86,86,86,116,116,146,7,7,85,85,100,112,62,72,85,85,111,123,135,167,179,191,63,93,93,170,170,186,203,220,237,129,129],"floor_reached":40,"playtime":1740,"items_purged":["Strike_G","Strike_G","Strike_G","Defend_G","Defend_G"],"score":946,"play_id":"66c03cf8-65ed-4977-a4a9-63653d738362","local_time":"20190306130552","is_ascension_mode":true,"campfire_choices":[{"data":"Corpse Explosion","floor":8.0,"key":"SMITH"},{"data":"Predator","floor":10.0,"key":"SMITH"},{"data":"Well Laid Plans","floor":15.0,"key":"SMITH"},{"data":"Neutralize","floor":23.0,"key":"SMITH"},{"data":"Noxious Fumes","floor":25.0,"key":"SMITH"},{"data":"Bouncing Flask","floor":28.0,"key":"SMITH"},{"data":"Footwork","floor":32.0,"key":"SMITH"}],"neow_cost":"NONE","seed_source_timestamp":13213800284831,"circlet_count":0,"master_deck":["AscendersBane","Defend_G","Defend_G","Survivor","Neutralize+1","Backstab","Well Laid Plans+1","Predator+1","Corpse Explosion+1","Burst","Purity","After Image","Noxious Fumes+1","Footwork+1","Pain","Bouncing Flask+1","Grand Finale","Caltrops","Finesse","Well Laid Plans","Parasite","Backflip"],"special_seed":0,"relics":["Ring of the Snake","NeowsBlessing","Blue Candle","Meat on the Bone","Mercury Hourglass","Smiling Mask","Cursed Key","MawBank","Pantograph","Black Star"],"potions_floor_usage":[40],"damage_taken":[{"damage":0.0,"enemies":"Jaw Worm","floor":1.0,"turns":1.0},{"damage":0.0,"enemies":"Cultist","floor":2.0,"turns":1.0},{"damage":0.0,"enemies":"2 Louse","floor":4.0,"turns":1.0},{"damage":9.0,"enemies":"Exordium Thugs","floor":5.0,"turns":5.0},{"damage":19.0,"enemies":"Gremlin Nob","floor":6.0,"turns":4.0},{"damage":14.0,"enemies":"Large Slime","floor":7.0,"turns":4.0},{"damage":5.0,"enemies":"3 Sentries","floor":11.0,"turns":3.0},{"damage":9.0,"enemies":"Lagavulin","floor":13.0,"turns":5.0},{"damage":15.0,"enemies":"The Guardian","floor":16.0,"turns":13.0},{"damage":11.0,"enemies":"2 Thieves","floor":18.0,"turns":2.0},{"damage":14.0,"enemies":"Chosen","floor":19.0,"turns":4.0},{"damage":26.0,"enemies":"Centurion and Healer","floor":21.0,"turns":4.0},{"damage":8.0,"enemies":"3 Cultists","floor":22.0,"turns":3.0},{"damage":20.0,"enemies":"Gremlin Leader","floor":24.0,"turns":6.0},{"damage":12.0,"enemies":"Snake Plant","floor":27.0,"turns":5.0},{"damage":23.0,"enemies":"Slavers","floor":31.0,"turns":2.0},{"damage":9,"enemies":"Champ","floor":33,"turns":9},{"damage":1,"enemies":"3 Shapes","floor":35,"turns":4},{"damage":12,"enemies":"Orb Walker","floor":36,"turns":4},{"damage":19,"enemies":"Maw","floor":37,"turns":6},{"damage":35,"enemies":"Writhing Mass","floor":38,"turns":5},{"damage":1,"enemies":"Reptomancer","floor":40,"turns":2}],"seed_played":"5256067512527830425","potions_obtained":[{"floor":4.0,"key":"GamblersBrew"},{"floor":6.0,"key":"SpeedPotion"},{"floor":7.0,"key":"LiquidBronze"},{"floor":16.0,"key":"Explosive Potion"},{"floor":36,"key":"GamblersBrew"}],"is_trial":false,"path_per_floor":["M","M","$","M","M","E","M","R","T","R","E","?","E","$","R","B",null,"M","M","$","M","M","R","E","R","T","M","R","?","$","E","R","B",null,"M","M","M","M","$","E"],"character_chosen":"THE_SILENT","items_purchased":["Well Laid Plans","Purity","Finesse","Backflip"],"campfire_rested":0,"item_purchase_floors":[3,14,30,39],"current_hp_per_floor":[59,59,59,59,50,31,17,17,17,17,24,24,27,27,27,24,56,45,43,43,29,33,33,25,25,25,25,25,25,25,14,14,42,60,59,47,40,17,17,16],"gold":129,"neow_bonus":"THREE_ENEMY_KILL","is_prod":false,"is_daily":false,"chose_seed":false,"campfire_upgraded":7,"win_rate":0,"timestamp":1551848752,"path_taken":["M","M","$","M","M","E","M","R","T","R","E","?","E","$","R","BOSS","M","M","$","?","M","R","E","R","T","?","R","?","$","E","R","BOSS","M","M","M","M","$","E"],"build_version":"2019-01-23","purchased_purges":5,"victory":false,"max_hp_per_floor":[66,66,66,66,66,66,66,66,66,66,66,66,66,66,66,66,66,66,66,66,66,66,66,66,66,66,66,66,66,66,66,66,66,66,66,66,66,66,66,66],"card_choices":[{"not_picked":["Underhanded Strike","Dagger Spray","Quick Slash"],"picked":"SKIP","floor":1.0},{"not_picked":["Acrobatics","Skewer"],"picked":"Backstab","floor":2.0},{"not_picked":["Distraction","Endless Agony"],"picked":"Predator","floor":4.0},{"not_picked":["Prepared","Bane","Cloak And Dagger"],"picked":"SKIP","floor":5.0},{"not_picked":["Underhanded Strike","Poisoned Stab"],"picked":"Corpse Explosion","floor":6.0},{"not_picked":["Underhanded Strike","Skewer","Outmaneuver"],"picked":"SKIP","floor":7.0},{"not_picked":["Outmaneuver","Poisoned Stab","Acrobatics"],"picked":"SKIP","floor":11.0},{"not_picked":["Prepared","Caltrops"],"picked":"Burst","floor":13.0},{"not_picked":["Doppelganger","Bullet Time"],"picked":"After Image","floor":16.0},{"not_picked":["PiercingWail","Dodge and Roll","Blur"],"picked":"SKIP","floor":18.0},{"not_picked":["All Out Attack","Accuracy"],"picked":"Noxious Fumes","floor":19.0},{"not_picked":["PiercingWail","Backstab","Bane+1"],"picked":"SKIP","floor":21.0},{"not_picked":["PiercingWail","Backstab","Bane+1"],"picked":"SKIP","floor":21.0},{"not_picked":["Caltrops","Reflex"],"picked":"Footwork","floor":22.0},{"not_picked":["Underhanded Strike","Cloak And Dagger","Outmaneuver"],"picked":"SKIP","floor":24.0},{"not_picked":["Predator","Outmaneuver"],"picked":"Bouncing Flask","floor":27.0},{"not_picked":["Underhanded Strike","Flechettes","Finisher+1"],"picked":"SKIP","floor":31.0},{"not_picked":["PiercingWail","Dagger Spray","Predator"],"picked":"SKIP","floor":35},{"not_picked":["Dagger Spray","Sucker Punch"],"picked":"Well Laid Plans","floor":36},{"not_picked":["Flying Knee","Dagger Spray","Deflect+1"],"picked":"SKIP","floor":37},{"not_picked":["Poisoned Stab","Underhanded Strike+1","Venomology"],"picked":"SKIP","floor":38}],"player_experience":3352427,"relics_obtained":[{"floor":6.0,"key":"Blue Candle"},{"floor":9.0,"key":"Meat on the Bone"},{"floor":11.0,"key":"Mercury Hourglass"},{"floor":13.0,"key":"Smiling Mask"},{"floor":24.0,"key":"MawBank"},{"floor":31.0,"key":"Pantograph"}],"event_choices":[{"cards_removed":["Strike_G"],"damage_healed":0.0,"max_hp_gain":0.0,"max_hp_loss":0.0,"gold_gain":0.0,"event_name":"Purifier","player_choice":"Purged","floor":12.0,"gold_loss":0.0,"damage_taken":0.0},{"damage_healed":0.0,"max_hp_gain":0.0,"max_hp_loss":0.0,"gold_gain":0.0,"cards_transformed":["Strike_G","Defend_G"],"event_name":"Drug Dealer","player_choice":"Became Test Subject","floor":29.0,"gold_loss":0.0,"damage_taken":0.0,"cards_obtained":["Grand Finale","Caltrops"]}],"is_beta":false,"boss_relics":[{"not_picked":["Eternal Feather","Sozu"],"picked":"Cursed Key"},{"not_picked":["White Beast Statue","Fusion Hammer"],"picked":"Black Star"}],"items_purged_floors":[3,14,20,30,39],"is_endless":false,"potions_floor_spawned":[4,6,7,16,22,24,33,36],"killed_by":"Reptomancer","ascension_level":20}