{"gold_per_floor":[111,111,122,142,142,174,174,174,221],"floor_reached":9,"playtime":144,"items_purged":[],"score":122,"play_id":"2e38482b-98e9-43a7-90e9-a353a0cd80eb","local_time":"20190412162731","is_ascension_mode":true,"campfire_choices":[],"neow_cost":"NONE","seed_source_timestamp":273022665394563,"circlet_count":0,"master_deck":["AscendersBane","Strike_B","Strike_B","Strike_B","Defend_B","Defend_B","Defend_B","Defend_B","Zap","Dualcast","Conserve Battery","Ball Lightning","Hologram","Defragment","Parasite","Pain"],"relics":["Cursed Key","Darkstone Periapt","DataDisk","Golden Idol","Pen Nib"],"potions_floor_usage":[],"damage_taken":[{"damage":14,"enemies":"Jaw Worm","floor":1,"turns":4},{"damage":0,"enemies":"Cultist","floor":3,"turns":4},{"damage":4,"enemies":"Small Slimes","floor":4,"turns":4},{"damage":32,"enemies":"Gremlin Nob","floor":6,"turns":4}],"seed_played":"7303898071116160411","potions_obtained":[{"floor":1,"key":"SneckoOil"},{"floor":4,"key":"EssenceOfSteel"}],"is_trial":false,"path_per_floor":["M","?","M","M","?","E","T","?","T"],"character_chosen":"DEFECT","items_purchased":[],"campfire_rested":0,"item_purchase_floors":[],"current_hp_per_floor":[50,50,50,46,69,37,43,43,49],"gold":221,"neow_bonus":"BOSS_RELIC","is_prod":false,"is_daily":false,"chose_seed":true,"campfire_upgraded":0,"win_rate":0,"timestamp":1555057651,"path_taken":["M","?","M","?","?","E","?","?","T"],"build_version":"2019-01-23","purchased_purges":0,"victory":false,"max_hp_per_floor":[71,71,71,71,71,71,77,70,76],"card_choices":[{"not_picked":["Reprogram","Steam"],"picked":"Conserve Battery","floor":1},{"not_picked":["Stack","Compile Driver"],"picked":"Ball Lightning","floor":3},{"not_picked":["Sweeping Beam","Leap"],"picked":"Hologram","floor":4},{"not_picked":["Barrage","Steam"],"picked":"Defragment","floor":6}],"player_experience":1374353,"relics_obtained":[{"floor":6,"key":"Darkstone Periapt"},{"floor":7,"key":"DataDisk"},{"floor":9,"key":"Pen Nib"}],"event_choices":[{"cards_removed":["Strike_B"],"damage_healed":0,"gold_gain":0,"player_choice":"Purged","damage_taken":0,"max_hp_gain":0,"max_hp_loss":0,"event_name":"Purifier","floor":2,"gold_loss":0},{"damage_healed":23,"gold_gain":0,"player_choice":"Banana","damage_taken":0,"max_hp_gain":0,"max_hp_loss":0,"event_name":"Big Fish","floor":5,"gold_loss":0},{"damage_healed":0,"gold_gain":0,"player_choice":"Lose Max HP","damage_taken":0,"relics_obtained":["Golden Idol"],"max_hp_gain":0,"max_hp_loss":7,"event_name":"Golden Idol","floor":8,"gold_loss":0}],"is_beta":false,"boss_relics":[],"items_purged_floors":[],"is_endless":false,"potions_floor_spawned":[1,4],"ascension_level":20}