{"gold_per_floor":[113,132,132,147,72,72,90,90,163,163,188,188,188,218,218,289,289,289,214,214,214,214,214,214,214,214,214,214,214,214,214,214,214,214,214,214,214,114,0,0,0,0,0,0,0,0,0,0,0,0,0],"floor_reached":52,"playtime":1948,"items_purged":["Strike_B","White Noise"],"score":1912,"play_id":"aa534af5-78f4-4c1f-a4bf-c9161dec9261","local_time":"20190127220950","is_ascension_mode":true,"campfire_choices":[{"data":"Streamline","floor":6.0,"key":"SMITH"},{"data":"Dualcast","floor":8.0,"key":"SMITH"},{"data":"Zap","floor":10.0,"key":"SMITH"},{"data":"White Noise","floor":12.0,"key":"SMITH"},{"data":"Defragment","floor":15,"key":"SMITH"},{"data":"White Noise","floor":23,"key":"SMITH"},{"data":"Skim","floor":25,"key":"SMITH"},{"data":"Hologram","floor":32,"key":"SMITH"},{"data":"Madness","floor":40,"key":"SMITH"},{"data":"Madness","floor":44,"key":"SMITH"},{"data":"1","floor":49,"key":"LIFT"}],"neow_cost":"TEN_PERCENT_HP_LOSS","seed_source_timestamp":29525455040707,"circlet_count":0,"master_deck":["AscendersBane","Dualcast+1","Chill","White Noise+1","Skim+1","Streamline+1","Defragment+1","White Noise+1","Undo","Hologram+1","Madness+1","Madness+1","All For One"],"special_seed":0,"relics":["Cracked Core","Letter Opener","Odd Mushroom","Centennial Puzzle","Ectoplasm","CultistMask","Bronze Scales","theJungle:SpiritDisease","Philosopher\u0027s Stone","Red Mask","Spirit Poop","Girya","Omamori"],"potions_floor_usage":[41],"damage_taken":[{"damage":0.0,"enemies":"Cultist","floor":1.0,"turns":3.0},{"damage":3.0,"enemies":"Small Slimes","floor":2.0,"turns":4.0},{"damage":4.0,"enemies":"2 Louse","floor":4.0,"turns":3.0},{"damage":5.0,"enemies":"2 Fungi Beasts","floor":7.0,"turns":3.0},{"damage":0.0,"enemies":"The Mushroom Lair","floor":11.0,"turns":3.0},{"damage":2,"enemies":"Gremlin Nob","floor":14,"turns":3},{"damage":1,"enemies":"The Guardian","floor":16,"turns":5},{"damage":10,"enemies":"theJungle:GiantWrat","floor":18,"turns":3},{"damage":0,"enemies":"theJungle:MUSHROOMGANG","floor":21,"turns":3},{"damage":6,"enemies":"theJungle:2_Flameangoes","floor":27,"turns":4},{"damage":5,"enemies":"theJungle:2_Phrogs","floor":28,"turns":4},{"damage":0,"enemies":"Snake Plant","floor":31,"turns":3},{"damage":0,"enemies":"theJungle:QueenSpyder","floor":33,"turns":5},{"damage":0,"enemies":"Orb Walker","floor":35,"turns":2},{"damage":0,"enemies":"3 Shapes","floor":37,"turns":2},{"damage":5,"enemies":"Jaw Worm Horde","floor":41,"turns":2},{"damage":5,"enemies":"3 Darklings","floor":45,"turns":2},{"damage":0,"enemies":"Mind Bloom Boss Battle","floor":46,"turns":3},{"damage":1,"enemies":"Nemesis","floor":47,"turns":3},{"damage":5,"enemies":"Awakened One","floor":50,"turns":3},{"damage":22,"enemies":"Donu and Deca","floor":51,"turns":4}],"seed_played":"1398985186300157837","potions_obtained":[{"floor":1.0,"key":"GamblersBrew"},{"floor":2.0,"key":"SteroidPotion"},{"floor":31,"key":"Regen Potion"},{"floor":41,"key":"Explosive Potion"}],"is_trial":false,"path_per_floor":["M","M","?","M","?","R","M","R","T","R","?","R","?","E","R","B",null,"M","$","?","M","?","R","?","R","T","M","E","?","$","M","R","B",null,"M","?","M","$","?","R","M","?","T","R","M","?","E","$","R","B","B",null],"character_chosen":"DEFECT","items_purchased":[],"campfire_rested":0,"item_purchase_floors":[],"current_hp_per_floor":[64,61,61,57,57,57,52,52,52,52,52,52,45,43,43,42,59,49,49,64,64,64,64,64,64,64,58,53,53,53,53,53,53,61,61,49,49,49,49,49,49,49,49,49,44,44,43,43,43,38,16],"gold":0,"neow_bonus":"TRANSFORM_TWO_CARDS","is_prod":false,"is_daily":false,"chose_seed":false,"campfire_upgraded":10,"win_rate":0,"timestamp":1548598190,"path_taken":["M","M","?","M","?","R","M","R","T","R","?","R","?","E","R","BOSS","M","$","?","?","?","R","?","R","T","?","E","?","?","M","R","BOSS","M","?","M","$","?","R","M","?","T","R","?","?","E","$","R","BOSS","BOSS"],"build_version":"2019-01-23","purchased_purges":2,"victory":true,"max_hp_per_floor":[64,64,64,64,64,64,64,64,64,64,64,64,64,64,64,64,64,64,64,64,64,64,64,64,64,64,64,64,64,64,64,64,64,64,64,64,64,64,64,64,64,64,64,64,64,64,64,64,64,64,64],"card_choices":[{"not_picked":["Barrage","Ball Lightning"],"picked":"White Noise","floor":1.0},{"not_picked":["Beam Cell","Conserve Battery","Sweeping Beam"],"picked":"SKIP","floor":2.0},{"not_picked":["Leap","Stack"],"picked":"Streamline","floor":4.0},{"not_picked":["Rebound","Steam","Turbo"],"picked":"SKIP","floor":7.0},{"not_picked":["Fusion","Compile Driver"],"picked":"Defragment","floor":14},{"not_picked":["Sunder","Go for the Eyes"],"picked":"White Noise","floor":18},{"not_picked":["Sweeping Beam","Chill"],"picked":"Undo","floor":21},{"not_picked":["Undo","Barrage"],"picked":"Hologram","floor":27},{"not_picked":["Redo","Hyperbeam","Steam"],"picked":"SKIP","floor":28},{"not_picked":["Steam","Rip and Tear"],"picked":"White Noise","floor":31},{"not_picked":["Sunder","Barrage+1","Steam"],"picked":"SKIP","floor":35},{"not_picked":["Sweeping Beam","Scrape","Auto Shields"],"picked":"SKIP","floor":37},{"not_picked":["Hologram","Gash","Reinforced Body"],"picked":"SKIP","floor":41},{"not_picked":["Streamline+1","Sunder","Barrage+1"],"picked":"SKIP","floor":45},{"not_picked":["Streamline+1","Heatsinks"],"picked":"All For One","floor":47}],"player_experience":2334349,"relics_obtained":[{"floor":9.0,"key":"Letter Opener"},{"floor":11.0,"key":"Odd Mushroom"},{"floor":14,"key":"Centennial Puzzle"},{"floor":28,"key":"Bronze Scales"},{"floor":43,"key":"Spirit Poop"},{"floor":46,"key":"Girya"},{"floor":47,"key":"Omamori"}],"event_choices":[{"damage_healed":0.0,"max_hp_gain":0.0,"max_hp_loss":0.0,"gold_gain":0.0,"cards_transformed":["Strike_B"],"event_name":"Living Wall","player_choice":"Change","floor":3.0,"gold_loss":0.0,"damage_taken":0.0,"cards_obtained":["Skim"]},{"cards_removed":["Defend_B"],"damage_healed":0.0,"max_hp_gain":0.0,"max_hp_loss":0.0,"gold_gain":0.0,"event_name":"The Cleric","player_choice":"Card Removal","floor":5.0,"gold_loss":75.0,"damage_taken":0.0},{"damage_healed":0.0,"max_hp_gain":0.0,"max_hp_loss":0.0,"gold_gain":0.0,"event_name":"Mushrooms","player_choice":"Fought Mushrooms","floor":11.0,"gold_loss":0.0,"damage_taken":0.0},{"cards_removed":["Defend_B"],"damage_healed":0.0,"max_hp_gain":0.0,"max_hp_loss":0.0,"gold_gain":0.0,"event_name":"Golden Wing","player_choice":"Card Removal","floor":13.0,"gold_loss":0.0,"damage_taken":7.0},{"damage_healed":15,"gold_gain":0,"player_choice":"Full Heal","damage_taken":0,"max_hp_gain":0,"max_hp_loss":0,"event_name":"Wheel of Change","floor":20,"gold_loss":0},{"damage_healed":0,"gold_gain":0,"player_choice":"Trade","damage_taken":0,"relics_obtained":["CultistMask"],"max_hp_gain":0,"max_hp_loss":0,"event_name":"FaceTrader","floor":24,"gold_loss":0},{"damage_healed":0,"gold_gain":0,"player_choice":"Embrace Madness","damage_taken":12,"max_hp_gain":0,"max_hp_loss":0,"event_name":"Winding Halls","floor":36,"gold_loss":0,"cards_obtained":["Madness","Madness"]},{"damage_healed":0,"gold_gain":0,"player_choice":"Paid","damage_taken":0,"relics_obtained":["Red Mask"],"max_hp_gain":0,"max_hp_loss":0,"event_name":"Tomb of Lord Red Mask","floor":39,"gold_loss":114},{"cards_removed":["Zap"],"damage_healed":0,"gold_gain":0,"player_choice":"Purged","damage_taken":0,"max_hp_gain":0,"max_hp_loss":0,"event_name":"Purifier","floor":42,"gold_loss":0},{"damage_healed":0,"gold_gain":0,"player_choice":"Fight","damage_taken":0,"max_hp_gain":0,"max_hp_loss":0,"event_name":"MindBloom","floor":46,"gold_loss":0}],"is_beta":false,"boss_relics":[{"not_picked":["White Beast Statue","Inserter"],"picked":"Ectoplasm"},{"not_picked":["Tiny House","Runic Dome"],"picked":"Philosopher\u0027s Stone"}],"items_purged_floors":[19,38],"is_endless":false,"potions_floor_spawned":[1,2,21,27,28,31,37,41],"ascension_level":20}