{"gold_per_floor":[211,230,230,246,23,23,55,70,70,85,96,96,107,119,119,119],"floor_reached":16,"playtime":560,"items_purged":[],"score":212,"play_id":"1e553140-25a8-41ca-99a9-c674d2e2e63d","local_time":"20190223010513","is_ascension_mode":true,"campfire_choices":[{"data":"Blizzard","floor":6.0,"key":"SMITH"},{"data":"Sunder","floor":12,"key":"SMITH"},{"data":"Coolheaded","floor":15,"key":"SMITH"}],"neow_cost":"NONE","seed_source_timestamp":450407583960348,"circlet_count":0,"master_deck":["AscendersBane","Strike_B","Strike_B","Strike_B","Strike_B","Defend_B","Defend_B","Defend_B","Defend_B","Zap","Dualcast","Cold Snap","Blizzard+1","Coolheaded+1","Reinforced Body","Sunder+1","Compile Driver","Cold Snap"],"special_seed":0,"relics":["Cracked Core","Mango","Medical Kit","Blood Vial"],"potions_floor_usage":[11,16],"damage_taken":[{"damage":2.0,"enemies":"Cultist","floor":1.0,"turns":4.0},{"damage":7.0,"enemies":"Jaw Worm","floor":2.0,"turns":3.0},{"damage":2.0,"enemies":"2 Louse","floor":4.0,"turns":3.0},{"damage":27.0,"enemies":"3 Sentries","floor":7.0,"turns":8.0},{"damage":11.0,"enemies":"Large Slime","floor":8.0,"turns":9.0},{"damage":28,"enemies":"Exordium Thugs","floor":10,"turns":6},{"damage":4,"enemies":"Blue Slaver","floor":11,"turns":5},{"damage":0,"enemies":"Large Slime","floor":13,"turns":6},{"damage":0,"enemies":"3 Louse","floor":14,"turns":3},{"damage":27,"enemies":"Hexaghost","floor":16,"turns":9}],"seed_played":"1531355966701385321","potions_obtained":[{"floor":1.0,"key":"AttackPotion"},{"floor":4.0,"key":"PowerPotion"},{"floor":8.0,"key":"Regen Potion"},{"floor":13,"key":"FearPotion"}],"is_trial":false,"path_per_floor":["M","M","T","M","$","R","E","M","T","M","M","R","M","M","R","B"],"character_chosen":"DEFECT","items_purchased":["Medical Kit"],"campfire_rested":0,"item_purchase_floors":[5],"current_hp_per_floor":[62,55,69,67,67,67,40,31,31,5,17,17,19,21,21,0],"gold":119,"neow_bonus":"HUNDRED_GOLD","is_prod":false,"is_daily":false,"chose_seed":false,"campfire_upgraded":3,"win_rate":0,"timestamp":1550855113,"path_taken":["M","M","?","?","$","R","E","M","T","M","M","R","M","M","R","BOSS"],"build_version":"2019-01-23","purchased_purges":0,"victory":false,"max_hp_per_floor":[71,71,85,85,85,85,85,85,85,85,85,85,85,85,85,85],"card_choices":[{"not_picked":["White Noise","Storm"],"picked":"Cold Snap","floor":1.0},{"not_picked":["Conserve Battery","Turbo"],"picked":"Blizzard","floor":2.0},{"not_picked":["Sweeping Beam","Steam"],"picked":"Coolheaded","floor":4.0},{"not_picked":["Amplify","Rip and Tear"],"picked":"Reinforced Body","floor":7.0},{"not_picked":["Redo","Sweeping Beam","Rebound"],"picked":"SKIP","floor":8.0},{"not_picked":["Redo","Lockon"],"picked":"Sunder","floor":10},{"not_picked":["Ball Lightning","Go for the Eyes"],"picked":"Compile Driver","floor":11},{"not_picked":["Steam","Melter"],"picked":"Cold Snap","floor":13},{"not_picked":["Gash","Barrage","Melter"],"picked":"SKIP","floor":14}],"player_experience":923120,"relics_obtained":[{"floor":3.0,"key":"Mango"},{"floor":7.0,"key":"Blood Vial"}],"event_choices":[],"is_beta":false,"boss_relics":[],"items_purged_floors":[],"is_endless":false,"potions_floor_spawned":[1,4,8,13],"killed_by":"Hexaghost","ascension_level":20}