{"gold_per_floor":[110,185,51,51,67,67,27,56,101,101,101,133,133,147,147,224,224,234,57,57,73,89,123,123,136,190,190,90,90,90,90,90,166,166,181,198,73,73,142,169,192,204,216,246,258,284,296,328,340,352],"floor_reached":50,"playtime":2455,"items_purged":["Strike_G","Strike_G","Decay"],"score":1392,"play_id":"8a173df7-53ab-453c-ac42-6ba5fc1d04d5","local_time":"20190313233656","is_ascension_mode":true,"campfire_choices":[{"data":"Catalyst","floor":6.0,"key":"SMITH"},{"data":"Poisoned Stab","floor":11.0,"key":"SMITH"},{"data":"Well Laid Plans","floor":13.0,"key":"SMITH"},{"data":"Deadly Poison","floor":15.0,"key":"SMITH"},{"data":"Tactician","floor":24.0,"key":"SMITH"},{"data":"Acrobatics","floor":27.0,"key":"SMITH"},{"data":"Purity","floor":32.0,"key":"SMITH"},{"data":"Footwork","floor":42,"key":"SMITH"},{"floor":45,"key":"RECALL"},{"data":"Malaise","floor":47,"key":"SMITH"},{"data":"Neutralize","floor":49,"key":"SMITH"}],"neow_cost":"NONE","seed_source_timestamp":26077692832281,"circlet_count":0,"master_deck":["AscendersBane","Defend_G","Defend_G","Defend_G","Defend_G","Defend_G","Strike_G","Strike_G","Survivor","Neutralize+1","Tactician+1","Catalyst+1","Acrobatics+1","Poisoned Stab+1","Well Laid Plans+1","Footwork+1","Deadly Poison+1","Malaise+1","Deflect+1","Purity+1","Reflex+1","Concentrate+1","After Image+1","Acrobatics+1"],"special_seed":0,"relics":["Ring of the Snake","NeowsBlessing","Bag of Marbles","PreservedInsect","Shuriken","Runic Pyramid","GremlinMask","Frozen Egg 2","Happy Flower","Black Star","MawBank","Du-Vu Doll","Letter Opener"],"potions_floor_usage":[41,50],"damage_taken":[{"damage":0.0,"enemies":"2 Louse","floor":1.0,"turns":1.0},{"damage":0.0,"enemies":"Cultist","floor":5.0,"turns":1.0},{"damage":0.0,"enemies":"Gremlin Nob","floor":8.0,"turns":1.0},{"damage":15.0,"enemies":"Lagavulin","floor":12.0,"turns":5.0},{"damage":1.0,"enemies":"Small Slimes","floor":14.0,"turns":7.0},{"damage":0.0,"enemies":"Slime Boss","floor":16.0,"turns":11.0},{"damage":19.0,"enemies":"Shell Parasite","floor":18.0,"turns":7.0},{"damage":0.0,"enemies":"Chosen","floor":21.0,"turns":6.0},{"damage":9.0,"enemies":"Snake Plant","floor":22.0,"turns":5.0},{"damage":9.0,"enemies":"Book of Stabbing","floor":23.0,"turns":7.0},{"damage":11.0,"enemies":"3 Cultists","floor":25.0,"turns":7.0},{"damage":10.0,"enemies":"Colosseum Slavers","floor":30.0,"turns":7.0},{"damage":0.0,"enemies":"Automaton","floor":33.0,"turns":11.0},{"damage":7,"enemies":"Orb Walker","floor":35,"turns":5},{"damage":17,"enemies":"3 Darklings","floor":36,"turns":14},{"damage":0,"enemies":"Giant Head","floor":40,"turns":6},{"damage":7,"enemies":"4 Shapes","floor":41,"turns":13},{"damage":0,"enemies":"Maw","floor":44,"turns":4},{"damage":0,"enemies":"Sphere and 2 Shapes","floor":46,"turns":6},{"damage":4,"enemies":"Spire Growth","floor":48,"turns":5},{"damage":20,"enemies":"Time Eater","floor":50,"turns":8}],"seed_played":"-3253679637950481322","potions_obtained":[{"floor":4.0,"key":"FairyPotion"},{"floor":4.0,"key":"EntropicBrew"},{"floor":8.0,"key":"Energy Potion"},{"floor":12.0,"key":"Regen Potion"},{"floor":14.0,"key":"Dexterity Potion"},{"floor":18.0,"key":"Dexterity Potion"},{"floor":23.0,"key":"Explosive Potion"},{"floor":36,"key":"Swift Potion"},{"floor":41,"key":"Block Potion"}],"is_trial":false,"path_per_floor":["M","?","$","?","M","R","$","E","T","?","R","E","R","M","R","B",null,"M","$","?","M","M","E","R","M","T","R","$","?","?","?","R","B",null,"M","M","$","?","T","E","M","R","T","M","R","M","R","M","R","B"],"character_chosen":"THE_SILENT","items_purchased":["Catalyst","Acrobatics","Well Laid Plans","Purity"],"campfire_rested":0,"item_purchase_floors":[3,3,7,19],"current_hp_per_floor":[59,48,48,48,48,48,48,48,48,41,41,26,26,40,40,40,60,41,41,41,41,32,23,23,12,12,12,12,12,2,2,2,2,50,43,26,26,26,26,26,19,19,19,19,19,19,19,15,15,0],"gold":352,"neow_bonus":"THREE_ENEMY_KILL","is_prod":false,"is_daily":false,"chose_seed":false,"campfire_upgraded":10,"win_rate":0,"timestamp":1552491416,"path_taken":["M","?","$","?","?","R","$","E","T","?","R","E","R","M","R","BOSS","M","$","?","M","?","E","R","M","T","R","$","?","?","?","R","BOSS","M","?","$","?","?","E","M","R","T","M","R","?","R","?","R","BOSS"],"build_version":"2019-01-23","purchased_purges":3,"victory":false,"max_hp_per_floor":[66,66,66,66,66,66,66,66,66,66,66,66,66,66,66,66,66,66,66,66,66,66,66,66,66,66,66,66,66,66,66,66,66,66,66,66,66,63,63,63,63,63,63,63,63,63,63,63,63,63],"card_choices":[{"not_picked":["Backflip","Bouncing Flask"],"picked":"Tactician","floor":1.0},{"not_picked":["Dagger Throw","Expertise"],"picked":"Poisoned Stab","floor":5.0},{"not_picked":["Reflex","Sucker Punch","Dagger Spray"],"picked":"SKIP","floor":8.0},{"not_picked":["Leg Sweep","Prepared"],"picked":"Footwork","floor":12.0},{"not_picked":["Backstab","Reflex"],"picked":"Deadly Poison","floor":14.0},{"not_picked":["Venomology","Die Die Die"],"picked":"Malaise","floor":16.0},{"not_picked":["Sucker Punch","Predator"],"picked":"Deflect+1","floor":18.0},{"not_picked":["Dagger Spray+1","Sucker Punch"],"picked":"Reflex","floor":21.0},{"not_picked":["Eviscerate","Slice","Dagger Throw"],"picked":"SKIP","floor":22.0},{"not_picked":["Underhanded Strike","Flying Knee","Dash"],"picked":"SKIP","floor":23.0},{"not_picked":["Bane","Dagger Spray"],"picked":"Concentrate+1","floor":25.0},{"not_picked":["Doppelganger","Night Terror"],"picked":"After Image+1","floor":33.0},{"not_picked":["Poisoned Stab","Noxious Fumes+1","Dagger Throw"],"picked":"SKIP","floor":35},{"not_picked":["Outmaneuver","Bane"],"picked":"Acrobatics+1","floor":36},{"not_picked":["Bouncing Flask+1","Deadly Poison+1","Die Die Die"],"picked":"SKIP","floor":40},{"not_picked":["Dodge and Roll+1","Eviscerate","Terror"],"picked":"SKIP","floor":41},{"not_picked":["Acrobatics+1","Prepared","Caltrops+1"],"picked":"SKIP","floor":44},{"not_picked":["Dagger Throw+1","Dagger Spray+1","Dodge and Roll+1"],"picked":"SKIP","floor":46},{"not_picked":["Eviscerate","Sucker Punch","Poisoned Stab"],"picked":"SKIP","floor":48}],"player_experience":3559265,"relics_obtained":[{"floor":8.0,"key":"Bag of Marbles"},{"floor":9.0,"key":"PreservedInsect"},{"floor":12.0,"key":"Shuriken"},{"floor":23.0,"key":"Frozen Egg 2"},{"floor":26.0,"key":"Happy Flower"},{"floor":40,"key":"MawBank"},{"floor":40,"key":"Du-Vu Doll"},{"floor":43,"key":"Letter Opener"}],"event_choices":[{"damage_healed":0.0,"max_hp_gain":0.0,"max_hp_loss":0.0,"gold_gain":75.0,"event_name":"World of Goop","player_choice":"Gather Gold","floor":2.0,"gold_loss":0.0,"damage_taken":11.0},{"damage_healed":0.0,"max_hp_gain":0.0,"max_hp_loss":0.0,"gold_gain":0.0,"event_name":"Lab","player_choice":"Got Potions","floor":4.0,"gold_loss":0.0,"damage_taken":0.0},{"cards_removed":["Strike_G"],"damage_healed":0.0,"max_hp_gain":0.0,"max_hp_loss":0.0,"gold_gain":0.0,"event_name":"Golden Wing","player_choice":"Card Removal","floor":10.0,"gold_loss":0.0,"damage_taken":7.0},{"damage_healed":0.0,"max_hp_gain":0.0,"max_hp_loss":0.0,"gold_gain":0.0,"event_name":"FaceTrader","player_choice":"Trade","floor":20.0,"gold_loss":0.0,"damage_taken":0.0,"relics_obtained":["GremlinMask"]},{"damage_healed":0.0,"max_hp_gain":0.0,"max_hp_loss":0.0,"gold_gain":0.0,"event_name":"Forgotten Altar","player_choice":"Smashed Altar","floor":29.0,"gold_loss":0.0,"damage_taken":0.0,"cards_obtained":["Decay"]},{"damage_healed":0.0,"max_hp_gain":0.0,"max_hp_loss":0.0,"gold_gain":0.0,"event_name":"Colosseum","player_choice":"Fight","floor":30.0,"gold_loss":0.0,"damage_taken":0.0},{"damage_healed":0.0,"max_hp_gain":0.0,"max_hp_loss":0.0,"gold_gain":0.0,"event_name":"Colosseum","player_choice":"Fled From Nobs","floor":30.0,"gold_loss":0.0,"damage_taken":0.0},{"damage_healed":0.0,"max_hp_gain":0.0,"max_hp_loss":0.0,"gold_gain":0.0,"event_name":"Accursed Blacksmith","player_choice":"Forge","floor":31.0,"gold_loss":0.0,"damage_taken":0.0,"cards_upgraded":["Reflex"]},{"damage_healed":0,"gold_gain":0,"player_choice":"Max HP","damage_taken":0,"max_hp_gain":0,"max_hp_loss":3,"event_name":"Winding Halls","floor":38,"gold_loss":0}],"is_beta":false,"boss_relics":[{"not_picked":["HoveringKite","Empty Cage"],"picked":"Runic Pyramid"},{"not_picked":["Runic Dome","Busted Crown"],"picked":"Black Star"}],"items_purged_floors":[19,28,37],"is_endless":false,"potions_floor_spawned":[8,12,14,18,23,30,36,41],"killed_by":"Time Eater","ascension_level":20}