{"gold_per_floor":[115,115,10,29,29,69,69,69,69,69,84,6,6,39,39,138,138,156,177,191,191,191,191,214,214,238,281,281],"floor_reached":28,"playtime":888,"items_purged":[],"score":502,"play_id":"f90dbaa1-e2f4-455d-b83f-9f290c4c7eea","local_time":"20190602183603","is_ascension_mode":true,"campfire_choices":[{"floor":7.0,"key":"DIG"},{"floor":10.0,"key":"DIG"},{"data":"Rampage","floor":13.0,"key":"SMITH"},{"data":"Battle Trance","floor":15.0,"key":"SMITH"},{"floor":23.0,"key":"DIG"},{"floor":25.0,"key":"DIG"}],"neow_cost":"NONE","seed_source_timestamp":91781648353333,"circlet_count":0,"master_deck":["AscendersBane","Strike_R","Strike_R","Strike_R","Strike_R","Defend_R","Defend_R","Defend_R","Defend_R","Bash","Battle Trance+1","Finesse","True Grit+1","Rampage+1","Second Wind+1","Immolate","Power Through+1"],"special_seed":0,"relics":["Burning Blood","NeowsBlessing","Golden Idol","Shovel","Toxic Egg 2","Torii","Gremlin Horn","Matryoshka","Ornamental Fan","Busted Crown","Self Forming Clay","Bottled Flame","Darkstone Periapt","Bag of Preparation","Red Mask"],"potions_floor_usage":[],"damage_taken":[{"damage":0.0,"enemies":"Small Slimes","floor":1.0,"turns":1.0},{"damage":0.0,"enemies":"2 Louse","floor":4.0,"turns":1.0},{"damage":0.0,"enemies":"Gremlin Nob","floor":6.0,"turns":1.0},{"damage":2.0,"enemies":"Jaw Worm","floor":11.0,"turns":6.0},{"damage":2.0,"enemies":"Lagavulin","floor":14.0,"turns":8.0},{"damage":18.0,"enemies":"The Guardian","floor":16.0,"turns":8.0},{"damage":12.0,"enemies":"Chosen","floor":18.0,"turns":6.0},{"damage":14.0,"enemies":"3 Byrds","floor":19.0,"turns":5.0},{"damage":21.0,"enemies":"Sentry and Sphere","floor":20.0,"turns":5.0},{"damage":1.0,"enemies":"Snecko","floor":21.0,"turns":3.0},{"damage":8.0,"enemies":"Snake Plant","floor":24.0,"turns":5.0},{"damage":0.0,"enemies":"Masked Bandits","floor":27.0,"turns":3.0},{"damage":39,"enemies":"Book of Stabbing","floor":28,"turns":5}],"seed_played":"4558728520823653608","potions_obtained":[{"floor":1.0,"key":"SmokeBomb"},{"floor":6.0,"key":"Block Potion"},{"floor":19.0,"key":"Strength Potion"},{"floor":20.0,"key":"Swift Potion"}],"is_trial":false,"path_per_floor":["M","?","$","M","?","E","R","?","T","R","M","$","R","E","R","B",null,"M","M","M","M","?","R","M","R","T","?","E"],"character_chosen":"IRONCLAD","items_purchased":["Finesse","Rampage"],"campfire_rested":0,"item_purchase_floors":[3,12],"current_hp_per_floor":[74,48,48,54,49,55,55,48,48,48,52,52,52,56,56,44,67,61,53,38,43,43,43,41,41,41,47,8],"gold":281,"neow_bonus":"THREE_ENEMY_KILL","is_prod":false,"is_daily":false,"chose_seed":false,"campfire_upgraded":2,"win_rate":0,"timestamp":1559471763,"path_taken":["M","?","$","M","?","E","R","?","T","R","M","?","R","E","R","BOSS","M","M","?","M","?","R","M","R","T","?","E"],"build_version":"2019-01-23","purchased_purges":0,"victory":false,"max_hp_per_floor":[75,75,75,75,75,75,75,75,75,75,75,75,75,75,75,75,75,75,75,75,75,75,75,75,75,75,75,75],"card_choices":[{"not_picked":["Pommel Strike","Clothesline"],"picked":"Battle Trance","floor":1.0},{"not_picked":["Twin Strike","Flex","Thunderclap"],"picked":"SKIP","floor":4.0},{"not_picked":["Pommel Strike","Heavy Blade","Sword Boomerang"],"picked":"SKIP","floor":6.0},{"not_picked":["Power Through+1","Feed"],"picked":"True Grit+1","floor":11.0},{"not_picked":["Warcry+1","Body Slam"],"picked":"Second Wind+1","floor":14.0},{"not_picked":["Fiend Fire","Impervious+1"],"picked":"Immolate","floor":16.0},{"not_picked":["Havoc+1"],"picked":"SKIP","floor":18.0},{"not_picked":["Carnage"],"picked":"SKIP","floor":19.0},{"not_picked":[],"picked":"Power Through+1","floor":20.0},{"not_picked":["Iron Wave"],"picked":"SKIP","floor":24.0}],"player_experience":5010896,"relics_obtained":[{"floor":6.0,"key":"Toxic Egg 2"},{"floor":7.0,"key":"Torii"},{"floor":9.0,"key":"Gremlin Horn"},{"floor":10.0,"key":"Matryoshka"},{"floor":14.0,"key":"Ornamental Fan"},{"floor":23.0,"key":"Self Forming Clay"},{"floor":25.0,"key":"Bottled Flame"},{"floor":26.0,"key":"Darkstone Periapt"},{"floor":26.0,"key":"Bag of Preparation"},{"floor":27.0,"key":"Red Mask"}],"event_choices":[{"damage_healed":0.0,"max_hp_gain":0.0,"max_hp_loss":0.0,"gold_gain":0.0,"event_name":"Golden Idol","player_choice":"Take Damage","floor":2.0,"gold_loss":0.0,"damage_taken":26.0,"relics_obtained":["Golden Idol"]},{"damage_healed":0.0,"max_hp_gain":0.0,"max_hp_loss":0.0,"gold_gain":0.0,"event_name":"Scrap Ooze","player_choice":"Success","floor":5.0,"gold_loss":0.0,"damage_taken":5.0,"relics_obtained":["Shovel"]},{"cards_removed":["Strike_R"],"damage_healed":0.0,"max_hp_gain":0.0,"max_hp_loss":0.0,"gold_gain":0.0,"event_name":"Golden Wing","player_choice":"Card Removal","floor":8.0,"gold_loss":0.0,"damage_taken":7.0},{"damage_healed":0.0,"max_hp_gain":0.0,"max_hp_loss":0.0,"gold_gain":0.0,"event_name":"Vampires","player_choice":"Ignored","floor":22.0,"gold_loss":0.0,"damage_taken":0.0},{"damage_healed":0.0,"max_hp_gain":0.0,"max_hp_loss":0.0,"gold_gain":0.0,"event_name":"Masked Bandits","player_choice":"Fought Bandits","floor":27.0,"gold_loss":0.0,"damage_taken":0.0}],"is_beta":false,"boss_relics":[{"not_picked":["Orrery","Philosopher\u0027s Stone"],"picked":"Busted Crown"}],"items_purged_floors":[],"is_endless":false,"potions_floor_spawned":[1,6,11,19,20,21],"killed_by":"Book of Stabbing","ascension_level":20}