{"gold_per_floor":[366,366,366,214,214,214,240,240,240,140,140,15,33,51,51,150,150,160,160,435,141,156,156,174,188,211,211,211,211,211,229,229,325,325,336,355,180,180,180,180,190,190,216,236,0,15,15,25,25,25],"floor_reached":51,"playtime":1185,"items_purged":["Strike_R","Strike_R","Strike_R","Regret","Bash+1"],"score":718,"play_id":"34e4ce20-7824-4b91-a084-5cbc692a0c28","local_time":"20190704102226","is_ascension_mode":false,"campfire_choices":[{"data":"Rampage","floor":6,"key":"SMITH"},{"data":"Bash","floor":8,"key":"SMITH"},{"data":"Reaper","floor":11,"key":"SMITH"},{"data":"Defend_R","floor":15,"key":"SMITH"},{"data":"Defend_R","floor":23,"key":"SMITH"},{"floor":28,"key":"REST"},{"floor":30,"key":"REST"},{"floor":32,"key":"REST"},{"floor":40,"key":"REST"},{"floor":42,"key":"REST"},{"floor":49,"key":"REST"}],"neow_cost":"TEN_PERCENT_HP_LOSS","seed_source_timestamp":72940142303576,"circlet_count":0,"master_deck":["Defend_R+1","Defend_R+1","Defend_R+1","Defend_R+1","Rampage+1","Reaper+1","Double Tap+1","Trip+1","Shrug It Off+1","Burning Pact+1","Battle Trance+1","Offering+1","Burning Pact+1","Second Wind+1"],"relics":["Burning Blood","Toxic Egg 2","Dodecahedron","Velvet Choker","Bag of Marbles","War Paint","Pear","Runic Pyramid","Dream Catcher","Red Mask"],"potions_floor_usage":[],"damage_taken":[{"damage":0,"enemies":"Small Slimes","floor":1,"turns":4},{"damage":23,"enemies":"Lagavulin","floor":7,"turns":7},{"damage":1,"enemies":"2 Louse","floor":13,"turns":4},{"damage":1,"enemies":"Jaw Worm","floor":14,"turns":2},{"damage":46,"enemies":"Slime Boss","floor":16,"turns":8},{"damage":0,"enemies":"Chosen","floor":18,"turns":3},{"damage":0,"enemies":"Spheric Guardian","floor":22,"turns":3},{"damage":0,"enemies":"Centurion and Healer","floor":24,"turns":4},{"damage":2,"enemies":"3 Cultists","floor":25,"turns":5},{"damage":0,"enemies":"Shelled Parasite and Fungi","floor":31,"turns":5},{"damage":27,"enemies":"Collector","floor":33,"turns":4},{"damage":6,"enemies":"3 Darklings","floor":35,"turns":3},{"damage":16,"enemies":"Orb Walker","floor":36,"turns":3},{"damage":25,"enemies":"Jaw Worm Horde","floor":41,"turns":3},{"damage":11,"enemies":"Maw","floor":44,"turns":4},{"damage":2,"enemies":"Sphere and 2 Shapes","floor":46,"turns":3},{"damage":6,"enemies":"Spire Growth","floor":48,"turns":3},{"damage":39,"enemies":"Time Eater","floor":50,"turns":4}],"seed_played":"-4037553421920561236","potions_obtained":[{"floor":1,"key":"EssenceOfSteel"},{"floor":22,"key":"EntropicBrew"},{"floor":25,"key":"SteroidPotion"},{"floor":33,"key":"BloodPotion"}],"is_trial":false,"path_per_floor":["M","?","?","$","?","R","E","R","T","$","R","$","M","M","R","B",null,"M","?","?","$","M","R","M","M","T","T","R","?","R","M","R","B",null,"M","M","$","?","$","R","M","R","T","M","?","M","?","M","R","B",null],"character_chosen":"IRONCLAD","items_purchased":["Reaper","Trip+1","Shrug It Off+1"],"campfire_rested":6,"item_purchase_floors":[4,21,21],"current_hp_per_floor":[72,58,63,63,56,56,41,41,41,41,41,41,55,60,60,20,77,77,77,77,77,77,77,77,77,77,87,87,87,87,87,87,79,87,87,82,82,82,82,83,83,83,83,78,78,82,72,79,83,50],"gold":25,"neow_bonus":"TWO_FIFTY_GOLD","is_prod":false,"is_daily":false,"chose_seed":false,"campfire_upgraded":5,"win_rate":0,"timestamp":1562206946,"path_taken":["M","?","?","$","?","R","E","R","T","$","R","$","?","M","R","BOSS","M","?","?","$","M","R","M","?","T","?","R","?","R","M","R","BOSS","M","?","$","?","?","R","M","R","T","?","?","M","?","M","R","BOSS"],"build_version":"2019-07-01","purchased_purges":5,"victory":true,"max_hp_per_floor":[72,72,77,77,77,77,77,77,77,77,77,77,77,77,77,77,77,77,77,77,77,77,77,77,77,77,87,87,87,87,87,87,87,87,87,87,87,83,83,83,83,83,83,83,83,83,83,83,83,83],"card_choices":[{"not_picked":["Rupture","Second Wind"],"picked":"Rampage","floor":1},{"not_picked":["Warcry","Anger","Twin Strike"],"picked":"SKIP","floor":7},{"not_picked":["Anger","Flame Barrier+1","Iron Wave"],"picked":"SKIP","floor":13},{"not_picked":["Pummel","Clothesline","Anger"],"picked":"SKIP","floor":14},{"not_picked":["Bludgeon","Feed"],"picked":"Double Tap+1","floor":16},{"not_picked":["Inflame","Sever Soul+1","Bloodletting+1"],"picked":"SKIP","floor":18},{"not_picked":["Blood for Blood","Clothesline"],"picked":"Burning Pact+1","floor":22},{"not_picked":["Sword Boomerang","Armaments+1","Perfected Strike"],"picked":"SKIP","floor":24},{"not_picked":["Battle Trance+1","Pommel Strike","Thunderclap+1"],"picked":"SKIP","floor":25},{"not_picked":["Pommel Strike","Thunderclap+1"],"picked":"Battle Trance+1","floor":25},{"not_picked":["Headbutt+1","Juggernaut","Heavy Blade+1"],"picked":"SKIP","floor":31},{"not_picked":["Reaper","Juggernaut"],"picked":"Offering+1","floor":33},{"not_picked":["Thunderclap","Headbutt"],"picked":"Burning Pact+1","floor":35},{"not_picked":["Dual Wield+1","Reckless Charge","Thunderclap"],"picked":"SKIP","floor":36},{"not_picked":["Pommel Strike+1","Perfected Strike"],"picked":"Second Wind+1","floor":41},{"not_picked":["Flex+1","Hemokinesis","Ghostly Armor+1"],"picked":"SKIP","floor":44},{"not_picked":["Hemokinesis+1","Clothesline","Wild Strike+1"],"picked":"SKIP","floor":46},{"not_picked":["Clothesline","Wild Strike+1","Bloodletting+1"],"picked":"SKIP","floor":48}],"player_experience":5673135,"relics_obtained":[{"floor":7,"key":"Toxic Egg 2"},{"floor":9,"key":"Dodecahedron"},{"floor":26,"key":"War Paint"},{"floor":27,"key":"Pear"},{"floor":43,"key":"Dream Catcher"}],"event_choices":[{"damage_healed":0,"gold_gain":0,"player_choice":"Entered Light","damage_taken":14,"max_hp_gain":0,"max_hp_loss":0,"event_name":"Shining Light","floor":2,"gold_loss":0,"cards_upgraded":["Strike_R","Defend_R"]},{"damage_healed":0,"gold_gain":0,"player_choice":"Donut","damage_taken":0,"max_hp_gain":5,"max_hp_loss":0,"event_name":"Big Fish","floor":3,"gold_loss":0},{"cards_removed":["Strike_R"],"damage_healed":0,"gold_gain":0,"player_choice":"Card Removal","damage_taken":7,"max_hp_gain":0,"max_hp_loss":0,"event_name":"Golden Wing","floor":5,"gold_loss":0},{"damage_healed":0,"gold_gain":0,"player_choice":"Opened","damage_taken":0,"relics_obtained":["Bag of Marbles"],"max_hp_gain":0,"max_hp_loss":0,"event_name":"The Mausoleum","floor":19,"gold_loss":0},{"damage_healed":0,"gold_gain":275,"player_choice":"Desecrate","damage_taken":0,"max_hp_gain":0,"max_hp_loss":0,"event_name":"Golden Shrine","floor":20,"gold_loss":0,"cards_obtained":["Regret"]},{"cards_removed":["Strike_R"],"damage_healed":0,"gold_gain":0,"player_choice":"Purged","damage_taken":0,"max_hp_gain":0,"max_hp_loss":0,"event_name":"Purifier","floor":29,"gold_loss":0},{"damage_healed":0,"gold_gain":0,"player_choice":"Max HP","damage_taken":0,"max_hp_gain":0,"max_hp_loss":4,"event_name":"Winding Halls","floor":38,"gold_loss":0},{"damage_healed":0,"gold_gain":0,"player_choice":"Paid","damage_taken":0,"relics_obtained":["Red Mask"],"max_hp_gain":0,"max_hp_loss":0,"event_name":"Tomb of Lord Red Mask","floor":45,"gold_loss":236},{"damage_healed":0,"gold_gain":0,"player_choice":"Memory 3","damage_taken":10,"max_hp_gain":0,"max_hp_loss":0,"event_name":"SensoryStone","floor":47,"gold_loss":0}],"is_beta":false,"boss_relics":[{"not_picked":["Calling Bell","Empty Cage"],"picked":"Velvet Choker"},{"not_picked":["Mark of Pain","Black Star"],"picked":"Runic Pyramid"}],"items_purged_floors":[4,10,12,21,37],"is_endless":false,"potions_floor_spawned":[1,22,25,33,44,46],"ascension_level":0}