{"gold_per_floor":[118,293,293,311,14,14,31,54,54,69,84,97,97,117,117,218,218,218,218,218,218],"floor_reached":21,"playtime":671,"items_purged":[],"score":265,"play_id":"fe5295bb-a7bc-49fa-a215-a0484a9492d2","local_time":"20180922011835","is_ascension_mode":true,"campfire_choices":[{"data":"Infernal Blade","floor":6.0,"key":"SMITH"},{"data":"Dark Embrace","floor":13.0,"key":"SMITH"},{"data":"Inflame","floor":15.0,"key":"SMITH"}],"neow_cost":"PERCENT_DAMAGE","seed_source_timestamp":45687622316598,"circlet_count":0,"master_deck":["Strike_R","Strike_R","Strike_R","Strike_R","Defend_R","Defend_R","Defend_R","Bash","AscendersBane","Infernal Blade+1","Dark Embrace+1","Evolve","Flame Barrier","Warcry","Inflame+1","Ghostly Armor","Juggernaut","Entrench+1"],"special_seed":0,"relics":["Burning Blood","Dead Branch","Strawberry","Pantograph","Ectoplasm","Red Mask"],"potions_floor_usage":[],"damage_taken":[{"damage":7.0,"enemies":"Jaw Worm","floor":1.0,"turns":2.0},{"damage":11.0,"enemies":"2 Louse","floor":4.0,"turns":4.0},{"damage":1.0,"enemies":"Cultist","floor":7.0,"turns":3.0},{"damage":19.0,"enemies":"Red Slaver","floor":10.0,"turns":5.0},{"damage":13.0,"enemies":"Exordium Wildlife","floor":11.0,"turns":2.0},{"damage":18.0,"enemies":"Gremlin Gang","floor":12.0,"turns":4.0},{"damage":8.0,"enemies":"Blue Slaver","floor":14.0,"turns":4.0},{"damage":42.0,"enemies":"Slime Boss","floor":16.0,"turns":8.0},{"damage":23.0,"enemies":"Spheric Guardian","floor":18.0,"turns":4.0},{"damage":41.0,"enemies":"Masked Bandits","floor":20.0,"turns":5.0},{"damage":16,"enemies":"Shell Parasite","floor":21,"turns":4}],"seed_played":"-4511944416053148282","potions_obtained":[{"floor":4.0,"key":"FearPotion"},{"floor":10.0,"key":"FearPotion"}],"is_trial":false,"path_per_floor":["M","?","?","M","$","R","M","T","T","M","M","M","R","M","R","B",null,"M","?","?"],"character_chosen":"IRONCLAD","items_purchased":["Dead Branch"],"campfire_rested":0,"item_purchase_floors":[5],"current_hp_per_floor":[50,50,50,45,45,45,50,57,57,44,37,25,25,23,23,12,68,51,51,16,0],"gold":218,"neow_bonus":"TRANSFORM_TWO_CARDS","is_prod":false,"is_daily":false,"chose_seed":false,"campfire_upgraded":3,"win_rate":0,"timestamp":1537550315,"path_taken":["M","?","?","M","$","R","?","?","T","?","M","M","R","M","R","BOSS","M","?","?","?"],"build_version":"2018-09-20","purchased_purges":0,"victory":false,"max_hp_per_floor":[80,80,80,80,80,80,80,87,87,87,87,87,87,87,87,87,87,87,87,87,87],"card_choices":[{"not_picked":["Thunderclap","Anger"],"picked":"Evolve","floor":1.0},{"not_picked":["Rage","Wild Strike"],"picked":"Flame Barrier","floor":4.0},{"not_picked":["Havoc","Anger"],"picked":"Warcry","floor":7.0},{"not_picked":["Body Slam","Infernal Blade"],"picked":"Inflame","floor":10.0},{"not_picked":["Searing Blow","Shockwave"],"picked":"Ghostly Armor","floor":11.0},{"not_picked":["Cleave","Disarm","Bludgeon"],"picked":"SKIP","floor":12.0},{"not_picked":["Iron Wave","Sword Boomerang","Flame Barrier"],"picked":"SKIP","floor":14.0},{"not_picked":["Dark Embrace","Impervious"],"picked":"Juggernaut","floor":16.0},{"not_picked":["Warcry+1","Cleave","Headbutt+1"],"picked":"SKIP","floor":18.0},{"not_picked":["Heavy Blade","Pommel Strike+1"],"picked":"Entrench+1","floor":20.0}],"player_experience":84060,"relics_obtained":[{"floor":8.0,"key":"Strawberry"},{"floor":9.0,"key":"Pantograph"},{"floor":20.0,"key":"Red Mask"}],"event_choices":[{"event_name":"Liars Game","player_choice":"agreed","floor":2.0,"damage_taken":0.0},{"event_name":"Fountain of Cleansing","player_choice":"Removed Curse","floor":3.0,"damage_taken":0.0},{"event_name":"Nest","player_choice":"Stole From Cult","floor":19.0,"damage_taken":0.0},{"event_name":"Masked Bandits","player_choice":"Fought Bandits","floor":20.0,"damage_taken":0.0}],"is_beta":false,"boss_relics":[{"not_picked":["Tiny House","Lizard Tail"],"picked":"Ectoplasm"}],"items_purged_floors":[],"is_endless":false,"potions_floor_spawned":[4,10,11],"killed_by":"Shell Parasite","ascension_level":11}