{"gold_per_floor":[369,384,309,99,99,99,99,120,144,177,177,177],"floor_reached":12,"playtime":297,"items_purged":["Strike_B"],"score":152,"play_id":"23e68520-53d3-41e1-bdc2-81803aebf522","local_time":"20190224125146","is_ascension_mode":true,"campfire_choices":[{"data":"Darkness","floor":6.0,"key":"SMITH"},{"data":"Discovery","floor":11.0,"key":"SMITH"}],"neow_cost":"TEN_PERCENT_HP_LOSS","seed_source_timestamp":2396296588055,"circlet_count":0,"master_deck":["AscendersBane","Strike_B","Defend_B","Defend_B","Defend_B","Defend_B","Zap","Dualcast","Darkness+1","Discovery+1","Self Repair"],"special_seed":0,"relics":["Cracked Core","Golden Idol","Art of War","Mango"],"potions_floor_usage":[12],"damage_taken":[{"damage":0.0,"enemies":"2 Louse","floor":1.0,"turns":2.0},{"damage":7.0,"enemies":"Jaw Worm","floor":2.0,"turns":3.0},{"damage":3.0,"enemies":"Small Slimes","floor":8.0,"turns":4.0},{"damage":27.0,"enemies":"3 Sentries","floor":10.0,"turns":8.0},{"damage":46,"enemies":"Gremlin Nob","floor":12,"turns":4}],"seed_played":"1610202539131698655","potions_obtained":[{"floor":8.0,"key":"Ancient Potion"}],"is_trial":false,"path_per_floor":["M","M","?","$","?","R","?","M","T","E","R","E"],"character_chosen":"DEFECT","items_purchased":["Discovery","Self Repair"],"campfire_rested":0,"item_purchase_floors":[4,4],"current_hp_per_floor":[64,57,57,57,50,50,50,54,54,48,48,2],"gold":177,"neow_bonus":"TWO_FIFTY_GOLD","is_prod":false,"is_daily":false,"chose_seed":false,"campfire_upgraded":2,"win_rate":0,"timestamp":1550983906,"path_taken":["M","M","?","$","?","R","?","M","T","E","R","E"],"build_version":"2019-01-23","purchased_purges":1,"victory":false,"max_hp_per_floor":[64,64,64,64,64,64,58,58,58,72,72,72],"card_choices":[{"not_picked":["Turbo","Streamline","Stack"],"picked":"SKIP","floor":1.0},{"not_picked":["Hello World","Recycle"],"picked":"Darkness","floor":2.0},{"not_picked":["Tempest","Steam Power","Streamline"],"picked":"SKIP","floor":8.0},{"not_picked":["Sweeping Beam","Beam Cell","Stack"],"picked":"SKIP","floor":10.0}],"player_experience":3087684,"relics_obtained":[{"floor":9.0,"key":"Art of War"},{"floor":10.0,"key":"Mango"}],"event_choices":[{"cards_removed":["Strike_B"],"damage_healed":0.0,"max_hp_gain":0.0,"max_hp_loss":0.0,"gold_gain":0.0,"event_name":"The Cleric","player_choice":"Card Removal","floor":3.0,"gold_loss":75.0,"damage_taken":0.0},{"cards_removed":["Strike_B"],"damage_healed":0.0,"max_hp_gain":0.0,"max_hp_loss":0.0,"gold_gain":0.0,"event_name":"Golden Wing","player_choice":"Card Removal","floor":5.0,"gold_loss":0.0,"damage_taken":7.0},{"damage_healed":0.0,"max_hp_gain":0.0,"max_hp_loss":6.0,"gold_gain":0.0,"event_name":"Golden Idol","player_choice":"Lose Max HP","floor":7.0,"gold_loss":0.0,"damage_taken":0.0,"relics_obtained":["Golden Idol"]}],"is_beta":false,"boss_relics":[],"items_purged_floors":[4],"is_endless":false,"potions_floor_spawned":[8],"killed_by":"Gremlin Nob","ascension_level":20}