{"gold_per_floor":[113,127,147,55,71,71,71,71,122,142,154,154,164,124,124,196,196,213,163,163,173,189,189,224,238,262,262,280,280,292,310,310,383,383,398,415,415,429,429,429],"floor_reached":40,"playtime":1417,"items_purged":["Strike_G"],"score":1054,"play_id":"1c4a1cac-8f66-4591-8a27-57e7e0f72fd9","local_time":"20181210203643","is_ascension_mode":true,"campfire_choices":[{"data":"Catalyst","floor":6.0,"key":"SMITH"},{"data":"Catalyst","floor":12.0,"key":"SMITH"},{"data":"Bouncing Flask","floor":15.0,"key":"SMITH"},{"data":"Deadly Poison","floor":23.0,"key":"SMITH"},{"data":"Neutralize","floor":27.0,"key":"SMITH"},{"data":"Purity","floor":29.0,"key":"SMITH"},{"data":"Leg Sweep","floor":32.0,"key":"SMITH"}],"neow_cost":"NONE","seed_source_timestamp":574386268619,"circlet_count":0,"master_deck":["AscendersBane","Defend_G","Defend_G","Defend_G","Defend_G","Strike_G","Survivor","Neutralize+1","Flechettes","Bullet Time","Purity+1","Catalyst+1","Catalyst+1","PiercingWail","Bouncing Flask+1","Adrenaline","Deadly Poison+1","Backflip","Leg Sweep+1","Backflip+1","After Image","Reflex+1","Doppelganger+1","A Thousand Cuts+1","Bane+1"],"special_seed":0,"relics":["Runic Pyramid","Smiling Mask","Lantern","Odd Mushroom","Velvet Choker","Bronze Scales","Astrolabe"],"potions_floor_usage":[35,38],"damage_taken":[{"damage":1.0,"enemies":"Cultist","floor":1.0,"turns":4.0},{"damage":0.0,"enemies":"Jaw Worm","floor":2.0,"turns":4.0},{"damage":1.0,"enemies":"Small Slimes","floor":3.0,"turns":4.0},{"damage":1.0,"enemies":"Looter","floor":5.0,"turns":4.0},{"damage":28.0,"enemies":"The Mushroom Lair","floor":10.0,"turns":6.0},{"damage":14.0,"enemies":"Red Slaver","floor":11.0,"turns":4.0},{"damage":16.0,"enemies":"Large Slime","floor":13.0,"turns":9.0},{"damage":4.0,"enemies":"Looter","floor":14.0,"turns":4.0},{"damage":0.0,"enemies":"Hexaghost","floor":16.0,"turns":4.0},{"damage":0.0,"enemies":"Chosen","floor":18.0,"turns":4.0},{"damage":13.0,"enemies":"3 Byrds","floor":21.0,"turns":5.0},{"damage":0.0,"enemies":"Snecko","floor":22.0,"turns":4.0},{"damage":7.0,"enemies":"Gremlin Leader","floor":24.0,"turns":3.0},{"damage":3.0,"enemies":"Shelled Parasite and Fungi","floor":25.0,"turns":3.0},{"damage":0.0,"enemies":"Snake Plant","floor":28.0,"turns":2.0},{"damage":1.0,"enemies":"3 Cultists","floor":30.0,"turns":5.0},{"damage":16.0,"enemies":"Shelled Parasite and Fungi","floor":31.0,"turns":4.0},{"damage":0,"enemies":"Champ","floor":33,"turns":6},{"damage":7,"enemies":"3 Darklings","floor":35,"turns":5},{"damage":0,"enemies":"3 Shapes","floor":36,"turns":5},{"damage":20,"enemies":"3 Darklings","floor":38,"turns":3},{"damage":0,"enemies":"Reptomancer","floor":40,"turns":2}],"seed_played":"-2793371339323698058","potions_obtained":[{"floor":1.0,"key":"Regen Potion"},{"floor":2.0,"key":"Dexterity Potion"},{"floor":11.0,"key":"Ancient Potion"},{"floor":20.0,"key":"PowerPotion"},{"floor":24.0,"key":"Swift Potion"},{"floor":30.0,"key":"SpeedPotion"},{"floor":31.0,"key":"Block Potion"},{"floor":33,"key":"Weak Potion"},{"floor":35,"key":"Ancient Potion"},{"floor":38,"key":"Energy Potion"}],"is_trial":false,"path_per_floor":["M","M","M","$","M","R","?","?","T","?","M","R","M","M","R","B",null,"M","$","?","M","M","R","E","M","T","R","M","R","M","M","R","B",null,"M","M","?","M","?","E"],"character_chosen":"THE_SILENT","items_purchased":["Purity"],"campfire_rested":0,"item_purchase_floors":[4],"current_hp_per_floor":[58,58,57,57,56,56,56,51,51,38,24,24,8,4,4,4,51,51,51,51,38,38,38,31,28,28,28,28,28,27,11,11,11,52,45,45,45,25,25,25],"gold":429,"neow_bonus":"BOSS_RELIC","is_prod":false,"is_daily":false,"chose_seed":true,"campfire_upgraded":7,"win_rate":0,"timestamp":1544445403,"path_taken":["M","M","?","$","M","R","?","?","T","?","M","R","M","M","R","BOSS","M","$","?","?","M","R","E","M","T","R","M","R","M","M","R","BOSS","M","M","?","M","?","E"],"build_version":"2018-12-06","purchased_purges":1,"victory":false,"max_hp_per_floor":[66,66,66,66,66,66,66,66,66,66,66,66,66,66,66,66,66,66,66,66,66,66,66,66,66,66,66,66,66,66,66,66,66,66,66,66,66,66,66,66],"card_choices":[{"not_picked":["Accuracy","Sucker Punch"],"picked":"Flechettes","floor":1.0},{"not_picked":["Skewer","Prepared","Concentrate"],"picked":"SKIP","floor":2.0},{"not_picked":["Slice","Predator"],"picked":"Bullet Time","floor":3.0},{"not_picked":["Prepared","Heel Hook"],"picked":"Catalyst","floor":5.0},{"not_picked":["Cloak And Dagger","Tactician"],"picked":"Catalyst","floor":10.0},{"not_picked":["Bane","Outmaneuver"],"picked":"PiercingWail","floor":11.0},{"not_picked":["Dagger Throw","Sucker Punch","Quick Slash"],"picked":"SKIP","floor":13.0},{"not_picked":["Poisoned Stab","Escape Plan"],"picked":"Bouncing Flask","floor":14.0},{"not_picked":["Envenom","Malaise"],"picked":"Adrenaline","floor":16.0},{"not_picked":["Flechettes","Escape Plan","Deflect"],"picked":"SKIP","floor":18.0},{"not_picked":["Underhanded Strike","Bane"],"picked":"Deadly Poison","floor":21.0},{"not_picked":["Infinite Blades+1","Backstab+1","Poisoned Stab"],"picked":"SKIP","floor":22.0},{"not_picked":["Underhanded Strike","Leg Sweep"],"picked":"Backflip","floor":24.0},{"not_picked":["Outmaneuver","Dagger Throw+1"],"picked":"Leg Sweep","floor":25.0},{"not_picked":["Deadly Poison","Underhanded Strike","Quick Slash+1"],"picked":"SKIP","floor":28.0},{"not_picked":["Setup","Terror","Bouncing Flask"],"picked":"SKIP","floor":30.0},{"not_picked":["Prepared","Flechettes"],"picked":"Backflip+1","floor":31.0},{"not_picked":["Die Die Die","A Thousand Cuts"],"picked":"After Image","floor":33},{"not_picked":["Dagger Spray+1","Blade Dance+1"],"picked":"Bane+1","floor":35},{"not_picked":["Bane","Slice+1","Flying Knee"],"picked":"SKIP","floor":36},{"not_picked":["Dagger Throw","Bane","Concentrate"],"picked":"SKIP","floor":38}],"player_experience":1200561,"relics_obtained":[{"floor":9.0,"key":"Lantern"},{"floor":10.0,"key":"Odd Mushroom"},{"floor":24.0,"key":"Bronze Scales"}],"event_choices":[{"damage_healed":0.0,"max_hp_gain":0.0,"max_hp_loss":0.0,"gold_gain":0.0,"event_name":"Liars Game","player_choice":"Ignored","floor":7.0,"gold_loss":0.0,"damage_taken":0.0},{"damage_healed":0.0,"max_hp_gain":0.0,"max_hp_loss":0.0,"gold_gain":0.0,"event_name":"Scrap Ooze","player_choice":"Success","floor":8.0,"gold_loss":0.0,"damage_taken":5.0,"relics_obtained":["Smiling Mask"]},{"damage_healed":0.0,"max_hp_gain":0.0,"max_hp_loss":0.0,"gold_gain":0.0,"event_name":"Mushrooms","player_choice":"Fought Mushrooms","floor":10.0,"gold_loss":0.0,"damage_taken":0.0},{"damage_healed":0.0,"max_hp_gain":0.0,"max_hp_loss":0.0,"gold_gain":0.0,"event_name":"Lab","player_choice":"Got Potions","floor":20.0,"gold_loss":0.0,"damage_taken":0.0},{"cards_removed":["Strike_G"],"damage_healed":0,"gold_gain":0,"player_choice":"Removed Attack","damage_taken":0,"max_hp_gain":0,"max_hp_loss":0,"event_name":"Falling","floor":37,"gold_loss":0},{"damage_healed":0,"gold_gain":0,"player_choice":"Ignored","damage_taken":0,"max_hp_gain":0,"max_hp_loss":0,"event_name":"Mysterious Sphere","floor":39,"gold_loss":0}],"is_beta":false,"boss_relics":[{"not_picked":["Philosopher\u0027s Stone","Tiny House"],"picked":"Velvet Choker"},{"not_picked":["Black Star","Busted Crown"],"picked":"Astrolabe"}],"items_purged_floors":[19],"is_endless":false,"potions_floor_spawned":[1,2,3,11,21,24,30,31,33,35,38],"killed_by":"Reptomancer","ascension_level":20}