{"gold_per_floor":[113,163,178,192,209,209,229,229,254,254,317,15,15,15,15,89,89,109,120,41,41,41,67,67,67],"floor_reached":25,"playtime":712,"items_purged":["Strike_G"],"score":588,"play_id":"148c7b5d-7928-4580-b81f-073d6dc244bb","local_time":"20190730221632","is_ascension_mode":true,"campfire_choices":[{"data":"Well Laid Plans","floor":6.0,"key":"SMITH"},{"data":"Bane","floor":8.0,"key":"SMITH"},{"data":"Neutralize","floor":10.0,"key":"SMITH"},{"data":"Noxious Fumes","floor":13.0,"key":"SMITH"},{"data":"Calculated Gamble","floor":15.0,"key":"SMITH"},{"data":"Tactician","floor":24.0,"key":"SMITH"}],"neow_cost":"TEN_PERCENT_HP_LOSS","seed_source_timestamp":186865951482295,"circlet_count":0,"master_deck":["AscendersBane","Strike_G","Strike_G","Strike_G","Strike_G","Defend_G","Defend_G","Defend_G","Defend_G","Defend_G","Survivor","Neutralize+1","Good Instincts","Thinking Ahead","Acrobatics","Well Laid Plans+1","Bane+1","Calculated Gamble+1","Noxious Fumes+1","Purity","Adrenaline","Catalyst","Ghostly","Ghostly","Ghostly","Tactician+1"],"special_seed":0,"relics":["Ring of the Snake","Bronze Scales","Tiny Chest","Orichalcum","Coffee Dripper","Meat on the Bone"],"potions_floor_usage":[],"damage_taken":[{"damage":1.0,"enemies":"Small Slimes","floor":1.0,"turns":4.0},{"damage":3.0,"enemies":"Cultist","floor":3.0,"turns":5.0},{"damage":0.0,"enemies":"2 Louse","floor":4.0,"turns":4.0},{"damage":1.0,"enemies":"2 Fungi Beasts","floor":5.0,"turns":5.0},{"damage":8.0,"enemies":"3 Louse","floor":7.0,"turns":6.0},{"damage":39.0,"enemies":"Gremlin Nob","floor":11.0,"turns":5.0},{"damage":0.0,"enemies":"Hexaghost","floor":16.0,"turns":9.0},{"damage":16.0,"enemies":"Spheric Guardian","floor":18.0,"turns":6.0},{"damage":23.0,"enemies":"2 Thieves","floor":19.0,"turns":3.0},{"damage":0.0,"enemies":"Gremlin Leader","floor":23.0,"turns":9.0},{"damage":4,"enemies":"Slavers","floor":25,"turns":2}],"seed_played":"-60993911786522625","potions_obtained":[{"floor":3.0,"key":"GhostInAJar"},{"floor":4.0,"key":"SkillPotion"},{"floor":16.0,"key":"Weak Potion"},{"floor":18.0,"key":"Regen Potion"},{"floor":19.0,"key":"PowerPotion"}],"is_trial":false,"path_per_floor":["M","?","M","M","M","R","M","R","T","R","E","$","R","?","R","B",null,"M","M","$","?","?","E","R","E"],"character_chosen":"THE_SILENT","items_purchased":["Calculated Gamble","Noxious Fumes","Purity","Catalyst"],"campfire_rested":0,"item_purchase_floors":[12,12,12,20],"current_hp_per_floor":[58,52,49,49,48,48,40,40,40,40,1,1,1,1,1,1,45,29,18,18,18,18,18,18,14],"gold":67,"neow_bonus":"RANDOM_COLORLESS_2","is_prod":false,"is_daily":false,"chose_seed":false,"campfire_upgraded":6,"win_rate":0,"timestamp":1564492592,"path_taken":["M","?","?","M","M","R","M","R","T","R","E","?","R","?","R","BOSS","M","M","$","?","?","E","R","E"],"build_version":"2019-07-17","purchased_purges":1,"victory":false,"max_hp_per_floor":[60,60,60,60,60,60,60,60,60,60,60,60,60,60,60,60,60,60,60,60,60,30,30,30,30],"card_choices":[{"not_picked":["Accuracy","All Out Attack","Flying Knee"],"picked":"SKIP","floor":1.0},{"not_picked":["Accuracy","All Out Attack","Flying Knee"],"picked":"SKIP","floor":1.0},{"not_picked":["Poisoned Stab","Cloak And Dagger"],"picked":"Acrobatics","floor":3.0},{"not_picked":["Poisoned Stab","Dagger Spray","Expertise"],"picked":"SKIP","floor":4.0},{"not_picked":["Reflex","Flying Knee"],"picked":"Well Laid Plans","floor":5.0},{"not_picked":["Dodge and Roll","Storm of Steel"],"picked":"Bane","floor":7.0},{"not_picked":["Sucker Punch","Poisoned Stab","Quick Slash"],"picked":"SKIP","floor":11.0},{"not_picked":["A Thousand Cuts","Night Terror"],"picked":"Adrenaline","floor":16.0},{"not_picked":["Dodge and Roll","Slice","Heel Hook"],"picked":"SKIP","floor":18.0},{"not_picked":["Masterful Stab","Underhanded Strike","Bane+1"],"picked":"SKIP","floor":19.0},{"not_picked":["Footwork","Bane"],"picked":"Tactician","floor":23.0}],"player_experience":694438,"relics_obtained":[{"floor":9.0,"key":"Bronze Scales"},{"floor":11.0,"key":"Tiny Chest"},{"floor":23.0,"key":"Meat on the Bone"}],"event_choices":[{"damage_healed":0.0,"max_hp_gain":0.0,"max_hp_loss":0.0,"gold_gain":50.0,"event_name":"FaceTrader","player_choice":"Touch","floor":2.0,"gold_loss":0.0,"damage_taken":6.0},{"damage_healed":0.0,"max_hp_gain":0.0,"max_hp_loss":0.0,"gold_gain":0.0,"event_name":"Dead Adventurer","player_choice":"Searched \u00271\u0027 times","floor":14.0,"gold_loss":0.0,"damage_taken":0.0,"relics_obtained":["Orichalcum"]},{"damage_healed":0.0,"max_hp_gain":0.0,"max_hp_loss":30.0,"gold_gain":0.0,"event_name":"Ghosts","player_choice":"Became a Ghost","floor":22.0,"gold_loss":0.0,"damage_taken":0.0,"cards_obtained":["Ghostly","Ghostly","Ghostly"]}],"is_beta":false,"boss_relics":[{"not_picked":["HoveringKite","White Beast Statue"],"picked":"Coffee Dripper"}],"items_purged_floors":[12],"is_endless":false,"potions_floor_spawned":[3,4,16,18,19],"killed_by":"Slavers","ascension_level":20}