{"gold_per_floor":[14,14,34,47,47,47,62,62,62,98,123,123,144,164,164,262,262,247,268,65,65,65],"floor_reached":22,"playtime":643,"items_purged":["Strike_R"],"score":376,"play_id":"11134517-4bec-462c-9785-05dd3fda8873","local_time":"20190719001627","is_ascension_mode":true,"campfire_choices":[{"data":"Whirlwind","floor":6.0,"key":"SMITH"},{"data":"Rampage","floor":8.0,"key":"SMITH"},{"data":"True Grit","floor":12.0,"key":"SMITH"},{"data":"Body Slam","floor":15.0,"key":"SMITH"}],"neow_cost":"NO_GOLD","seed_source_timestamp":338414589939200,"circlet_count":0,"master_deck":["AscendersBane","Strike_R","Defend_R","Defend_R","Defend_R","Bash","Rupture","True Grit+1","Rampage+1","Body Slam+1","Inflame","Dark Embrace","Metallicize+1","Reaper+1","Armaments+1","Shrug It Off","Shrug It Off","Finesse"],"special_seed":0,"relics":["Burning Blood","Bloody Idol","Matryoshka","Sundial","Astrolabe"],"potions_floor_usage":[19],"damage_taken":[{"damage":12.0,"enemies":"Small Slimes","floor":1.0,"turns":6.0},{"damage":14.0,"enemies":"Cultist","floor":3.0,"turns":5.0},{"damage":0.0,"enemies":"2 Louse","floor":4.0,"turns":1.0},{"damage":6.0,"enemies":"Looter","floor":7.0,"turns":5.0},{"damage":56.0,"enemies":"Gremlin Nob","floor":10.0,"turns":5.0},{"damage":3.0,"enemies":"3 Louse","floor":11.0,"turns":2.0},{"damage":0.0,"enemies":"Blue Slaver","floor":13.0,"turns":5.0},{"damage":0.0,"enemies":"2 Fungi Beasts","floor":14.0,"turns":3.0},{"damage":15.0,"enemies":"The Guardian","floor":16.0,"turns":11.0},{"damage":25.0,"enemies":"2 Thieves","floor":18.0,"turns":5.0},{"damage":53,"enemies":"3 Byrds","floor":19,"turns":9},{"damage":32,"enemies":"3 Cultists","floor":22,"turns":4}],"seed_played":"-3586357309644233002","potions_obtained":[{"floor":1.0,"key":"Poison Potion"},{"floor":10.0,"key":"SteroidPotion"},{"floor":14.0,"key":"Energy Potion"}],"is_trial":false,"path_per_floor":["M","?","M","M","?","R","M","R","T","E","M","R","M","M","R","B",null,"M","M","$","?","M"],"character_chosen":"IRONCLAD","items_purchased":["Shrug It Off","Finesse"],"campfire_rested":0,"item_purchase_floors":[20,20],"current_hp_per_floor":[62,62,54,60,60,60,60,60,60,10,13,13,19,25,25,16,55,44,15,15,15,0],"gold":65,"neow_bonus":"TRANSFORM_TWO_CARDS","is_prod":false,"is_daily":false,"chose_seed":false,"campfire_upgraded":4,"win_rate":0,"timestamp":1563466587,"path_taken":["M","?","M","?","?","R","M","R","T","E","M","R","M","M","R","BOSS","M","M","$","?","M"],"build_version":"2019-07-17","purchased_purges":1,"victory":false,"max_hp_per_floor":[75,75,75,75,68,68,68,68,68,68,68,68,68,68,68,68,68,68,68,68,68,68],"card_choices":[{"not_picked":["Headbutt","Wild Strike"],"picked":"Shrug It Off","floor":1.0},{"not_picked":["Pommel Strike","Battle Trance"],"picked":"Whirlwind","floor":3.0},{"not_picked":["Perfected Strike","Shrug It Off","Carnage"],"picked":"SKIP","floor":4.0},{"not_picked":["Ghostly Armor","Shrug It Off"],"picked":"Rampage","floor":7.0},{"not_picked":["Sword Boomerang","Metallicize","Spot Weakness"],"picked":"SKIP","floor":10.0},{"not_picked":["Iron Wave","Body Slam","Wild Strike"],"picked":"SKIP","floor":11.0},{"not_picked":["Bloodletting","Blood for Blood"],"picked":"Body Slam","floor":13.0},{"not_picked":["Headbutt","Carnage"],"picked":"Inflame","floor":14.0},{"not_picked":["Juggernaut","Feed"],"picked":"Dark Embrace","floor":16.0},{"not_picked":["Bloodletting","Havoc+1"],"picked":"Shrug It Off","floor":18.0},{"not_picked":["Warcry","Clash","Headbutt"],"picked":"SKIP","floor":19}],"player_experience":663309,"relics_obtained":[{"floor":9.0,"key":"Matryoshka"},{"floor":10.0,"key":"Sundial"}],"event_choices":[{"cards_removed":["Defend_R"],"damage_healed":0.0,"max_hp_gain":0.0,"max_hp_loss":0.0,"gold_gain":0.0,"event_name":"Purifier","player_choice":"Purged","floor":2.0,"gold_loss":0.0,"damage_taken":0.0},{"damage_healed":0.0,"max_hp_gain":0.0,"max_hp_loss":7.0,"gold_gain":0.0,"event_name":"Golden Idol","player_choice":"Lose Max HP","floor":5.0,"gold_loss":0.0,"damage_taken":0.0,"relics_obtained":["Golden Idol"]},{"damage_healed":0,"gold_gain":0,"player_choice":"Gave Idol","damage_taken":0,"relics_obtained":["Bloody Idol"],"max_hp_gain":0,"max_hp_loss":0,"event_name":"Forgotten Altar","floor":21,"relics_lost":["Golden Idol"],"gold_loss":0}],"is_beta":false,"boss_relics":[{"not_picked":["Snecko Eye","Ectoplasm"],"picked":"Astrolabe"}],"items_purged_floors":[20],"is_endless":false,"potions_floor_spawned":[1,10,13,14],"killed_by":"3 Cultists","ascension_level":20}