{"gold_per_floor":[117,117,132,132,112,152,167,180,180,204,83,83,119,133,133,133],"floor_reached":16,"playtime":425,"items_purged":["Pain"],"score":274,"play_id":"09b76db6-0bb1-4191-895a-3682b06c7c31","local_time":"20181117225841","is_ascension_mode":true,"campfire_choices":[{"data":"Footwork","floor":15.0,"key":"SMITH"}],"neow_cost":"NONE","seed_source_timestamp":1512158580294755,"circlet_count":0,"master_deck":["AscendersBane","Defend_G","Defend_G","Defend_G","Defend_G","Defend_G","Strike_G","Strike_G","Strike_G","Strike_G","Survivor","Neutralize","Deadly Poison","Backflip","Tactician","Dash","Catalyst","Bouncing Flask","Footwork+1","Concentrate"],"special_seed":0,"relics":["Ring of the Snake","NeowsBlessing","WarpedTongs","Golden Idol","Blue Candle","The Courier","Snake Skull"],"potions_floor_usage":[16],"damage_taken":[{"damage":0.0,"enemies":"Small Slimes","floor":1.0,"turns":2.0},{"damage":1.0,"enemies":"Cultist","floor":3.0,"turns":1.0},{"damage":0.0,"enemies":"3 Sentries","floor":6.0,"turns":1.0},{"damage":0.0,"enemies":"2 Louse","floor":7.0,"turns":2.0},{"damage":1.0,"enemies":"Blue Slaver","floor":8.0,"turns":5.0},{"damage":6.0,"enemies":"Red Slaver","floor":10.0,"turns":3.0},{"damage":5.0,"enemies":"Lagavulin","floor":13.0,"turns":7.0},{"damage":0.0,"enemies":"3 Louse","floor":14.0,"turns":2.0},{"damage":12,"enemies":"Slime Boss","floor":16,"turns":8}],"seed_played":"-2184634536456395181","potions_obtained":[{"floor":5.0,"key":"LiquidBronze"},{"floor":6.0,"key":"Swift Potion"},{"floor":7.0,"key":"Explosive Potion"},{"floor":14.0,"key":"GamblersBrew"}],"is_trial":false,"path_per_floor":["M","?","M","?","?","E","M","M","T","M","$","?","E","M","R","B"],"character_chosen":"THE_SILENT","items_purchased":["Footwork"],"campfire_rested":0,"item_purchase_floors":[11],"current_hp_per_floor":[59,59,58,35,35,35,35,34,34,28,28,28,23,23,23,11],"gold":133,"neow_bonus":"THREE_ENEMY_KILL","is_prod":false,"is_daily":false,"chose_seed":false,"campfire_upgraded":1,"win_rate":0,"timestamp":1542466721,"path_taken":["M","?","?","?","?","E","M","M","T","?","$","?","E","M","R","BOSS"],"build_version":"2018-11-15","purchased_purges":1,"victory":false,"max_hp_per_floor":[66,66,66,66,66,66,66,66,66,66,66,66,66,66,66,66],"card_choices":[{"not_picked":["Flying Knee","Setup"],"picked":"Deadly Poison","floor":1.0},{"not_picked":["Choke","Quick Slash"],"picked":"Backflip","floor":3.0},{"not_picked":["Cloak And Dagger","Terror"],"picked":"Tactician","floor":6.0},{"not_picked":["Dash","Finisher","Dodge and Roll"],"picked":"SKIP","floor":7.0},{"not_picked":["Finisher","Dodge and Roll"],"picked":"Dash","floor":7.0},{"not_picked":["Prepared","Wraith Form v2"],"picked":"Catalyst","floor":8.0},{"not_picked":["Dagger Throw","Bane"],"picked":"Bouncing Flask","floor":10.0},{"not_picked":["Grand Finale","Riddle With Holes","Flying Knee"],"picked":"SKIP","floor":13.0},{"not_picked":["Backflip","Poisoned Stab","Leg Sweep"],"picked":"SKIP","floor":14.0}],"player_experience":517325,"relics_obtained":[{"floor":6.0,"key":"Blue Candle"},{"floor":9.0,"key":"The Courier"},{"floor":13.0,"key":"Snake Skull"}],"event_choices":[{"damage_healed":0.0,"max_hp_gain":0.0,"max_hp_loss":0.0,"gold_gain":0.0,"event_name":"Accursed Blacksmith","player_choice":"Rummage","floor":2.0,"gold_loss":0.0,"damage_taken":0.0,"relics_obtained":["WarpedTongs"],"cards_obtained":["Pain"]},{"damage_healed":0.0,"max_hp_gain":0.0,"max_hp_loss":0.0,"gold_gain":0.0,"event_name":"Golden Idol","player_choice":"Take Damage","floor":4.0,"gold_loss":0.0,"damage_taken":23.0,"relics_obtained":["Golden Idol"]},{"damage_healed":0.0,"max_hp_gain":0.0,"max_hp_loss":0.0,"gold_gain":0.0,"event_name":"The Woman in Blue","player_choice":"Bought 1 Potion","floor":5.0,"gold_loss":0.0,"damage_taken":0.0},{"damage_healed":0.0,"max_hp_gain":0.0,"max_hp_loss":0.0,"gold_gain":0.0,"cards_transformed":["Strike_G"],"event_name":"Living Wall","player_choice":"Change","floor":12.0,"gold_loss":0.0,"damage_taken":0.0,"cards_obtained":["Concentrate"]}],"is_beta":true,"boss_relics":[],"items_purged_floors":[11],"is_endless":false,"potions_floor_spawned":[6,7,8,10,14],"killed_by":"Slime Boss","ascension_level":20}