{"gold_per_floor":[15,15,26,101,101,101,121,121,121,121,135,170,170,184,184,287,287,302,312,327,342,342,342,342,342,342,358,369,369,380,400,400,497,497,517,530,530,530],"floor_reached":39,"playtime":1118,"items_purged":[],"score":585,"play_id":"3be9262c-db7a-4480-8544-92af884a2948","local_time":"20190630170614","is_ascension_mode":false,"campfire_choices":[{"data":"Rampage","floor":6.0,"key":"SMITH"},{"data":"Shockwave","floor":8.0,"key":"SMITH"},{"data":"Shockwave","floor":10.0,"key":"SMITH"},{"data":"True Grit","floor":13.0,"key":"SMITH"},{"data":"Clash","floor":15.0,"key":"SMITH"},{"data":"Immolate","floor":23,"key":"SMITH"},{"data":"Iron Wave","floor":25,"key":"SMITH"},{"data":"Shrug It Off","floor":29,"key":"SMITH"},{"data":"Bash","floor":32,"key":"SMITH"}],"neow_cost":"NO_GOLD","seed_source_timestamp":17487876116273,"circlet_count":0,"master_deck":["Strike_R","Strike_R","Defend_R","Defend_R","Defend_R","Defend_R","Bash+1","Iron Wave+1","Shockwave+1","Clash+1","Shockwave+1","Rampage+1","True Grit+1","Immolate+1","Shrug It Off+1","Offering","Battle Trance+1"],"special_seed":0,"relics":["Burning Blood","WarpedTongs","Shuriken","Bag of Preparation","Philosopher\u0027s Stone","Oddly Smooth Stone","Kunai","Runic Dome"],"potions_floor_usage":[18,18,38,38,38],"damage_taken":[{"damage":0.0,"enemies":"Cultist","floor":1.0,"turns":3.0},{"damage":5.0,"enemies":"2 Louse","floor":3.0,"turns":3.0},{"damage":9.0,"enemies":"Small Slimes","floor":7.0,"turns":3.0},{"damage":24.0,"enemies":"Exordium Thugs","floor":11.0,"turns":5.0},{"damage":23.0,"enemies":"Gremlin Nob","floor":12.0,"turns":5.0},{"damage":7.0,"enemies":"Gremlin Gang","floor":14.0,"turns":6.0},{"damage":10.0,"enemies":"The Guardian","floor":16.0,"turns":9.0},{"damage":23,"enemies":"3 Byrds","floor":18,"turns":3},{"damage":4,"enemies":"Spheric Guardian","floor":19,"turns":3},{"damage":8,"enemies":"3 Cultists","floor":20,"turns":4},{"damage":8,"enemies":"Chosen and Byrds","floor":21,"turns":4},{"damage":1,"enemies":"Sentry and Sphere","floor":27,"turns":4},{"damage":7,"enemies":"Shelled Parasite and Fungi","floor":28,"turns":4},{"damage":11,"enemies":"Snake Plant","floor":30,"turns":5},{"damage":0,"enemies":"Centurion and Healer","floor":31,"turns":5},{"damage":57,"enemies":"Collector","floor":33,"turns":9},{"damage":7,"enemies":"Orb Walker","floor":35,"turns":3},{"damage":6,"enemies":"3 Darklings","floor":36,"turns":2},{"damage":49,"enemies":"Donu and Deca","floor":38,"turns":11}],"seed_played":"-193249612455652293","potions_obtained":[{"floor":1.0,"key":"Strength Potion"},{"floor":3.0,"key":"PowerPotion"},{"floor":11.0,"key":"FearPotion"},{"floor":18,"key":"EssenceOfSteel"},{"floor":20,"key":"Swift Potion"},{"floor":21,"key":"SkillPotion"}],"is_trial":false,"path_per_floor":["M","?","M","?","?","R","M","R","T","R","M","E","R","M","R","B",null,"M","M","M","M","?","R","?","R","T","M","M","R","M","M","R","B",null,"M","M","?","B",null],"character_chosen":"IRONCLAD","items_purchased":[],"campfire_rested":0,"item_purchase_floors":[],"current_hp_per_floor":[80,80,80,69,69,69,66,66,66,66,48,31,31,30,30,26,80,63,65,63,61,61,61,61,61,61,66,65,65,60,66,66,15,80,79,79,79,36],"gold":530,"neow_bonus":"TRANSFORM_TWO_CARDS","is_prod":false,"is_daily":false,"chose_seed":false,"campfire_upgraded":9,"win_rate":0,"timestamp":1561885574,"path_taken":["M","?","M","?","?","R","M","R","T","R","M","E","R","?","R","BOSS","M","M","M","?","?","R","?","R","T","?","?","R","M","M","R","BOSS","M","M","?","BOSS"],"build_version":"2019-01-23","purchased_purges":0,"victory":true,"max_hp_per_floor":[80,80,80,80,80,80,80,80,80,80,80,80,80,80,80,80,80,80,80,80,80,80,80,80,80,80,80,80,80,80,80,80,80,80,80,80,80,80],"card_choices":[{"not_picked":["Corruption","Iron Wave"],"picked":"Clash","floor":1.0},{"not_picked":["Wild Strike","Perfected Strike"],"picked":"Rampage","floor":3.0},{"not_picked":["Sword Boomerang","Inflame","Whirlwind"],"picked":"SKIP","floor":7.0},{"not_picked":["Headbutt","Feel No Pain","Carnage"],"picked":"SKIP","floor":11.0},{"not_picked":["Headbutt","Feel No Pain","Carnage"],"picked":"SKIP","floor":11.0},{"not_picked":["Wild Strike","Ghostly Armor"],"picked":"True Grit","floor":12.0},{"not_picked":["Blood for Blood","Armaments","Cleave"],"picked":"SKIP","floor":14.0},{"not_picked":["Demon Form","Limit Break"],"picked":"Immolate","floor":16.0},{"not_picked":["Body Slam","Pommel Strike"],"picked":"Shrug It Off","floor":18},{"not_picked":["Sword Boomerang","Clash","Wild Strike+1"],"picked":"SKIP","floor":19},{"not_picked":["Heavy Blade+1","Ghostly Armor","Twin Strike"],"picked":"SKIP","floor":20},{"not_picked":["Sword Boomerang","Wild Strike","Thunderclap"],"picked":"SKIP","floor":21},{"not_picked":["Headbutt","Brutality","Flex+1"],"picked":"SKIP","floor":27},{"not_picked":["Metallicize","Havoc","Perfected Strike+1"],"picked":"SKIP","floor":28},{"not_picked":["Dropkick","Twin Strike","Metallicize"],"picked":"SKIP","floor":30},{"not_picked":["Armaments","Clothesline+1","Iron Wave+1"],"picked":"SKIP","floor":31},{"not_picked":["Brutality","Double Tap"],"picked":"Offering","floor":33},{"not_picked":["Headbutt","Anger","Flame Barrier+1"],"picked":"SKIP","floor":35},{"not_picked":["Heavy Blade","Clash+1"],"picked":"Battle Trance+1","floor":36}],"player_experience":5601959,"relics_obtained":[{"floor":9.0,"key":"Shuriken"},{"floor":12.0,"key":"Bag of Preparation"},{"floor":26,"key":"Kunai"}],"event_choices":[{"damage_healed":0.0,"max_hp_gain":0.0,"max_hp_loss":0.0,"gold_gain":0.0,"cards_transformed":["Strike_R"],"event_name":"Living Wall","player_choice":"Change","floor":2.0,"gold_loss":0.0,"damage_taken":0.0,"cards_obtained":["Shockwave"]},{"damage_healed":0.0,"max_hp_gain":0.0,"max_hp_loss":0.0,"gold_gain":75.0,"event_name":"World of Goop","player_choice":"Gather Gold","floor":4.0,"gold_loss":0.0,"damage_taken":11.0},{"damage_healed":0.0,"max_hp_gain":0.0,"max_hp_loss":0.0,"gold_gain":0.0,"event_name":"Accursed Blacksmith","player_choice":"Rummage","floor":5.0,"gold_loss":0.0,"damage_taken":0.0,"relics_obtained":["WarpedTongs"],"cards_obtained":["Pain"]},{"damage_healed":0,"gold_gain":0,"player_choice":"Opened","damage_taken":0,"relics_obtained":["Oddly Smooth Stone"],"max_hp_gain":0,"max_hp_loss":0,"event_name":"The Mausoleum","floor":22,"gold_loss":0},{"cards_removed":["Pain"],"damage_healed":0,"gold_gain":0,"player_choice":"Removed Curses","damage_taken":0,"max_hp_gain":0,"max_hp_loss":0,"event_name":"Fountain of Cleansing","floor":24,"gold_loss":0},{"damage_healed":0,"gold_gain":0,"player_choice":"Took Portal","damage_taken":0,"max_hp_gain":0,"max_hp_loss":0,"event_name":"SecretPortal","floor":37,"gold_loss":0}],"is_beta":false,"boss_relics":[{"not_picked":["Lizard Tail","Ectoplasm"],"picked":"Philosopher\u0027s Stone"},{"not_picked":["White Beast Statue","Tiny House"],"picked":"Runic Dome"}],"items_purged_floors":[],"is_endless":false,"potions_floor_spawned":[1,3,11,14,18,20,21,30],"ascension_level":0}