{"gold_per_floor":[213,230,230,246,81,81,131,149,149,49,60,74,93,107,107,107],"floor_reached":16,"playtime":521,"items_purged":["Strike_R","Strike_R"],"score":192,"play_id":"f1d0e7f9-5927-48a2-8067-db8f338ecb5e","local_time":"20190210212919","is_ascension_mode":true,"campfire_choices":[{"data":"Spot Weakness","floor":6.0,"key":"SMITH"},{"data":"Heavy Blade","floor":15,"key":"SMITH"}],"neow_cost":"NONE","seed_source_timestamp":1139343741133504,"circlet_count":0,"master_deck":["AscendersBane","Strike_R+1","Strike_R","Strike_R","Defend_R","Defend_R","Defend_R","Defend_R","Bash+1","Spot Weakness+1","Pummel","True Grit","Shrug It Off","Heavy Blade+1"],"special_seed":0,"relics":["Burning Blood","Gremlin Horn"],"potions_floor_usage":[14],"damage_taken":[{"damage":11.0,"enemies":"Small Slimes","floor":1.0,"turns":4.0},{"damage":7.0,"enemies":"Cultist","floor":2.0,"turns":4.0},{"damage":9.0,"enemies":"2 Louse","floor":4.0,"turns":4.0},{"damage":26.0,"enemies":"Large Slime","floor":8.0,"turns":6.0},{"damage":0,"enemies":"Gremlin Gang","floor":11,"turns":4},{"damage":4,"enemies":"Blue Slaver","floor":12,"turns":4},{"damage":12,"enemies":"3 Louse","floor":13,"turns":6},{"damage":3,"enemies":"Lots of Slimes","floor":14,"turns":3},{"damage":18,"enemies":"Hexaghost","floor":16,"turns":8}],"seed_played":"-4134112551537767678","potions_obtained":[{"floor":2.0,"key":"SneckoOil"},{"floor":11,"key":"Ancient Potion"},{"floor":12,"key":"SteroidPotion"}],"is_trial":false,"path_per_floor":["M","M","?","M","$","R","?","M","T","$","M","M","M","M","R","B"],"character_chosen":"IRONCLAD","items_purchased":["Spot Weakness"],"campfire_rested":0,"item_purchase_floors":[5],"current_hp_per_floor":[63,62,39,36,36,36,29,9,9,9,15,17,11,14,14,0],"gold":107,"neow_bonus":"HUNDRED_GOLD","is_prod":false,"is_daily":false,"chose_seed":false,"campfire_upgraded":2,"win_rate":0,"timestamp":1549805359,"path_taken":["M","M","?","M","$","R","?","?","T","$","M","M","M","M","R","BOSS"],"build_version":"2019-01-23","purchased_purges":2,"victory":false,"max_hp_per_floor":[75,75,75,75,75,75,75,75,75,75,75,75,75,75,75,75],"card_choices":[{"not_picked":["Thunderclap","Iron Wave","Cleave"],"picked":"SKIP","floor":1.0},{"not_picked":["Iron Wave","Heavy Blade","Headbutt"],"picked":"SKIP","floor":2.0},{"not_picked":["Pommel Strike","Infernal Blade","Heavy Blade"],"picked":"SKIP","floor":4.0},{"not_picked":["Reckless Charge","Anger"],"picked":"Pummel","floor":8.0},{"not_picked":["Intimidate","Anger"],"picked":"True Grit","floor":11},{"not_picked":["Clash","Blood for Blood","Cleave"],"picked":"SKIP","floor":12},{"not_picked":["Headbutt","Entrench"],"picked":"Shrug It Off","floor":13},{"not_picked":["Warcry","Anger"],"picked":"Heavy Blade","floor":14}],"player_experience":716244,"relics_obtained":[{"floor":9.0,"key":"Gremlin Horn"}],"event_choices":[{"damage_healed":0.0,"max_hp_gain":0.0,"max_hp_loss":0.0,"gold_gain":0.0,"event_name":"Shining Light","player_choice":"Entered Light","floor":3.0,"gold_loss":0.0,"damage_taken":23.0,"cards_upgraded":["Bash","Strike_R"]},{"damage_healed":0.0,"max_hp_gain":0.0,"max_hp_loss":0.0,"gold_gain":50.0,"event_name":"FaceTrader","player_choice":"Touch","floor":7.0,"gold_loss":0.0,"damage_taken":7.0}],"is_beta":false,"boss_relics":[],"items_purged_floors":[5,10],"is_endless":false,"potions_floor_spawned":[2,11,12],"killed_by":"Hexaghost","ascension_level":20}