{"gold_per_floor":[112,129,146,146,71,71,106,106,133,133,163,173,173,44,44,117,117,131,131,150,150,160,225,225,273,319,335,33,33],"floor_reached":29,"playtime":589,"items_purged":["Strike_B","Strike_B"],"score":552,"play_id":"4d36e3f2-7042-49ce-a544-dc91299eae77","local_time":"20190625205939","is_ascension_mode":true,"campfire_choices":[{"data":"Defragment","floor":6.0,"key":"SMITH"},{"data":"Skim","floor":10.0,"key":"SMITH"},{"data":"Dualcast","floor":13.0,"key":"SMITH"},{"data":"Coolheaded","floor":15.0,"key":"SMITH"},{"data":"Turbo","floor":24.0,"key":"SMITH"}],"neow_cost":"NONE","seed_source_timestamp":27869395233654,"circlet_count":0,"master_deck":["AscendersBane","Defend_B","Defend_B","Defend_B","Defend_B","Zap","Dualcast+1","Skim+1","Defragment+1","Ball Lightning","Cold Snap","Lockon+1","Conserve Battery","Coolheaded+1","Echo Form","Turbo+1","Core Surge+1","Coolheaded","Glacier","Leap"],"special_seed":0,"relics":["Cracked Core","NeowsBlessing","Bag of Marbles","Pen Nib","Molten Egg 2","Tiny Chest","Bronze Scales","Potion Belt"],"potions_floor_usage":[29,29],"damage_taken":[{"damage":0.0,"enemies":"Cultist","floor":1.0,"turns":1.0},{"damage":0.0,"enemies":"Jaw Worm","floor":2.0,"turns":1.0},{"damage":0.0,"enemies":"2 Louse","floor":3.0,"turns":1.0},{"damage":20.0,"enemies":"3 Sentries","floor":7.0,"turns":7.0},{"damage":10.0,"enemies":"Gremlin Nob","floor":11.0,"turns":3.0},{"damage":0.0,"enemies":"Blue Slaver","floor":12.0,"turns":2.0},{"damage":32.0,"enemies":"Hexaghost","floor":16.0,"turns":10.0},{"damage":15.0,"enemies":"Shell Parasite","floor":18.0,"turns":8.0},{"damage":7.0,"enemies":"Spheric Guardian","floor":20.0,"turns":3.0},{"damage":14.0,"enemies":"Snecko","floor":22.0,"turns":4.0},{"damage":0.0,"enemies":"Slavers","floor":23.0,"turns":1.0},{"damage":21.0,"enemies":"Snake Plant","floor":27.0,"turns":4.0},{"damage":6,"enemies":"Book of Stabbing","floor":29,"turns":4}],"seed_played":"2087707784322295562","potions_obtained":[{"floor":1.0,"key":"SteroidPotion"},{"floor":12.0,"key":"PowerPotion"},{"floor":16.0,"key":"SkillPotion"},{"floor":23.0,"key":"SpeedPotion"}],"is_trial":false,"path_per_floor":["M","M","M","?","?","R","E","?","T","R","E","M","R","$","R","B",null,"M","?","M","?","M","E","R","T","T","M","$","E"],"character_chosen":"DEFECT","items_purchased":["Coolheaded","Glacier","SkillPotion","Leap","AttackPotion"],"campfire_rested":0,"item_purchase_floors":[14,28,28,28,28],"current_hp_per_floor":[64,64,64,57,57,57,37,60,60,60,50,50,50,50,50,18,58,43,43,36,36,22,22,22,22,22,1,1,0],"gold":33,"neow_bonus":"THREE_ENEMY_KILL","is_prod":false,"is_daily":false,"chose_seed":false,"campfire_upgraded":5,"win_rate":0,"timestamp":1561463979,"path_taken":["M","?","M","?","?","R","E","?","T","R","E","M","R","$","R","BOSS","M","?","?","?","M","E","R","?","T","?","$","E"],"build_version":"2019-01-23","purchased_purges":2,"victory":false,"max_hp_per_floor":[71,71,71,71,71,71,71,71,71,71,71,71,71,71,71,71,71,71,71,71,71,71,71,71,71,71,71,71,71],"card_choices":[{"not_picked":["Conserve Battery","Tempest"],"picked":"Skim","floor":1.0},{"not_picked":["Conserve Battery","Compile Driver"],"picked":"Defragment","floor":2.0},{"not_picked":["Compile Driver","Hologram"],"picked":"Ball Lightning","floor":3.0},{"not_picked":["Stack","Steam Power"],"picked":"Cold Snap","floor":7.0},{"not_picked":["Auto Shields","Conserve Battery"],"picked":"Lockon","floor":11.0},{"not_picked":["Fusion","Sweeping Beam+1"],"picked":"Conserve Battery","floor":12.0},{"not_picked":["Seek","Reboot"],"picked":"Echo Form","floor":16.0},{"not_picked":["Static Discharge","Redo"],"picked":"Turbo","floor":18.0},{"not_picked":["Leap","Redo","Stack+1"],"picked":"SKIP","floor":20.0},{"not_picked":["Cold Snap+1","Leap","Tempest"],"picked":"SKIP","floor":22.0},{"not_picked":["Barrage+1","Melter+1","Scrape+1"],"picked":"SKIP","floor":23.0},{"not_picked":["Go for the Eyes+1","Undo"],"picked":"Coolheaded","floor":27.0}],"player_experience":613514,"relics_obtained":[{"floor":7.0,"key":"Bag of Marbles"},{"floor":9.0,"key":"Pen Nib"},{"floor":11.0,"key":"Molten Egg 2"},{"floor":23.0,"key":"Tiny Chest"},{"floor":25.0,"key":"Bronze Scales"},{"floor":26.0,"key":"Potion Belt"}],"event_choices":[{"cards_removed":["Strike_B"],"damage_healed":0.0,"max_hp_gain":0.0,"max_hp_loss":0.0,"gold_gain":0.0,"event_name":"Golden Wing","player_choice":"Card Removal","floor":4.0,"gold_loss":0.0,"damage_taken":7.0},{"cards_removed":["Strike_B"],"damage_healed":0.0,"max_hp_gain":0.0,"max_hp_loss":0.0,"gold_gain":0.0,"event_name":"The Cleric","player_choice":"Card Removal","floor":5.0,"gold_loss":75.0,"damage_taken":0.0},{"damage_healed":23.0,"max_hp_gain":0.0,"max_hp_loss":0.0,"gold_gain":0.0,"event_name":"Big Fish","player_choice":"Banana","floor":8.0,"gold_loss":0.0,"damage_taken":0.0},{"damage_healed":0.0,"max_hp_gain":0.0,"max_hp_loss":0.0,"gold_gain":0.0,"event_name":"Lab","player_choice":"Got Potions","floor":19.0,"gold_loss":0.0,"damage_taken":0.0},{"damage_healed":0.0,"max_hp_gain":0.0,"max_hp_loss":0.0,"gold_gain":0.0,"event_name":"The Library","player_choice":"Read","floor":21.0,"gold_loss":0.0,"damage_taken":0.0,"cards_obtained":["Core Surge"]}],"is_beta":false,"boss_relics":[{"not_picked":["Inserter","Ectoplasm","Fusion Hammer"]}],"items_purged_floors":[14,28],"is_endless":false,"potions_floor_spawned":[1,12,16,23],"killed_by":"Book of Stabbing","ascension_level":20}