{"gold_per_floor":[367,383,458,42,57,57,57,57,80,80,115,133,148,164,164,259,259,277,287,300,126,126,126,158,171,171,204,215,215,229,229,229,332,332,344,100,119,137,137,170,183,258,282,299,174,184,184,184,184,184],"floor_reached":51,"playtime":2409,"items_purged":["Strike_G","Strike_G","Defend_G"],"score":848,"play_id":"1fc2615c-7a82-426d-8f92-ddf850b9f6e2","local_time":"20181021191011","is_ascension_mode":false,"campfire_choices":[{"data":"Deadly Poison","floor":6.0,"key":"SMITH"},{"data":"Poisoned Stab","floor":10.0,"key":"SMITH"},{"data":"Corpse Explosion","floor":15,"key":"SMITH"},{"floor":23,"key":"REST"},{"floor":32,"key":"REST"},{"floor":47,"key":"REST"},{"floor":49,"key":"REST"}],"neow_cost":"TEN_PERCENT_HP_LOSS","seed_source_timestamp":37986775444414,"circlet_count":0,"master_deck":["Defend_G","Defend_G","Strike_G","Strike_G+1","Strike_G+1","Survivor","Neutralize","Poisoned Stab+1","Venomology","Deadly Poison+1","Corpse Explosion+1","Venomology","Dodge and Roll+1","Footwork","Ghostly","Ghostly","Ghostly","Ghostly","Ghostly","Footwork","Adrenaline","Well Laid Plans","Night Terror","Well Laid Plans","Venomology"],"special_seed":0,"relics":["Ring of the Snake","Potion Belt","Darkstone Periapt","Bag of Marbles","Singing Bowl","Fusion Hammer","Question Card","Blue Candle","Regal Pillow","Shuriken","Empty Cage","ClockworkSouvenir","Dream Catcher","Whetstone"],"potions_floor_usage":[14,16,16,16,16,16,20,24,24,25,25,27,28,30,30,33,33,35,35,37,37,37,37,37,38,38,38,40,40,40,41,41,41,44,46,46,48,50,50,50,50],"damage_taken":[{"damage":0.0,"enemies":"Jaw Worm","floor":1.0,"turns":5.0},{"damage":0.0,"enemies":"2 Louse","floor":2.0,"turns":5.0},{"damage":0.0,"enemies":"Cultist","floor":5.0,"turns":4.0},{"damage":11.0,"enemies":"Lagavulin","floor":11.0,"turns":5.0},{"damage":5.0,"enemies":"Large Slime","floor":12.0,"turns":7.0},{"damage":8.0,"enemies":"Lots of Slimes","floor":13.0,"turns":5.0},{"damage":0,"enemies":"Gremlin Gang","floor":14,"turns":5},{"damage":28,"enemies":"Slime Boss","floor":16,"turns":4},{"damage":0,"enemies":"Chosen","floor":18,"turns":5},{"damage":4,"enemies":"Shell Parasite","floor":19,"turns":5},{"damage":2,"enemies":"Centurion and Healer","floor":20,"turns":5},{"damage":6,"enemies":"Book of Stabbing","floor":24,"turns":7},{"damage":0,"enemies":"Snake Plant","floor":25,"turns":4},{"damage":3,"enemies":"Slavers","floor":27,"turns":6},{"damage":0,"enemies":"Shelled Parasite and Fungi","floor":28,"turns":6},{"damage":1,"enemies":"Centurion and Healer","floor":30,"turns":5},{"damage":10,"enemies":"Collector","floor":33,"turns":10},{"damage":0,"enemies":"3 Darklings","floor":35,"turns":5},{"damage":0,"enemies":"Orb Walker","floor":37,"turns":6},{"damage":0,"enemies":"Jaw Worm Horde","floor":38,"turns":5},{"damage":7,"enemies":"Reptomancer","floor":40,"turns":8},{"damage":0,"enemies":"Sphere and 2 Shapes","floor":41,"turns":5},{"damage":0,"enemies":"3 Darklings","floor":44,"turns":2},{"damage":2,"enemies":"4 Shapes","floor":46,"turns":8},{"damage":0,"enemies":"Jaw Worm Horde","floor":48,"turns":1},{"damage":0,"enemies":"Donu and Deca","floor":50,"turns":9}],"seed_played":"-4070252306514307064","potions_obtained":[{"floor":1.0,"key":"Dexterity Potion"},{"floor":2.0,"key":"Weak Potion"},{"floor":14,"key":"SteroidPotion"},{"floor":20,"key":"GhostInAJar"},{"floor":24,"key":"Fire Potion"},{"floor":33,"key":"FearPotion"},{"floor":38,"key":"Swift Potion"},{"floor":40,"key":"Dexterity Potion"}],"is_trial":false,"path_per_floor":["M","M","?","$","M","R","?","?","T","R","E","M","M","M","R","B",null,"M","M","M","$","?","R","E","M","T","E","M","?","M","?","R","B",null,"M","$","M","M","?","E","M","?","T","M","$","M","R","M","R","B"],"character_chosen":"THE_SILENT","items_purchased":["Potion Belt","Venomology","Fire Potion","Footwork","Well Laid Plans","ClockworkSouvenir"],"campfire_rested":4,"item_purchase_floors":[4,4,4,21,36,36],"current_hp_per_floor":[63,63,52,52,52,52,49,49,49,49,40,37,31,31,31,3,69,69,67,67,67,36,36,32,34,34,31,33,33,41,41,42,32,42,44,44,46,48,46,39,41,37,37,39,39,39,54,54,56,56],"gold":184,"neow_bonus":"TWO_FIFTY_GOLD","is_prod":false,"is_daily":false,"chose_seed":false,"campfire_upgraded":3,"win_rate":0,"timestamp":1540120211,"path_taken":["M","M","?","$","M","R","?","?","T","R","E","M","M","M","R","BOSS","M","M","?","$","?","R","E","?","T","E","M","?","M","?","R","BOSS","M","$","M","M","?","E","?","?","T","M","$","M","R","M","R","BOSS"],"build_version":"2018-10-18","purchased_purges":3,"victory":true,"max_hp_per_floor":[63,63,63,63,63,63,63,63,63,63,65,67,69,69,69,69,69,69,71,73,73,36,36,38,40,40,40,42,42,42,42,42,42,42,44,44,46,48,46,46,48,48,48,50,50,52,54,54,56,56],"card_choices":[{"not_picked":["Caltrops","Terror"],"picked":"Poisoned Stab","floor":1.0},{"not_picked":["Bane","Concentrate","Tactician"],"picked":"SKIP","floor":2.0},{"not_picked":["Choke","Dagger Throw"],"picked":"Deadly Poison","floor":5.0},{"not_picked":["Underhanded Strike","All Out Attack","Outmaneuver"],"picked":"Singing Bowl","floor":11.0},{"not_picked":["Outmaneuver","PiercingWail","Dodge and Roll"],"picked":"Singing Bowl","floor":12.0},{"not_picked":["Outmaneuver","Deadly Poison","Dagger Spray"],"picked":"Singing Bowl","floor":13.0},{"not_picked":["Bouncing Flask","Cloak And Dagger"],"picked":"Corpse Explosion","floor":14},{"not_picked":["Malaise","Adrenaline"],"picked":"Venomology","floor":16},{"not_picked":["Acrobatics+1","Dagger Spray"],"picked":"Dodge and Roll+1","floor":18},{"not_picked":["Heel Hook+1","Underhanded Strike","Quick Slash+1"],"picked":"Singing Bowl","floor":19},{"not_picked":["Slice+1","Underhanded Strike+1","Envenom"],"picked":"Singing Bowl","floor":20},{"not_picked":["Escape Plan+1","Blade Dance","Dagger Throw"],"picked":"Singing Bowl","floor":24},{"not_picked":["Expertise","Deadly Poison","Outmaneuver","Quick Slash+1"],"picked":"Singing Bowl","floor":25},{"not_picked":["Bane","Cloak And Dagger","Dagger Throw"],"picked":"Footwork","floor":27},{"not_picked":["Reflex","Underhanded Strike","Caltrops+1","Bane"],"picked":"Singing Bowl","floor":28},{"not_picked":["Accuracy","Deflect+1","Skewer"],"picked":"Well Laid Plans","floor":30},{"not_picked":["Adrenaline","Burst","Glass Knife"],"picked":"Night Terror","floor":33},{"not_picked":["Backflip","Quick Slash+1","Leg Sweep+1","Bane"],"picked":"Singing Bowl","floor":35},{"not_picked":["Blur","Quick Slash+1","Cloak And Dagger","Deflect+1"],"picked":"Singing Bowl","floor":37},{"not_picked":["Eviscerate+1","Deadly Poison+1","PiercingWail+1","Riddle With Holes+1"],"picked":"Singing Bowl","floor":38},{"not_picked":["Sucker Punch+1","Concentrate","Flying Knee"],"picked":"Venomology","floor":40},{"not_picked":["Setup","Dodge and Roll","Bane","Blur"],"picked":"Singing Bowl","floor":41},{"not_picked":["Dagger Spray+1","Calculated Gamble+1","PiercingWail","Acrobatics"],"picked":"Singing Bowl","floor":44},{"not_picked":["Dodge and Roll","Flying Knee+1","Choke+1","Cloak And Dagger+1"],"picked":"Singing Bowl","floor":46},{"not_picked":["Riddle With Holes+1","Skewer+1","PiercingWail+1","Infinite Blades"],"picked":"Singing Bowl","floor":47},{"not_picked":["Finisher","PiercingWail+1","Quick Slash","Dodge and Roll+1"],"picked":"Singing Bowl","floor":49}],"player_experience":467613,"relics_obtained":[{"floor":9.0,"key":"Bag of Marbles"},{"floor":11.0,"key":"Singing Bowl"},{"floor":24,"key":"Question Card"},{"floor":26,"key":"Blue Candle"},{"floor":27,"key":"Regal Pillow"},{"floor":40,"key":"Dream Catcher"},{"floor":43,"key":"Whetstone"}],"event_choices":[{"damage_healed":0.0,"max_hp_gain":0.0,"max_hp_loss":0.0,"gold_gain":75.0,"event_name":"World of Goop","player_choice":"Gather Gold","floor":3.0,"gold_loss":0.0,"damage_taken":11.0},{"damage_healed":0.0,"max_hp_gain":0.0,"max_hp_loss":0.0,"gold_gain":0.0,"event_name":"Scrap Ooze","player_choice":"Success","floor":7.0,"gold_loss":0.0,"damage_taken":3.0,"relics_obtained":["Darkstone Periapt"]},{"damage_healed":0.0,"max_hp_gain":0.0,"max_hp_loss":0.0,"gold_gain":0.0,"event_name":"The Woman in Blue","player_choice":"Bought 0 Potions","floor":8.0,"gold_loss":0.0,"damage_taken":0.0},{"damage_healed":0,"gold_gain":0,"player_choice":"Became a Ghost","damage_taken":0,"max_hp_gain":0,"max_hp_loss":37,"event_name":"Ghosts","floor":22,"gold_loss":0,"cards_obtained":["Ghostly","Ghostly","Ghostly","Ghostly","Ghostly"]},{"damage_healed":0,"gold_gain":0,"player_choice":"Read","damage_taken":0,"max_hp_gain":0,"max_hp_loss":0,"event_name":"The Library","floor":29,"gold_loss":0,"cards_obtained":["Adrenaline"]},{"damage_healed":0,"gold_gain":0,"player_choice":"Gave Potion","damage_taken":0,"relics_obtained":["Shuriken"],"max_hp_gain":0,"max_hp_loss":0,"event_name":"WeMeetAgain","floor":31,"gold_loss":0},{"damage_healed":0,"gold_gain":0,"player_choice":"Max HP","damage_taken":0,"max_hp_gain":0,"max_hp_loss":2,"event_name":"Winding Halls","floor":39,"gold_loss":0},{"damage_healed":0,"gold_gain":75,"player_choice":"Touch","damage_taken":4,"max_hp_gain":0,"max_hp_loss":0,"event_name":"FaceTrader","floor":42,"gold_loss":0}],"is_beta":false,"boss_relics":[{"not_picked":["Busted Crown","Eternal Feather"],"picked":"Fusion Hammer"},{"not_picked":["Ring of the Serpent","Lizard Tail"],"picked":"Empty Cage"}],"items_purged_floors":[4,21,45],"is_endless":false,"potions_floor_spawned":[1,2,14,20,24,33,38,40,48],"ascension_level":0}