{"gold_per_floor":[110,35,49,49,49,49,64,64,64,97,97,141,141,162,162,257,257,270,270,270,295,59,59,7,7,84,123,48,48,48,62,62,160,160,175,17,350,367,367,367,367,367,367,367],"floor_reached":44,"playtime":858,"items_purged":["Strike_B","Strike_B"],"score":931,"play_id":"e716b403-44b9-4827-bebd-e1d7836ed500","local_time":"20190807182336","is_ascension_mode":true,"campfire_choices":[{"data":"Sunder","floor":6.0,"key":"SMITH"},{"data":"Darkness","floor":11.0,"key":"SMITH"},{"data":"Dualcast","floor":13.0,"key":"SMITH"},{"data":"Lockon","floor":15.0,"key":"SMITH"},{"data":"Loop","floor":23.0,"key":"SMITH"},{"data":"Redo","floor":25.0,"key":"SMITH"},{"data":"Fission","floor":29.0,"key":"SMITH"},{"floor":32.0,"key":"REST"},{"data":"Fusion","floor":40,"key":"SMITH"},{"data":"Multi-Cast","floor":42,"key":"SMITH"}],"neow_cost":"NONE","seed_source_timestamp":954933329898700,"circlet_count":0,"master_deck":["AscendersBane","Defend_B","Defend_B","Defend_B","Defend_B","Zap","Dualcast+1","Cold Snap","Sunder+1","Darkness+1","Lockon+1","Double Energy","Fission+1","Necronomicurse","Coolheaded+1","Loop+1","Glacier","Redo+1","Ghostly","Ghostly","Ghostly","Multi-Cast+1","Compile Driver+1","Hologram","Fusion+1"],"special_seed":0,"relics":["Cracked Core","NeowsBlessing","Pen Nib","Pear","Du-Vu Doll","Blue Candle","Runic Pyramid","Necronomicon","Tiny Chest","Ancient Tea Set","Sozu"],"potions_floor_usage":[33],"damage_taken":[{"damage":0.0,"enemies":"Cultist","floor":1.0,"turns":1.0},{"damage":0.0,"enemies":"Small Slimes","floor":3.0,"turns":1.0},{"damage":0.0,"enemies":"Jaw Worm","floor":7.0,"turns":1.0},{"damage":29.0,"enemies":"Gremlin Nob","floor":10.0,"turns":4.0},{"damage":18.0,"enemies":"3 Sentries","floor":12.0,"turns":5.0},{"damage":1.0,"enemies":"Exordium Wildlife","floor":14.0,"turns":3.0},{"damage":14.0,"enemies":"Hexaghost","floor":16.0,"turns":8.0},{"damage":0.0,"enemies":"Chosen","floor":18.0,"turns":3.0},{"damage":0.0,"enemies":"Spheric Guardian","floor":21.0,"turns":1.0},{"damage":21.0,"enemies":"Gremlin Leader","floor":27.0,"turns":7.0},{"damage":16.0,"enemies":"Shelled Parasite and Fungi","floor":31.0,"turns":4.0},{"damage":9,"enemies":"Champ","floor":33,"turns":9},{"damage":0,"enemies":"3 Shapes","floor":35,"turns":5},{"damage":4,"enemies":"3 Darklings","floor":38,"turns":5},{"damage":30,"enemies":"4 Shapes","floor":44,"turns":1}],"seed_played":"8459996530311846226","potions_obtained":[{"floor":3.0,"key":"SteroidPotion"},{"floor":10.0,"key":"Energy Potion"},{"floor":14.0,"key":"Weak Potion"},{"floor":18.0,"key":"Energy Potion"},{"floor":31.0,"key":"Energy Potion"}],"is_trial":false,"path_per_floor":["M","$","M","?","?","R","M","T","T","E","R","E","R","M","R","B",null,"M","?","?","M","$","R","$","R","T","E","?","R","?","M","R","B",null,"M","$","?","M","?","R","?","R","T","M"],"character_chosen":"DEFECT","items_purchased":["Sunder","Loop","Glacier","Redo","Hologram"],"campfire_rested":1,"item_purchase_floors":[2,22,22,24,36],"current_hp_per_floor":[64,64,64,64,64,64,64,64,74,45,45,27,27,26,26,12,59,59,38,38,38,38,38,38,38,38,17,17,17,17,1,12,3,29,29,29,29,25,25,25,25,25,25,0],"gold":367,"neow_bonus":"THREE_ENEMY_KILL","is_prod":false,"is_daily":false,"chose_seed":false,"campfire_upgraded":9,"win_rate":0,"timestamp":1565173416,"path_taken":["M","?","?","?","?","R","M","?","T","E","R","E","R","M","R","BOSS","M","?","?","?","?","R","$","R","T","E","?","R","?","M","R","BOSS","M","$","?","M","?","R","?","R","T","?"],"build_version":"2019-07-17","purchased_purges":2,"victory":false,"max_hp_per_floor":[71,71,71,64,64,64,64,64,74,74,74,74,74,74,74,74,74,74,74,74,74,74,74,74,74,74,74,74,74,37,37,37,37,37,37,37,37,37,37,37,37,37,37,37],"card_choices":[{"not_picked":["Steam","Barrage"],"picked":"Cold Snap","floor":1.0},{"not_picked":["Capacitor","BootSequence"],"picked":"Darkness","floor":3.0},{"not_picked":["Auto Shields","Lockon","Ball Lightning"],"picked":"SKIP","floor":7.0},{"not_picked":["Auto Shields","Ball Lightning"],"picked":"Lockon","floor":7.0},{"not_picked":["Undo","Self Repair","Sunder"],"picked":"SKIP","floor":10.0},{"not_picked":["Go for the Eyes","Beam Cell","Creative AI"],"picked":"SKIP","floor":12.0},{"not_picked":["Go for the Eyes","Beam Cell"],"picked":"Double Energy","floor":14.0},{"not_picked":["Hyperbeam","Meteor Strike"],"picked":"Fission","floor":16.0},{"not_picked":["Beam Cell","Cold Snap","Undo"],"picked":"SKIP","floor":18.0},{"not_picked":["Genetic Algorithm","Beam Cell+1"],"picked":"Coolheaded","floor":21.0},{"not_picked":["Ball Lightning","Go for the Eyes+1","Barrage"],"picked":"SKIP","floor":27.0},{"not_picked":["Go for the Eyes","Coolheaded","FTL"],"picked":"SKIP","floor":31.0},{"not_picked":["Echo Form","Machine Learning"],"picked":"Multi-Cast","floor":33},{"not_picked":["Melter","Beam Cell"],"picked":"Compile Driver+1","floor":35},{"not_picked":["Fusion","Cold Snap","Sunder"],"picked":"SKIP","floor":38},{"not_picked":["Cold Snap","Sunder"],"picked":"Fusion","floor":38}],"player_experience":751969,"relics_obtained":[{"floor":8.0,"key":"Pen Nib"},{"floor":9.0,"key":"Pear"},{"floor":10.0,"key":"Du-Vu Doll"},{"floor":12.0,"key":"Blue Candle"},{"floor":19.0,"key":"Necronomicon"},{"floor":26.0,"key":"Tiny Chest"},{"floor":27.0,"key":"Ancient Tea Set"}],"event_choices":[{"damage_healed":0.0,"max_hp_gain":0.0,"max_hp_loss":7.0,"gold_gain":0.0,"event_name":"Golden Idol","player_choice":"Lose Max HP","floor":4.0,"gold_loss":0.0,"damage_taken":0.0,"relics_obtained":["Golden Idol"]},{"damage_healed":0.0,"max_hp_gain":0.0,"max_hp_loss":0.0,"gold_gain":0.0,"event_name":"The Cleric","player_choice":"Leave","floor":5.0,"gold_loss":0.0,"damage_taken":0.0},{"damage_healed":0.0,"max_hp_gain":0.0,"max_hp_loss":0.0,"gold_gain":0.0,"event_name":"Cursed Tome","player_choice":"Obtained Book","floor":19.0,"gold_loss":0.0,"damage_taken":21.0},{"cards_removed":["Strike_B"],"damage_healed":0.0,"max_hp_gain":0.0,"max_hp_loss":0.0,"gold_gain":0.0,"event_name":"Bonfire Elementals","player_choice":"Offered Basic","floor":20.0,"gold_loss":0.0,"damage_taken":0.0},{"cards_removed":["Strike_B"],"damage_healed":0.0,"max_hp_gain":0.0,"max_hp_loss":0.0,"gold_gain":0.0,"event_name":"Beggar","player_choice":"Gave Gold","floor":28.0,"gold_loss":75.0,"damage_taken":0.0},{"damage_healed":0.0,"max_hp_gain":0.0,"max_hp_loss":37.0,"gold_gain":0.0,"event_name":"Ghosts","player_choice":"Became a Ghost","floor":30.0,"gold_loss":0.0,"damage_taken":0.0,"cards_obtained":["Ghostly","Ghostly","Ghostly"]},{"damage_healed":0,"gold_gain":333,"player_choice":"Gave Idol","damage_taken":0,"max_hp_gain":0,"max_hp_loss":0,"event_name":"The Moai Head","floor":37,"relics_lost":["Golden Idol"],"gold_loss":0},{"damage_healed":0,"gold_gain":0,"player_choice":"Memory 1","damage_taken":0,"max_hp_gain":0,"max_hp_loss":0,"event_name":"SensoryStone","floor":39,"gold_loss":0},{"damage_healed":0,"gold_gain":0,"player_choice":"Upgraded","damage_taken":0,"max_hp_gain":0,"max_hp_loss":0,"event_name":"Upgrade Shrine","floor":41,"gold_loss":0,"cards_upgraded":["Coolheaded"]}],"is_beta":false,"boss_relics":[{"not_picked":["Orrery","Calling Bell"],"picked":"Runic Pyramid"},{"not_picked":["Lizard Tail","Velvet Choker"],"picked":"Sozu"}],"items_purged_floors":[22,36],"is_endless":false,"potions_floor_spawned":[3,10,14,18,21,31,35,38],"killed_by":"4 Shapes","ascension_level":20}