{"gold_per_floor":[20,30,30,30,42,42,42,62,142,153,48,374,374,400,400,476,476,490,490,503,503,503],"floor_reached":22,"playtime":901,"items_purged":[],"score":538,"play_id":"b600f550-4e10-4779-86a7-ae757731e9de","local_time":"20190410232725","is_ascension_mode":true,"campfire_choices":[{"data":"Consume","floor":6.0,"key":"SMITH"},{"data":"Coolheaded","floor":13.0,"key":"SMITH"},{"data":"Zap","floor":15.0,"key":"SMITH"}],"neow_cost":"NO_GOLD","seed_source_timestamp":124425970330330,"circlet_count":0,"master_deck":["AscendersBane","Defend_B","Defend_B","Defend_B","Defend_B","Zap+1","Dualcast","Melter","Force Field","Turbo","Coolheaded+1","Consume+1","Conserve Battery","Cold Snap","Skim","Double Energy","Hologram","Blizzard","Recycle","Echo Form","Glacier","Compile Driver+1","Ghostly","Ghostly","Ghostly"],"special_seed":0,"relics":["Cracked Core","PreservedInsect","The Courier","Old Coin","Turnip","Sozu"],"potions_floor_usage":[],"damage_taken":[{"damage":6.0,"enemies":"Cultist","floor":1.0,"turns":4.0},{"damage":6.0,"enemies":"2 Louse","floor":2.0,"turns":3.0},{"damage":7.0,"enemies":"Jaw Worm","floor":5.0,"turns":4.0},{"damage":15.0,"enemies":"Large Slime","floor":8.0,"turns":9.0},{"damage":7.0,"enemies":"Looter","floor":10.0,"turns":4.0},{"damage":10.0,"enemies":"3 Sentries","floor":12.0,"turns":11.0},{"damage":0.0,"enemies":"Lagavulin","floor":14.0,"turns":7.0},{"damage":0.0,"enemies":"The Guardian","floor":16.0,"turns":12.0},{"damage":8.0,"enemies":"Shell Parasite","floor":18.0,"turns":7.0},{"damage":4.0,"enemies":"3 Byrds","floor":20.0,"turns":7.0},{"damage":11,"enemies":"3 Cultists","floor":22,"turns":6}],"seed_played":"-4904452386137388070","potions_obtained":[{"floor":1.0,"key":"FairyPotion"},{"floor":8.0,"key":"FocusPotion"},{"floor":12.0,"key":"FearPotion"}],"is_trial":false,"path_per_floor":["M","M","?","$","M","R","?","M","T","M","$","E","R","E","R","B",null,"M","?","M","?","M"],"character_chosen":"DEFECT","items_purchased":["Double Energy","Hologram"],"campfire_rested":0,"item_purchase_floors":[11,11],"current_hp_per_floor":[58,52,52,52,45,45,45,30,30,23,23,13,13,13,13,13,57,49,49,45,35,24],"gold":503,"neow_bonus":"TRANSFORM_TWO_CARDS","is_prod":false,"is_daily":false,"chose_seed":false,"campfire_upgraded":3,"win_rate":0,"timestamp":1554910045,"path_taken":["M","M","?","$","M","R","?","?","T","M","$","E","R","E","R","BOSS","M","?","M","?","M"],"build_version":"2019-01-23","purchased_purges":0,"victory":false,"max_hp_per_floor":[71,71,71,71,71,71,71,71,71,71,71,71,71,71,71,71,71,71,71,71,35,35],"card_choices":[{"not_picked":["Storm","Compile Driver"],"picked":"Turbo","floor":1.0},{"not_picked":["Storm","Aggregate"],"picked":"Coolheaded","floor":2.0},{"not_picked":["Hello World","Stack"],"picked":"Conserve Battery","floor":5.0},{"not_picked":["Turbo","Chill"],"picked":"Cold Snap","floor":8.0},{"not_picked":["Rip and Tear","Rebound"],"picked":"Skim","floor":10.0},{"not_picked":["Core Surge","Steam"],"picked":"Blizzard","floor":12.0},{"not_picked":["Sunder","Compile Driver"],"picked":"Recycle","floor":14.0},{"not_picked":["Multi-Cast","Fission"],"picked":"Echo Form","floor":16.0},{"not_picked":["White Noise","Genetic Algorithm"],"picked":"Glacier","floor":18.0},{"not_picked":["Aggregate","Sweeping Beam"],"picked":"Compile Driver+1","floor":20.0}],"player_experience":1359277,"relics_obtained":[{"floor":9.0,"key":"The Courier"},{"floor":12.0,"key":"Old Coin"},{"floor":14.0,"key":"Turnip"}],"event_choices":[{"damage_healed":0.0,"max_hp_gain":0.0,"max_hp_loss":0.0,"gold_gain":0.0,"cards_transformed":["Strike_B"],"event_name":"Living Wall","player_choice":"Change","floor":3.0,"gold_loss":0.0,"damage_taken":0.0,"cards_obtained":["Consume"]},{"damage_healed":0.0,"max_hp_gain":0.0,"max_hp_loss":0.0,"gold_gain":0.0,"event_name":"WeMeetAgain","player_choice":"Gave Potion","floor":7.0,"gold_loss":0.0,"damage_taken":0.0,"relics_obtained":["PreservedInsect"]},{"cards_removed":["Strike_B"],"damage_healed":0.0,"max_hp_gain":0.0,"max_hp_loss":0.0,"gold_gain":0.0,"event_name":"Back to Basics","player_choice":"Elegance","floor":19.0,"gold_loss":0.0,"damage_taken":0.0},{"damage_healed":0.0,"max_hp_gain":0.0,"max_hp_loss":36.0,"gold_gain":0.0,"event_name":"Ghosts","player_choice":"Became a Ghost","floor":21.0,"gold_loss":0.0,"damage_taken":0.0,"cards_obtained":["Ghostly","Ghostly","Ghostly"]}],"is_beta":false,"boss_relics":[{"not_picked":["Fusion Hammer","Snecko Eye"],"picked":"Sozu"}],"items_purged_floors":[],"is_endless":false,"potions_floor_spawned":[1,8,12],"killed_by":"3 Cultists","ascension_level":20}