{"path_per_floor":["M","?","$","?","M","R","$","E","T","M","M","M","?","M","R","B",null,"M","$","M","M","$","R","?","M","T","?","M","M","M","?","R","B",null,"M","?","$","?","?","E","M","?","T","M","M","M","M"],"character_chosen":"THE_SILENT","items_purchased":["Mind Blast","Predator","Molten Egg 2","Toolbox","Finisher","Shuriken","Pen Nib","Backflip","Ornamental Fan","Quick Slash","Poisoned Stab"],"gold_per_floor":[144,144,55,15,60,60,26,116,171,216,261,306,306,351,351,651,651,696,162,207,252,2,2,2,47,47,47,92,137,182,182,182,482,482,527,527,13,55,0,90,135,135,135,180,225,270,315],"floor_reached":48,"campfire_rested":4,"playtime":2824,"current_hp_per_floor":[70,63,63,63,63,70,70,52,52,52,51,51,51,51,70,63,70,67,67,64,61,61,70,70,66,66,66,66,57,57,57,70,40,70,65,65,65,66,66,66,66,57,57,57,57,48,38],"items_purged":[],"gold":315,"score":645,"play_id":"04f1b28d-70e8-4521-bed2-8cd34424f079","local_time":"20180316113622","daily_mods":["Heirloom","Midas","Insanity"],"is_prod":false,"is_daily":true,"is_ascension_mode":false,"campfire_upgraded":0,"timestamp":1521171382,"path_taken":["M","?","?","?","?","R","?","E","T","M","M","M","?","M","R","BOSS","M","$","?","M","$","R","?","M","T","?","M","M","M","?","R","BOSS","M","?","$","?","?","E","M","?","T","M","?","M","M","E"],"build_version":"2018-03-15","purchased_purges":0,"victory":false,"master_deck":["Slice","Finisher","Caltrops","Flying Knee","Corpse Explosion","A Thousand Cuts","Escape Plan","Concentrate","Defend_G","Malaise","Blur","Phantasmal Killer","Endless Agony","Noxious Fumes","Escape Plan","Choke","Burst","Blade Dance","Footwork","Distraction","Cloak And Dagger","Tactician","Wraith Form","Calculated Gamble","Concentrate","Outmaneuver","Quick Slash","Doppelganger","Dagger Throw","Neutralize","Expertise","Distraction","Venomology","Heel Hook","Die Die Die","Unload","PiercingWail","A Thousand Cuts","Concentrate","PiercingWail","Storm of Steel","Burst","Distraction","Malaise","Acrobatics","Underhanded Strike","Calculated Gamble","Burst","Dagger Spray","Prepared","Mind Blast+1","Backflip","Predator","Accuracy","Backflip","Acrobatics","Backflip","Deflect","Finisher+1","Setup","Infinite Blades","Deadly Poison","Quick Slash+1","Escape Plan","Prepared+1","Tactician","Cloak And Dagger+1","Backflip","Quick Slash+1","Poisoned Stab+1","Backstab+1","Distraction","Backflip+1","Madness","Madness","Quick Slash+1","Outmaneuver+1","Riddle With Holes+1","Adrenaline"],"max_hp_per_floor":[70,70,70,70,70,70,70,70,70,70,70,70,70,70,70,70,70,70,70,70,70,70,70,70,70,70,70,70,70,70,70,70,70,70,70,70,70,70,70,70,70,70,70,70,70,70,70],"relics":["Ring of the Snake","Thread and Needle","Centennial Puzzle","Lantern","Tiny Chest","Philosopher\u0027s Stone","Molten Egg 2","Toolbox","Shuriken","Frozen Eye","The Specimen","Spirit Poop","Pen Nib","Ornamental Fan","Du-Vu Doll","Red Mask","Blue Candle","Oddly Smooth Stone"],"card_choices":[{"not_picked":["Sucker Punch","Phantasmal Killer"],"picked":"Backflip"},{"not_picked":["Cloak And Dagger","Acrobatics"],"picked":"Accuracy"},{"not_picked":["Choke","Sucker Punch"],"picked":"Backflip"},{"not_picked":["Quick Slash","PiercingWail"],"picked":"Acrobatics"},{"not_picked":["Deflect","Choke"],"picked":"Backflip"},{"not_picked":["Distraction","Malaise"],"picked":"Deflect"},{"not_picked":["Skewer","Finisher"],"picked":"Heel Hook"},{"not_picked":["Bane","Dagger Spray"],"picked":"Setup"},{"not_picked":["Flechettes","Flying Knee"],"picked":"Deadly Poison"},{"not_picked":["Prepared","Bane"],"picked":"Quick Slash"},{"not_picked":["Caltrops","Poisoned Stab"],"picked":"Escape Plan"},{"not_picked":["Underhanded Strike","Setup"],"picked":"Prepared"},{"not_picked":["Venomology","Bullet Time"],"picked":"Tactician"},{"not_picked":["Blur","Skewer"],"picked":"Cloak And Dagger"},{"not_picked":["Deflect","Predator"],"picked":"Backstab"},{"not_picked":["Unload","Prepared"],"picked":"Distraction"},{"not_picked":["Dodge and Roll","PiercingWail"],"picked":"Backflip"},{"not_picked":["Reflex","Heel Hook"],"picked":"Quick Slash"},{"not_picked":["Slice","Predator"],"picked":"Outmaneuver"},{"not_picked":["Quick Slash","Slice"],"picked":"Riddle With Holes"},{"not_picked":["Malaise","Noxious Fumes"],"picked":"Adrenaline"}],"player_experience":266837,"potions_floor_usage":[5,12,16,16,20,33,33,38,46,47],"damage_taken":[{"damage":0,"enemies":"Jaw Worm","floor":1,"turns":2},{"damage":0,"enemies":"Cultist","floor":5,"turns":2},{"damage":18,"enemies":"Lagavulin","floor":8,"turns":5},{"damage":0,"enemies":"2 Louse","floor":10,"turns":2},{"damage":1,"enemies":"Lots of Slimes","floor":11,"turns":4},{"damage":0,"enemies":"Exordium Wildlife","floor":12,"turns":2},{"damage":0,"enemies":"Red Slaver","floor":14,"turns":2},{"damage":7,"enemies":"The Guardian","floor":16,"turns":10},{"damage":3,"enemies":"Chosen","floor":18,"turns":5},{"damage":3,"enemies":"Shell Parasite","floor":20,"turns":5},{"damage":3,"enemies":"Centurion and Healer","floor":21,"turns":4},{"damage":4,"enemies":"Chosen and Byrds","floor":25,"turns":3},{"damage":0,"enemies":"Snake Plant","floor":28,"turns":2},{"damage":9,"enemies":"Centurion and Healer","floor":29,"turns":3},{"damage":0,"enemies":"Slaver and Parasite","floor":30,"turns":2},{"damage":30,"enemies":"Automaton","floor":33,"turns":8},{"damage":5,"enemies":"3 Darklings","floor":35,"turns":4},{"damage":3,"enemies":"…Ò√ÿ‘≤«Ú","floor":38,"turns":3},{"damage":0,"enemies":"2 Orb Walkers","floor":40,"turns":2},{"damage":0,"enemies":"3 Shapes","floor":41,"turns":3},{"damage":0,"enemies":"3 Darklings","floor":44,"turns":1},{"damage":0,"enemies":"Sphere and 2 Shapes","floor":45,"turns":2},{"damage":9,"enemies":"Maw","floor":46,"turns":6},{"damage":10,"enemies":"3 Darklings","floor":47,"turns":4},{"damage":40,"enemies":"Giant Head","floor":48,"turns":5}],"event_choices":[{"event_name":"Scrap Ooze","player_choice":"success","floor":2,"damage_taken":7},{"event_name":"The Woman in Blue","player_choice":"Bought 3 Potions","floor":4,"damage_taken":0},{"event_name":"The Cleric","player_choice":"Leave","floor":13,"damage_taken":0},{"event_name":"Transmorgrifier","player_choice":"Transform","floor":24,"damage_taken":0},{"event_name":"Accursed Blacksmith","player_choice":"Forge","floor":27,"damage_taken":0},{"event_name":"Fountain of Cleansing","player_choice":"Ignored","floor":31,"damage_taken":0},{"event_name":"Bonfire Elementals","player_choice":"CURSE","floor":36,"damage_taken":0},{"event_name":"Mysterious Sphere","player_choice":"Fight","floor":38,"damage_taken":0},{"event_name":"Tomb of Lord Red Mask","player_choice":"Paid","floor":39,"damage_taken":0},{"event_name":"Winding Halls","player_choice":"Embrace Madness","floor":42,"damage_taken":0}],"boss_relics":[{"not_picked":["White Beast Statue","Pandora\u0027s Box"],"picked":"Philosopher\u0027s Stone"},{"not_picked":["Question Card","Snecko Eye"],"picked":"The Specimen"}],"potions_floor_spawned":[8,10,14,16,21,28,29,33,35,40,41,44,45],"seed_played":"5375251351321028032","killed_by":"Giant Head","ascension_level":0,"is_trial":false}