{"gold_per_floor":[114,189,206,219,102,102,102,102,102,102,102,126,126],"floor_reached":13,"playtime":367,"items_purged":["Strike_G"],"score":146,"play_id":"22c63429-a527-4028-8a72-3ec3e0e8e778","local_time":"20190103155251","is_ascension_mode":true,"campfire_choices":[{"data":"Calculated Gamble","floor":6,"key":"SMITH"},{"data":"Acrobatics","floor":8,"key":"SMITH"}],"neow_cost":"NONE","seed_source_timestamp":13956528917957,"circlet_count":0,"master_deck":["AscendersBane","Defend_G+1","Defend_G","Defend_G","Defend_G","Strike_G","Strike_G","Strike_G","Strike_G","Survivor+1","Neutralize","Wraith Form v2","Acrobatics+1","Calculated Gamble+1","Cloak And Dagger"],"relics":["Ring of the Snake","Golden Idol","Shuriken"],"potions_floor_usage":[4],"damage_taken":[{"damage":9,"enemies":"Cultist","floor":1,"turns":6},{"damage":5,"enemies":"Small Slimes","floor":3,"turns":6},{"damage":0,"enemies":"2 Louse","floor":4,"turns":3},{"damage":5,"enemies":"2 Fungi Beasts","floor":12,"turns":5},{"damage":0,"enemies":"3 Louse","floor":13,"turns":1}],"seed_played":"-6704048334158837709","potions_obtained":[{"floor":3,"key":"SpeedPotion"},{"floor":4,"key":"Fruit Juice"},{"floor":12,"key":"Ancient Potion"}],"is_trial":false,"path_per_floor":["M","?","M","M","$","R","?","R","T","?","?","M","M"],"character_chosen":"THE_SILENT","items_purchased":["Calculated Gamble"],"campfire_rested":0,"item_purchase_floors":[5],"current_hp_per_floor":[50,39,34,39,39,39,39,39,39,32,13,8,8],"gold":126,"neow_bonus":"ONE_RANDOM_RARE_CARD","is_prod":false,"is_daily":false,"chose_seed":false,"campfire_upgraded":2,"win_rate":0,"timestamp":1546501971,"path_taken":["M","?","M","M","$","R","?","R","T","?","?","M","M"],"build_version":"2018-12-20","purchased_purges":1,"victory":false,"max_hp_per_floor":[66,66,66,71,71,71,64,64,64,64,64,64,64],"card_choices":[{"not_picked":["Poisoned Stab","Predator"],"picked":"Acrobatics","floor":1},{"not_picked":["Deflect","Eviscerate","Underhanded Strike"],"picked":"SKIP","floor":3},{"not_picked":["Outmaneuver","Deflect","Predator"],"picked":"SKIP","floor":4},{"not_picked":["Bane","Masterful Stab"],"picked":"Cloak And Dagger","floor":12}],"player_experience":1693871,"relics_obtained":[{"floor":9,"key":"Shuriken"}],"event_choices":[{"damage_healed":0,"gold_gain":75,"player_choice":"Gather Gold","damage_taken":11,"max_hp_gain":0,"max_hp_loss":0,"event_name":"World of Goop","floor":2,"gold_loss":0},{"damage_healed":0,"gold_gain":0,"player_choice":"Lose Max HP","damage_taken":0,"relics_obtained":["Golden Idol"],"max_hp_gain":0,"max_hp_loss":7,"event_name":"Golden Idol","floor":7,"gold_loss":0},{"cards_removed":["Defend_G"],"damage_healed":0,"gold_gain":0,"player_choice":"Card Removal","damage_taken":7,"max_hp_gain":0,"max_hp_loss":0,"event_name":"Golden Wing","floor":10,"gold_loss":0},{"damage_healed":0,"gold_gain":0,"player_choice":"Entered Light","damage_taken":19,"max_hp_gain":0,"max_hp_loss":0,"event_name":"Shining Light","floor":11,"gold_loss":0,"cards_upgraded":["Defend_G","Survivor"]}],"is_beta":false,"boss_relics":[],"items_purged_floors":[5],"is_endless":false,"potions_floor_spawned":[3,4,12],"killed_by":"3 Louse","ascension_level":20}