{"gold_per_floor":[112,212,223,223,243,243,269,283,283,301,301,69,81,101,101,101],"floor_reached":16,"playtime":556,"items_purged":["Strike_G"],"score":208,"play_id":"1b1f31e1-d14f-49b4-9c67-657ff7c35da7","local_time":"20190122143115","is_ascension_mode":true,"campfire_choices":[{"data":"Choke","floor":6.0,"key":"SMITH"},{"data":"Well Laid Plans","floor":11.0,"key":"SMITH"},{"data":"Acrobatics","floor":15,"key":"SMITH"}],"neow_cost":"NONE","seed_source_timestamp":14835855295679,"circlet_count":0,"master_deck":["AscendersBane","Defend_G","Defend_G+1","Defend_G","Defend_G+1","Defend_G","Strike_G","Strike_G","Strike_G","Strike_G","Survivor","Neutralize","Calculated Gamble+1","Choke+1","Acrobatics+1","Tactician","Well Laid Plans+1"],"special_seed":0,"relics":["Ring of the Snake","NeowsBlessing","PreservedInsect","War Paint","Lantern"],"potions_floor_usage":[16,16],"damage_taken":[{"damage":0.0,"enemies":"Jaw Worm","floor":1.0,"turns":1.0},{"damage":0.0,"enemies":"Cultist","floor":3.0,"turns":1.0},{"damage":0.0,"enemies":"Small Slimes","floor":5.0,"turns":1.0},{"damage":40.0,"enemies":"Lagavulin","floor":7.0,"turns":9.0},{"damage":11.0,"enemies":"Gremlin Gang","floor":8.0,"turns":5.0},{"damage":3.0,"enemies":"2 Fungi Beasts","floor":10.0,"turns":3.0},{"damage":1.0,"enemies":"Exordium Thugs","floor":13.0,"turns":5.0},{"damage":0,"enemies":"Looter","floor":14,"turns":2},{"damage":5,"enemies":"Hexaghost","floor":16,"turns":9}],"seed_played":"5512442631993729431","potions_obtained":[{"floor":5.0,"key":"Poison Potion"},{"floor":7.0,"key":"Weak Potion"},{"floor":10.0,"key":"AttackPotion"},{"floor":13.0,"key":"LiquidBronze"},{"floor":14,"key":"Regen Potion"}],"is_trial":false,"path_per_floor":["M","?","M","?","M","R","E","M","T","M","R","$","M","M","R","B"],"character_chosen":"THE_SILENT","items_purchased":["Lantern"],"campfire_rested":0,"item_purchase_floors":[12],"current_hp_per_floor":[59,59,59,59,59,59,19,8,8,5,5,5,4,4,4,14],"gold":101,"neow_bonus":"THREE_ENEMY_KILL","is_prod":false,"is_daily":false,"chose_seed":false,"campfire_upgraded":3,"win_rate":0,"timestamp":1548138675,"path_taken":["M","?","?","?","?","R","E","M","T","M","R","$","M","M","R","BOSS"],"build_version":"2019-01-17v2","purchased_purges":1,"victory":false,"max_hp_per_floor":[66,66,66,66,66,66,66,66,66,66,66,66,66,66,66,66],"card_choices":[{"not_picked":["PiercingWail","Dagger Spray"],"picked":"Calculated Gamble","floor":1.0},{"not_picked":["Skewer","Bane"],"picked":"Choke","floor":3.0},{"not_picked":["Prepared","Expertise"],"picked":"Acrobatics","floor":5.0},{"not_picked":["Bane","Endless Agony"],"picked":"Tactician","floor":7.0},{"not_picked":["Quick Slash","Deadly Poison"],"picked":"Well Laid Plans","floor":8.0},{"not_picked":["Prepared","Tactician","Dagger Throw"],"picked":"SKIP","floor":10.0},{"not_picked":["Cloak And Dagger","Flechettes","Sucker Punch"],"picked":"SKIP","floor":13.0},{"not_picked":["Corpse Explosion","Flying Knee","Heel Hook"],"picked":"SKIP","floor":14}],"player_experience":2133539,"relics_obtained":[{"floor":7.0,"key":"PreservedInsect"},{"floor":9.0,"key":"War Paint"}],"event_choices":[{"damage_healed":0.0,"max_hp_gain":0.0,"max_hp_loss":0.0,"gold_gain":100.0,"event_name":"Wheel of Change","player_choice":"Gold","floor":2.0,"gold_loss":0.0,"damage_taken":0.0},{"damage_healed":0.0,"max_hp_gain":0.0,"max_hp_loss":0.0,"gold_gain":0.0,"event_name":"Upgrade Shrine","player_choice":"Upgraded","floor":4.0,"gold_loss":0.0,"damage_taken":0.0,"cards_upgraded":["Calculated Gamble"]}],"is_beta":false,"boss_relics":[],"items_purged_floors":[12],"is_endless":false,"potions_floor_spawned":[5,7,10,13,14],"killed_by":"Hexaghost","ascension_level":20}