{"gold_per_floor":[359,359,59,69,69,69,95,14,14,14,30,30,30,30,30,154,154,173,173,73,73,43,83,23,23,47,66,66,86,86,86,86,209,209,224,224,244,119,140,140,180,180,180,30,30,46,46,66,66,66],"floor_reached":51,"playtime":1801,"items_purged":["Defend_G","Strike_G","Strike_G","Strike_G"],"score":814,"play_id":"a160b558-e0d7-4342-a87c-0050d0293592","local_time":"20181103180155","is_ascension_mode":false,"campfire_choices":[{"data":"Well Laid Plans","floor":6.0,"key":"SMITH"},{"data":"Deadly Poison","floor":12.0,"key":"SMITH"},{"data":"Neutralize","floor":15.0,"key":"SMITH"},{"floor":25,"key":"REST"},{"floor":30,"key":"REST"},{"data":"Deadly Poison","floor":32,"key":"SMITH"},{"data":"Night Terror","floor":40,"key":"SMITH"},{"data":"Malaise","floor":42,"key":"SMITH"},{"data":"Cloak And Dagger","floor":49,"key":"SMITH"}],"neow_cost":"PERCENT_DAMAGE","seed_source_timestamp":5345560135093,"circlet_count":0,"master_deck":["Defend_G","Defend_G","Defend_G","Defend_G","Survivor","Neutralize+1","Cloak And Dagger+1","Well Laid Plans+1","Masterful Stab","Footwork","Deadly Poison+1","Malaise+1","Footwork","Deadly Poison+1","PiercingWail+1","Well Laid Plans+1","Ghostly","Ghostly","Ghostly","Ghostly","Ghostly","Night Terror+1","Catalyst+1","Tactician+1","Bullet Time+1"],"special_seed":0,"relics":["Ring of the Snake","Potion Belt","Snake Skull","Darkstone Periapt","Golden Idol","Gremlin Horn","Orrery","Singing Bowl","Bronze Scales","Runic Pyramid","Letter Opener","Oddly Smooth Stone","Kunai"],"potions_floor_usage":[50],"damage_taken":[{"damage":0.0,"enemies":"Cultist","floor":1.0,"turns":5.0},{"damage":0.0,"enemies":"Jaw Worm","floor":4.0,"turns":4.0},{"damage":4.0,"enemies":"3 Sentries","floor":7.0,"turns":8.0},{"damage":0.0,"enemies":"2 Louse","floor":11.0,"turns":2.0},{"damage":8.0,"enemies":"Hexaghost","floor":16.0,"turns":10.0},{"damage":10.0,"enemies":"Chosen","floor":18.0,"turns":5.0},{"damage":22,"enemies":"Colosseum Slavers","floor":21,"turns":6},{"damage":9,"enemies":"2 Thieves","floor":22,"turns":5},{"damage":33,"enemies":"Slavers","floor":23,"turns":11},{"damage":0,"enemies":"Snecko","floor":27,"turns":8},{"damage":8,"enemies":"Snake Plant","floor":29,"turns":4},{"damage":32,"enemies":"Collector","floor":33,"turns":11},{"damage":3,"enemies":"3 Shapes","floor":35,"turns":7},{"damage":1,"enemies":"3 Darklings","floor":37,"turns":6},{"damage":0,"enemies":"Maw","floor":39,"turns":4},{"damage":0,"enemies":"Reptomancer","floor":41,"turns":6},{"damage":0,"enemies":"Transient","floor":46,"turns":4},{"damage":1,"enemies":"Jaw Worm Horde","floor":48,"turns":7},{"damage":0,"enemies":"Time Eater","floor":50,"turns":6}],"seed_played":"3897459050808722413","potions_obtained":[{"floor":1.0,"key":"SkillPotion"},{"floor":23,"key":"Explosive Potion"},{"floor":29,"key":"Weak Potion"},{"floor":33,"key":"Energy Potion"},{"floor":37,"key":"Block Potion"},{"floor":46,"key":"EssenceOfSteel"}],"is_trial":false,"path_per_floor":["M","?","$","M","$","R","E","$","T","?","M","R","$","T","R","B",null,"M","?","$","?","M","E","?","R","T","M","$","M","R","?","R","B",null,"M","?","M","$","M","R","E","R","T","$","$","M","?","M","R","B",null],"character_chosen":"THE_SILENT","items_purchased":["Potion Belt","Well Laid Plans","Footwork"],"campfire_rested":2,"item_purchase_floors":[3,3,8],"current_hp_per_floor":[49,49,49,49,49,49,45,45,45,28,28,28,28,28,28,20,70,60,70,70,48,39,6,6,27,27,29,29,23,45,37,37,5,37,34,34,33,33,35,35,35,35,35,35,35,37,37,38,38,38],"gold":66,"neow_bonus":"TWO_FIFTY_GOLD","is_prod":false,"is_daily":false,"chose_seed":false,"campfire_upgraded":7,"win_rate":0,"timestamp":1541239315,"path_taken":["M","?","$","M","?","R","E","?","T","?","M","R","$","?","R","BOSS","M","?","$","?","M","E","?","R","T","M","$","?","R","?","R","BOSS","M","?","M","$","M","R","E","R","T","?","$","?","?","M","R","BOSS"],"build_version":"2018-11-01","purchased_purges":4,"victory":true,"max_hp_per_floor":[70,70,70,70,70,70,70,70,70,70,70,70,70,70,70,70,70,70,70,70,70,70,70,70,70,70,72,72,74,74,37,37,37,37,37,37,37,37,39,39,39,39,39,39,39,41,41,43,43,43],"card_choices":[{"not_picked":["Underhanded Strike","Backflip"],"picked":"Cloak And Dagger","floor":1.0},{"not_picked":["Dagger Spray","Slice"],"picked":"Masterful Stab","floor":4.0},{"not_picked":["Flying Knee","Concentrate","Reflex"],"picked":"SKIP","floor":7.0},{"not_picked":["Dagger Throw","Backstab"],"picked":"Deadly Poison","floor":11.0},{"not_picked":["Bullet Time","Doppelganger"],"picked":"Malaise","floor":16.0},{"not_picked":["Endless Agony","Poisoned Stab"],"picked":"Footwork","floor":17.0},{"not_picked":["Cloak And Dagger","Underhanded Strike"],"picked":"Deadly Poison","floor":17.0},{"not_picked":["Slice","Flying Knee"],"picked":"PiercingWail+1","floor":18.0},{"not_picked":["Outmaneuver","All Out Attack","Finisher"],"picked":"SKIP","floor":22},{"not_picked":["Phantasmal Killer","Dash+1"],"picked":"Well Laid Plans+1","floor":23},{"not_picked":["Masterful Stab","Slice+1","Expertise+1"],"picked":"Singing Bowl","floor":27},{"not_picked":["Dodge and Roll","Dash","Slice+1"],"picked":"Singing Bowl","floor":29},{"not_picked":["A Thousand Cuts","After Image"],"picked":"Night Terror","floor":33},{"not_picked":["Footwork","Cloak And Dagger+1"],"picked":"Catalyst+1","floor":35},{"not_picked":["Bane","Prepared+1"],"picked":"Tactician+1","floor":37},{"not_picked":["Dodge and Roll","Cloak And Dagger","After Image"],"picked":"Singing Bowl","floor":39},{"not_picked":["Footwork","Deadly Poison"],"picked":"Bullet Time","floor":41},{"not_picked":["Dodge and Roll","Slice+1","Endless Agony+1"],"picked":"Singing Bowl","floor":46},{"not_picked":["Outmaneuver+1","Dagger Throw","Masterful Stab+1"],"picked":"Singing Bowl","floor":48}],"player_experience":833209,"relics_obtained":[{"floor":7.0,"key":"Snake Skull"},{"floor":9.0,"key":"Darkstone Periapt"},{"floor":14.0,"key":"Gremlin Horn"},{"floor":23,"key":"Singing Bowl"},{"floor":26,"key":"Bronze Scales"},{"floor":41,"key":"Oddly Smooth Stone"},{"floor":43,"key":"Kunai"}],"event_choices":[{"cards_removed":["Strike_G"],"damage_healed":0.0,"max_hp_gain":0.0,"max_hp_loss":0.0,"gold_gain":0.0,"event_name":"Bonfire Elementals","player_choice":"Offered Basic","floor":2.0,"gold_loss":0.0,"damage_taken":0.0},{"damage_healed":0.0,"max_hp_gain":0.0,"max_hp_loss":0.0,"gold_gain":0.0,"event_name":"Golden Idol","player_choice":"Take Damage","floor":10.0,"gold_loss":0.0,"damage_taken":17.0,"relics_obtained":["Golden Idol"]},{"damage_healed":23,"gold_gain":0,"player_choice":"Heal","damage_taken":0,"max_hp_gain":0,"max_hp_loss":0,"event_name":"The Library","floor":19,"gold_loss":0},{"damage_healed":0,"gold_gain":0,"player_choice":"Fight","damage_taken":0,"max_hp_gain":0,"max_hp_loss":0,"event_name":"Colosseum","floor":21,"gold_loss":0},{"damage_healed":0,"gold_gain":0,"player_choice":"Fled From Nobs","damage_taken":0,"max_hp_gain":0,"max_hp_loss":0,"event_name":"Colosseum","floor":21,"gold_loss":0},{"cards_removed":["Strike_G"],"damage_healed":0,"gold_gain":0,"player_choice":"Single Remove","damage_taken":0,"max_hp_gain":0,"max_hp_loss":0,"event_name":"Designer","floor":24,"gold_loss":60},{"damage_healed":0,"gold_gain":0,"player_choice":"Became a Ghost","damage_taken":0,"max_hp_gain":0,"max_hp_loss":37,"event_name":"Ghosts","floor":31,"gold_loss":0,"cards_obtained":["Ghostly","Ghostly","Ghostly","Ghostly","Ghostly"]},{"damage_healed":0,"gold_gain":0,"player_choice":"Gave Potion","damage_taken":0,"relics_obtained":["Letter Opener"],"max_hp_gain":0,"max_hp_loss":0,"event_name":"WeMeetAgain","floor":36,"gold_loss":0},{"damage_healed":0,"gold_gain":0,"player_choice":"Forge","damage_taken":0,"max_hp_gain":0,"max_hp_loss":0,"event_name":"Accursed Blacksmith","floor":47,"gold_loss":0,"cards_upgraded":["Bullet Time"]}],"is_beta":false,"boss_relics":[{"not_picked":["Pandora\u0027s Box","Ectoplasm"],"picked":"Orrery"},{"not_picked":["Tiny House","Runic Dome"],"picked":"Runic Pyramid"}],"items_purged_floors":[3,20,38,44],"is_endless":false,"potions_floor_spawned":[1,23,29,33,37,46],"ascension_level":0}