{"gold_per_floor":[116,134,134,154,154,154,180,180,180,105,105],"floor_reached":11,"playtime":174,"items_purged":["Strike_G"],"score":142,"play_id":"8e00340b-4934-432b-b626-44d86b98dd9f","local_time":"20190128110943","is_ascension_mode":true,"campfire_choices":[{"data":"Phantasmal Killer","floor":6.0,"key":"SMITH"},{"data":"Predator","floor":8.0,"key":"SMITH"}],"neow_cost":"NONE","seed_source_timestamp":7272684013217,"circlet_count":0,"master_deck":["AscendersBane","Defend_G+1","Defend_G","Defend_G","Defend_G","Defend_G","Strike_G","Strike_G","Strike_G","Survivor+1","Neutralize","Acrobatics","Predator+1","Phantasmal Killer+1"],"special_seed":0,"relics":["Ring of the Snake","NeowsBlessing","Pantograph","Gremlin Horn","War Paint"],"potions_floor_usage":[],"damage_taken":[{"damage":0.0,"enemies":"Cultist","floor":1.0,"turns":1.0},{"damage":0.0,"enemies":"Jaw Worm","floor":2.0,"turns":1.0},{"damage":0.0,"enemies":"Small Slimes","floor":4.0,"turns":1.0},{"damage":32.0,"enemies":"Gremlin Nob","floor":7.0,"turns":4.0},{"damage":0,"enemies":"Lagavulin","floor":11,"turns":4}],"seed_played":"-5449153289619633861","potions_obtained":[{"floor":4.0,"key":"Explosive Potion"}],"is_trial":false,"path_per_floor":["M","M","?","M","?","R","E","R","T","$","E"],"character_chosen":"THE_SILENT","items_purchased":[],"campfire_rested":0,"item_purchase_floors":[],"current_hp_per_floor":[59,59,52,52,34,34,2,2,2,2,2],"gold":105,"neow_bonus":"THREE_ENEMY_KILL","is_prod":false,"is_daily":false,"chose_seed":false,"campfire_upgraded":2,"win_rate":0,"timestamp":1548644983,"path_taken":["M","M","?","M","?","R","E","R","T","$","E"],"build_version":"2019-01-23","purchased_purges":1,"victory":false,"max_hp_per_floor":[66,66,66,66,66,66,66,66,66,66,66],"card_choices":[{"not_picked":["Flying Knee","Crippling Poison"],"picked":"Acrobatics","floor":1.0},{"not_picked":["Dagger Spray","Slice"],"picked":"Predator","floor":2.0},{"not_picked":["Deadly Poison","Blade Dance"],"picked":"Phantasmal Killer","floor":4.0},{"not_picked":["Deflect","Deadly Poison","PiercingWail"],"picked":"SKIP","floor":7.0}],"player_experience":1367543,"relics_obtained":[{"floor":7.0,"key":"Gremlin Horn"},{"floor":9.0,"key":"War Paint"}],"event_choices":[{"cards_removed":["Strike_G"],"damage_healed":0.0,"max_hp_gain":0.0,"max_hp_loss":0.0,"gold_gain":0.0,"event_name":"Golden Wing","player_choice":"Card Removal","floor":3.0,"gold_loss":0.0,"damage_taken":7.0},{"damage_healed":0.0,"max_hp_gain":0.0,"max_hp_loss":0.0,"gold_gain":0.0,"event_name":"Scrap Ooze","player_choice":"Success","floor":5.0,"gold_loss":0.0,"damage_taken":18.0,"relics_obtained":["Pantograph"]}],"is_beta":true,"boss_relics":[],"items_purged_floors":[10],"is_endless":false,"potions_floor_spawned":[4],"killed_by":"Lagavulin","ascension_level":20}