{"gold_per_floor":[116,76,76,92,109,144,144,156,156,189,189,189,189,202,202,202],"floor_reached":16,"playtime":1265,"items_purged":[],"score":116,"play_id":"fa5ec74c-28ea-4880-a01e-afefdbf27641","local_time":"20190706173945","is_ascension_mode":true,"campfire_choices":[{"floor":7,"key":"REST"},{"data":"Carnage","floor":11,"key":"SMITH"},{"data":"Anger","floor":13,"key":"SMITH"},{"data":"Anger","floor":15,"key":"SMITH"}],"neow_cost":"PERCENT_DAMAGE","seed_source_timestamp":550429841833539,"circlet_count":0,"master_deck":["Strike_R","Strike_R","Strike_R","Strike_R","Strike_R","Defend_R","Defend_R","Defend_R","Defend_R","Bash","Impervious+1","Heavy Blade+1","Carnage+1","Anger+1","Ghostly Armor","Clash","Anger+1","Battle Trance+1","Body Slam"],"relics":["Burning Blood","Toxic Egg 2","Gambling Chip","Incense Burner","FaceOfCleric"],"potions_floor_usage":[],"damage_taken":[{"damage":0,"enemies":"Small Slimes","floor":1,"turns":3},{"damage":2,"enemies":"2 Louse","floor":4,"turns":3},{"damage":1,"enemies":"Cultist","floor":5,"turns":3},{"damage":35,"enemies":"3 Sentries","floor":6,"turns":9},{"damage":2,"enemies":"Exordium Thugs","floor":8,"turns":6},{"damage":21,"enemies":"Lagavulin","floor":10,"turns":4},{"damage":0,"enemies":"Looter","floor":14,"turns":3},{"damage":46,"enemies":"Hexaghost","floor":16,"turns":8}],"seed_played":"5077643881573800617","potions_obtained":[{"floor":6,"key":"Strength Potion"},{"floor":10,"key":"Dexterity Potion"},{"floor":14,"key":"Poison Potion"}],"is_trial":false,"path_per_floor":["M","$","?","M","M","E","R","M","T","E","R","?","R","M","R","B"],"character_chosen":"IRONCLAD","items_purchased":["Carnage"],"campfire_rested":1,"item_purchase_floors":[2],"current_hp_per_floor":[62,62,46,50,55,26,50,54,54,39,39,39,39,46,46,0],"gold":202,"neow_bonus":"THREE_RARE_CARDS","is_prod":false,"is_daily":false,"chose_seed":false,"campfire_upgraded":3,"win_rate":0,"timestamp":1562452785,"path_taken":["M","$","?","M","M","E","R","M","T","E","R","?","R","?","R","BOSS"],"build_version":"2019-07-05","purchased_purges":0,"victory":false,"max_hp_per_floor":[80,80,80,80,80,80,80,80,80,80,80,80,80,81,81,81],"card_choices":[{"not_picked":["Barricade","Offering"],"picked":"Impervious","floor":0},{"not_picked":["Warcry","Metallicize"],"picked":"Heavy Blade","floor":1},{"not_picked":["Dual Wield","Body Slam"],"picked":"Anger","floor":4},{"not_picked":["Iron Wave","Blood for Blood"],"picked":"Ghostly Armor","floor":5},{"not_picked":["Disarm","True Grit"],"picked":"Clash","floor":6},{"not_picked":["Feel No Pain","Heavy Blade"],"picked":"Anger","floor":8},{"not_picked":["Pommel Strike","Clash"],"picked":"Battle Trance+1","floor":10},{"not_picked":["Sword Boomerang","Iron Wave"],"picked":"Body Slam","floor":14}],"player_experience":20217,"relics_obtained":[{"floor":6,"key":"Toxic Egg 2"},{"floor":9,"key":"Gambling Chip"},{"floor":10,"key":"Incense Burner"}],"event_choices":[{"damage_healed":0,"gold_gain":0,"player_choice":"Entered Light","damage_taken":16,"max_hp_gain":0,"max_hp_loss":0,"event_name":"Shining Light","floor":3,"gold_loss":0,"cards_upgraded":["Impervious","Heavy Blade"]},{"damage_healed":0,"gold_gain":0,"player_choice":"Trade","damage_taken":0,"relics_obtained":["FaceOfCleric"],"max_hp_gain":0,"max_hp_loss":0,"event_name":"FaceTrader","floor":12,"gold_loss":0}],"is_beta":false,"boss_relics":[],"items_purged_floors":[],"is_endless":false,"potions_floor_spawned":[6,10,14],"killed_by":"Hexaghost","ascension_level":1}