{"gold_per_floor":[113,38,54,34,45,45,10,10,10,28,28],"floor_reached":11,"playtime":233,"items_purged":["Strike_G"],"score":126,"play_id":"9655827b-d823-4a48-a7d5-e69049a94e54","local_time":"20190121162402","is_ascension_mode":true,"campfire_choices":[{"data":"Grand Finale","floor":6,"key":"SMITH"},{"data":"Neutralize","floor":8,"key":"SMITH"}],"neow_cost":"PERCENT_DAMAGE","seed_source_timestamp":20006022861822,"circlet_count":0,"master_deck":["AscendersBane","Defend_G","Defend_G","Defend_G","Defend_G","Defend_G","Strike_G","Strike_G","Strike_G","Strike_G","Survivor","Neutralize+1","Grand Finale+1"],"special_seed":0,"relics":["Ring of the Snake","The Courier"],"potions_floor_usage":[],"damage_taken":[{"damage":1.0,"enemies":"Small Slimes","floor":1.0,"turns":5.0},{"damage":25,"enemies":"Cultist","floor":3,"turns":7},{"damage":7,"enemies":"2 Louse","floor":5,"turns":5},{"damage":2,"enemies":"Looter","floor":10,"turns":5},{"damage":9,"enemies":"3 Louse","floor":11,"turns":2}],"seed_played":"6114430244526032470","potions_obtained":[{"floor":3,"key":"LiquidBronze"},{"floor":4,"key":"Weak Potion"}],"is_trial":false,"path_per_floor":["M","$","M","?","M","R","?","R","T","M","M"],"character_chosen":"THE_SILENT","items_purchased":[],"campfire_rested":0,"item_purchase_floors":[],"current_hp_per_floor":[43,43,18,18,11,11,27,27,27,25,16],"gold":28,"neow_bonus":"THREE_RARE_CARDS","is_prod":false,"is_daily":false,"chose_seed":false,"campfire_upgraded":2,"win_rate":0,"timestamp":1548059042,"path_taken":["M","$","M","?","?","R","?","R","T","M","M"],"build_version":"2019-01-17v2","purchased_purges":1,"victory":false,"max_hp_per_floor":[66,66,66,66,66,66,66,66,66,66,66],"card_choices":[{"not_picked":["Doppelganger","A Thousand Cuts"],"picked":"Grand Finale","floor":0.0},{"not_picked":["Sucker Punch","Slice","Deadly Poison"],"picked":"SKIP","floor":1.0},{"not_picked":["Cloak And Dagger","Bane","Outmaneuver"],"picked":"SKIP","floor":3},{"not_picked":["Noxious Fumes","Sucker Punch","PiercingWail"],"picked":"SKIP","floor":5},{"not_picked":["Sucker Punch","Bane","Deadly Poison"],"picked":"SKIP","floor":10}],"player_experience":2105783,"relics_obtained":[{"floor":9,"key":"The Courier"}],"event_choices":[{"damage_healed":0,"gold_gain":0,"player_choice":"Bought 1 Potion","damage_taken":0,"max_hp_gain":0,"max_hp_loss":0,"event_name":"The Woman in Blue","floor":4,"gold_loss":0},{"damage_healed":16,"gold_gain":0,"player_choice":"Healed","damage_taken":0,"max_hp_gain":0,"max_hp_loss":0,"event_name":"The Cleric","floor":7,"gold_loss":35}],"is_beta":false,"boss_relics":[],"items_purged_floors":[2],"is_endless":false,"potions_floor_spawned":[3,10],"killed_by":"3 Louse","ascension_level":20}