{"gold_per_floor":[209,209,0,0,16,16,42,60,87,87,104,115,115,115,115,187,187,197,122,122,22,22,18,18],"floor_reached":24,"playtime":979,"items_purged":["Strike_G","Strike_G"],"score":388,"play_id":"b87f1572-e323-49d2-9849-c404c020ade0","local_time":"20190104104352","is_ascension_mode":true,"campfire_choices":[{"data":"Neutralize","floor":6.0,"key":"SMITH"},{"data":"Deadly Poison","floor":10.0,"key":"SMITH"},{"data":"Footwork","floor":13.0,"key":"SMITH"},{"data":"Footwork","floor":15.0,"key":"SMITH"}],"neow_cost":"NONE","seed_source_timestamp":4906140886014,"circlet_count":0,"master_deck":["AscendersBane","Defend_G","Defend_G","Defend_G","Defend_G","Defend_G","Strike_G","Strike_G","Strike_G+1","Survivor+1","Neutralize+1","Footwork+1","Footwork+1","Dagger Throw","Deadly Poison+1","Blur","Leg Sweep","Adrenaline","Backflip"],"special_seed":0,"relics":["Ring of the Snake","Oddly Smooth Stone","Dream Catcher","Snake Skull","Coffee Dripper"],"potions_floor_usage":[],"damage_taken":[{"damage":0.0,"enemies":"2 Louse","floor":1.0,"turns":3.0},{"damage":0.0,"enemies":"Jaw Worm","floor":5.0,"turns":10.0},{"damage":32.0,"enemies":"3 Sentries","floor":7.0,"turns":15.0},{"damage":0.0,"enemies":"Small Slimes","floor":8.0,"turns":4.0},{"damage":0.0,"enemies":"Blue Slaver","floor":11.0,"turns":5.0},{"damage":0.0,"enemies":"Looter","floor":12.0,"turns":4.0},{"damage":11.0,"enemies":"Hexaghost","floor":16.0,"turns":15.0},{"damage":3.0,"enemies":"Chosen","floor":18.0,"turns":6.0},{"damage":0,"enemies":"2 Thieves","floor":23,"turns":5},{"damage":0,"enemies":"Gremlin Leader","floor":24,"turns":4}],"seed_played":"-1302140281806844129","potions_obtained":[{"floor":1.0,"key":"SpeedPotion"},{"floor":5.0,"key":"Block Potion"},{"floor":8.0,"key":"Fruit Juice"},{"floor":11.0,"key":"SpeedPotion"},{"floor":18.0,"key":"GhostInAJar"}],"is_trial":false,"path_per_floor":["M","?","$","?","M","R","E","M","T","R","M","M","R","?","R","B",null,"M","$","?","$","?","M","E"],"character_chosen":"THE_SILENT","items_purchased":["Footwork","Oddly Smooth Stone"],"campfire_rested":0,"item_purchase_floors":[3,3],"current_hp_per_floor":[59,39,39,39,39,39,7,12,12,12,12,12,12,12,12,1,54,51,51,31,31,31,31,31],"gold":18,"neow_bonus":"HUNDRED_GOLD","is_prod":false,"is_daily":false,"chose_seed":false,"campfire_upgraded":4,"win_rate":0,"timestamp":1546569832,"path_taken":["M","?","$","?","M","R","E","M","T","R","M","?","R","?","R","BOSS","M","$","?","$","?","M","E"],"build_version":"2019-01-03","purchased_purges":2,"victory":false,"max_hp_per_floor":[66,66,66,66,66,66,66,71,71,71,71,71,71,71,71,71,71,71,71,76,76,76,76,76],"card_choices":[{"not_picked":["Accuracy","Cloak And Dagger"],"picked":"Footwork","floor":1.0},{"not_picked":["Acrobatics","Underhanded Strike"],"picked":"Dagger Throw","floor":5.0},{"not_picked":["Backstab","Predator","Flying Knee"],"picked":"SKIP","floor":7.0},{"not_picked":["Distraction","Leg Sweep"],"picked":"Deadly Poison","floor":8.0},{"not_picked":["Dagger Throw","Flying Knee"],"picked":"Blur","floor":11.0},{"not_picked":["Flying Knee","Dagger Throw"],"picked":"Leg Sweep","floor":12.0},{"not_picked":["Venomology","A Thousand Cuts"],"picked":"Adrenaline","floor":16.0},{"not_picked":["Poisoned Stab","Cloak And Dagger","Setup"],"picked":"SKIP","floor":18.0},{"not_picked":["Sucker Punch","Deflect+1"],"picked":"Backflip","floor":23}],"player_experience":1717458,"relics_obtained":[{"floor":7.0,"key":"Dream Catcher"},{"floor":9.0,"key":"Snake Skull"}],"event_choices":[{"damage_healed":0.0,"max_hp_gain":0.0,"max_hp_loss":0.0,"gold_gain":0.0,"event_name":"Shining Light","player_choice":"Entered Light","floor":2.0,"gold_loss":0.0,"damage_taken":20.0,"cards_upgraded":["Strike_G","Survivor"]},{"damage_healed":0.0,"max_hp_gain":0.0,"max_hp_loss":0.0,"gold_gain":0.0,"event_name":"World of Goop","player_choice":"Left Gold","floor":4.0,"gold_loss":0.0,"damage_taken":0.0},{"damage_healed":0.0,"max_hp_gain":0.0,"max_hp_loss":0.0,"gold_gain":0.0,"event_name":"Liars Game","player_choice":"Ignored","floor":14.0,"gold_loss":0.0,"damage_taken":0.0},{"damage_healed":0.0,"max_hp_gain":5.0,"max_hp_loss":0.0,"gold_gain":0.0,"event_name":"Forgotten Altar","player_choice":"Shed Blood","floor":20.0,"gold_loss":0.0,"damage_taken":25.0}],"is_beta":false,"boss_relics":[{"not_picked":["Astrolabe","Eternal Feather"],"picked":"Coffee Dripper"}],"items_purged_floors":[19,21],"is_endless":false,"potions_floor_spawned":[1,5,8,11,18],"killed_by":"Gremlin Leader","ascension_level":20}