{"gold_per_floor":[109,62,81,81,81,81,92,167,167,184,184,195,47,57,57,57],"floor_reached":16,"playtime":354,"items_purged":[],"score":92,"play_id":"adae729f-d334-4e64-97fc-6437cc3a8093","local_time":"20181013220000","is_ascension_mode":false,"campfire_choices":[{"data":"Barricade","floor":6,"key":"SMITH"},{"data":"Armaments","floor":15,"key":"SMITH"}],"neow_cost":"TEN_PERCENT_HP_LOSS","seed_source_timestamp":47134242874568,"circlet_count":0,"master_deck":["Strike_R","Strike_R","Strike_R","Strike_R","Strike_R","Defend_R","Defend_R","Defend_R","Defend_R","Bash","Barricade+1","Evolve","Clash","Entrench","Armaments+1","Second Wind","Battle Trance"],"special_seed":0,"relics":["Burning Blood","Bag of Preparation"],"potions_floor_usage":[],"damage_taken":[{"damage":6,"enemies":"Cultist","floor":1,"turns":3},{"damage":2,"enemies":"Small Slimes","floor":3,"turns":5},{"damage":8,"enemies":"Jaw Worm","floor":7,"turns":3},{"damage":19,"enemies":"Blue Slaver","floor":10,"turns":4},{"damage":21,"enemies":"Lots of Slimes","floor":12,"turns":8},{"damage":5,"enemies":"Large Slime","floor":14,"turns":9},{"damage":0,"enemies":"Hexaghost","floor":16,"turns":1}],"seed_played":"6658690164944961255","potions_obtained":[{"floor":1,"key":"Weak Potion"},{"floor":10,"key":"Energy Potion"},{"floor":12,"key":"SpeedPotion"}],"is_trial":false,"path_per_floor":["M","$","M","?","T","R","M","T","T","M","?","M","$","M","R"],"character_chosen":"IRONCLAD","items_purchased":["Clash","Bag of Preparation"],"campfire_rested":0,"item_purchase_floors":[2,13],"current_hp_per_floor":[72,72,72,72,72,72,70,70,70,57,62,47,47,48,48,48],"gold":57,"neow_bonus":"THREE_RARE_CARDS","is_prod":false,"is_daily":false,"chose_seed":false,"campfire_upgraded":2,"win_rate":0,"timestamp":1539439200,"path_taken":["M","$","?","?","?","R","M","?","T","?","?","M","$","M","R","BOSS"],"build_version":"2018-10-11","purchased_purges":0,"victory":false,"max_hp_per_floor":[72,72,72,72,72,72,72,72,72,72,77,77,77,77,77,77],"card_choices":[{"not_picked":["Impervious","Juggernaut"],"picked":"Barricade","floor":0},{"not_picked":["Reckless Charge","Iron Wave"],"picked":"Evolve","floor":1},{"not_picked":["Headbutt","Spot Weakness"],"picked":"Entrench","floor":3},{"not_picked":["Flex","Iron Wave"],"picked":"Armaments","floor":7},{"not_picked":["Rampage","Blood for Blood","Reckless Charge"],"picked":"SKIP","floor":10},{"not_picked":["Cleave","Barricade"],"picked":"Second Wind","floor":12},{"not_picked":["Wild Strike","Uppercut"],"picked":"Battle Trance","floor":14}],"player_experience":176209,"relics_obtained":[],"event_choices":[{"event_name":"Liars Game","player_choice":"disagreed","floor":4,"damage_taken":0},{"event_name":"Big Fish","player_choice":"Donut","floor":11,"damage_taken":0}],"is_beta":false,"boss_relics":[],"items_purged_floors":[],"is_endless":false,"potions_floor_spawned":[1,10,12,14],"killed_by":"Hexaghost","ascension_level":0}