{"gold_per_floor":[118,118,135,57,109,109,138,138,162,172,189,114,149,149,149,149],"floor_reached":16,"playtime":334,"items_purged":["Strike_R"],"score":216,"play_id":"f4ad0a8b-bebb-420f-8ec7-e851b3d5acfa","local_time":"20190122145538","is_ascension_mode":true,"campfire_choices":[{"data":"Uppercut","floor":6.0,"key":"SMITH"},{"data":"Dropkick","floor":8.0,"key":"SMITH"},{"data":"Corruption","floor":15,"key":"SMITH"}],"neow_cost":"NONE","seed_source_timestamp":16521786775410,"circlet_count":0,"master_deck":["AscendersBane","Strike_R","Strike_R","Strike_R+1","Defend_R","Defend_R","Defend_R","Defend_R","Bash","Thunderclap+1","Uppercut+1","Dropkick+1","Corruption+1"],"special_seed":0,"relics":["Burning Blood","Boot","StoneCalendar","Anchor","Omamori","Strawberry"],"potions_floor_usage":[],"damage_taken":[{"damage":6.0,"enemies":"Cultist","floor":1.0,"turns":4.0},{"damage":9.0,"enemies":"Jaw Worm","floor":3.0,"turns":3.0},{"damage":24.0,"enemies":"Gremlin Nob","floor":7.0,"turns":4.0},{"damage":0.0,"enemies":"2 Louse","floor":10.0,"turns":2.0},{"damage":10.0,"enemies":"Large Slime","floor":11.0,"turns":5.0},{"damage":25.0,"enemies":"Lagavulin","floor":13.0,"turns":7.0},{"damage":0,"enemies":"The Guardian","floor":16,"turns":1}],"seed_played":"-8214636257109735404","potions_obtained":[{"floor":3.0,"key":"LiquidBronze"},{"floor":10.0,"key":"PowerPotion"}],"is_trial":false,"path_per_floor":["M","?","M","$","T","R","E","R","T","M","M","$","E","?","R","B"],"character_chosen":"IRONCLAD","items_purchased":["Dropkick"],"campfire_rested":0,"item_purchase_floors":[4],"current_hp_per_floor":[68,45,42,42,42,42,24,24,24,30,26,26,7,14,14,14],"gold":149,"neow_bonus":"REMOVE_CARD","is_prod":false,"is_daily":false,"chose_seed":false,"campfire_upgraded":3,"win_rate":0,"timestamp":1548140138,"path_taken":["M","?","M","$","?","R","E","R","T","?","M","$","E","?","R","BOSS"],"build_version":"2019-01-17v2","purchased_purges":1,"victory":false,"max_hp_per_floor":[75,75,75,75,75,75,75,75,75,75,75,75,75,82,82,82],"card_choices":[{"not_picked":["Iron Wave","Fire Breathing"],"picked":"Thunderclap","floor":1.0},{"not_picked":["Flex","Thunderclap"],"picked":"Uppercut","floor":3.0},{"not_picked":["Cleave","Fire Breathing","Rampage"],"picked":"SKIP","floor":7.0},{"not_picked":["Sword Boomerang","Thunderclap","Anger"],"picked":"SKIP","floor":10.0},{"not_picked":["Body Slam","Flex"],"picked":"Corruption","floor":11.0},{"not_picked":["Barricade","Anger","Body Slam"],"picked":"SKIP","floor":13.0}],"player_experience":2135033,"relics_obtained":[{"floor":5.0,"key":"Boot"},{"floor":7.0,"key":"StoneCalendar"},{"floor":9.0,"key":"Anchor"},{"floor":13.0,"key":"Omamori"}],"event_choices":[{"damage_healed":0.0,"max_hp_gain":0.0,"max_hp_loss":0.0,"gold_gain":0.0,"event_name":"Shining Light","player_choice":"Entered Light","floor":2.0,"gold_loss":0.0,"damage_taken":23.0,"cards_upgraded":["Strike_R","Thunderclap"]},{"damage_healed":0,"gold_gain":0,"player_choice":"Searched \u00271\u0027 times","damage_taken":0,"relics_obtained":["Strawberry"],"max_hp_gain":0,"max_hp_loss":0,"event_name":"Dead Adventurer","floor":14,"gold_loss":0}],"is_beta":false,"boss_relics":[],"items_purged_floors":[12],"is_endless":false,"potions_floor_spawned":[3,10],"killed_by":"The Guardian","ascension_level":20}