{"path_per_floor":["M","M","M","M","M","E","R","$","T","$","R","M","M","M","R"],"character_chosen":"THE_SILENT","items_purchased":["Orichalcum"],"gold_per_floor":[115,127,143,162,181,210,210,67,90,90,90,104,121,135,135,135],"floor_reached":16,"campfire_rested":1,"playtime":548,"item_purchase_floors":[8],"current_hp_per_floor":[58,57,50,46,40,5,5,5,5,5,38,27,24,24,24,0],"items_purged":[],"gold":135,"score":180,"play_id":"5c0d8f72-3fa1-4351-b692-e42ed990ff9b","local_time":"20180615210528","is_prod":false,"is_daily":false,"chose_seed":false,"is_ascension_mode":true,"campfire_upgraded":2,"win_rate":0,"timestamp":1529067928,"campfire_choices":[{"data":"Neutralize","floor":7,"key":"SMITH"},{"floor":11,"key":"REST"},{"data":"Footwork","floor":15,"key":"SMITH"}],"path_taken":["M","M","M","?","M","E","R","$","T","$","R","M","M","M","R","BOSS"],"build_version":"2018-06-14v2","seed_source_timestamp":41864901585451,"purchased_purges":0,"victory":false,"master_deck":["Defend_G","Defend_G","Defend_G","Defend_G","Defend_G","Strike_G","Strike_G","Strike_G","Strike_G","Strike_G","Survivor","Neutralize+1","AscendersBane","Quick Slash","Terror","Footwork+1","Slice"],"max_hp_per_floor":[60,60,60,60,60,60,60,60,60,60,60,60,60,60,60,60],"relics":["Ring of the Snake","Sundial","Peace Pipe","Orichalcum","Regal Pillow"],"card_choices":[{"not_picked":["Catalyst","Setup"],"picked":"Quick Slash","floor":1},{"not_picked":["Acrobatics","Prepared"],"picked":"Terror","floor":2},{"not_picked":["Choke","Slice"],"picked":"Footwork","floor":3},{"not_picked":["Dodge and Roll","Bane","Outmaneuver"],"picked":"SKIP","floor":4},{"not_picked":["Dagger Spray","Prepared"],"picked":"Slice","floor":5},{"not_picked":["PiercingWail","Eviscerate","Tactician"],"picked":"SKIP","floor":6},{"not_picked":["Quick Slash","Dash","Acrobatics"],"picked":"SKIP","floor":12},{"not_picked":["Calculated Gamble","Quick Slash","Prepared"],"picked":"SKIP","floor":13},{"not_picked":["Catalyst","Acrobatics","Poisoned Stab"],"picked":"SKIP","floor":14}],"player_experience":615343,"potions_floor_usage":[16,16],"damage_taken":[{"damage":1,"enemies":"Cultist","floor":1,"turns":4},{"damage":1,"enemies":"2 Louse","floor":2,"turns":4},{"damage":7,"enemies":"Jaw Worm","floor":3,"turns":3},{"damage":4,"enemies":"Large Slime","floor":4,"turns":8},{"damage":6,"enemies":"Red Slaver","floor":5,"turns":6},{"damage":35,"enemies":"Gremlin Nob","floor":6,"turns":5},{"damage":11,"enemies":"Exordium Thugs","floor":12,"turns":6},{"damage":3,"enemies":"Blue Slaver","floor":13,"turns":4},{"damage":0,"enemies":"Exordium Wildlife","floor":14,"turns":3},{"damage":27,"enemies":"Slime Boss","floor":16,"turns":10}],"relics_obtained":[{"floor":6,"key":"Peace Pipe"},{"floor":9,"key":"Regal Pillow"}],"event_choices":[],"boss_relics":[],"items_purged_floors":[],"is_endless":false,"potions_floor_spawned":[3,5,6,14],"seed_played":"2612617819699885708","killed_by":"Slime Boss","ascension_level":14,"potions_obtained":[{"floor":3,"key":"GhostInAJar"},{"floor":5,"key":"SteroidPotion"}],"is_trial":false}