{"gold_per_floor":[110,130,130,130,155,155,171,171,171,151,176,194,46,41,41,166,166,91,110,110,10,109,109,149,168,193,208,208,228,73,73,73,199,199,223,244,43,43,43,43,43,43,68,68,93,93,117,0,0,0],"floor_reached":51,"playtime":1995,"items_purged":["Strike_G","Strike_G"],"score":780,"play_id":"bf995816-c787-4022-978d-125cf5b7052d","local_time":"20181015113818","is_ascension_mode":false,"campfire_choices":[{"data":"Well Laid Plans","floor":6.0,"key":"SMITH"},{"data":"Noxious Fumes","floor":8.0,"key":"SMITH"},{"data":"Night Terror","floor":15.0,"key":"SMITH"},{"data":"Well Laid Plans","floor":23.0,"key":"SMITH"},{"data":"Night Terror","floor":28,"key":"SMITH"},{"data":"Catalyst","floor":32,"key":"SMITH"},{"data":"Ghostly","floor":40,"key":"SMITH"},{"data":"Ghostly","floor":42,"key":"SMITH"},{"data":"Bouncing Flask","floor":44,"key":"SMITH"},{"data":"Ghostly","floor":46,"key":"SMITH"},{"data":"Ghostly","floor":49,"key":"SMITH"}],"neow_cost":"PERCENT_DAMAGE","seed_source_timestamp":3188064792723,"circlet_count":0,"master_deck":["Defend_G","Defend_G","Defend_G","Defend_G+1","Defend_G","Strike_G+1","Survivor","Neutralize","Blur","Bouncing Flask+1","Well Laid Plans+1","Noxious Fumes+1","Well Laid Plans+1","Leg Sweep","Night Terror+1","Bullet Time","Ghostly+1","Ghostly+1","Ghostly","Ghostly+1","Ghostly+1","Night Terror+1","Bouncing Flask","Catalyst+1","Calculated Gamble","Tactician","After Image","Setup+1","Well Laid Plans+1","Blur+1"],"special_seed":0,"relics":["Ring of the Snake","Golden Idol","Snake Skull","Lizard Tail","Sundial","Dream Catcher","Strange Spoon","Blood Vial","Red Mask"],"potions_floor_usage":[24,50,50,50],"damage_taken":[{"damage":0.0,"enemies":"2 Louse","floor":1.0,"turns":4.0},{"damage":0.0,"enemies":"Small Slimes","floor":2.0,"turns":5.0},{"damage":0.0,"enemies":"Jaw Worm","floor":5.0,"turns":3.0},{"damage":0.0,"enemies":"2 Fungi Beasts","floor":7.0,"turns":4.0},{"damage":0.0,"enemies":"Red Slaver","floor":11.0,"turns":6.0},{"damage":1.0,"enemies":"3 Louse","floor":12.0,"turns":3.0},{"damage":0.0,"enemies":"Exordium Thugs","floor":14.0,"turns":4.0},{"damage":0.0,"enemies":"Hexaghost","floor":16.0,"turns":9.0},{"damage":6.0,"enemies":"2 Thieves","floor":18.0,"turns":5.0},{"damage":19.0,"enemies":"3 Byrds","floor":19.0,"turns":6.0},{"damage":0,"enemies":"Gremlin Leader","floor":24,"turns":10},{"damage":0,"enemies":"Centurion and Healer","floor":25,"turns":8},{"damage":1,"enemies":"Shelled Parasite and Fungi","floor":27,"turns":8},{"damage":1,"enemies":"Snecko","floor":29,"turns":8},{"damage":2,"enemies":"Collector","floor":33,"turns":4},{"damage":0,"enemies":"3 Darklings","floor":35,"turns":5},{"damage":0,"enemies":"Orb Walker","floor":36,"turns":6},{"damage":1,"enemies":"Transient","floor":45,"turns":5},{"damage":0,"enemies":"3 Darklings","floor":47,"turns":7},{"damage":29,"enemies":"Donu and Deca","floor":50,"turns":8}],"seed_played":"509436794677460877","potions_obtained":[{"floor":1.0,"key":"Swift Potion"},{"floor":5.0,"key":"EssenceOfSteel"},{"floor":10.0,"key":"GamblersBrew"},{"floor":24,"key":"AttackPotion"},{"floor":25,"key":"SkillPotion"},{"floor":33,"key":"PowerPotion"}],"is_trial":false,"path_per_floor":["M","M","?","?","M","R","M","R","T","?","M","M","$","M","R","B",null,"M","M","?","$","?","R","E","M","T","M","R","M","$","?","R","B",null,"M","M","$","?","?","R","$","R","T","R","M","R","M","?","R","B"],"character_chosen":"THE_SILENT","items_purchased":["Leg Sweep","Catalyst","Footwork","Strange Spoon"],"campfire_rested":0,"item_purchase_floors":[13,30,30,37],"current_hp_per_floor":[63,63,46,25,25,25,25,25,25,25,25,24,24,24,24,24,84,78,59,42,42,42,42,42,42,42,41,41,40,40,40,40,38,42,42,42,42,42,42,42,42,42,42,42,41,41,42,42,42,13],"gold":0,"neow_bonus":"TWENTY_PERCENT_HP_BONUS","is_prod":false,"is_daily":false,"chose_seed":false,"campfire_upgraded":11,"win_rate":0,"timestamp":1539574698,"path_taken":["M","M","?","?","M","R","M","R","T","?","M","M","$","?","R","BOSS","M","?","?","$","?","R","E","M","T","M","R","M","$","?","R","BOSS","M","M","$","?","?","R","$","R","T","R","M","R","?","?","R","BOSS"],"build_version":"2018-10-11","purchased_purges":2,"victory":true,"max_hp_per_floor":[84,84,84,84,84,84,84,84,84,84,84,84,84,84,84,84,84,84,84,42,42,42,42,42,42,42,42,42,42,42,42,42,42,42,42,42,42,42,42,42,42,42,42,42,42,42,42,42,42,42],"card_choices":[{"not_picked":["Eviscerate","Finisher"],"picked":"Blur","floor":1.0},{"not_picked":["Blur","PiercingWail"],"picked":"Bouncing Flask","floor":2.0},{"not_picked":["Flying Knee","Reflex"],"picked":"Well Laid Plans","floor":5.0},{"not_picked":["Acrobatics","Blur"],"picked":"Noxious Fumes","floor":7.0},{"not_picked":["Flechettes","Predator"],"picked":"Well Laid Plans","floor":11.0},{"not_picked":["Cloak And Dagger","Underhanded Strike","Dagger Spray"],"picked":"SKIP","floor":12.0},{"not_picked":["Expertise","Outmaneuver"],"picked":"Night Terror","floor":14.0},{"not_picked":["Adrenaline","Burst"],"picked":"Bullet Time","floor":16.0},{"not_picked":["Cloak And Dagger","Underhanded Strike","Dodge and Roll"],"picked":"SKIP","floor":18.0},{"not_picked":["Eviscerate+1","Cloak And Dagger","Acrobatics"],"picked":"SKIP","floor":19.0},{"not_picked":["Acrobatics+1","Skewer+1"],"picked":"Night Terror","floor":24},{"not_picked":["Dagger Throw","Endless Agony+1","Dodge and Roll"],"picked":"SKIP","floor":25},{"not_picked":["Poisoned Stab","Dash"],"picked":"Bouncing Flask","floor":27},{"not_picked":["Slice","Endless Agony","Outmaneuver"],"picked":"SKIP","floor":29},{"not_picked":["Unload","Phantasmal Killer"],"picked":"After Image","floor":33},{"not_picked":["Slice","Underhanded Strike"],"picked":"Setup+1","floor":35},{"not_picked":["Slice","Expertise+1"],"picked":"Well Laid Plans+1","floor":36},{"not_picked":["All Out Attack+1","Cloak And Dagger"],"picked":"Blur+1","floor":45},{"not_picked":["Accuracy","Underhanded Strike","Dagger Spray"],"picked":"SKIP","floor":47}],"player_experience":196669,"relics_obtained":[{"floor":9.0,"key":"Snake Skull"},{"floor":24,"key":"Sundial"},{"floor":26,"key":"Dream Catcher"},{"floor":43,"key":"Blood Vial"}],"event_choices":[{"event_name":"Shining Light","player_choice":"Entered Light","floor":3.0,"damage_taken":0.0},{"event_name":"Golden Idol","player_choice":"Take Damage","floor":4.0,"damage_taken":0.0},{"event_name":"The Woman in Blue","player_choice":"Bought 1 Potion","floor":10.0,"damage_taken":0.0},{"event_name":"Ghosts","player_choice":"Became a Ghost","floor":20.0,"damage_taken":0.0},{"event_name":"Nest","player_choice":"Stole From Cult","floor":22.0,"damage_taken":0.0},{"event_name":"Drug Dealer","player_choice":"Became Test Subject","floor":31,"damage_taken":0},{"event_name":"SensoryStone","player_choice":"Memory 1","floor":38,"damage_taken":0},{"event_name":"Falling","player_choice":"Removed Power","floor":39,"damage_taken":0},{"event_name":"Tomb of Lord Red Mask","player_choice":"Paid","floor":48,"damage_taken":0}],"is_beta":false,"boss_relics":[{"not_picked":["Ectoplasm","WristBlade"],"picked":"Lizard Tail"},{"not_picked":["Calling Bell","Snecko Eye","HoveringKite"]}],"items_purged_floors":[13,21],"is_endless":false,"potions_floor_spawned":[1,5,16,24,25,29,33],"ascension_level":0}