{"gold_per_floor":[117,129,143,143,163,163,179,191,243,260,260,272,307,89,89,166,166,182,182,107,120,133,133,146,157,232,259,259,270,270,304,304,381,381,399,399,419,439,451,485,485,499,524,76,76,92,314,314,314,314,314,314,19,46,46],"floor_reached":56,"playtime":3241,"items_purged":["Pain","Strike_B"],"score":1996,"play_id":"bbcefc0e-d990-495c-a79e-53c202f3b9bc","local_time":"20190302225645","is_ascension_mode":true,"campfire_choices":[{"data":"Defragment","floor":6,"key":"SMITH"},{"data":"Streamline","floor":11,"key":"SMITH"},{"data":"Creative AI","floor":15,"key":"SMITH"},{"data":"Biased Cognition","floor":23,"key":"SMITH"},{"floor":30,"key":"RECALL"},{"data":"Recycle","floor":32,"key":"SMITH"},{"data":"Recycle","floor":41,"key":"SMITH"},{"data":"Double Energy","floor":45,"key":"SMITH"},{"data":"Turbo","floor":49,"key":"SMITH"},{"data":"Dualcast","floor":52,"key":"SMITH"}],"neow_cost":"NONE","seed_source_timestamp":41067817813571,"circlet_count":0,"master_deck":["AscendersBane","Strike_B","Defend_B","Defend_B","Defend_B","Defend_B","Zap","Dualcast+1","Streamline+1","Defragment+1","Cold Snap","Self Repair","Genetic Algorithm","Cold Snap","Creative AI+1","Cold Snap","Undo","Echo Form","Biased Cognition+1","Heatsinks+1","Recycle+1","Recycle+1","Coolheaded","Turbo+1","Skim","Echo Form","Rebound","Coolheaded","Chill","Echo Form","Self Repair","Double Energy+1","Conserve Battery+1","Amplify","Core Surge","Echo Form","Chill+1","Turbo","Amplify"],"relics":["Cracked Core","NeowsBlessing","WarpedTongs","Lantern","Ornamental Fan","Runic Pyramid","Dodecahedron","Red Mask","Nuclear Battery","Vajra","Oddly Smooth Stone","DollysMirror","Mummified Hand","Bird Faced Urn"],"potions_floor_usage":[31,55,55],"damage_taken":[{"damage":0,"enemies":"2 Louse","floor":1,"turns":1},{"damage":0,"enemies":"Cultist","floor":2,"turns":1},{"damage":0,"enemies":"Jaw Worm","floor":3,"turns":1},{"damage":23,"enemies":"Exordium Wildlife","floor":5,"turns":5},{"damage":22,"enemies":"Lots of Slimes","floor":7,"turns":5},{"damage":9,"enemies":"Large Slime","floor":8,"turns":6},{"damage":12,"enemies":"Looter","floor":10,"turns":2},{"damage":2,"enemies":"2 Fungi Beasts","floor":12,"turns":3},{"damage":11,"enemies":"Lagavulin","floor":13,"turns":7},{"damage":12,"enemies":"Hexaghost","floor":16,"turns":8},{"damage":9,"enemies":"3 Byrds","floor":18,"turns":7},{"damage":0,"enemies":"Chosen","floor":21,"turns":8},{"damage":20,"enemies":"Snake Plant","floor":22,"turns":8},{"damage":6,"enemies":"Snecko","floor":24,"turns":5},{"damage":13,"enemies":"Shelled Parasite and Fungi","floor":25,"turns":9},{"damage":59,"enemies":"Gremlin Leader","floor":27,"turns":12},{"damage":16,"enemies":"Snake Plant","floor":29,"turns":6},{"damage":22,"enemies":"Masked Bandits","floor":31,"turns":6},{"damage":0,"enemies":"Champ","floor":33,"turns":13},{"damage":3,"enemies":"3 Darklings","floor":35,"turns":8},{"damage":1,"enemies":"3 Shapes","floor":37,"turns":6},{"damage":40,"enemies":"3 Darklings","floor":38,"turns":7},{"damage":8,"enemies":"Writhing Mass","floor":39,"turns":9},{"damage":30,"enemies":"Giant Head","floor":40,"turns":7},{"damage":9,"enemies":"4 Shapes","floor":42,"turns":6},{"damage":4,"enemies":"Maw","floor":46,"turns":8},{"damage":14,"enemies":"Time Eater","floor":50,"turns":12},{"damage":51,"enemies":"Shield and Spear","floor":54,"turns":10},{"damage":21,"enemies":"The Heart","floor":55,"turns":6}],"seed_played":"7226550593446105048","potions_obtained":[{"floor":2,"key":"Ancient Potion"},{"floor":7,"key":"Poison Potion"},{"floor":25,"key":"PowerPotion"},{"floor":31,"key":"Poison Potion"},{"floor":33,"key":"PowerPotion"}],"is_trial":false,"path_per_floor":["M","M","M","?","M","R","M","M","T","M","R","M","E","$","R","B",null,"M","?","?","M","M","R","M","M","T","E","?","M","R","?","R","B",null,"M","?","M","M","M","E","R","M","T","$","R","M","?","?","R","B",null,"R","$","E","B",null],"character_chosen":"DEFECT","items_purchased":["Echo Form","Core Surge","DollysMirror","Mummified Hand","Turbo"],"campfire_rested":0,"item_purchase_floors":[14,44,44,53,53],"current_hp_per_floor":[64,64,64,64,41,41,26,24,24,22,22,27,16,16,16,4,54,65,65,65,71,65,65,66,71,71,26,26,30,30,18,18,38,63,71,67,67,34,60,54,54,59,59,59,59,67,67,67,67,67,67,67,67,37,67],"gold":46,"neow_bonus":"THREE_ENEMY_KILL","is_prod":false,"is_daily":false,"chose_seed":false,"campfire_upgraded":9,"win_rate":0,"timestamp":1551538605,"path_taken":["M","M","M","?","M","R","M","M","T","M","R","?","E","$","R","BOSS","M","?","?","?","M","R","M","M","T","E","?","?","R","?","R","BOSS","M","?","M","M","M","E","R","M","T","$","R","M","?","?","R","BOSS","R","$","E","BOSS"],"build_version":"2019-01-23","purchased_purges":2,"victory":true,"max_hp_per_floor":[71,71,71,71,71,71,71,71,71,71,71,71,71,71,71,71,71,71,71,71,71,71,71,71,71,71,71,71,71,71,71,71,71,71,71,67,67,67,67,67,67,67,67,67,67,67,67,67,67,67,67,67,67,67,67],"card_choices":[{"not_picked":["Hologram","Gash"],"picked":"Streamline","floor":1},{"not_picked":["Barrage","Beam Cell"],"picked":"Defragment","floor":2},{"not_picked":["Sunder","BootSequence"],"picked":"Cold Snap","floor":3},{"not_picked":["Gash","Hologram"],"picked":"Self Repair","floor":5},{"not_picked":["Stack","Auto Shields"],"picked":"Genetic Algorithm","floor":7},{"not_picked":["Barrage","Sweeping Beam"],"picked":"Cold Snap","floor":8},{"not_picked":["Rip and Tear","Leap"],"picked":"Creative AI","floor":10},{"not_picked":["Force Field","Compile Driver"],"picked":"Cold Snap","floor":12},{"not_picked":["Doom and Gloom","Double Energy"],"picked":"Undo","floor":13},{"not_picked":["Amplify","Creative AI"],"picked":"Biased Cognition","floor":16},{"not_picked":["Streamline+1","Barrage+1"],"picked":"Heatsinks+1","floor":18},{"not_picked":["Heatsinks","Conserve Battery"],"picked":"Recycle","floor":21},{"not_picked":["Gash","Skim"],"picked":"Coolheaded","floor":22},{"not_picked":["Sweeping Beam","Double Energy"],"picked":"Turbo","floor":24},{"not_picked":["BootSequence","Hello World"],"picked":"Skim","floor":25},{"not_picked":["Turbo","Force Field"],"picked":"Echo Form","floor":27},{"not_picked":["Fusion","Go for the Eyes"],"picked":"Coolheaded","floor":29},{"not_picked":["Doom and Gloom","Stack"],"picked":"Chill","floor":31},{"not_picked":["Fission","Rainbow"],"picked":"Echo Form","floor":33},{"not_picked":["Barrage","Steam Power"],"picked":"Self Repair","floor":35},{"not_picked":["Leap","Streamline","Ball Lightning"],"picked":"SKIP","floor":37},{"not_picked":["Stack","Sunder"],"picked":"Double Energy","floor":38},{"not_picked":["Leap","Darkness"],"picked":"Conserve Battery+1","floor":39},{"not_picked":["Fusion","Ball Lightning+1"],"picked":"Amplify","floor":40},{"not_picked":["Sweeping Beam","Beam Cell+1","Barrage+1"],"picked":"SKIP","floor":42},{"not_picked":["Force Field+1","BootSequence"],"picked":"Chill+1","floor":46},{"not_picked":["Turbo+1","Reinforced Body+1"],"picked":"Amplify","floor":54}],"player_experience":3275025,"relics_obtained":[{"floor":9,"key":"Lantern"},{"floor":13,"key":"Ornamental Fan"},{"floor":27,"key":"Dodecahedron"},{"floor":31,"key":"Red Mask"},{"floor":40,"key":"Vajra"},{"floor":43,"key":"Oddly Smooth Stone"},{"floor":54,"key":"Bird Faced Urn"}],"event_choices":[{"damage_healed":0,"gold_gain":0,"player_choice":"Rummage","damage_taken":0,"relics_obtained":["WarpedTongs"],"max_hp_gain":0,"max_hp_loss":0,"event_name":"Accursed Blacksmith","floor":4,"gold_loss":0,"cards_obtained":["Pain"]},{"damage_healed":0,"gold_gain":0,"player_choice":"Read","damage_taken":0,"max_hp_gain":0,"max_hp_loss":0,"event_name":"The Library","floor":19,"gold_loss":0,"cards_obtained":["Recycle"]},{"cards_removed":["Strike_B"],"damage_healed":0,"gold_gain":0,"player_choice":"Gave Gold","damage_taken":0,"max_hp_gain":0,"max_hp_loss":0,"event_name":"Beggar","floor":20,"gold_loss":75},{"damage_healed":0,"gold_gain":0,"cards_transformed":["Strike_B"],"player_choice":"Transformed","damage_taken":0,"max_hp_gain":0,"max_hp_loss":0,"event_name":"Transmorgrifier","floor":28,"gold_loss":0,"cards_obtained":["Rebound"]},{"damage_healed":0,"gold_gain":0,"player_choice":"Fought Bandits","damage_taken":0,"max_hp_gain":0,"max_hp_loss":0,"event_name":"Masked Bandits","floor":31,"gold_loss":0},{"damage_healed":0,"gold_gain":0,"player_choice":"Max HP","damage_taken":0,"max_hp_gain":0,"max_hp_loss":4,"event_name":"Winding Halls","floor":36,"gold_loss":0},{"damage_healed":0,"gold_gain":222,"player_choice":"Wore Mask","damage_taken":0,"max_hp_gain":0,"max_hp_loss":0,"event_name":"Tomb of Lord Red Mask","floor":47,"gold_loss":0},{"damage_healed":0,"gold_gain":0,"player_choice":"Ignored","damage_taken":0,"max_hp_gain":0,"max_hp_loss":0,"event_name":"Mysterious Sphere","floor":48,"gold_loss":0}],"is_beta":false,"boss_relics":[{"not_picked":["Astrolabe","Busted Crown"],"picked":"Runic Pyramid"},{"not_picked":["Calling Bell","Black Star"],"picked":"Nuclear Battery"}],"items_purged_floors":[14,44],"is_endless":false,"potions_floor_spawned":[2,7,10,12,22,25,29,31,33,38,39,42],"ascension_level":15}