{"gold_per_floor":[112,112,125,144,163,163,197,207,207,207,207,233,220,238,238,339,339,358,358,369,381,401,434,434,444,444,476,476,476,486,486],"floor_reached":31,"playtime":2969,"items_purged":[],"score":366,"play_id":"66ddaed7-c5be-4478-80c0-3fd20edf95e8","local_time":"20190708095604","is_ascension_mode":false,"campfire_choices":[{"data":"Seeing Red","floor":6,"key":"SMITH"},{"data":"Anger","floor":15,"key":"SMITH"},{"data":"Anger","floor":24,"key":"SMITH"}],"neow_cost":"NONE","seed_source_timestamp":1334684995406480,"circlet_count":0,"master_deck":["Defend_R+1","Defend_R","Defend_R","Defend_R","Bash","Anger+1","Iron Wave","Armaments","Seeing Red+1","Demon Form","Armaments","Rage","Pommel Strike","Anger+1","Reaper","Iron Wave+1","Bite","Bite","Bite","Bite","Bite","Anger+1","Clash+1","Twin Strike+1","Anger","Fire Breathing","Twin Strike","RitualDagger","Ghostly","Ghostly","Ghostly","Ghostly","Ghostly","Second Wind"],"relics":["Runic Dome","Letter Opener","Bottled Flame","Whetstone","Coffee Dripper","Self Forming Clay","Bottled Lightning","WingedGreaves"],"potions_floor_usage":[12,16,16,16,21,22],"damage_taken":[{"damage":0,"enemies":"2 Louse","floor":1,"turns":2},{"damage":3,"enemies":"Jaw Worm","floor":3,"turns":2},{"damage":0,"enemies":"Cultist","floor":4,"turns":3},{"damage":2,"enemies":"Large Slime","floor":5,"turns":4},{"damage":19,"enemies":"3 Sentries","floor":7,"turns":8},{"damage":7,"enemies":"2 Fungi Beasts","floor":8,"turns":3},{"damage":19,"enemies":"Lagavulin","floor":12,"turns":5},{"damage":12,"enemies":"Exordium Thugs","floor":13,"turns":4},{"damage":10,"enemies":"Looter","floor":14,"turns":2},{"damage":15,"enemies":"Hexaghost","floor":16,"turns":8},{"damage":0,"enemies":"Chosen","floor":18,"turns":4},{"damage":12,"enemies":"3 Byrds","floor":20,"turns":6},{"damage":19,"enemies":"Snake Plant","floor":21,"turns":4},{"damage":22,"enemies":"Snecko","floor":22,"turns":5},{"damage":42,"enemies":"Book of Stabbing","floor":23,"turns":6},{"damage":0,"enemies":"3 Cultists","floor":25,"turns":5},{"damage":34,"enemies":"Slavers","floor":27,"turns":6},{"damage":0,"enemies":"Centurion and Healer","floor":30,"turns":7},{"damage":43,"enemies":"Cultist and Chosen","floor":31,"turns":6}],"seed_played":"4380371124271967309","potions_obtained":[{"floor":3,"key":"Dexterity Potion"},{"floor":5,"key":"Ancient Potion"},{"floor":8,"key":"Block Potion"},{"floor":12,"key":"SkillPotion"},{"floor":13,"key":"SpeedPotion"},{"floor":14,"key":"BloodPotion"},{"floor":18,"key":"PowerPotion"},{"floor":20,"key":"Regen Potion"},{"floor":27,"key":"FearPotion"},{"floor":30,"key":"Explosive Potion"}],"is_trial":false,"path_per_floor":["M","?","M","M","M","R","E","M","T","$","?","E","M","M","R","B",null,"M","?","M","M","M","E","R","M","T","E","?","?","M","M"],"character_chosen":"IRONCLAD","items_purchased":[],"campfire_rested":0,"item_purchase_floors":[],"current_hp_per_floor":[80,64,61,61,59,59,40,33,33,33,59,40,28,18,18,23,80,80,56,50,37,50,24,24,45,45,36,30,28,28,0],"gold":486,"neow_bonus":"BOSS_RELIC","is_prod":false,"is_daily":false,"chose_seed":false,"campfire_upgraded":3,"win_rate":0.0,"timestamp":1562568964,"path_taken":["M","?","M","M","M","R","E","M","T","$","?","E","M","?","R","BOSS","M","?","M","M","M","E","R","M","T","E","?","?","M","M"],"build_version":"2019-07-05","purchased_purges":0,"victory":false,"max_hp_per_floor":[80,80,80,80,80,80,80,80,80,80,80,80,80,80,80,80,80,80,56,56,56,56,56,56,56,56,56,56,28,28,28],"card_choices":[{"not_picked":["Sword Boomerang","Body Slam"],"picked":"Anger","floor":1},{"not_picked":["Headbutt","Twin Strike"],"picked":"Iron Wave","floor":3},{"not_picked":["Sword Boomerang","Power Through"],"picked":"Armaments","floor":4},{"not_picked":["Metallicize","Dual Wield"],"picked":"Seeing Red","floor":5},{"not_picked":["Sword Boomerang","Clothesline"],"picked":"Demon Form","floor":7},{"not_picked":["Iron Wave","Clothesline"],"picked":"Armaments","floor":8},{"not_picked":["Iron Wave","Power Through"],"picked":"Rage","floor":12},{"not_picked":["Flame Barrier","True Grit"],"picked":"Pommel Strike","floor":13},{"not_picked":["Pommel Strike","Ghostly Armor"],"picked":"Anger","floor":14},{"not_picked":["Fiend Fire","Offering"],"picked":"Reaper","floor":16},{"not_picked":["Clothesline","Warcry"],"picked":"Iron Wave+1","floor":18},{"not_picked":["Inflame","Sever Soul"],"picked":"Anger","floor":20},{"not_picked":["Bloodletting","Demon Form"],"picked":"Clash+1","floor":21},{"not_picked":["True Grit+1","Shrug It Off"],"picked":"Twin Strike+1","floor":22},{"not_picked":["Hemokinesis","Body Slam"],"picked":"Anger","floor":23},{"not_picked":["Thunderclap","Sword Boomerang"],"picked":"Fire Breathing","floor":25},{"not_picked":["Sever Soul","Headbutt"],"picked":"Twin Strike","floor":27},{"not_picked":["Iron Wave","Body Slam"],"picked":"Second Wind","floor":30}],"player_experience":19409,"relics_obtained":[{"floor":7,"key":"Letter Opener"},{"floor":9,"key":"Bottled Flame"},{"floor":12,"key":"Whetstone"},{"floor":23,"key":"Self Forming Clay"},{"floor":26,"key":"Bottled Lightning"},{"floor":27,"key":"WingedGreaves"}],"event_choices":[{"damage_healed":0,"gold_gain":0,"player_choice":"Entered Light","damage_taken":16,"max_hp_gain":0,"max_hp_loss":0,"event_name":"Shining Light","floor":2,"gold_loss":0,"cards_upgraded":["Anger","Defend_R"]},{"damage_healed":26,"gold_gain":0,"player_choice":"Banana","damage_taken":0,"max_hp_gain":0,"max_hp_loss":0,"event_name":"Big Fish","floor":11,"gold_loss":0},{"damage_healed":0,"gold_gain":0,"player_choice":"Became a vampire","damage_taken":0,"max_hp_gain":0,"max_hp_loss":24,"event_name":"Vampires","floor":19,"gold_loss":0,"cards_obtained":["Bite","Bite","Bite","Bite","Bite"]},{"damage_healed":0,"gold_gain":0,"player_choice":"Joined the Cult","damage_taken":6,"max_hp_gain":0,"max_hp_loss":0,"event_name":"Nest","floor":28,"gold_loss":0,"cards_obtained":["RitualDagger"]},{"damage_healed":0,"gold_gain":0,"player_choice":"Became a Ghost","damage_taken":0,"max_hp_gain":0,"max_hp_loss":28,"event_name":"Ghosts","floor":29,"gold_loss":0,"cards_obtained":["Ghostly","Ghostly","Ghostly","Ghostly","Ghostly"]}],"is_beta":false,"boss_relics":[{"not_picked":["Philosopher\u0027s Stone","Snecko Eye"],"picked":"Coffee Dripper"}],"items_purged_floors":[],"is_endless":false,"potions_floor_spawned":[3,5,8,12,13,14,18,20,27,30],"killed_by":"Cultist and Chosen","ascension_level":0}