{"gold_per_floor":[119,44,44,44,44,71,71,84,84,84,99,112,112,125,125,125],"floor_reached":16,"playtime":727,"items_purged":["Strike_B"],"score":200,"play_id":"bd833ea1-866e-4f85-b953-7ec886aadfb9","local_time":"20190222134259","is_ascension_mode":true,"campfire_choices":[{"data":"Zap","floor":7.0,"key":"SMITH"},{"data":"Dualcast","floor":13.0,"key":"SMITH"},{"data":"White Noise","floor":15,"key":"SMITH"}],"neow_cost":"TEN_PERCENT_HP_LOSS","seed_source_timestamp":11908650923537,"circlet_count":0,"master_deck":["AscendersBane","Strike_B","Strike_B","Strike_B","Defend_B+1","Defend_B+1","Defend_B","Defend_B","Zap+1","Dualcast+1","Dark Shackles","Impatience","Ball Lightning","Undo","Gash","White Noise+1"],"special_seed":0,"relics":["Cracked Core","Potion Belt"],"potions_floor_usage":[],"damage_taken":[{"damage":5.0,"enemies":"Small Slimes","floor":1.0,"turns":3.0},{"damage":29.0,"enemies":"3 Sentries","floor":6.0,"turns":6.0},{"damage":0.0,"enemies":"Jaw Worm","floor":8.0,"turns":4.0},{"damage":0.0,"enemies":"Cultist","floor":11.0,"turns":3.0},{"damage":0.0,"enemies":"Large Slime","floor":12.0,"turns":5.0},{"damage":0,"enemies":"Exordium Thugs","floor":14,"turns":4},{"damage":14,"enemies":"Hexaghost","floor":16,"turns":9}],"seed_played":"4724033106112649879","potions_obtained":[{"floor":11.0,"key":"Dexterity Potion"},{"floor":12.0,"key":"PowerPotion"}],"is_trial":false,"path_per_floor":["M","$","?","?","$","E","R","M","T","$","M","M","R","M","R","B"],"character_chosen":"DEFECT","items_purchased":[],"campfire_rested":0,"item_purchase_floors":[],"current_hp_per_floor":[59,59,59,40,40,11,11,11,11,11,11,11,11,11,11,0],"gold":125,"neow_bonus":"RANDOM_COLORLESS_2","is_prod":false,"is_daily":false,"chose_seed":false,"campfire_upgraded":3,"win_rate":0,"timestamp":1550814179,"path_taken":["M","$","?","?","$","E","R","M","T","?","M","M","R","?","R","BOSS"],"build_version":"2019-01-23","purchased_purges":1,"victory":false,"max_hp_per_floor":[64,64,64,64,64,64,64,64,64,64,64,64,64,64,64,64],"card_choices":[{"not_picked":["Beam Cell","Hologram"],"picked":"Ball Lightning","floor":1.0},{"not_picked":["FTL","Hologram"],"picked":"Undo","floor":6.0},{"not_picked":["Loop","Aggregate","Steam"],"picked":"SKIP","floor":8.0},{"not_picked":["Rebound","Streamline"],"picked":"Gash","floor":11.0},{"not_picked":["Hologram","Tempest"],"picked":"White Noise","floor":12.0},{"not_picked":["Force Field","Storm","Rebound"],"picked":"SKIP","floor":14}],"player_experience":3034355,"relics_obtained":[{"floor":6.0,"key":"Potion Belt"}],"event_choices":[{"damage_healed":0.0,"max_hp_gain":0.0,"max_hp_loss":0.0,"gold_gain":0.0,"event_name":"The Cleric","player_choice":"Leave","floor":3.0,"gold_loss":0.0,"damage_taken":0.0},{"damage_healed":0.0,"max_hp_gain":0.0,"max_hp_loss":0.0,"gold_gain":0.0,"event_name":"Shining Light","player_choice":"Entered Light","floor":4.0,"gold_loss":0.0,"damage_taken":19.0,"cards_upgraded":["Defend_B","Defend_B"]}],"is_beta":false,"boss_relics":[],"items_purged_floors":[2],"is_endless":false,"potions_floor_spawned":[11,12],"killed_by":"Hexaghost","ascension_level":20}