{"gold_per_floor":[117,127,145,158,46,46,77,77,77,77,93,41,56,75,75,170,170,184,203,216,216,235,235,255,255,280,297,315,326,326,336,336,432,432,448,448,21,31,31,31,46,46,70,70,70,85,85,44,44,44],"floor_reached":51,"playtime":2312,"items_purged":["Strike_B","Decay"],"score":855,"play_id":"a69e1d75-ea91-4920-99bd-27872161a185","local_time":"20190618004729","is_ascension_mode":false,"campfire_choices":[{"data":"Defragment","floor":6.0,"key":"SMITH"},{"data":"Loop","floor":10.0,"key":"SMITH"},{"data":"Recycle","floor":15.0,"key":"SMITH"},{"data":"Deep Breath","floor":23.0,"key":"SMITH"},{"data":"Consume","floor":25.0,"key":"SMITH"},{"data":"Dualcast","floor":30.0,"key":"SMITH"},{"data":"Defragment","floor":32,"key":"SMITH"},{"data":"Coolheaded","floor":40,"key":"SMITH"},{"data":"Buffer","floor":42,"key":"SMITH"},{"data":"Buffer","floor":44,"key":"SMITH"},{"data":"Blizzard","floor":47,"key":"SMITH"},{"data":"Creative AI","floor":49,"key":"SMITH"}],"neow_cost":"NONE","seed_source_timestamp":44184803064010,"circlet_count":0,"master_deck":["Strike_B","Strike_B","Strike_B","Defend_B","Defend_B+1","Defend_B+1","Defend_B","Zap","Dualcast+1","Deep Breath+1","Defragment+1","Cold Snap","Recycle+1","Loop+1","Glacier","Chill","Buffer+1","Defragment+1","Cold Snap","White Noise","Consume+1","Buffer+1","Blizzard+1","Coolheaded+1","Seek","Glacier+1","Coolheaded+1","Glacier+1","Creative AI+1","Auto Shields+1"],"special_seed":0,"relics":["Cracked Core","Centennial Puzzle","War Paint","Inserter","Regal Pillow","Velvet Choker","Tiny Chest","Blood Vial","Toxic Egg 2","Art of War"],"potions_floor_usage":[50,50,50],"damage_taken":[{"damage":1.0,"enemies":"Jaw Worm","floor":1.0,"turns":3.0},{"damage":1.0,"enemies":"Cultist","floor":2.0,"turns":4.0},{"damage":5.0,"enemies":"Small Slimes","floor":3.0,"turns":3.0},{"damage":10.0,"enemies":"Exordium Thugs","floor":4.0,"turns":5.0},{"damage":38.0,"enemies":"Gremlin Nob","floor":7.0,"turns":5.0},{"damage":8.0,"enemies":"Lots of Slimes","floor":11.0,"turns":5.0},{"damage":0.0,"enemies":"Blue Slaver","floor":13.0,"turns":3.0},{"damage":7.0,"enemies":"Looter","floor":14.0,"turns":3.0},{"damage":0.0,"enemies":"Hexaghost","floor":16.0,"turns":15.0},{"damage":5.0,"enemies":"Shell Parasite","floor":18.0,"turns":9.0},{"damage":9.0,"enemies":"3 Byrds","floor":19.0,"turns":6.0},{"damage":8.0,"enemies":"Sentry and Sphere","floor":20.0,"turns":7.0},{"damage":0.0,"enemies":"Centurion and Healer","floor":22.0,"turns":11.0},{"damage":4.0,"enemies":"Snake Plant","floor":24.0,"turns":8.0},{"damage":5.0,"enemies":"Snecko","floor":27.0,"turns":7.0},{"damage":0.0,"enemies":"Shelled Parasite and Fungi","floor":28.0,"turns":10.0},{"damage":5.0,"enemies":"Cultist and Chosen","floor":29.0,"turns":11.0},{"damage":0,"enemies":"3 Cultists","floor":31,"turns":5},{"damage":0,"enemies":"Champ","floor":33,"turns":15},{"damage":0,"enemies":"Orb Walker","floor":35,"turns":8},{"damage":4,"enemies":"3 Shapes","floor":38,"turns":5},{"damage":0,"enemies":"Maw","floor":41,"turns":10},{"damage":15,"enemies":"Spire Growth","floor":46,"turns":5},{"damage":0,"enemies":"Donu and Deca","floor":50,"turns":13}],"seed_played":"-7633852425405297218","potions_obtained":[{"floor":3.0,"key":"Poison Potion"},{"floor":7.0,"key":"Energy Potion"},{"floor":14.0,"key":"FocusPotion"},{"floor":19.0,"key":"SpeedPotion"},{"floor":24.0,"key":"Swift Potion"},{"floor":28.0,"key":"Dexterity Potion"},{"floor":41,"key":"PowerPotion"}],"is_trial":false,"path_per_floor":["M","M","M","M","$","R","E","?","T","R","M","$","M","M","R","B",null,"M","M","M","?","M","R","M","R","T","M","M","M","R","M","R","B",null,"M","?","$","M","T","R","M","R","T","R","$","M","R","$","R","B",null],"character_chosen":"DEFECT","items_purchased":["Loop","Weak Potion","Coolheaded","Tiny Chest","Blood Vial","Auto Shields+1"],"campfire_rested":0,"item_purchase_floors":[5,12,37,37,37,48],"current_hp_per_floor":[74,73,68,58,58,58,20,20,20,20,12,12,12,5,5,5,75,70,61,53,53,53,53,49,49,49,44,44,39,39,39,39,39,75,75,75,75,71,71,71,73,73,73,73,73,60,60,60,60,62],"gold":44,"neow_bonus":"RANDOM_COLORLESS","is_prod":false,"is_daily":false,"chose_seed":false,"campfire_upgraded":12,"win_rate":0,"timestamp":1560790049,"path_taken":["M","M","M","M","$","R","E","?","T","R","M","$","M","?","R","BOSS","M","M","?","?","M","R","M","R","T","M","M","M","R","M","R","BOSS","M","?","$","M","?","R","M","R","T","R","?","M","R","$","R","BOSS"],"build_version":"2019-01-23","purchased_purges":2,"victory":true,"max_hp_per_floor":[75,75,75,75,75,75,75,75,75,75,75,75,75,75,75,75,75,75,75,75,75,75,75,75,75,75,75,75,75,75,75,75,75,75,75,75,75,75,75,75,75,75,75,75,75,75,75,75,75,75],"card_choices":[{"not_picked":["Redo","Lockon"],"picked":"Defragment","floor":1.0},{"not_picked":["Coolheaded","Streamline"],"picked":"Cold Snap","floor":2.0},{"not_picked":["Redo","Turbo","Leap"],"picked":"SKIP","floor":3.0},{"not_picked":["Undo","Meteor Strike"],"picked":"Recycle","floor":4.0},{"not_picked":["Genetic Algorithm","Static Discharge"],"picked":"Glacier","floor":7.0},{"not_picked":["Gash","Hologram"],"picked":"Chill","floor":11.0},{"not_picked":["Sweeping Beam","Leap","Rebound"],"picked":"SKIP","floor":13.0},{"not_picked":["Streamline","Rebound","Go for the Eyes"],"picked":"SKIP","floor":14.0},{"not_picked":["Reboot","Fission"],"picked":"Buffer","floor":16.0},{"not_picked":["Barrage+1","Rebound"],"picked":"Defragment","floor":18.0},{"not_picked":["Rebound","Streamline"],"picked":"Cold Snap","floor":19.0},{"not_picked":["Compile Driver","Hologram"],"picked":"White Noise","floor":20.0},{"not_picked":["Hologram","Double Energy","Gash"],"picked":"SKIP","floor":22.0},{"not_picked":["Storm","Go for the Eyes"],"picked":"Buffer","floor":24.0},{"not_picked":["Sweeping Beam+1","Fusion"],"picked":"Blizzard","floor":27.0},{"not_picked":["Cold Snap","Steam+1"],"picked":"Coolheaded+1","floor":28.0},{"not_picked":["Beam Cell","Sunder+1","Compile Driver"],"picked":"SKIP","floor":29.0},{"not_picked":["Leap","Rebound+1","Doom and Gloom"],"picked":"SKIP","floor":31},{"not_picked":["Machine Learning","Meteor Strike"],"picked":"Seek","floor":33},{"not_picked":["Cold Snap","Steam+1"],"picked":"Glacier+1","floor":35},{"not_picked":["Go for the Eyes+1","Rebound"],"picked":"Glacier+1","floor":38},{"not_picked":["Stack+1","Hologram+1"],"picked":"Creative AI","floor":41},{"not_picked":["Streamline","Compile Driver","Rebound+1"],"picked":"SKIP","floor":46}],"player_experience":5376485,"relics_obtained":[{"floor":7.0,"key":"Centennial Puzzle"},{"floor":9.0,"key":"War Paint"},{"floor":26.0,"key":"Regal Pillow"},{"floor":39,"key":"Toxic Egg 2"},{"floor":43,"key":"Art of War"}],"event_choices":[{"damage_healed":0.0,"max_hp_gain":0.0,"max_hp_loss":0.0,"gold_gain":0.0,"event_name":"Wheel of Change","player_choice":"Cursed","floor":8.0,"gold_loss":0.0,"damage_taken":0.0,"cards_obtained":["Decay"]},{"damage_healed":0.0,"max_hp_gain":0.0,"max_hp_loss":0.0,"gold_gain":0.0,"event_name":"The Library","player_choice":"Read","floor":21.0,"gold_loss":0.0,"damage_taken":0.0,"cards_obtained":["Consume"]},{"damage_healed":0,"gold_gain":0,"player_choice":"Ignored","damage_taken":0,"max_hp_gain":0,"max_hp_loss":0,"event_name":"Tomb of Lord Red Mask","floor":36,"gold_loss":0}],"is_beta":false,"boss_relics":[{"not_picked":["Eternal Feather","Fusion Hammer"],"picked":"Inserter"},{"not_picked":["Runic Dome","Orrery"],"picked":"Velvet Choker"}],"items_purged_floors":[5,37],"is_endless":false,"potions_floor_spawned":[3,7,14,19,22,24,28,29,31,35,41],"ascension_level":0}