{"gold_per_floor":[17,17,17,30,47,47,80,80,80,92,17,50,64,76,76,153,153,173,173,173,188,208,208],"floor_reached":23,"playtime":709,"items_purged":[],"score":406,"play_id":"4adc8032-ca1c-476d-827e-f290a42f710c","local_time":"20190401202451","is_ascension_mode":true,"campfire_choices":[{"data":"Chaos","floor":6,"key":"SMITH"},{"data":"1","floor":8,"key":"LIFT"},{"data":"2","floor":15,"key":"LIFT"}],"neow_cost":"NO_GOLD","seed_source_timestamp":29699341756309,"circlet_count":0,"master_deck":["AscendersBane","Zap+1","Dualcast","Chaos+1","Rip and Tear","Undo","Rip and Tear","Self Repair+1","Ball Lightning+1","Compile Driver+1","Chill","Electrodynamics+1","FTL+1","Loop+1","Hologram","Reboot","Capacitor+1","FTL+1","Glacier","Self Repair+1"],"relics":["Cracked Core","Girya","Frozen Egg 2","Matryoshka","Molten Egg 2","Pandora\u0027s Box"],"potions_floor_usage":[7,7,23,23],"damage_taken":[{"damage":7,"enemies":"Jaw Worm","floor":1,"turns":3},{"damage":8,"enemies":"Small Slimes","floor":4,"turns":3},{"damage":0,"enemies":"Cultist","floor":5,"turns":3},{"damage":27,"enemies":"3 Sentries","floor":7,"turns":9},{"damage":3,"enemies":"Blue Slaver","floor":10,"turns":4},{"damage":12,"enemies":"Gremlin Nob","floor":12,"turns":3},{"damage":10,"enemies":"Large Slime","floor":13,"turns":6},{"damage":10,"enemies":"3 Louse","floor":14,"turns":3},{"damage":1,"enemies":"Hexaghost","floor":16,"turns":9},{"damage":21,"enemies":"Shell Parasite","floor":18,"turns":4},{"damage":22,"enemies":"2 Thieves","floor":21,"turns":2},{"damage":47,"enemies":"Shelled Parasite and Fungi","floor":22,"turns":3},{"damage":22,"enemies":"Book of Stabbing","floor":23,"turns":3}],"seed_played":"4288094791763221859","potions_obtained":[{"floor":5,"key":"EntropicBrew"},{"floor":7,"key":"LiquidBronze"},{"floor":16,"key":"LiquidBronze"},{"floor":18,"key":"Weak Potion"}],"is_trial":false,"path_per_floor":["M","?","?","M","M","R","E","R","T","M","?","E","M","M","R","B",null,"M","?","?","M","M","E"],"character_chosen":"DEFECT","items_purchased":[],"campfire_rested":0,"item_purchase_floors":[],"current_hp_per_floor":[57,57,36,28,28,28,16,16,16,13,13,11,11,11,11,20,58,47,47,71,59,22,0],"gold":208,"neow_bonus":"ONE_RARE_RELIC","is_prod":false,"is_daily":false,"chose_seed":false,"campfire_upgraded":1,"win_rate":0,"timestamp":1554121491,"path_taken":["M","?","?","M","M","R","E","R","T","M","?","E","M","M","R","BOSS","M","?","?","M","?","E"],"build_version":"2019-01-23","purchased_purges":0,"victory":false,"max_hp_per_floor":[71,71,71,71,71,71,71,71,71,71,71,71,71,71,71,71,71,71,71,71,71,71,71],"card_choices":[{"not_picked":["Steam","Rebound","Sweeping Beam"],"picked":"SKIP","floor":1},{"not_picked":["Conserve Battery","Streamline"],"picked":"Rip and Tear","floor":4},{"not_picked":["Storm","Gash"],"picked":"Undo","floor":5},{"not_picked":["Steam Power","Sweeping Beam"],"picked":"Rip and Tear","floor":7},{"not_picked":["White Noise","Cold Snap"],"picked":"Self Repair+1","floor":10},{"not_picked":["Streamline","Hologram"],"picked":"Ball Lightning","floor":12},{"not_picked":["Hologram","Doom and Gloom+1"],"picked":"Compile Driver+1","floor":13},{"not_picked":["Redo","Barrage+1"],"picked":"Chill","floor":14},{"not_picked":["Multi-Cast","Buffer+1"],"picked":"Electrodynamics+1","floor":16},{"not_picked":["Gash+1","Streamline+1"],"picked":"FTL+1","floor":18},{"not_picked":["Genetic Algorithm","Static Discharge+1"],"picked":"Glacier","floor":21},{"not_picked":["Sweeping Beam+1","Force Field"],"picked":"Self Repair+1","floor":22}],"player_experience":3989866,"relics_obtained":[{"floor":7,"key":"Frozen Egg 2"},{"floor":9,"key":"Matryoshka"},{"floor":12,"key":"Molten Egg 2"}],"event_choices":[{"damage_healed":0,"gold_gain":0,"cards_transformed":["Strike_B"],"player_choice":"Change","damage_taken":0,"max_hp_gain":0,"max_hp_loss":0,"event_name":"Living Wall","floor":2,"gold_loss":0,"cards_obtained":["Chaos"]},{"damage_healed":0,"gold_gain":0,"player_choice":"Entered Light","damage_taken":21,"max_hp_gain":0,"max_hp_loss":0,"event_name":"Shining Light","floor":3,"gold_loss":0,"cards_upgraded":["Defend_B","Zap"]},{"cards_removed":["Strike_B"],"damage_healed":0,"gold_gain":0,"player_choice":"Card Removal","damage_taken":0,"max_hp_gain":0,"max_hp_loss":0,"event_name":"The Cleric","floor":11,"gold_loss":75},{"damage_healed":0,"gold_gain":0,"player_choice":"Ignored","damage_taken":0,"max_hp_gain":0,"max_hp_loss":0,"event_name":"The Mausoleum","floor":19,"gold_loss":0},{"cards_removed":["Darkness"],"damage_healed":24,"gold_gain":0,"player_choice":"Offered Uncommon","damage_taken":0,"max_hp_gain":0,"max_hp_loss":0,"event_name":"Bonfire Elementals","floor":20,"gold_loss":0}],"is_beta":false,"boss_relics":[{"not_picked":["Orrery","Calling Bell"],"picked":"Pandora\u0027s Box"}],"items_purged_floors":[],"is_endless":false,"potions_floor_spawned":[5,7,10,16,18,21],"killed_by":"Book of Stabbing","ascension_level":20}