{"gold_per_floor":[114,128,128,142,142,142,169,169,169,44,62,78,153,164,164,241,241,261,84,103,117,117],"floor_reached":22,"playtime":549,"items_purged":["Strike_B","Strike_B"],"score":376,"play_id":"fc0e51ab-dca9-4c22-8c43-50e9f2051c84","local_time":"20190202164351","is_ascension_mode":true,"campfire_choices":[{"data":"Dualcast","floor":6,"key":"SMITH"},{"data":"Zap","floor":8,"key":"SMITH"},{"data":"Defragment","floor":15,"key":"SMITH"}],"neow_cost":"NONE","seed_source_timestamp":15299419385027,"circlet_count":0,"master_deck":["AscendersBane","Strike_B+1","Strike_B","Defend_B","Defend_B","Defend_B","Defend_B","Zap+1","Dualcast+1","Gash","Glacier","Electrodynamics","FTL+1","Gash","Recycle","Consume","Defragment+1","Fission","Ball Lightning+1","Self Repair","Defragment","Undo"],"special_seed":0,"relics":["Cracked Core","NeowsBlessing","Mercury Hourglass","Whetstone","Cursed Key"],"potions_floor_usage":[7,16],"damage_taken":[{"damage":0.0,"enemies":"Cultist","floor":1.0,"turns":1.0},{"damage":0.0,"enemies":"Small Slimes","floor":2.0,"turns":1.0},{"damage":0,"enemies":"2 Louse","floor":4,"turns":1},{"damage":28,"enemies":"Lagavulin","floor":7,"turns":5},{"damage":12,"enemies":"Exordium Wildlife","floor":11,"turns":2},{"damage":8,"enemies":"Large Slime","floor":12,"turns":4},{"damage":0,"enemies":"3 Louse","floor":14,"turns":1},{"damage":4,"enemies":"The Guardian","floor":16,"turns":11},{"damage":17,"enemies":"3 Byrds","floor":18,"turns":3},{"damage":6,"enemies":"Chosen","floor":20,"turns":5},{"damage":29,"enemies":"Centurion and Healer","floor":21,"turns":5},{"damage":22,"enemies":"Colosseum Slavers","floor":22,"turns":1}],"seed_played":"-2517432583529155122","potions_obtained":[{"floor":2.0,"key":"Strength Potion"},{"floor":4,"key":"Energy Potion"},{"floor":11,"key":"Dexterity Potion"},{"floor":12,"key":"Regen Potion"},{"floor":20,"key":"SteroidPotion"}],"is_trial":false,"path_per_floor":["M","M","?","M","?","R","E","R","T","$","M","M","?","M","R","B",null,"M","$","M","M","?"],"character_chosen":"DEFECT","items_purchased":["Gash","Self Repair"],"campfire_rested":0,"item_purchase_floors":[10,19],"current_hp_per_floor":[64,64,64,64,64,64,36,36,36,36,24,16,5,5,5,16,57,40,40,41,19,0],"gold":117,"neow_bonus":"THREE_ENEMY_KILL","is_prod":false,"is_daily":false,"chose_seed":false,"campfire_upgraded":3,"win_rate":0,"timestamp":1549097031,"path_taken":["M","M","?","?","?","R","E","R","T","$","M","M","?","M","R","BOSS","M","$","M","M","?"],"build_version":"2019-01-23","purchased_purges":2,"victory":false,"max_hp_per_floor":[71,71,71,71,71,71,71,71,71,71,71,71,71,71,71,71,71,71,71,71,71,71],"card_choices":[{"not_picked":["Streamline","FTL"],"picked":"Gash","floor":1.0},{"not_picked":["Capacitor","Streamline"],"picked":"Glacier","floor":2.0},{"not_picked":["Aggregate","Go for the Eyes","Cold Snap"],"picked":"SKIP","floor":4},{"not_picked":["Steam Power","Redo","Conserve Battery"],"picked":"SKIP","floor":7},{"not_picked":["Self Repair","Sweeping Beam"],"picked":"Recycle","floor":11},{"not_picked":["Coolheaded","Go for the Eyes"],"picked":"Consume","floor":12},{"not_picked":["Lockon","Stack"],"picked":"Defragment","floor":14},{"not_picked":["Hyperbeam","Meteor Strike"],"picked":"Fission","floor":16},{"not_picked":["Storm","FTL"],"picked":"Ball Lightning+1","floor":18},{"not_picked":["Coolheaded","Fusion+1"],"picked":"Defragment","floor":20},{"not_picked":["Go for the Eyes+1","Turbo"],"picked":"Undo","floor":21}],"player_experience":2458409,"relics_obtained":[{"floor":7,"key":"Mercury Hourglass"},{"floor":9,"key":"Whetstone"}],"event_choices":[{"damage_healed":0,"gold_gain":0,"player_choice":"2 cards matched","damage_taken":0,"max_hp_gain":0,"max_hp_loss":0,"event_name":"Match and Keep!","floor":3,"gold_loss":0,"cards_obtained":["Electrodynamics","FTL"]},{"damage_healed":0,"gold_gain":0,"player_choice":"Ignored","damage_taken":0,"max_hp_gain":0,"max_hp_loss":0,"event_name":"Liars Game","floor":5,"gold_loss":0},{"damage_healed":0,"gold_gain":75,"player_choice":"Gather Gold","damage_taken":11,"max_hp_gain":0,"max_hp_loss":0,"event_name":"World of Goop","floor":13,"gold_loss":0},{"damage_healed":0,"gold_gain":0,"player_choice":"Fight","damage_taken":0,"max_hp_gain":0,"max_hp_loss":0,"event_name":"Colosseum","floor":22,"gold_loss":0}],"is_beta":false,"boss_relics":[{"not_picked":["Snecko Eye","Tiny House"],"picked":"Cursed Key"}],"items_purged_floors":[10,19],"is_endless":false,"potions_floor_spawned":[2,4,11,12,20,21],"killed_by":"Colosseum Slavers","ascension_level":20}