{"path_per_floor":["M","M","M","M","M","R","M","E","T","R","E","M","E","M","R","B",null,"M","$","$","M","?","E","M","$","T","E","M","R","?","?","R","B",null,"M","M","$","M","M","E","R","E","T","?","M","T","$","?","R","B"],"character_chosen":"DEFECT","items_purchased":["Streamline","Endless Agony","Ice Cream"],"gold_per_floor":[114,159,174,189,204,204,219,249,274,274,304,319,349,364,364,464,464,479,383,265,280,205,235,250,200,200,230,245,245,245,245,245,345,345,360,375,25,40,55,85,85,115,115,115,130,130,80,80,80,80],"floor_reached":51,"campfire_rested":0,"playtime":1606,"current_hp_per_floor":[75,75,71,53,45,45,45,35,35,35,26,26,19,15,15,12,75,39,39,39,41,41,43,45,45,45,47,49,49,49,49,49,75,93,82,83,83,84,83,77,77,68,78,78,82,84,84,84,84,109],"items_purged":["Impulse","Strike_B","Strike_B","Strike_B","Defend_B"],"gold":80,"score":1069,"play_id":"77c7ad5b-1029-442d-8357-1ae0202d5551","local_time":"20180507232141","daily_mods":["Diverse","Lethality","Vintage"],"is_prod":false,"is_daily":true,"chose_seed":false,"is_ascension_mode":false,"campfire_upgraded":5,"timestamp":1525706501,"path_taken":["M","M","M","M","M","R","M","E","T","R","E","M","E","M","R","BOSS","M","?","$","M","?","E","M","$","T","E","?","R","?","?","R","BOSS","M","M","$","M","M","E","R","E","T","?","M","?","$","?","R","BOSS"],"build_version":"2018-05-03","seed_source_timestamp":0,"purchased_purges":5,"victory":true,"master_deck":["Zap+1","Dualcast+1","Beam Cell+1","Clash+1","After Image","Leg Sweep+1","Intimidate+1","Streamline+1","Endless Agony+1","Chill+1","Sword Boomerang+1","Injury","Parasite","Pain","Hologram+1"],"max_hp_per_floor":[75,75,75,75,75,75,75,75,75,75,75,75,75,75,75,75,75,75,75,75,75,75,75,75,75,75,75,75,75,75,75,75,75,93,93,93,93,93,93,95,95,97,107,107,107,109,109,109,109,109],"relics":["Cracked Core","Pantograph","Tiny Chest","Letter Opener","Calipers","Blue Candle","Darkstone Periapt","Mummified Hand","Bag of Marbles","Lantern","Smiling Mask","Happy Flower","Blood Vial","Sundial","Astrolabe","Bag of Preparation","Prayer Wheel","Meat on the Bone","Toxic Egg 2","Vajra","Toolbox","Thread and Needle","Ancient Tea Set","Calling Bell","Singing Bowl","Frozen Egg 2","Shovel","Bronze Scales","Bird Faced Urn","Ice Cream","Art of War","Whetstone","Pen Nib","Shuriken","Dodecahedron","Pear","Peace Pipe","Mercury Hourglass","Cables","Bottled Flame"],"card_choices":[{"not_picked":["Darkness","Noxious Fumes"],"picked":"Beam Cell","floor":8},{"not_picked":["Endless Agony","Pommel Strike"],"picked":"Clash","floor":13},{"not_picked":["Venomology","Redo"],"picked":"After Image","floor":16},{"not_picked":["Sucker Punch","Cleave"],"picked":"Chill","floor":23},{"not_picked":["Meteor Strike","Poisoned Stab"],"picked":"Sword Boomerang","floor":27},{"not_picked":["Body Slam","Armaments"],"picked":"Hologram","floor":43}],"player_experience":460362,"potions_floor_usage":[11,13,16,16,16,27,27,50,50,50],"damage_taken":[{"damage":0,"enemies":"Cultist","floor":1,"turns":2},{"damage":0,"enemies":"Small Slimes","floor":2,"turns":2},{"damage":4,"enemies":"Jaw Worm","floor":3,"turns":2},{"damage":18,"enemies":"Gremlin Gang","floor":4,"turns":5},{"damage":8,"enemies":"Looter","floor":5,"turns":4},{"damage":0,"enemies":"3 Louse","floor":7,"turns":2},{"damage":10,"enemies":"3 Sentries","floor":8,"turns":8},{"damage":9,"enemies":"Lagavulin","floor":11,"turns":3},{"damage":0,"enemies":"2 Fungi Beasts","floor":12,"turns":1},{"damage":7,"enemies":"3 Sentries","floor":13,"turns":5},{"damage":4,"enemies":"Gremlin Gang","floor":14,"turns":2},{"damage":42,"enemies":"Hexaghost","floor":16,"turns":5},{"damage":36,"enemies":"3 Byrds","floor":18,"turns":4},{"damage":0,"enemies":"Shell Parasite","floor":21,"turns":1},{"damage":0,"enemies":"Book of Stabbing","floor":23,"turns":3},{"damage":0,"enemies":"Chosen and Byrds","floor":24,"turns":3},{"damage":0,"enemies":"Gremlin Leader","floor":27,"turns":3},{"damage":0,"enemies":"Snecko","floor":28,"turns":2},{"damage":0,"enemies":"Champ","floor":33,"turns":5},{"damage":11,"enemies":"Flame Bruiser 1 Orb","floor":35,"turns":5},{"damage":1,"enemies":"3 Shapes","floor":36,"turns":3},{"damage":3,"enemies":"3 Darklings","floor":38,"turns":4},{"damage":5,"enemies":"Spire Growth","floor":39,"turns":2},{"damage":12,"enemies":"Nemesis","floor":40,"turns":5},{"damage":15,"enemies":"2 Orb Walkers","floor":42,"turns":4},{"damage":0,"enemies":"Flame Bruiser 2 Orb","floor":45,"turns":2},{"damage":15,"enemies":"Time Eater","floor":50,"turns":7}],"event_choices":[{"event_name":"Beggar","player_choice":"Gave Gold","floor":22,"damage_taken":0},{"event_name":"Drug Dealer","player_choice":"Ignored","floor":30,"damage_taken":0},{"event_name":"Ghosts","player_choice":"Ignored","floor":31,"damage_taken":0},{"event_name":"Accursed Blacksmith","player_choice":"Rummage","floor":44,"damage_taken":0},{"event_name":"SecretPortal","player_choice":"Rejected Portal.","floor":48,"damage_taken":0}],"boss_relics":[{"not_picked":["Sozu","Velvet Choker"],"picked":"Astrolabe"},{"not_picked":["Lizard Tail","Runic Dome"],"picked":"Calling Bell"}],"potions_floor_spawned":[1,4,11,13,14,18,23,33,36,39,40],"seed_played":"-6469632238871384507","ascension_level":0,"is_trial":false}