{"gold_per_floor":[110,25,39,39,39,53,66,66,66,83,83,83,99,133,133,208,208,225,225,241,84,99,99,114,129,129,145,145,165,165,198,198,272,272,286,336,101,114,114,114,129,129,152,152,186,206,206,216,216,216,216],"floor_reached":52,"playtime":1738,"items_purged":["Strike_R+1","Strike_R+1"],"score":1812,"play_id":"622f3938-a5ce-430d-a1d1-0369320c42cf","local_time":"20180924162345","is_ascension_mode":true,"campfire_choices":[{"data":"Uppercut","floor":8.0,"key":"SMITH"},{"data":"Disarm","floor":11.0,"key":"SMITH"},{"floor":15.0,"key":"REST"},{"data":"Inflame","floor":23.0,"key":"SMITH"},{"data":"Limit Break","floor":28.0,"key":"SMITH"},{"data":"Juggernaut","floor":30.0,"key":"SMITH"},{"floor":32.0,"key":"REST"},{"data":"Inflame","floor":40.0,"key":"SMITH"},{"floor":44.0,"key":"REST"},{"data":"Sword Boomerang","floor":47.0,"key":"SMITH"},{"floor":49.0,"key":"REST"}],"neow_cost":"NONE","seed_source_timestamp":271594513793528,"circlet_count":0,"master_deck":["Strike_R+1","Strike_R+1","Strike_R+1","Defend_R+1","Defend_R+1","Defend_R+1","Defend_R+1","AscendersBane","Uppercut+1","Shrug It Off","Disarm+1","Juggernaut+1","Barricade","Heavy Blade+1","Inflame+1","Spot Weakness","Limit Break+1","Limit Break+1","Shrug It Off+1","Inflame+1","Bludgeon","Shockwave+1","Clothesline+1","Sword Boomerang+1"],"special_seed":0,"relics":["Snecko Eye","Dodecahedron","Mummified Hand","Meat on the Bone","Runic Dome","Peace Pipe","Smiling Mask","Mark of Pain","Torii","Dream Catcher","Kunai"],"potions_floor_usage":[],"damage_taken":[{"damage":7.0,"enemies":"Jaw Worm","floor":1.0,"turns":3.0},{"damage":7.0,"enemies":"2 Louse","floor":3.0,"turns":3.0},{"damage":0.0,"enemies":"Cultist","floor":6.0,"turns":2.0},{"damage":8.0,"enemies":"Exordium Thugs","floor":7.0,"turns":3.0},{"damage":2.0,"enemies":"Red Slaver","floor":10.0,"turns":2.0},{"damage":2.0,"enemies":"Exordium Wildlife","floor":13.0,"turns":4.0},{"damage":10.0,"enemies":"Lagavulin","floor":14.0,"turns":6.0},{"damage":25.0,"enemies":"The Guardian","floor":16.0,"turns":10.0},{"damage":13.0,"enemies":"3 Byrds","floor":18.0,"turns":4.0},{"damage":3.0,"enemies":"Spheric Guardian","floor":20.0,"turns":3.0},{"damage":25.0,"enemies":"Centurion and Healer","floor":22.0,"turns":4.0},{"damage":23.0,"enemies":"Shelled Parasite and Fungi","floor":24.0,"turns":4.0},{"damage":8.0,"enemies":"3 Cultists","floor":25.0,"turns":5.0},{"damage":0.0,"enemies":"Centurion and Healer","floor":27.0,"turns":3.0},{"damage":0.0,"enemies":"Snake Plant","floor":29.0,"turns":1.0},{"damage":9.0,"enemies":"Book of Stabbing","floor":31.0,"turns":3.0},{"damage":25.0,"enemies":"Collector","floor":33.0,"turns":8.0},{"damage":31.0,"enemies":"3 Darklings","floor":35.0,"turns":4.0},{"damage":10.0,"enemies":"Mysterious Sphere","floor":36.0,"turns":5.0},{"damage":0.0,"enemies":"Orb Walker","floor":38.0,"turns":2.0},{"damage":8.0,"enemies":"Maw","floor":41.0,"turns":5.0},{"damage":14.0,"enemies":"Nemesis","floor":45.0,"turns":5.0},{"damage":11.0,"enemies":"Transient","floor":46.0,"turns":6.0},{"damage":0.0,"enemies":"3 Darklings","floor":48.0,"turns":3.0},{"damage":38.0,"enemies":"Time Eater","floor":50.0,"turns":7.0},{"damage":29,"enemies":"Awakened One","floor":51,"turns":6}],"seed_played":"6761345724496286779","potions_obtained":[{"floor":3.0,"key":"AttackPotion"},{"floor":5.0,"key":"Fire Potion"},{"floor":7.0,"key":"Weak Potion"},{"floor":13.0,"key":"Explosive Potion"},{"floor":18.0,"key":"FearPotion"},{"floor":22.0,"key":"Swift Potion"},{"floor":33.0,"key":"Strength Potion"},{"floor":35.0,"key":"BloodPotion"},{"floor":36.0,"key":"Swift Potion"},{"floor":45.0,"key":"Strength Potion"},{"floor":46.0,"key":"Swift Potion"}],"is_trial":false,"path_per_floor":["M","$","M","?","?","M","M","R","T","M","R","T","M","E","R","B",null,"M","?","M","$","M","R","M","M","T","M","R","M","R","E","R","B",null,"M","?","$","M","?","R","M","?","T","R","E","M","R","M","R","B","B"],"character_chosen":"IRONCLAD","items_purchased":["Uppercut","Inflame","Bludgeon"],"campfire_rested":4,"item_purchase_floors":[2,21,37],"current_hp_per_floor":[61,61,54,59,59,59,51,51,51,49,49,49,47,37,61,48,72,59,59,56,56,43,43,32,36,36,48,48,48,48,51,75,50,73,42,52,52,52,52,52,44,44,44,68,54,43,43,43,67,41,24],"gold":216,"neow_bonus":"BOSS_RELIC","is_prod":false,"is_daily":false,"chose_seed":false,"campfire_upgraded":7,"win_rate":0,"timestamp":1537777425,"path_taken":["M","$","M","?","?","?","M","R","T","M","R","?","?","E","R","BOSS","M","?","M","$","M","R","M","M","T","M","R","M","R","E","R","BOSS","M","?","$","M","?","R","M","?","T","R","E","?","R","M","R","BOSS","BOSS"],"build_version":"2018-09-20","purchased_purges":2,"victory":true,"max_hp_per_floor":[75,75,75,80,80,80,80,80,80,80,80,80,80,80,80,80,80,80,80,80,80,80,80,80,80,80,80,80,80,80,80,80,80,80,80,80,80,80,80,80,80,80,80,80,80,80,80,80,80,80,80],"card_choices":[{"not_picked":["Body Slam","Armaments","Headbutt"],"picked":"SKIP","floor":1.0},{"not_picked":["Twin Strike","Wild Strike","Rage"],"picked":"SKIP","floor":3.0},{"not_picked":["Twin Strike","Havoc"],"picked":"Shrug It Off","floor":6.0},{"not_picked":["Wild Strike","Shrug It Off","Berserk"],"picked":"SKIP","floor":7.0},{"not_picked":["Feel No Pain","Sentinel"],"picked":"Disarm","floor":10.0},{"not_picked":["Pommel Strike","Power Through","Armaments"],"picked":"SKIP","floor":13.0},{"not_picked":["Rampage","Shockwave"],"picked":"Juggernaut","floor":14.0},{"not_picked":["Berserk","Brutality"],"picked":"Barricade","floor":16.0},{"not_picked":["Flex","Disarm"],"picked":"Heavy Blade+1","floor":18.0},{"not_picked":["Warcry","Searing Blow","Sword Boomerang"],"picked":"SKIP","floor":20.0},{"not_picked":["Armaments","True Grit"],"picked":"Spot Weakness","floor":22.0},{"not_picked":["Searing Blow","Wild Strike"],"picked":"Limit Break","floor":24.0},{"not_picked":["Bloodletting","Anger","Searing Blow"],"picked":"SKIP","floor":25.0},{"not_picked":["Havoc","Twin Strike","Shrug It Off"],"picked":"SKIP","floor":27.0},{"not_picked":["Anger","Clothesline","Fire Breathing"],"picked":"SKIP","floor":29.0},{"not_picked":["Pummel","Searing Blow","Disarm"],"picked":"SKIP","floor":31.0},{"not_picked":["Offering","Barricade"],"picked":"Limit Break","floor":33.0},{"not_picked":["Warcry","Armaments+1"],"picked":"Shrug It Off+1","floor":35.0},{"not_picked":["Uppercut","Wild Strike"],"picked":"Inflame","floor":36.0},{"not_picked":["Battle Trance+1","Iron Wave"],"picked":"Shockwave+1","floor":38.0},{"not_picked":["Flex","Wild Strike","Feel No Pain+1"],"picked":"SKIP","floor":41.0},{"not_picked":["Infernal Blade","Ghostly Armor"],"picked":"Clothesline+1","floor":45.0},{"not_picked":["Anger","Armaments"],"picked":"Sword Boomerang","floor":46.0},{"not_picked":["Headbutt+1","Uppercut","Shrug It Off"],"picked":"SKIP","floor":48.0}],"player_experience":129588,"relics_obtained":[{"floor":9.0,"key":"Dodecahedron"},{"floor":12.0,"key":"Mummified Hand"},{"floor":14.0,"key":"Meat on the Bone"},{"floor":26.0,"key":"Peace Pipe"},{"floor":31.0,"key":"Smiling Mask"},{"floor":36.0,"key":"Torii"},{"floor":43.0,"key":"Dream Catcher"},{"floor":45.0,"key":"Kunai"}],"event_choices":[{"event_name":"Big Fish","player_choice":"Donut","floor":4.0,"damage_taken":0.0},{"event_name":"The Lab","player_choice":"Got Potions","floor":5.0,"damage_taken":0.0},{"event_name":"Back to Basics","player_choice":"Simplicity","floor":19.0,"damage_taken":0.0},{"event_name":"Mysterious Sphere","player_choice":"Fight","floor":36.0,"damage_taken":0.0},{"event_name":"Accursed Blacksmith","player_choice":"Forge","floor":39.0,"damage_taken":0.0},{"event_name":"Falling","player_choice":"Removed Attack","floor":42.0,"damage_taken":0.0}],"is_beta":false,"boss_relics":[{"not_picked":["Pandora\u0027s Box","Calling Bell"],"picked":"Runic Dome"},{"not_picked":["Orrery","Empty Cage"],"picked":"Mark of Pain"}],"items_purged_floors":[21,37],"is_endless":false,"potions_floor_spawned":[3,7,13,18,22,24,27,33,35,36,45,46],"ascension_level":20}