{"gold_per_floor":[115,115,125,125,143,143,2,2],"floor_reached":8,"playtime":270,"items_purged":[],"score":192,"play_id":"1a8576cc-7378-4238-afee-a71f30610380","local_time":"20190214121341","is_ascension_mode":true,"campfire_choices":[{"data":"Noxious Fumes","floor":6,"key":"SMITH"}],"neow_cost":"NONE","seed_source_timestamp":12142339782468,"circlet_count":0,"master_deck":["AscendersBane","Defend_G","Defend_G","Defend_G","Defend_G","Defend_G","Strike_G","Strike_G","Strike_G","Strike_G","Strike_G","Survivor","Neutralize","Pain","Shame","Regret","Dagger Throw","Regret","Noxious Fumes+1","Well Laid Plans"],"special_seed":0,"relics":["Calling Bell","PreservedInsect","Pantograph","Tough Bandages","Paper Crane"],"potions_floor_usage":[5,8],"damage_taken":[{"damage":19.0,"enemies":"Jaw Worm","floor":1.0,"turns":8.0},{"damage":25,"enemies":"Small Slimes","floor":3,"turns":5},{"damage":12,"enemies":"2 Louse","floor":5,"turns":3},{"damage":0,"enemies":"Gremlin Nob","floor":8,"turns":1}],"seed_played":"2428633301574725473","potions_obtained":[{"floor":1.0,"key":"Swift Potion"},{"floor":3,"key":"Regen Potion"}],"is_trial":false,"path_per_floor":["M","?","M","?","M","R","$","E"],"character_chosen":"THE_SILENT","items_purchased":["Well Laid Plans","Fire Potion"],"campfire_rested":0,"item_purchase_floors":[7,7],"current_hp_per_floor":[40,40,15,15,12,12,12,12],"gold":2,"neow_bonus":"BOSS_RELIC","is_prod":false,"is_daily":false,"chose_seed":false,"campfire_upgraded":1,"win_rate":0,"timestamp":1550117621,"path_taken":["M","?","M","?","M","R","?","E"],"build_version":"2019-01-23","purchased_purges":0,"victory":false,"max_hp_per_floor":[66,66,66,66,66,66,66,66],"card_choices":[{"not_picked":["Underhanded Strike","Backflip"],"picked":"Dagger Throw","floor":1.0},{"not_picked":["Bane","Crippling Poison"],"picked":"Noxious Fumes","floor":3},{"not_picked":["Flechettes","Crippling Poison","Slice"],"picked":"SKIP","floor":5}],"player_experience":2716916,"relics_obtained":[{"floor":0.0,"key":"PreservedInsect"},{"floor":0.0,"key":"Pantograph"},{"floor":0.0,"key":"Tough Bandages"}],"event_choices":[{"damage_healed":0.0,"max_hp_gain":0.0,"max_hp_loss":0.0,"gold_gain":0.0,"event_name":"Big Fish","player_choice":"Box","floor":2.0,"gold_loss":0.0,"damage_taken":0.0,"relics_obtained":["Paper Crane"],"cards_obtained":["Regret"]},{"damage_healed":0,"gold_gain":0,"player_choice":"Ignored","damage_taken":0,"max_hp_gain":0,"max_hp_loss":0,"event_name":"Shining Light","floor":4,"gold_loss":0}],"is_beta":false,"boss_relics":[],"items_purged_floors":[],"is_endless":false,"potions_floor_spawned":[1,3],"killed_by":"Gremlin Nob","ascension_level":20}