{"gold_per_floor":[12,12,30,30,30,30,65,88,88,88,101,101,124,64,64,183,183,208,247,162,185,284,284,308,308,332,371,371,133,133,158,158,286,286,299,33,33,51,176,176,56,56,83,102,125,458,458,93,93,93],"floor_reached":51,"playtime":1218,"items_purged":["Strike_R","Bash+1","Strike_R+1","Defend_R+1","Defend_R+1"],"score":811,"play_id":"9721468c-9c95-49f3-83a9-af6cfee4da64","local_time":"20190806211506","is_ascension_mode":false,"campfire_choices":[{"data":"Flex","floor":6.0,"key":"SMITH"},{"data":"Bash","floor":10.0,"key":"SMITH"},{"data":"Sword Boomerang","floor":12.0,"key":"SMITH"},{"data":"Burning Pact","floor":15.0,"key":"SMITH"},{"data":"Immolate","floor":23.0,"key":"SMITH"},{"data":"Evolve","floor":28.0,"key":"SMITH"},{"data":"Reaper","floor":30,"key":"SMITH"},{"data":"Defend_R","floor":32,"key":"SMITH"},{"floor":40,"key":"RECALL"},{"floor":47,"key":"REST"},{"data":"Dark Embrace","floor":49,"key":"SMITH"}],"neow_cost":"NO_GOLD","seed_source_timestamp":7460547922356,"circlet_count":0,"master_deck":["Flex+1","Burning Pact+1","Evolve+1","Sword Boomerang+1","Immolate+1","Battle Trance+1","Rage+1","Reaper+1","True Grit+1","Limit Break+1","Sentinel+1","Feel No Pain+1","Dark Embrace+1"],"special_seed":0,"relics":["Burning Blood","Pocketwatch","Kunai","The Courier","Empty Cage","Red Mask","Toxic Egg 2","Blood Vial","Question Card","Busted Crown","Brimstone","WingedGreaves","FossilizedHelix","Omamori","Lantern"],"potions_floor_usage":[50],"damage_taken":[{"damage":1.0,"enemies":"2 Louse","floor":1.0,"turns":3.0},{"damage":2.0,"enemies":"Small Slimes","floor":3.0,"turns":4.0},{"damage":13.0,"enemies":"3 Sentries","floor":7.0,"turns":9.0},{"damage":0.0,"enemies":"Jaw Worm","floor":8.0,"turns":3.0},{"damage":12.0,"enemies":"3 Louse","floor":11.0,"turns":2.0},{"damage":0.0,"enemies":"2 Fungi Beasts","floor":13.0,"turns":2.0},{"damage":25.0,"enemies":"Hexaghost","floor":16.0,"turns":6.0},{"damage":10.0,"enemies":"3 Byrds","floor":18.0,"turns":3.0},{"damage":0.0,"enemies":"Masked Bandits","floor":19.0,"turns":2.0},{"damage":0.0,"enemies":"Chosen","floor":21.0,"turns":3.0},{"damage":13.0,"enemies":"Shelled Parasite and Fungi","floor":24.0,"turns":3.0},{"damage":11.0,"enemies":"Book of Stabbing","floor":27.0,"turns":4.0},{"damage":0,"enemies":"Snake Plant","floor":31,"turns":2},{"damage":30,"enemies":"Collector","floor":33,"turns":5},{"damage":14,"enemies":"3 Shapes","floor":35,"turns":2},{"damage":0,"enemies":"3 Darklings","floor":38,"turns":1},{"damage":0,"enemies":"Mind Bloom Boss Battle","floor":39,"turns":3},{"damage":0,"enemies":"Jaw Worm Horde","floor":44,"turns":2},{"damage":0,"enemies":"Sphere and 2 Shapes","floor":45,"turns":1},{"damage":46,"enemies":"Donu and Deca","floor":50,"turns":4}],"seed_played":"-2135006763848081634","potions_obtained":[{"floor":3.0,"key":"Explosive Potion"},{"floor":13.0,"key":"Ancient Potion"},{"floor":16.0,"key":"Explosive Potion"},{"floor":21.0,"key":"GamblersBrew"},{"floor":27.0,"key":"GamblersBrew"},{"floor":33,"key":"GamblersBrew"}],"is_trial":false,"path_per_floor":["M","?","M","?","?","R","E","M","T","R","M","R","M","$","R","B",null,"M","?","?","M","?","R","M","?","T","E","R","$","R","M","R","B",null,"M","$","T","M","?","R","$","?","T","M","M","?","R","$","R","B",null],"character_chosen":"IRONCLAD","items_purchased":["True Grit+1","Limit Break+1","Brimstone","Dark Embrace","Lantern"],"campfire_rested":1,"item_purchase_floors":[29,29,36,48,48],"current_hp_per_floor":[80,60,64,61,45,45,38,44,44,44,38,38,44,44,44,25,80,76,80,80,80,80,80,73,73,73,70,70,70,70,78,78,56,80,80,80,80,80,80,80,80,70,70,78,80,80,80,80,80,40],"gold":93,"neow_bonus":"REMOVE_TWO","is_prod":false,"is_daily":false,"chose_seed":false,"campfire_upgraded":9,"win_rate":0,"timestamp":1565097306,"path_taken":["M","?","M","?","?","R","E","M","T","R","M","R","M","$","R","BOSS","M","?","?","M","?","R","?","?","T","E","R","$","R","M","R","BOSS","M","$","?","M","?","R","$","?","T","?","M","?","R","?","R","BOSS"],"build_version":"2019-07-17","purchased_purges":5,"victory":true,"max_hp_per_floor":[80,80,80,80,80,80,80,80,80,80,80,80,80,80,80,80,80,80,80,80,80,80,80,80,80,80,80,80,80,80,80,80,80,80,80,80,80,80,80,80,80,80,80,80,80,80,80,80,80,80],"card_choices":[{"not_picked":["Iron Wave","Wild Strike"],"picked":"Flex","floor":1.0},{"not_picked":["Corruption","Wild Strike"],"picked":"Burning Pact","floor":3.0},{"not_picked":["Pommel Strike","Infernal Blade","Havoc"],"picked":"SKIP","floor":7.0},{"not_picked":["Pummel","Pommel Strike"],"picked":"Evolve","floor":8.0},{"not_picked":["Ghostly Armor","Infernal Blade"],"picked":"Sword Boomerang","floor":11.0},{"not_picked":["Armaments","Perfected Strike","Anger"],"picked":"SKIP","floor":13.0},{"not_picked":["Barricade","Demon Form"],"picked":"Immolate","floor":16.0},{"not_picked":["Thunderclap+1","Headbutt","Evolve"],"picked":"SKIP","floor":18.0},{"not_picked":["Warcry+1","Pommel Strike"],"picked":"Battle Trance+1","floor":21.0},{"not_picked":["Perfected Strike","Whirlwind","Heavy Blade"],"picked":"SKIP","floor":24.0},{"not_picked":["Dual Wield+1","Reckless Charge"],"picked":"Reaper","floor":27.0},{"not_picked":["Uppercut","Cleave","Clothesline","Iron Wave"],"picked":"SKIP","floor":31},{"not_picked":["Reckless Charge+1"],"picked":"Sentinel+1","floor":35},{"not_picked":["Evolve+1"],"picked":"Feel No Pain+1","floor":38},{"not_picked":["Ghostly Armor+1","Shrug It Off+1"],"picked":"SKIP","floor":44},{"not_picked":["Warcry+1","Corruption"],"picked":"SKIP","floor":45}],"player_experience":5877010,"relics_obtained":[{"floor":7.0,"key":"Kunai"},{"floor":9.0,"key":"The Courier"},{"floor":19.0,"key":"Red Mask"},{"floor":26.0,"key":"Blood Vial"},{"floor":27.0,"key":"Question Card"},{"floor":37,"key":"WingedGreaves"},{"floor":39,"key":"FossilizedHelix"},{"floor":43,"key":"Omamori"}],"event_choices":[{"damage_healed":0.0,"max_hp_gain":0.0,"max_hp_loss":0.0,"gold_gain":0.0,"event_name":"Golden Idol","player_choice":"Take Damage","floor":2.0,"gold_loss":0.0,"damage_taken":20.0,"relics_obtained":["Golden Idol"]},{"damage_healed":0.0,"max_hp_gain":0.0,"max_hp_loss":0.0,"gold_gain":0.0,"event_name":"Scrap Ooze","player_choice":"Success","floor":4.0,"gold_loss":0.0,"damage_taken":3.0,"relics_obtained":["Pocketwatch"]},{"damage_healed":0.0,"max_hp_gain":0.0,"max_hp_loss":0.0,"gold_gain":0.0,"event_name":"Shining Light","player_choice":"Entered Light","floor":5.0,"gold_loss":0.0,"damage_taken":16.0,"cards_upgraded":["Strike_R","Defend_R"]},{"damage_healed":0.0,"max_hp_gain":0.0,"max_hp_loss":0.0,"gold_gain":0.0,"event_name":"Masked Bandits","player_choice":"Fought Bandits","floor":19.0,"gold_loss":0.0,"damage_taken":0.0},{"damage_healed":0.0,"max_hp_gain":0.0,"max_hp_loss":0.0,"gold_gain":0.0,"event_name":"Addict","player_choice":"Obtained Relic","floor":20.0,"gold_loss":85.0,"damage_taken":0.0,"relics_obtained":["Toxic Egg 2"]},{"damage_healed":0.0,"max_hp_gain":0.0,"max_hp_loss":0.0,"gold_gain":99.0,"event_name":"Nest","player_choice":"Stole From Cult","floor":22.0,"gold_loss":0.0,"damage_taken":0.0},{"damage_healed":0.0,"max_hp_gain":0.0,"max_hp_loss":0.0,"gold_gain":0.0,"cards_transformed":["Defend_R"],"event_name":"Transmorgrifier","player_choice":"Transformed","floor":25.0,"gold_loss":0.0,"damage_taken":0.0,"cards_obtained":["Rage"]},{"damage_healed":0,"gold_gain":0,"player_choice":"Fight","damage_taken":0,"max_hp_gain":0,"max_hp_loss":0,"event_name":"MindBloom","floor":39,"gold_loss":0},{"damage_healed":0,"gold_gain":0,"player_choice":"Memory 3","damage_taken":10,"max_hp_gain":0,"max_hp_loss":0,"event_name":"SensoryStone","floor":42,"gold_loss":0},{"damage_healed":0,"gold_gain":333,"player_choice":"Gave Idol","damage_taken":0,"max_hp_gain":0,"max_hp_loss":0,"event_name":"The Moai Head","floor":46,"relics_lost":["Golden Idol"],"gold_loss":0}],"is_beta":false,"boss_relics":[{"not_picked":["Orrery","Snecko Eye"],"picked":"Empty Cage"},{"not_picked":["Black Blood","Velvet Choker"],"picked":"Busted Crown"}],"items_purged_floors":[14,29,36,41,48],"is_endless":false,"potions_floor_spawned":[3,13,16,21,24,27,33,35,38,45],"ascension_level":0}