{"gold_per_floor":[115,125,50,64,9,9,38,38,87,113,113,85,85,111,123,135],"floor_reached":16,"playtime":332,"items_purged":["Strike_G"],"score":236,"play_id":"1e072804-7b05-4511-bbe3-5fcd33151bff","local_time":"20190228161606","is_ascension_mode":true,"campfire_choices":[{"data":"All Out Attack","floor":6.0,"key":"SMITH"},{"data":"Neutralize","floor":11,"key":"SMITH"},{"data":"Noxious Fumes","floor":13,"key":"SMITH"},{"data":"Poisoned Stab","floor":15,"key":"SMITH"}],"neow_cost":"NONE","seed_source_timestamp":17570417148199,"circlet_count":0,"master_deck":["AscendersBane","Defend_G","Defend_G","Defend_G","Defend_G","Defend_G","Strike_G","Strike_G","Strike_G","Strike_G","Survivor","Neutralize+1","All Out Attack+1","Infinite Blades","Malaise","Noxious Fumes+1","Poisoned Stab+1"],"special_seed":0,"relics":["Ring of the Snake","NeowsBlessing","Bottled Flame","Art of War","Sundial","MawBank"],"potions_floor_usage":[10,10],"damage_taken":[{"damage":0.0,"enemies":"Cultist","floor":1.0,"turns":1.0},{"damage":0.0,"enemies":"Jaw Worm","floor":2.0,"turns":1.0},{"damage":0.0,"enemies":"Small Slimes","floor":4.0,"turns":1.0},{"damage":21.0,"enemies":"Gremlin Nob","floor":7.0,"turns":4.0},{"damage":20,"enemies":"3 Sentries","floor":10,"turns":8},{"damage":1,"enemies":"Exordium Thugs","floor":12,"turns":4},{"damage":14,"enemies":"Lagavulin","floor":14,"turns":8},{"damage":7,"enemies":"Hexaghost","floor":16,"turns":4}],"seed_played":"-8664263603249899742","potions_obtained":[{"floor":1.0,"key":"SpeedPotion"},{"floor":7.0,"key":"FearPotion"},{"floor":12,"key":"FearPotion"}],"is_trial":false,"path_per_floor":["M","M","$","M","$","R","E","T","T","E","R","M","R","E","R","B"],"character_chosen":"THE_SILENT","items_purchased":["Fire Potion"],"campfire_rested":0,"item_purchase_floors":[5],"current_hp_per_floor":[59,59,59,59,59,59,38,38,38,18,18,17,17,3,3,0],"gold":135,"neow_bonus":"THREE_ENEMY_KILL","is_prod":false,"is_daily":false,"chose_seed":false,"campfire_upgraded":4,"win_rate":0,"timestamp":1551341766,"path_taken":["M","?","$","M","?","R","E","?","T","E","R","M","R","E","R","BOSS"],"build_version":"2019-01-23","purchased_purges":1,"victory":false,"max_hp_per_floor":[66,66,66,66,66,66,66,66,66,66,66,66,66,66,66,66],"card_choices":[{"not_picked":["Skewer","Flying Knee","Sucker Punch"],"picked":"SKIP","floor":1.0},{"not_picked":["Dagger Throw","Sucker Punch"],"picked":"All Out Attack","floor":2.0},{"not_picked":["Dagger Spray","Acrobatics"],"picked":"Infinite Blades","floor":4.0},{"not_picked":["Acrobatics","Flying Knee"],"picked":"Malaise","floor":7.0},{"not_picked":["Quick Slash","Riddle With Holes","Setup"],"picked":"SKIP","floor":10},{"not_picked":["Caltrops","Crippling Poison"],"picked":"Noxious Fumes","floor":12},{"not_picked":["PiercingWail","Slice"],"picked":"Poisoned Stab","floor":14}],"player_experience":3227504,"relics_obtained":[{"floor":7.0,"key":"Bottled Flame"},{"floor":9.0,"key":"Art of War"},{"floor":10,"key":"Sundial"},{"floor":14,"key":"MawBank"}],"event_choices":[],"is_beta":false,"boss_relics":[],"items_purged_floors":[3],"is_endless":false,"potions_floor_spawned":[1,7,12],"killed_by":"Hexaghost","ascension_level":20}