{"gold_per_floor":[119,131,143,218,218,218,250,250,276,276,276,292,306,306,306,383,383,397,397],"floor_reached":19,"playtime":514,"items_purged":[],"score":334,"play_id":"3895ccb6-6924-4a37-9d87-a3260a965a9d","local_time":"20190224004453","is_ascension_mode":true,"campfire_choices":[{"data":"Chaos","floor":6.0,"key":"SMITH"},{"floor":8.0,"key":"REST"},{"data":"Coolheaded","floor":10.0,"key":"SMITH"},{"data":"Coolheaded","floor":15,"key":"SMITH"}],"neow_cost":"PERCENT_DAMAGE","seed_source_timestamp":535575165602440,"circlet_count":0,"master_deck":["AscendersBane","Strike_B","Strike_B","Defend_B","Defend_B","Defend_B","Zap+1","Dualcast","Chaos+1","Biased Cognition","Compile Driver","Conserve Battery","Coolheaded+1","Steam","Coolheaded+1","Coolheaded","Echo Form","Self Repair+1"],"special_seed":0,"relics":["Cracked Core","Potion Belt","Bronze Scales","Inserter"],"potions_floor_usage":[16],"damage_taken":[{"damage":8.0,"enemies":"2 Louse","floor":1.0,"turns":3.0},{"damage":14.0,"enemies":"Small Slimes","floor":2.0,"turns":4.0},{"damage":1.0,"enemies":"Cultist","floor":3.0,"turns":3.0},{"damage":10.0,"enemies":"Gremlin Nob","floor":7.0,"turns":5.0},{"damage":5,"enemies":"Looter","floor":12,"turns":2},{"damage":2,"enemies":"Red Slaver","floor":13,"turns":3},{"damage":42,"enemies":"Slime Boss","floor":16,"turns":12},{"damage":15,"enemies":"Chosen","floor":18,"turns":4},{"damage":49,"enemies":"Masked Bandits","floor":19,"turns":3}],"seed_played":"-2492226043566460683","potions_obtained":[{"floor":1.0,"key":"Weak Potion"},{"floor":3.0,"key":"SpeedPotion"},{"floor":13,"key":"Poison Potion"},{"floor":16,"key":"EssenceOfSteel"}],"is_trial":false,"path_per_floor":["M","M","M","?","?","R","E","R","T","R","?","M","M","?","R","B",null,"M","?"],"character_chosen":"DEFECT","items_purchased":[],"campfire_rested":1,"item_purchase_floors":[],"current_hp_per_floor":[38,24,23,12,12,12,2,23,23,23,23,18,16,71,71,29,61,46,0],"gold":397,"neow_bonus":"TRANSFORM_TWO_CARDS","is_prod":false,"is_daily":false,"chose_seed":false,"campfire_upgraded":3,"win_rate":0,"timestamp":1550940293,"path_taken":["M","M","M","?","?","R","E","R","T","R","?","M","?","?","R","BOSS","M","?"],"build_version":"2019-01-23","purchased_purges":0,"victory":false,"max_hp_per_floor":[71,71,71,71,71,71,71,71,71,71,71,71,71,71,71,71,71,71,71],"card_choices":[{"not_picked":["Barrage","Consume"],"picked":"Compile Driver","floor":1.0},{"not_picked":["Rebound","Steam"],"picked":"Conserve Battery","floor":2.0},{"not_picked":["Genetic Algorithm","Recycle"],"picked":"Coolheaded","floor":3.0},{"not_picked":["Scrape","Meteor Strike"],"picked":"Steam","floor":7.0},{"not_picked":["Conserve Battery","Fusion"],"picked":"Coolheaded","floor":12},{"not_picked":["Go for the Eyes","Conserve Battery"],"picked":"Coolheaded","floor":13},{"not_picked":["Amplify","Reboot"],"picked":"Echo Form","floor":16},{"not_picked":["Rip and Tear","Go for the Eyes"],"picked":"Self Repair+1","floor":18}],"player_experience":957561,"relics_obtained":[{"floor":7.0,"key":"Potion Belt"},{"floor":9.0,"key":"Bronze Scales"}],"event_choices":[{"damage_healed":0.0,"max_hp_gain":0.0,"max_hp_loss":0.0,"gold_gain":75.0,"event_name":"World of Goop","player_choice":"Gather Gold","floor":4.0,"gold_loss":0.0,"damage_taken":11.0},{"damage_healed":0.0,"max_hp_gain":0.0,"max_hp_loss":0.0,"gold_gain":0.0,"event_name":"Living Wall","player_choice":"Grow","floor":5.0,"gold_loss":0.0,"damage_taken":0.0,"cards_upgraded":["Zap"]},{"cards_removed":["Defend_B"],"damage_healed":0.0,"max_hp_gain":0.0,"max_hp_loss":0.0,"gold_gain":0.0,"event_name":"Bonfire Elementals","player_choice":"Offered Basic","floor":11.0,"gold_loss":0.0,"damage_taken":0.0},{"damage_healed":55,"gold_gain":0,"player_choice":"Full Heal","damage_taken":0,"max_hp_gain":0,"max_hp_loss":0,"event_name":"Wheel of Change","floor":14,"gold_loss":0},{"damage_healed":0,"gold_gain":0,"player_choice":"Fought Bandits","damage_taken":0,"max_hp_gain":0,"max_hp_loss":0,"event_name":"Masked Bandits","floor":19,"gold_loss":0}],"is_beta":false,"boss_relics":[{"not_picked":["Velvet Choker","Runic Dome"],"picked":"Inserter"}],"items_purged_floors":[],"is_endless":false,"potions_floor_spawned":[1,3,13,16],"killed_by":"Masked Bandits","ascension_level":20}