{"gold_per_floor":[115,40,40,56,75,75,107,107,107,142,142,67,78,106,106,182,182],"floor_reached":17,"playtime":473,"items_purged":["Strike_B"],"score":326,"play_id":"394540ea-603e-4686-8ae3-b4ba0e2af818","local_time":"20190313012759","is_ascension_mode":true,"campfire_choices":[{"data":"Rip and Tear","floor":6,"key":"SMITH"},{"data":"Dualcast","floor":8,"key":"SMITH"},{"data":"Zap","floor":11,"key":"SMITH"},{"data":"White Noise","floor":15,"key":"SMITH"}],"neow_cost":"CURSE","seed_source_timestamp":46284616068421,"circlet_count":0,"master_deck":["AscendersBane","Strike_B","Strike_B","Strike_B","Defend_B","Defend_B","Defend_B","Defend_B","Zap+1","Dualcast+1","Turbo","Reinforced Body","Rip and Tear+1","Ball Lightning","White Noise+1","Echo Form"],"relics":["Cracked Core","Gambling Chip","Cables","Boot","Odd Mushroom","Orrery"],"potions_floor_usage":[13],"damage_taken":[{"damage":18,"enemies":"Jaw Worm","floor":1,"turns":6},{"damage":9,"enemies":"Small Slimes","floor":4,"turns":4},{"damage":1,"enemies":"Cultist","floor":5,"turns":4},{"damage":24,"enemies":"Lagavulin","floor":7,"turns":8},{"damage":5,"enemies":"3 Sentries","floor":10,"turns":6},{"damage":0,"enemies":"Blue Slaver","floor":13,"turns":2},{"damage":33,"enemies":"The Mushroom Lair","floor":14,"turns":4},{"damage":2,"enemies":"Hexaghost","floor":16,"turns":9}],"seed_played":"6103378516178295312","potions_obtained":[{"floor":1,"key":"FocusPotion"},{"floor":5,"key":"SmokeBomb"},{"floor":13,"key":"Fruit Juice"}],"is_trial":false,"path_per_floor":["M","?","?","M","M","R","E","R","T","E","R","$","M","?","R","B",null],"character_chosen":"DEFECT","items_purchased":[],"campfire_rested":0,"item_purchase_floors":[],"current_hp_per_floor":[46,46,81,72,71,71,47,47,47,42,42,42,47,14,14,12,12],"gold":182,"neow_bonus":"THREE_RARE_CARDS","is_prod":false,"is_daily":false,"chose_seed":false,"campfire_upgraded":4,"win_rate":0,"timestamp":1552411679,"path_taken":["M","?","?","?","M","R","E","R","T","E","R","$","M","?","R","BOSS"],"build_version":"2019-01-23","purchased_purges":1,"victory":false,"max_hp_per_floor":[71,71,81,81,81,81,81,81,81,81,81,81,86,86,86,86,86],"card_choices":[{"not_picked":["Machine Learning","Reboot"],"picked":"Fission","floor":0},{"not_picked":["Static Discharge","Rebound"],"picked":"Turbo","floor":1},{"not_picked":["Turbo","Barrage"],"picked":"Reinforced Body","floor":4},{"not_picked":["Static Discharge","Go for the Eyes"],"picked":"Rip and Tear","floor":5},{"not_picked":["Doom and Gloom","Coolheaded"],"picked":"Ball Lightning","floor":7},{"not_picked":["Stack","Streamline","Sweeping Beam"],"picked":"SKIP","floor":10},{"not_picked":["Aggregate","Compile Driver"],"picked":"White Noise","floor":13},{"not_picked":["All For One","Multi-Cast"],"picked":"Echo Form","floor":16}],"player_experience":3536872,"relics_obtained":[{"floor":7,"key":"Gambling Chip"},{"floor":9,"key":"Cables"},{"floor":10,"key":"Boot"},{"floor":14,"key":"Odd Mushroom"}],"event_choices":[{"cards_removed":["Normality"],"damage_healed":0,"gold_gain":0,"player_choice":"Card Removal","damage_taken":0,"max_hp_gain":0,"max_hp_loss":0,"event_name":"The Cleric","floor":2,"gold_loss":75},{"cards_removed":["Fission"],"damage_healed":25,"gold_gain":0,"player_choice":"Offered Rare","damage_taken":0,"max_hp_gain":10,"max_hp_loss":0,"event_name":"Bonfire Elementals","floor":3,"gold_loss":0},{"damage_healed":0,"gold_gain":0,"player_choice":"Fought Mushrooms","damage_taken":0,"max_hp_gain":0,"max_hp_loss":0,"event_name":"Mushrooms","floor":14,"gold_loss":0}],"is_beta":false,"boss_relics":[{"not_picked":["Nuclear Battery","Tiny House"],"picked":"Orrery"}],"items_purged_floors":[12],"is_endless":false,"potions_floor_spawned":[1,5,13],"ascension_level":20}