{"gold_per_floor":[114,164,174,187,27,27,38,38,117,117,117,148,161,80,80,152,152,162,179,18,18,34,34,34],"floor_reached":24,"playtime":807,"items_purged":["Strike_G"],"score":392,"play_id":"8ea32726-6c78-4b78-bee9-75691fe7381e","local_time":"20181227215325","is_ascension_mode":true,"campfire_choices":[{"data":"Deadly Poison","floor":6.0,"key":"SMITH"},{"data":"Neutralize","floor":8.0,"key":"SMITH"},{"data":"Footwork","floor":10.0,"key":"SMITH"},{"data":"Noxious Fumes","floor":15.0,"key":"SMITH"},{"data":"Catalyst","floor":23,"key":"SMITH"}],"neow_cost":"TEN_PERCENT_HP_LOSS","seed_source_timestamp":35995046512488,"circlet_count":0,"master_deck":["AscendersBane","Defend_G","Defend_G","Defend_G","Survivor","Neutralize+1","Calculated Gamble","Deadly Poison+1","Footwork","Footwork+1","Noxious Fumes+1","Footwork","After Image","Bane+1","Corpse Explosion+1","All Out Attack+1","Catalyst+1","Calculated Gamble"],"special_seed":0,"relics":["Ring of the Snake","Tiny Chest","Potion Belt","Astrolabe","Bag of Preparation"],"potions_floor_usage":[19,24,24,24],"damage_taken":[{"damage":3.0,"enemies":"Cultist","floor":1.0,"turns":4.0},{"damage":0.0,"enemies":"2 Louse","floor":3.0,"turns":2.0},{"damage":2.0,"enemies":"Jaw Worm","floor":4.0,"turns":4.0},{"damage":9.0,"enemies":"Large Slime","floor":7.0,"turns":7.0},{"damage":29.0,"enemies":"3 Sentries","floor":12.0,"turns":15.0},{"damage":0.0,"enemies":"3 Louse","floor":13.0,"turns":5.0},{"damage":2,"enemies":"Hexaghost","floor":16,"turns":10},{"damage":5,"enemies":"Shell Parasite","floor":18,"turns":7},{"damage":0,"enemies":"3 Byrds","floor":19,"turns":1},{"damage":2,"enemies":"Centurion and Healer","floor":22,"turns":5},{"damage":42,"enemies":"Book of Stabbing","floor":24,"turns":6}],"seed_played":"8933609054129399913","potions_obtained":[{"floor":3.0,"key":"FearPotion"},{"floor":7.0,"key":"SpeedPotion"},{"floor":16,"key":"SkillPotion"},{"floor":18,"key":"Energy Potion"},{"floor":22,"key":"AttackPotion"}],"is_trial":false,"path_per_floor":["M","?","M","M","$","R","M","R","T","R","?","E","M","$","R","B",null,"M","M","$","?","M","R","E"],"character_chosen":"THE_SILENT","items_purchased":["Footwork","Footwork","Bag of Preparation"],"campfire_rested":0,"item_purchase_floors":[5,14,20],"current_hp_per_floor":[56,50,50,48,48,48,39,39,39,39,39,10,10,10,10,8,47,42,42,42,42,40,40,0],"gold":34,"neow_bonus":"REMOVE_TWO","is_prod":false,"is_daily":false,"chose_seed":false,"campfire_upgraded":5,"win_rate":0,"timestamp":1545918805,"path_taken":["M","?","M","M","?","R","M","R","T","R","?","E","M","$","R","BOSS","M","M","$","?","M","R","E"],"build_version":"2018-12-20","purchased_purges":1,"victory":false,"max_hp_per_floor":[60,60,60,60,60,60,60,60,60,60,60,60,60,60,60,60,60,60,60,60,60,60,60,60],"card_choices":[{"not_picked":["Bane","Dodge and Roll"],"picked":"Calculated Gamble","floor":1.0},{"not_picked":["Bane","Slice"],"picked":"Deadly Poison","floor":3.0},{"not_picked":["Prepared","Heel Hook","Cloak And Dagger"],"picked":"SKIP","floor":4.0},{"not_picked":["Finisher","PiercingWail"],"picked":"Footwork","floor":7.0},{"not_picked":["Skewer","Endless Agony","Infinite Blades"],"picked":"SKIP","floor":12.0},{"not_picked":["Outmaneuver","Blade Dance"],"picked":"Noxious Fumes","floor":13.0},{"not_picked":["Tools of the Trade","A Thousand Cuts"],"picked":"After Image","floor":16},{"not_picked":["Deadly Poison","PiercingWail"],"picked":"Catalyst","floor":18},{"not_picked":["Bane+1","Crippling Poison","Sucker Punch"],"picked":"SKIP","floor":19},{"not_picked":["Infinite Blades","Cloak And Dagger+1"],"picked":"Calculated Gamble","floor":22}],"player_experience":1534983,"relics_obtained":[{"floor":9.0,"key":"Tiny Chest"},{"floor":12.0,"key":"Potion Belt"}],"event_choices":[{"damage_healed":0.0,"max_hp_gain":0.0,"max_hp_loss":0.0,"gold_gain":50.0,"event_name":"FaceTrader","player_choice":"Touch","floor":2.0,"gold_loss":0.0,"damage_taken":6.0},{"damage_healed":0.0,"max_hp_gain":0.0,"max_hp_loss":0.0,"gold_gain":0.0,"event_name":"Dead Adventurer","player_choice":"Searched \u00270\u0027 times","floor":11.0,"gold_loss":0.0,"damage_taken":0.0},{"cards_removed":["Strike_G"],"damage_healed":0,"gold_gain":0,"player_choice":"Elegance","damage_taken":0,"max_hp_gain":0,"max_hp_loss":0,"event_name":"Back to Basics","floor":21,"gold_loss":0}],"is_beta":false,"boss_relics":[{"not_picked":["Lizard Tail","Calling Bell"],"picked":"Astrolabe"}],"items_purged_floors":[5],"is_endless":false,"potions_floor_spawned":[3,7,16,18,22],"killed_by":"Book of Stabbing","ascension_level":20}