{"path_per_floor":["M","M","?","M","?","R","M","E","T","E","?","M","R","M","R","B",null,"M","$","M","$","M","R","E","M","T","M","M","E","R","?","R","B",null,"M","M","M","$","?","E","R","M","T","$","?","M","R","M","R","B"],"character_chosen":"THE_SILENT","items_purchased":["Clash","Matryoshka","Trip"],"gold_per_floor":[114,129,129,144,144,144,159,189,189,219,239,254,254,269,269,369,369,414,414,429,302,317,317,347,362,387,402,417,447,447,447,447,547,547,562,577,592,144,144,174,174,189,189,64,65,80,80,95,95,95],"floor_reached":51,"campfire_rested":0,"playtime":1605,"current_hp_per_floor":[70,70,70,70,70,70,70,59,59,56,56,52,52,52,52,48,70,70,70,70,70,70,70,70,70,70,70,45,51,51,37,37,16,82,82,82,82,82,72,72,72,68,68,68,61,61,61,61,61,82],"items_purged":["Defend_G","Defend_G","Strike_G"],"gold":95,"score":881,"play_id":"857fadff-5210-4ddb-8334-db4ca9a131c3","local_time":"20180509161034","daily_mods":["Diverse","Binary","Vintage"],"is_prod":false,"is_daily":true,"chose_seed":false,"is_ascension_mode":false,"campfire_upgraded":6,"timestamp":1525853434,"path_taken":["M","M","?","M","?","R","M","E","T","E","?","?","R","M","R","BOSS","M","$","M","$","M","R","E","M","T","M","M","E","R","?","R","BOSS","M","M","M","$","?","E","R","M","T","$","?","M","R","M","R","BOSS"],"build_version":"2018-05-08","seed_source_timestamp":0,"purchased_purges":4,"victory":true,"master_deck":["Defend_G","Defend_G","Defend_G+1","Strike_G+1","Strike_G","Strike_G+1","Strike_G","Survivor","Neutralize+1","Masterful Stab+1","Slice","Infinite Blades+1","Phantasmal Killer+1","Clash","Quick Slash+1","Hyperbeam+1","Trip+1","Madness+1","Madness","Hologram+1","Masterful Stab+1"],"max_hp_per_floor":[70,70,70,70,70,70,70,70,70,70,70,70,70,70,70,70,70,70,70,70,70,70,70,70,70,70,70,70,77,77,82,82,82,82,82,82,82,82,82,82,82,82,82,82,82,82,82,82,82,82],"relics":["Ring of the Snake","Shuriken","Ninja Scroll","Bag of Marbles","Girya","Tough Bandages","Pen Nib","Du-Vu Doll","Odd Mushroom","Happy Flower","Ancient Tea Set","Whetstone","Philosopher\u0027s Stone","Tiny Chest","Letter Opener","Dream Catcher","Darkstone Periapt","Juzu Bracelet","Art of War","Centennial Puzzle","Ice Cream","Strawberry","Molten Egg 2","Black Star","Mercury Hourglass","Unceasing Top","Paper Crane","Matryoshka","Pantograph","Blue Candle","Singing Bowl","Anchor","Question Card","Thread and Needle","War Paint","Prayer Wheel"],"card_choices":[{"not_picked":["Meteor Strike"],"picked":"Masterful Stab","floor":8},{"not_picked":["Aggregate"],"picked":"Slice","floor":10},{"not_picked":["Twin Strike"],"picked":"Infinite Blades","floor":11},{"not_picked":["Bullet Time"],"picked":"Phantasmal Killer","floor":16},{"not_picked":["Poisoned Stab"],"picked":"Quick Slash","floor":29},{"not_picked":["Thunder Strike"],"picked":"Hyperbeam","floor":33},{"not_picked":["Skim"],"picked":"Hologram","floor":40},{"not_picked":["Havoc","Pommel Strike"],"picked":"Masterful Stab","floor":45}],"player_experience":461968,"potions_floor_usage":[8,10,10,16,16,29,40,50,50,50],"damage_taken":[{"damage":0,"enemies":"Small Slimes","floor":1,"turns":5},{"damage":0,"enemies":"Cultist","floor":2,"turns":5},{"damage":0,"enemies":"Jaw Worm","floor":4,"turns":3},{"damage":0,"enemies":"2 Fungi Beasts","floor":7,"turns":3},{"damage":11,"enemies":"Lagavulin","floor":8,"turns":6},{"damage":3,"enemies":"3 Sentries","floor":10,"turns":8},{"damage":0,"enemies":"The Mushroom Lair","floor":11,"turns":2},{"damage":4,"enemies":"Gremlin Gang","floor":12,"turns":2},{"damage":0,"enemies":"Exordium Wildlife","floor":14,"turns":1},{"damage":4,"enemies":"The Guardian","floor":16,"turns":6},{"damage":0,"enemies":"Spheric Guardian","floor":18,"turns":1},{"damage":0,"enemies":"Shell Parasite","floor":20,"turns":2},{"damage":0,"enemies":"Centurion and Healer","floor":22,"turns":2},{"damage":0,"enemies":"Book of Stabbing","floor":24,"turns":2},{"damage":0,"enemies":"Snecko","floor":25,"turns":2},{"damage":0,"enemies":"Sentry and Sphere","floor":27,"turns":2},{"damage":25,"enemies":"Snake Plant","floor":28,"turns":3},{"damage":1,"enemies":"Gremlin Leader","floor":29,"turns":3},{"damage":21,"enemies":"Automaton","floor":33,"turns":5},{"damage":0,"enemies":"Orb Walker","floor":35,"turns":1},{"damage":0,"enemies":"Flame Bruiser 1 Orb","floor":36,"turns":2},{"damage":0,"enemies":"Sphere and 2 Shapes","floor":37,"turns":2},{"damage":0,"enemies":"2 Orb Walkers","floor":40,"turns":2},{"damage":4,"enemies":"Maw","floor":42,"turns":3},{"damage":7,"enemies":"…Ò√ÿ‘≤«Ú","floor":45,"turns":3},{"damage":0,"enemies":"3 Darklings","floor":46,"turns":2},{"damage":0,"enemies":"Spire Growth","floor":48,"turns":2},{"damage":0,"enemies":"Donu and Deca","floor":50,"turns":3}],"event_choices":[{"event_name":"The Lab","player_choice":"Got Potions","floor":3,"damage_taken":0},{"event_name":"The Woman in Blue","player_choice":"Bought 0 Potions","floor":5,"damage_taken":0},{"event_name":"Mushrooms","player_choice":"Fought Mushrooms","floor":11,"damage_taken":0},{"event_name":"Forgotten Altar","player_choice":"Shed Blood","floor":31,"damage_taken":0},{"event_name":"Winding Halls","player_choice":"Embrace Madness","floor":39,"damage_taken":0},{"event_name":"Mysterious Sphere","player_choice":"Fight","floor":45,"damage_taken":0}],"boss_relics":[{"not_picked":["Runic Pyramid","White Beast Statue"],"picked":"Philosopher\u0027s Stone"},{"not_picked":["Lizard Tail","Runic Dome"],"picked":"Black Star"}],"potions_floor_spawned":[1,8,10,11,20,27,28,29,33,42,45,46,48],"seed_played":"-2911517459115267466","ascension_level":0,"is_trial":false}