{"gold_per_floor":[112,122,4,4,4,4,4,4,4,15,15,43,43,62,62,136,136,114,127,17,30,30,30,40,40,40,74,74,107,157,209,209,286,286,297,140,140,151,162,194,220,220,220,255,255,266,216,245,245,245,245,245,245,23,57,57],"floor_reached":56,"playtime":2110,"items_purged":["Strike_G","Strike_G","Strike_G+1","Defend_G"],"score":2463,"play_id":"6bb37149-e12b-41f8-bb3f-f71c61232b5a","local_time":"20190417203251","is_ascension_mode":true,"campfire_choices":[{"data":"Well Laid Plans","floor":6.0,"key":"SMITH"},{"data":"Phantasmal Killer","floor":8.0,"key":"SMITH"},{"data":"Terror","floor":11.0,"key":"SMITH"},{"data":"Neutralize","floor":13.0,"key":"SMITH"},{"data":"Grand Finale","floor":15.0,"key":"SMITH"},{"floor":23.0,"key":"REST"},{"floor":25.0,"key":"REST"},{"data":"Acrobatics","floor":32.0,"key":"SMITH"},{"data":"Acrobatics","floor":42,"key":"SMITH"},{"data":"Tactician","floor":45,"key":"SMITH"},{"floor":49,"key":"RECALL"},{"data":"Acrobatics","floor":53,"key":"SMITH"}],"neow_cost":"TEN_PERCENT_HP_LOSS","seed_source_timestamp":140145065380451,"circlet_count":0,"master_deck":["AscendersBane","Defend_G","Defend_G+1","Survivor","Neutralize+1","Quick Slash","Terror+1","Dash+1","Well Laid Plans+1","Phantasmal Killer+1","Footwork","Grand Finale+1","Doubt","Clumsy","Clumsy","Backflip","Acrobatics+1","Writhe","Acrobatics","Tactician+1","Acrobatics+1","Acrobatics+1","Acrobatics+1","Calculated Gamble+1"],"special_seed":0,"relics":["Ring of the Snake","Bronze Scales","Mummified Hand","Calling Bell","Dream Catcher","Dodecahedron","Gambling Chip","MutagenicStrength","Oddly Smooth Stone","Strawberry","Smiling Mask","PreservedInsect","Orichalcum","Sozu","Bottled Flame","Anchor","Meat on the Bone","Whetstone","Ornamental Fan","Snake Skull","War Paint"],"potions_floor_usage":[44,56],"damage_taken":[{"damage":0.0,"enemies":"2 Louse","floor":1.0,"turns":3.0},{"damage":1.0,"enemies":"Small Slimes","floor":2.0,"turns":3.0},{"damage":0.0,"enemies":"Jaw Worm","floor":10.0,"turns":3.0},{"damage":0.0,"enemies":"Lagavulin","floor":12.0,"turns":7.0},{"damage":0.0,"enemies":"Exordium Thugs","floor":14.0,"turns":3.0},{"damage":0.0,"enemies":"The Guardian","floor":16.0,"turns":4.0},{"damage":12.0,"enemies":"2 Thieves","floor":18.0,"turns":4.0},{"damage":5.0,"enemies":"Shell Parasite","floor":19.0,"turns":2.0},{"damage":18.0,"enemies":"Sentry and Sphere","floor":21.0,"turns":9.0},{"damage":0.0,"enemies":"Cultist and Chosen","floor":24.0,"turns":2.0},{"damage":13.0,"enemies":"Slavers","floor":27.0,"turns":2.0},{"damage":3.0,"enemies":"Book of Stabbing","floor":29.0,"turns":4.0},{"damage":35,"enemies":"Collector","floor":33,"turns":7},{"damage":0,"enemies":"3 Shapes","floor":35,"turns":2},{"damage":0,"enemies":"Orb Walker","floor":38,"turns":2},{"damage":0,"enemies":"4 Shapes","floor":39,"turns":1},{"damage":0,"enemies":"Giant Head","floor":40,"turns":2},{"damage":0,"enemies":"Reptomancer","floor":44,"turns":2},{"damage":0,"enemies":"Writhing Mass","floor":46,"turns":2},{"damage":0,"enemies":"Nemesis","floor":48,"turns":3},{"damage":17,"enemies":"Awakened One","floor":50,"turns":7},{"damage":0,"enemies":"Time Eater","floor":51,"turns":4},{"damage":4,"enemies":"Shield and Spear","floor":55,"turns":2},{"damage":32,"enemies":"The Heart","floor":56,"turns":3}],"seed_played":"8891922617358314335","potions_obtained":[{"floor":1.0,"key":"Fire Potion"},{"floor":2.0,"key":"Ancient Potion"},{"floor":14.0,"key":"Swift Potion"},{"floor":18.0,"key":"SpeedPotion"},{"floor":27.0,"key":"Block Potion"},{"floor":29.0,"key":"Energy Potion"}],"is_trial":false,"path_per_floor":["M","M","$","?","?","R","?","R","T","M","R","E","R","M","R","B",null,"M","M","$","M","?","R","M","R","T","E","?","E","?","T","R","B",null,"M","$","?","M","M","E","T","R","T","E","R","M","$","E","R","B","B",null,"R","$","E","B"],"character_chosen":"THE_SILENT","items_purchased":["Well Laid Plans","Backflip","Block Potion","Tactician","Acrobatics","Snake Skull"],"campfire_rested":2,"item_purchase_floors":[3,20,20,36,36,54],"current_hp_per_floor":[59,58,58,58,51,51,33,33,33,33,33,33,33,33,33,33,53,41,36,36,18,18,36,36,54,54,48,48,45,45,45,45,10,53,53,53,53,53,53,53,53,53,53,53,53,53,53,53,53,36,36,59,59,59,55,23],"gold":57,"neow_bonus":"TRANSFORM_TWO_CARDS","is_prod":false,"is_daily":false,"chose_seed":false,"campfire_upgraded":9,"win_rate":0,"timestamp":1555504371,"path_taken":["M","M","$","?","?","R","?","R","T","M","R","E","R","M","R","BOSS","M","M","$","M","?","R","M","R","T","E","?","E","?","?","R","BOSS","M","$","?","M","M","E","?","R","T","E","R","M","$","E","R","BOSS","BOSS","R","$","E","BOSS"],"build_version":"2019-01-23","purchased_purges":4,"victory":false,"max_hp_per_floor":[60,60,60,60,60,60,60,60,60,60,60,60,60,60,60,60,60,60,60,60,60,60,60,60,60,60,67,67,67,67,67,67,67,67,67,67,67,67,67,67,67,67,67,67,67,67,67,67,67,67,67,67,67,67,67,67],"card_choices":[{"not_picked":["Crippling Poison","Dagger Throw","Slice"],"picked":"SKIP","floor":1.0},{"not_picked":["Distraction","Setup"],"picked":"Dash","floor":2.0},{"not_picked":["Deadly Poison","Calculated Gamble"],"picked":"Footwork","floor":10.0},{"not_picked":["Blade Dance","Slice"],"picked":"Grand Finale","floor":12.0},{"not_picked":["Well Laid Plans","Deflect","Outmaneuver"],"picked":"SKIP","floor":14.0},{"not_picked":["Blur","Cloak And Dagger","PiercingWail"],"picked":"SKIP","floor":18.0},{"not_picked":["Bane+1","Deadly Poison","Die Die Die"],"picked":"SKIP","floor":19.0},{"not_picked":["Deadly Poison","Cloak And Dagger","Backstab"],"picked":"SKIP","floor":21.0},{"not_picked":["Dagger Spray","Concentrate+1","Sucker Punch"],"picked":"SKIP","floor":24.0},{"not_picked":["Heel Hook","Bouncing Flask+1"],"picked":"Acrobatics","floor":25.0},{"not_picked":["Prepared","Crippling Poison","Sucker Punch"],"picked":"SKIP","floor":27.0},{"not_picked":["Burst","Dash","Deflect"],"picked":"SKIP","floor":29.0},{"not_picked":["Deflect","Concentrate+1"],"picked":"Acrobatics","floor":35},{"not_picked":["Riddle With Holes","Crippling Poison+1","PiercingWail"],"picked":"SKIP","floor":38},{"not_picked":["All Out Attack","Deadly Poison+1","Bane"],"picked":"SKIP","floor":39},{"not_picked":["Predator","Die Die Die","Dodge and Roll"],"picked":"SKIP","floor":40},{"not_picked":["Dagger Throw","Terror","Outmaneuver"],"picked":"SKIP","floor":44},{"not_picked":["Masterful Stab","Bouncing Flask"],"picked":"Acrobatics","floor":46},{"not_picked":["Backflip+1","Underhanded Strike+1"],"picked":"Acrobatics+1","floor":48},{"not_picked":["Expertise+1","Leg Sweep"],"picked":"Calculated Gamble","floor":55}],"player_experience":4365788,"relics_obtained":[{"floor":12.0,"key":"Mummified Hand"},{"floor":17.0,"key":"Dream Catcher"},{"floor":17.0,"key":"Dodecahedron"},{"floor":17.0,"key":"Gambling Chip"},{"floor":26.0,"key":"Oddly Smooth Stone"},{"floor":27.0,"key":"Strawberry"},{"floor":29.0,"key":"PreservedInsect"},{"floor":31.0,"key":"Orichalcum"},{"floor":40,"key":"Bottled Flame"},{"floor":41,"key":"Anchor"},{"floor":43,"key":"Meat on the Bone"},{"floor":44,"key":"Whetstone"},{"floor":48,"key":"Ornamental Fan"},{"floor":55,"key":"War Paint"}],"event_choices":[{"damage_healed":0.0,"max_hp_gain":0.0,"max_hp_loss":0.0,"gold_gain":0.0,"cards_transformed":["Strike_G"],"event_name":"Living Wall","player_choice":"Change","floor":4.0,"gold_loss":0.0,"damage_taken":0.0,"cards_obtained":["Phantasmal Killer"]},{"cards_removed":["Defend_G"],"damage_healed":0.0,"max_hp_gain":0.0,"max_hp_loss":0.0,"gold_gain":0.0,"event_name":"Golden Wing","player_choice":"Card Removal","floor":5.0,"gold_loss":0.0,"damage_taken":7.0},{"damage_healed":0.0,"max_hp_gain":0.0,"max_hp_loss":0.0,"gold_gain":0.0,"event_name":"Scrap Ooze","player_choice":"Success","floor":7.0,"gold_loss":0.0,"damage_taken":18.0,"relics_obtained":["Bronze Scales"]},{"damage_healed":0.0,"max_hp_gain":0.0,"max_hp_loss":0.0,"gold_gain":0.0,"event_name":"Drug Dealer","player_choice":"Inject Mutagens","floor":22.0,"gold_loss":0.0,"damage_taken":0.0,"relics_obtained":["MutagenicStrength"]},{"damage_healed":0.0,"max_hp_gain":0.0,"max_hp_loss":0.0,"gold_gain":0.0,"event_name":"The Mausoleum","player_choice":"Opened","floor":28.0,"gold_loss":0.0,"damage_taken":0.0,"relics_obtained":["Smiling Mask"],"cards_obtained":["Writhe"]},{"damage_healed":0.0,"max_hp_gain":0.0,"max_hp_loss":0.0,"gold_gain":50.0,"event_name":"Nest","player_choice":"Stole From Cult","floor":30.0,"gold_loss":0.0,"damage_taken":0.0},{"damage_healed":0,"gold_gain":0,"player_choice":"Ignored","damage_taken":0,"max_hp_gain":0,"max_hp_loss":0,"event_name":"Tomb of Lord Red Mask","floor":37,"gold_loss":0}],"is_beta":false,"boss_relics":[{"not_picked":["Orrery","Pandora\u0027s Box"],"picked":"Calling Bell"},{"not_picked":["Ring of the Serpent","Fusion Hammer"],"picked":"Sozu"}],"items_purged_floors":[3,36,47,54],"is_endless":false,"potions_floor_spawned":[1,2,14,18,27,29,39,44,46,55],"killed_by":"The Heart","ascension_level":20}