{"gold_per_floor":[115,115,126,145,20,20,55,55,81,81,81,101,134,151,151,223,223,233,23,42,42,57,85,85,96,171,171,202,202,232,232,232,303,303,323,323,57,73,73,73,108,127,127,127,153,65,97,97,97,97,97,97,97,40,68,68],"floor_reached":57,"playtime":3499,"items_purged":["Strike_G","Deadly Poison+1"],"score":3183,"play_id":"4372c116-e9c6-4c04-a383-7705610d86ae","local_time":"20190313213530","is_ascension_mode":true,"campfire_choices":[{"data":"Deadly Poison","floor":6.0,"key":"SMITH"},{"data":"Predator","floor":8.0,"key":"SMITH"},{"data":"Neutralize","floor":10.0,"key":"SMITH"},{"data":"Deadly Poison","floor":15.0,"key":"SMITH"},{"data":"Acrobatics","floor":24.0,"key":"SMITH"},{"data":"Redo","floor":27.0,"key":"SMITH"},{"data":"Envenom","floor":29.0,"key":"SMITH"},{"data":"Burst","floor":32.0,"key":"SMITH"},{"data":"Well Laid Plans","floor":40.0,"key":"SMITH"},{"floor":49.0,"key":"RECALL"},{"data":"Night Terror","floor":53.0,"key":"SMITH"}],"neow_cost":"NONE","seed_source_timestamp":17095619190405,"circlet_count":0,"master_deck":["AscendersBane","Survivor","Neutralize+1","Caltrops+1","Wraith Form v2+1","PiercingWail+1","Predator+1","Deadly Poison+1","Corpse Explosion","Dagger Throw","Underhanded Strike","Crippling Poison","Burst+1","Acrobatics+1","Envenom+1","FTL","Glacier+1","Bandage Up+1","Redo+1","Footwork+1","Night Terror+1","Expertise","Well Laid Plans+1","Reflex","Thinking Ahead","Impatience","Adrenaline","Evolve","Gash+1"],"special_seed":0,"relics":["Astrolabe","War Paint","Omamori","WarpedTongs","FossilizedHelix","Pandora\u0027s Box","PrismaticShard","Enchiridion","Dream Catcher","Turnip","Snake Skull","HoveringKite","Orichalcum","Dodecahedron","Molten Egg 2","Shuriken","Pocketwatch"],"potions_floor_usage":[56,56],"damage_taken":[{"damage":1.0,"enemies":"2 Louse","floor":1.0,"turns":4.0},{"damage":2.0,"enemies":"Cultist","floor":3.0,"turns":7.0},{"damage":1.0,"enemies":"Jaw Worm","floor":4.0,"turns":4.0},{"damage":4.0,"enemies":"Gremlin Nob","floor":7.0,"turns":6.0},{"damage":1.0,"enemies":"Large Slime","floor":12.0,"turns":7.0},{"damage":0.0,"enemies":"3 Sentries","floor":13.0,"turns":5.0},{"damage":0.0,"enemies":"Looter","floor":14.0,"turns":3.0},{"damage":20.0,"enemies":"Hexaghost","floor":16.0,"turns":9.0},{"damage":2.0,"enemies":"Spheric Guardian","floor":18.0,"turns":5.0},{"damage":3.0,"enemies":"2 Thieves","floor":20.0,"turns":3.0},{"damage":0.0,"enemies":"Snecko","floor":22.0,"turns":4.0},{"damage":3.0,"enemies":"Gremlin Leader","floor":23.0,"turns":6.0},{"damage":11.0,"enemies":"Shelled Parasite and Fungi","floor":25.0,"turns":4.0},{"damage":0.0,"enemies":"Book of Stabbing","floor":28.0,"turns":5.0},{"damage":4.0,"enemies":"Slavers","floor":30.0,"turns":5.0},{"damage":25.0,"enemies":"Collector","floor":33.0,"turns":7.0},{"damage":1.0,"enemies":"3 Darklings","floor":35.0,"turns":4.0},{"damage":0.0,"enemies":"Orb Walker","floor":38.0,"turns":5.0},{"damage":0.0,"enemies":"Giant Head","floor":41.0,"turns":10.0},{"damage":0.0,"enemies":"Sphere and 2 Shapes","floor":42.0,"turns":5.0},{"damage":0.0,"enemies":"Nemesis","floor":45.0,"turns":9.0},{"damage":0.0,"enemies":"Reptomancer","floor":47.0,"turns":5.0},{"damage":64.0,"enemies":"Donu and Deca","floor":50.0,"turns":10.0},{"damage":9.0,"enemies":"Awakened One","floor":51.0,"turns":27.0},{"damage":0,"enemies":"Shield and Spear","floor":55,"turns":7},{"damage":53,"enemies":"The Heart","floor":56,"turns":11}],"seed_played":"-8577873281913066721","potions_obtained":[{"floor":2.0,"key":"Fire Potion"},{"floor":2.0,"key":"Block Potion"},{"floor":4.0,"key":"AttackPotion"},{"floor":7.0,"key":"Fire Potion"},{"floor":20.0,"key":"Swift Potion"},{"floor":22.0,"key":"Block Potion"},{"floor":25.0,"key":"Strength Potion"}],"is_trial":false,"path_per_floor":["M","?","M","M","$","R","E","R","T","R","?","M","E","M","R","B",null,"M","$","M","?","M","E","R","M","T","R","E","R","E","?","R","B",null,"M","?","$","M","?","R","E","M","T","?","E","$","E","?","R","B","B",null,"R","$","E","B",null],"character_chosen":"THE_SILENT","items_purchased":["Deadly Poison","PrismaticShard","Well Laid Plans","Reflex","Adrenaline","SkillPotion"],"campfire_rested":0,"item_purchase_floors":[5,19,37,37,46,54],"current_hp_per_floor":[58,58,56,55,55,55,51,51,51,51,51,50,50,50,50,30,57,55,55,52,31,31,28,28,23,23,23,29,29,31,31,31,12,53,66,66,66,66,56,56,66,66,66,66,66,66,66,66,66,14,11,52,52,52,58,11],"gold":68,"neow_bonus":"BOSS_RELIC","is_prod":false,"is_daily":false,"chose_seed":false,"campfire_upgraded":10,"win_rate":0,"timestamp":1552484130,"path_taken":["M","?","?","?","$","R","E","R","T","R","?","?","E","M","R","BOSS","M","$","M","?","M","E","R","M","T","R","E","R","E","?","R","BOSS","M","?","?","?","?","R","E","M","T","?","E","$","E","?","R","BOSS","BOSS","R","$","E","BOSS"],"build_version":"2019-01-23","purchased_purges":2,"victory":true,"max_hp_per_floor":[66,66,66,66,66,66,66,66,66,66,66,66,66,66,66,66,66,66,66,66,66,66,66,66,66,66,66,66,66,66,66,66,66,66,66,66,66,66,66,66,66,66,66,66,66,66,66,66,66,66,66,66,66,66,66,66],"card_choices":[{"not_picked":["PiercingWail","Heel Hook"],"picked":"Predator","floor":1.0},{"not_picked":["Skewer","Deflect","Underhanded Strike"],"picked":"SKIP","floor":3.0},{"not_picked":["PiercingWail","Blade Dance","Slice"],"picked":"SKIP","floor":4.0},{"not_picked":["Eviscerate","Riddle With Holes","Crippling Poison"],"picked":"SKIP","floor":7.0},{"not_picked":["Outmaneuver","Flying Knee"],"picked":"Deadly Poison","floor":12.0},{"not_picked":["Cloak And Dagger","PiercingWail","Setup"],"picked":"SKIP","floor":13.0},{"not_picked":["Flechettes","Flying Knee","Dodge and Roll"],"picked":"SKIP","floor":14.0},{"not_picked":["Phantasmal Killer","Malaise"],"picked":"Corpse Explosion","floor":16.0},{"not_picked":["Poisoned Stab","Outmaneuver","Distraction"],"picked":"SKIP","floor":18.0},{"not_picked":["Wild Strike","Eviscerate"],"picked":"FTL","floor":20.0},{"not_picked":["Ball Lightning","Blood for Blood+1"],"picked":"Glacier+1","floor":22.0},{"not_picked":["Secret Weapon","Ghostly Armor"],"picked":"Bandage Up+1","floor":23.0},{"not_picked":["Dodge and Roll","Heavy Blade"],"picked":"Redo","floor":25.0},{"not_picked":["Uppercut","Flex","Go for the Eyes"],"picked":"SKIP","floor":28.0},{"not_picked":["Uppercut","Flex","Go for the Eyes"],"picked":"SKIP","floor":28.0},{"not_picked":["Armaments","Bane"],"picked":"Footwork+1","floor":30.0},{"not_picked":["Secret Weapon","Malaise"],"picked":"Night Terror","floor":33.0},{"not_picked":["Deadly Poison","Rupture"],"picked":"Expertise","floor":35.0},{"not_picked":["Twin Strike","Panacea","Intimidate+1"],"picked":"SKIP","floor":38.0},{"not_picked":["Forethought","Sadistic Nature"],"picked":"Thinking Ahead","floor":39.0},{"not_picked":["Mind Blast","Swift Strike"],"picked":"Impatience","floor":39.0},{"not_picked":["Streamline","Distraction","Dagger Spray"],"picked":"SKIP","floor":41.0},{"not_picked":["Flex+1","Heavy Blade","Eviscerate+1"],"picked":"SKIP","floor":42.0},{"not_picked":["Deadly Poison","Flex","Static Discharge"],"picked":"SKIP","floor":45.0},{"not_picked":["Night Terror","Beam Cell+1"],"picked":"Evolve","floor":47.0},{"not_picked":["Go for the Eyes+1","Quick Slash+1"],"picked":"Gash+1","floor":55}],"player_experience":3552893,"relics_obtained":[{"floor":7.0,"key":"War Paint"},{"floor":9.0,"key":"Omamori"},{"floor":13.0,"key":"FossilizedHelix"},{"floor":21.0,"key":"Enchiridion"},{"floor":23.0,"key":"Dream Catcher"},{"floor":28.0,"key":"Turnip"},{"floor":30.0,"key":"Snake Skull"},{"floor":41.0,"key":"Orichalcum"},{"floor":43.0,"key":"Dodecahedron"},{"floor":45.0,"key":"Molten Egg 2"},{"floor":47.0,"key":"Shuriken"},{"floor":55,"key":"Pocketwatch"}],"event_choices":[{"damage_healed":0.0,"max_hp_gain":0.0,"max_hp_loss":0.0,"gold_gain":0.0,"event_name":"Lab","player_choice":"Got Potions","floor":2.0,"gold_loss":0.0,"damage_taken":0.0},{"damage_healed":0.0,"max_hp_gain":0.0,"max_hp_loss":0.0,"gold_gain":0.0,"event_name":"Accursed Blacksmith","player_choice":"Rummage","floor":11.0,"gold_loss":0.0,"damage_taken":0.0,"relics_obtained":["WarpedTongs"],"cards_obtained":["Pain"]},{"damage_healed":0.0,"max_hp_gain":0.0,"max_hp_loss":0.0,"gold_gain":0.0,"event_name":"Cursed Tome","player_choice":"Obtained Book","floor":21.0,"gold_loss":0.0,"damage_taken":21.0},{"damage_healed":0.0,"max_hp_gain":0.0,"max_hp_loss":0.0,"gold_gain":0.0,"event_name":"Vampires","player_choice":"Ignored","floor":31.0,"gold_loss":0.0,"damage_taken":0.0},{"damage_healed":0.0,"max_hp_gain":0.0,"max_hp_loss":0.0,"gold_gain":0.0,"event_name":"SecretPortal","player_choice":"Ignored","floor":36.0,"gold_loss":0.0,"damage_taken":0.0},{"damage_healed":0.0,"max_hp_gain":0.0,"max_hp_loss":0.0,"gold_gain":0.0,"event_name":"SensoryStone","player_choice":"Memory 3","floor":39.0,"gold_loss":0.0,"damage_taken":10.0},{"damage_healed":0.0,"max_hp_gain":0.0,"max_hp_loss":0.0,"gold_gain":0.0,"event_name":"Tomb of Lord Red Mask","player_choice":"Ignored","floor":44.0,"gold_loss":0.0,"damage_taken":0.0},{"damage_healed":13.0,"max_hp_gain":0.0,"max_hp_loss":0.0,"gold_gain":0.0,"event_name":"Winding Halls","player_choice":"Writhe","floor":48.0,"gold_loss":0.0,"damage_taken":0.0,"cards_obtained":["Writhe"]}],"is_beta":false,"boss_relics":[{"not_picked":["WristBlade","Philosopher\u0027s Stone"],"picked":"Pandora\u0027s Box"},{"not_picked":["Calling Bell","Fusion Hammer"],"picked":"HoveringKite"}],"items_purged_floors":[5,37],"is_endless":false,"potions_floor_spawned":[4,7,20,22,25,35,42,55],"ascension_level":20}