{"gold_per_floor":[111,128,42,42,54,54,54,85,85,111,111,111,111,136,136,232,232,245,260,281,106,106],"floor_reached":22,"playtime":1273,"items_purged":["Strike_R"],"score":388,"play_id":"28bb396a-8ebe-4522-9296-a30489f8fb3f","local_time":"20190125214151","is_ascension_mode":true,"campfire_choices":[{"data":"Bludgeon","floor":7.0,"key":"SMITH"},{"data":"Bash","floor":11.0,"key":"SMITH"},{"data":"True Grit","floor":15.0,"key":"SMITH"}],"neow_cost":"CURSE","seed_source_timestamp":33221632948946,"circlet_count":0,"master_deck":["AscendersBane","Defend_R","Defend_R+1","Defend_R+1","Defend_R","Bash+1","Clumsy","Bludgeon+1","Evolve","Dropkick","Double Tap","True Grit+1","Dark Embrace","Bloodletting+1","Berserk+1","Burning Pact+1","Warcry+1","Battle Trance","Finesse"],"special_seed":0,"relics":["Burning Blood","Mummified Hand","Turnip","Juzu Bracelet","War Paint","Golden Idol","Astrolabe"],"potions_floor_usage":[22],"damage_taken":[{"damage":1.0,"enemies":"Cultist","floor":1.0,"turns":3.0},{"damage":4.0,"enemies":"Jaw Worm","floor":2.0,"turns":4.0},{"damage":2.0,"enemies":"2 Louse","floor":5.0,"turns":4.0},{"damage":25.0,"enemies":"Lagavulin","floor":8.0,"turns":5.0},{"damage":31.0,"enemies":"Gremlin Nob","floor":10.0,"turns":4.0},{"damage":7.0,"enemies":"Exordium Wildlife","floor":14.0,"turns":3.0},{"damage":10.0,"enemies":"Slime Boss","floor":16.0,"turns":7.0},{"damage":4.0,"enemies":"theJungle:MUSHROOMGANG","floor":18.0,"turns":7.0},{"damage":26.0,"enemies":"theJungle:5_Spyders","floor":19.0,"turns":10.0},{"damage":14,"enemies":"theJungle:Snecko_Cultist_And_Trap","floor":20,"turns":9},{"damage":42,"enemies":"theJungle:2_Flameangoes","floor":22,"turns":7}],"seed_played":"-3086989102587495430","potions_obtained":[{"floor":8.0,"key":"AttackPotion"},{"floor":10.0,"key":"EntropicBrew"},{"floor":14.0,"key":"Block Potion"},{"floor":20,"key":"SkillPotion"}],"is_trial":false,"path_per_floor":["M","M","$","?","M","T","R","E","T","E","R","?","?","M","R","B",null,"M","M","M","$","M"],"character_chosen":"IRONCLAD","items_purchased":["Evolve","Finesse"],"campfire_rested":0,"item_purchase_floors":[3,21],"current_hp_per_floor":[73,75,75,68,72,72,72,53,53,28,28,28,28,27,27,23,57,59,39,31,31,0],"gold":106,"neow_bonus":"THREE_RARE_CARDS","is_prod":false,"is_daily":false,"chose_seed":false,"campfire_upgraded":3,"win_rate":0,"timestamp":1548423711,"path_taken":["M","M","$","?","M","?","R","E","T","E","R","?","?","M","R","BOSS","M","M","M","$","M"],"build_version":"2019-01-23","purchased_purges":1,"victory":false,"max_hp_per_floor":[75,75,75,75,75,75,75,75,75,75,75,75,68,68,68,68,68,68,68,68,68,68],"card_choices":[{"not_picked":["Exhume","Dark Embrace"],"picked":"Bludgeon","floor":0.0},{"not_picked":["Havoc","Sword Boomerang","Pommel Strike"],"picked":"SKIP","floor":1.0},{"not_picked":["Body Slam","Thunderclap","Clothesline"],"picked":"SKIP","floor":2.0},{"not_picked":["Disarm","Rupture","Twin Strike"],"picked":"SKIP","floor":5.0},{"not_picked":["Pommel Strike","Heavy Blade"],"picked":"Dropkick","floor":8.0},{"not_picked":["Combust","Clash"],"picked":"Double Tap","floor":10.0},{"not_picked":["Headbutt","Iron Wave"],"picked":"True Grit","floor":14.0},{"not_picked":["Barricade","Exhume"],"picked":"Dark Embrace","floor":16.0},{"not_picked":["Headbutt","Clash+1","Shrug It Off"],"picked":"SKIP","floor":18.0},{"not_picked":["Headbutt","Clash+1","Shrug It Off"],"picked":"SKIP","floor":18.0},{"not_picked":["Thunderclap","Cleave"],"picked":"Warcry+1","floor":19.0},{"not_picked":["Warcry","Body Slam"],"picked":"Battle Trance","floor":20}],"player_experience":2250513,"relics_obtained":[{"floor":6.0,"key":"Mummified Hand"},{"floor":8.0,"key":"Turnip"},{"floor":9.0,"key":"Juzu Bracelet"},{"floor":10.0,"key":"War Paint"}],"event_choices":[{"cards_removed":["Strike_R"],"damage_healed":0.0,"max_hp_gain":0.0,"max_hp_loss":0.0,"gold_gain":0.0,"event_name":"Golden Wing","player_choice":"Card Removal","floor":4.0,"gold_loss":0.0,"damage_taken":7.0},{"damage_healed":0.0,"max_hp_gain":0.0,"max_hp_loss":0.0,"gold_gain":0.0,"event_name":"Shining Light","player_choice":"Ignored","floor":12.0,"gold_loss":0.0,"damage_taken":0.0},{"damage_healed":0.0,"max_hp_gain":0.0,"max_hp_loss":7.0,"gold_gain":0.0,"event_name":"Golden Idol","player_choice":"Lose Max HP","floor":13.0,"gold_loss":0.0,"damage_taken":0.0,"relics_obtained":["Golden Idol"]}],"is_beta":false,"boss_relics":[{"not_picked":["Runic Dome","Calling Bell"],"picked":"Astrolabe"}],"items_purged_floors":[21],"is_endless":false,"potions_floor_spawned":[8,10,14,20],"killed_by":"theJungle:2_Flameangoes","ascension_level":20}