{"gold_per_floor":[109,109,127,52,72,103,103,118,141,141,141,141,157,157],"floor_reached":14,"playtime":303,"items_purged":[],"score":158,"play_id":"c6b4e1ea-469d-44b6-93d6-a1637998e7a7","local_time":"20180722100412","is_ascension_mode":true,"campfire_choices":[{"data":"Neutralize","floor":7,"key":"SMITH"},{"data":"Bane","floor":11,"key":"SMITH"}],"neow_cost":"NONE","seed_source_timestamp":10003578394248,"circlet_count":0,"master_deck":["Defend_G","Defend_G","Defend_G","Defend_G","Strike_G","Strike_G","Strike_G","Strike_G","Survivor","Neutralize+1","AscendersBane","Poisoned Stab","Sucker Punch","Bane+1","Crippling Poison"],"relics":["Ring of the Snake","NeowsBlessing","Strawberry","Happy Flower","Pantograph","Golden Idol"],"potions_floor_usage":[6,13],"damage_taken":[{"damage":0,"enemies":"Cultist","floor":1,"turns":1},{"damage":0,"enemies":"Small Slimes","floor":3,"turns":1},{"damage":0,"enemies":"2 Louse","floor":5,"turns":1},{"damage":21,"enemies":"Lagavulin","floor":6,"turns":8},{"damage":9,"enemies":"Exordium Wildlife","floor":8,"turns":5},{"damage":0,"enemies":"Exordium Thugs","floor":13,"turns":4},{"damage":13,"enemies":"Large Slime","floor":14,"turns":4}],"seed_played":"7306536362043542953","potions_obtained":[{"floor":1,"key":"AttackPotion"},{"floor":6,"key":"Block Potion"}],"is_trial":false,"path_per_floor":["M","?","M","?","M","E","R","M","T","T","R","?","M"],"character_chosen":"THE_SILENT","items_purchased":[],"campfire_rested":0,"item_purchase_floors":[],"current_hp_per_floor":[59,52,52,52,52,38,38,29,29,29,29,4,4,0],"gold":157,"neow_bonus":"THREE_ENEMY_KILL","is_prod":false,"is_daily":false,"chose_seed":false,"campfire_upgraded":2,"win_rate":0,"timestamp":1532225052,"path_taken":["M","?","M","?","?","E","R","M","T","?","R","?","M","?"],"build_version":"2018-07-19","purchased_purges":0,"victory":false,"max_hp_per_floor":[66,66,66,66,66,73,73,73,73,73,73,73,73,73],"card_choices":[{"not_picked":["Masterful Stab","Underhanded Strike"],"picked":"Poisoned Stab","floor":1},{"not_picked":["Quick Slash","Acrobatics"],"picked":"Sucker Punch","floor":3},{"not_picked":["Underhanded Strike","Prepared","Distraction"],"picked":"SKIP","floor":5},{"not_picked":["Venomology","Caltrops"],"picked":"Bane","floor":6},{"not_picked":["Flying Knee","PiercingWail"],"picked":"Crippling Poison","floor":8},{"not_picked":["Acrobatics","Infinite Blades","Choke"],"picked":"SKIP","floor":13}],"player_experience":762236,"relics_obtained":[{"floor":6,"key":"Strawberry"},{"floor":9,"key":"Happy Flower"},{"floor":10,"key":"Pantograph"}],"event_choices":[{"event_name":"Golden Wing","player_choice":"Card Removal","floor":2,"damage_taken":0},{"event_name":"The Cleric","player_choice":"Card Removal","floor":4,"damage_taken":0},{"event_name":"Golden Idol","player_choice":"Take Damage","floor":12,"damage_taken":0}],"is_beta":true,"boss_relics":[],"items_purged_floors":[],"is_endless":false,"potions_floor_spawned":[1,6],"killed_by":"Large Slime","ascension_level":15}