{"gold_per_floor":[112,70,70,70,70,101,101,165,165,181,199,38,54,54,54,54],"floor_reached":16,"playtime":284,"items_purged":[],"score":246,"play_id":"51054513-9bd9-4bc0-9df2-9ce27b904537","local_time":"20190402101011","is_ascension_mode":true,"campfire_choices":[{"data":"Noxious Fumes","floor":7,"key":"SMITH"},{"data":"Noxious Fumes","floor":15,"key":"SMITH"}],"neow_cost":"NONE","seed_source_timestamp":11806185678909,"circlet_count":0,"master_deck":["AscendersBane","Defend_G+1","Defend_G+1","Defend_G+1","Defend_G","Defend_G","Strike_G","Strike_G","Strike_G","Strike_G","Survivor","Neutralize+1","Noxious Fumes+1","Dagger Throw","Escape Plan","Noxious Fumes+1","Regret"],"relics":["Ring of the Snake","NeowsBlessing","Gambling Chip","Blue Candle","Ornamental Fan","War Paint","Unceasing Top"],"potions_floor_usage":[],"damage_taken":[{"damage":0,"enemies":"Jaw Worm","floor":1,"turns":1},{"damage":0,"enemies":"Gremlin Nob","floor":6,"turns":1},{"damage":0,"enemies":"Lagavulin Event","floor":8,"turns":1},{"damage":3,"enemies":"Small Slimes","floor":10,"turns":5},{"damage":0,"enemies":"2 Louse","floor":11,"turns":3},{"damage":12,"enemies":"Lots of Slimes","floor":13,"turns":4},{"damage":1,"enemies":"Slime Boss","floor":16,"turns":3}],"seed_played":"-764268780689660147","potions_obtained":[{"floor":11,"key":"Strength Potion"},{"floor":13,"key":"Strength Potion"}],"is_trial":false,"path_per_floor":["M","$","?","?","?","E","R","?","T","M","M","$","M","?","R","B"],"character_chosen":"THE_SILENT","items_purchased":["Noxious Fumes","War Paint"],"campfire_rested":0,"item_purchase_floors":[2,12],"current_hp_per_floor":[59,59,59,59,39,39,39,39,39,36,36,36,24,24,24,23],"gold":54,"neow_bonus":"THREE_ENEMY_KILL","is_prod":false,"is_daily":false,"chose_seed":false,"campfire_upgraded":2,"win_rate":0,"timestamp":1554171011,"path_taken":["M","$","?","?","?","E","R","?","T","M","M","?","?","?","R","BOSS"],"build_version":"2019-01-23","purchased_purges":0,"victory":false,"max_hp_per_floor":[66,66,66,66,66,66,66,66,66,66,66,66,66,66,66,66],"card_choices":[{"not_picked":["PiercingWail","Prepared","Distraction"],"picked":"SKIP","floor":1},{"not_picked":["Sucker Punch","Flechettes","Accuracy"],"picked":"SKIP","floor":6},{"not_picked":["Sucker Punch","Concentrate"],"picked":"Escape Plan","floor":10},{"not_picked":["Endless Agony","Bane"],"picked":"Noxious Fumes","floor":11},{"not_picked":["Cloak And Dagger","Prepared","Flechettes"],"picked":"SKIP","floor":13}],"player_experience":4008357,"relics_obtained":[{"floor":6,"key":"Gambling Chip"},{"floor":9,"key":"Ornamental Fan"}],"event_choices":[{"damage_healed":0,"gold_gain":0,"player_choice":"Leave","damage_taken":0,"max_hp_gain":0,"max_hp_loss":0,"event_name":"The Cleric","floor":3,"gold_loss":0},{"damage_healed":0,"gold_gain":0,"cards_transformed":["Strike_G"],"player_choice":"Change","damage_taken":0,"max_hp_gain":0,"max_hp_loss":0,"event_name":"Living Wall","floor":4,"gold_loss":0,"cards_obtained":["Dagger Throw"]},{"damage_healed":0,"gold_gain":0,"player_choice":"Entered Light","damage_taken":20,"max_hp_gain":0,"max_hp_loss":0,"event_name":"Shining Light","floor":5,"gold_loss":0,"cards_upgraded":["Neutralize","Defend_G"]},{"damage_healed":0,"gold_gain":0,"player_choice":"Searched \u00272\u0027 times","damage_taken":0,"relics_obtained":["Blue Candle"],"max_hp_gain":0,"max_hp_loss":0,"event_name":"Dead Adventurer","floor":8,"gold_loss":0},{"damage_healed":0,"gold_gain":0,"player_choice":"Box","damage_taken":0,"relics_obtained":["Unceasing Top"],"max_hp_gain":0,"max_hp_loss":0,"event_name":"Big Fish","floor":14,"gold_loss":0,"cards_obtained":["Regret"]}],"is_beta":false,"boss_relics":[],"items_purged_floors":[],"is_endless":false,"potions_floor_spawned":[11,13],"killed_by":"Slime Boss","ascension_level":20}