{"gold_per_floor":[116,126,126,137,157,157,177,191,242,259,259,277,277,277],"floor_reached":14,"playtime":460,"items_purged":[],"score":168,"play_id":"f64dcb88-702e-4641-bacf-42459ca3f829","local_time":"20190218205030","is_ascension_mode":true,"campfire_choices":[{"data":"Deadly Poison","floor":6.0,"key":"SMITH"},{"data":"Catalyst","floor":11,"key":"SMITH"}],"neow_cost":"NONE","seed_source_timestamp":45819770887171,"circlet_count":0,"master_deck":["AscendersBane","Defend_G","Defend_G","Defend_G","Defend_G","Defend_G","Strike_G","Strike_G","Strike_G","Survivor","Neutralize","Deadly Poison+1","Leg Sweep","Footwork","Footwork","Catalyst+1","Deadly Poison","Footwork"],"special_seed":0,"relics":["Ring of the Snake","NeowsBlessing","Odd Mushroom"],"potions_floor_usage":[],"damage_taken":[{"damage":0.0,"enemies":"Cultist","floor":1.0,"turns":1.0},{"damage":0.0,"enemies":"Small Slimes","floor":2.0,"turns":1.0},{"damage":0.0,"enemies":"2 Louse","floor":4.0,"turns":1.0},{"damage":0.0,"enemies":"Blue Slaver","floor":5.0,"turns":6.0},{"damage":35.0,"enemies":"The Mushroom Lair","floor":7.0,"turns":8.0},{"damage":12,"enemies":"Exordium Thugs","floor":8,"turns":9},{"damage":1,"enemies":"Large Slime","floor":10,"turns":8},{"damage":1,"enemies":"Blue Slaver","floor":12,"turns":4},{"damage":0,"enemies":"Gremlin Gang","floor":14,"turns":1}],"seed_played":"-5024857878545910688","potions_obtained":[{"floor":2.0,"key":"SpeedPotion"},{"floor":4.0,"key":"Dexterity Potion"},{"floor":8,"key":"EssenceOfSteel"}],"is_trial":false,"path_per_floor":["M","M","?","M","M","R","?","M","T","M","R","M","?","M"],"character_chosen":"THE_SILENT","items_purchased":[],"campfire_rested":0,"item_purchase_floors":[],"current_hp_per_floor":[59,59,59,59,59,59,24,12,12,11,11,10,10,10],"gold":277,"neow_bonus":"THREE_ENEMY_KILL","is_prod":false,"is_daily":false,"chose_seed":false,"campfire_upgraded":2,"win_rate":0,"timestamp":1550494230,"path_taken":["M","?","?","?","M","R","?","M","T","M","R","M","?","?"],"build_version":"2019-01-23","purchased_purges":0,"victory":false,"max_hp_per_floor":[66,66,66,66,66,66,66,66,66,66,66,66,66,66],"card_choices":[{"not_picked":["Blade Dance","Infinite Blades"],"picked":"Deadly Poison","floor":1.0},{"not_picked":["Dagger Throw","Outmaneuver","PiercingWail"],"picked":"SKIP","floor":2.0},{"not_picked":["Skewer","Expertise"],"picked":"Leg Sweep","floor":4.0},{"not_picked":["Dash","Dagger Spray"],"picked":"Footwork","floor":5.0},{"not_picked":["Expertise","Outmaneuver"],"picked":"Footwork","floor":7.0},{"not_picked":["Dagger Throw","Accuracy"],"picked":"Catalyst","floor":8},{"not_picked":["Accuracy","Dagger Throw"],"picked":"Deadly Poison","floor":10},{"not_picked":["Flying Knee","Prepared"],"picked":"Footwork","floor":12}],"player_experience":2920803,"relics_obtained":[{"floor":7.0,"key":"Odd Mushroom"}],"event_choices":[{"cards_removed":["Strike_G"],"damage_healed":0.0,"max_hp_gain":0.0,"max_hp_loss":0.0,"gold_gain":0.0,"event_name":"Purifier","player_choice":"Purged","floor":3.0,"gold_loss":0.0,"damage_taken":0.0},{"damage_healed":0.0,"max_hp_gain":0.0,"max_hp_loss":0.0,"gold_gain":0.0,"event_name":"Mushrooms","player_choice":"Fought Mushrooms","floor":7.0,"gold_loss":0.0,"damage_taken":0.0},{"cards_removed":["Strike_G"],"damage_healed":0,"gold_gain":0,"player_choice":"Offered Basic","damage_taken":0,"max_hp_gain":0,"max_hp_loss":0,"event_name":"Bonfire Elementals","floor":13,"gold_loss":0}],"is_beta":false,"boss_relics":[],"items_purged_floors":[],"is_endless":false,"potions_floor_spawned":[2,4,8,12],"killed_by":"Gremlin Gang","ascension_level":20}