{"gold_per_floor":[118,118,134,154,174,174,188,188,188,202,127,458,473,46,46,125,125,139,64,82,95,95,126,126,106,106,124,153,28,28,55,55,129,129,149,149,169,181,31,60,110,125,125,157,171,185,212,231,231,231,231,231,231,56,84,84],"floor_reached":57,"playtime":2683,"items_purged":["Strike_G","Strike_G","Defend_G","Defend_G","Tactician"],"score":3437,"play_id":"be43324f-4ebc-47e8-a108-150c128b656c","local_time":"20190113214524","is_ascension_mode":true,"campfire_choices":[{"data":"Deadly Poison","floor":6.0,"key":"SMITH"},{"data":"Concentrate","floor":8.0,"key":"SMITH"},{"data":"Neutralize","floor":15.0,"key":"SMITH"},{"data":"Acrobatics","floor":24.0,"key":"SMITH"},{"data":"Well Laid Plans","floor":30,"key":"SMITH"},{"data":"Reflex","floor":32,"key":"SMITH"},{"floor":49,"key":"RECALL"},{"data":"Footwork","floor":53,"key":"SMITH"}],"neow_cost":"TEN_PERCENT_HP_LOSS","seed_source_timestamp":14759927530025,"circlet_count":0,"master_deck":["AscendersBane","Defend_G","Survivor","Neutralize+1","Deadly Poison+1","Escape Plan","Backflip","Concentrate+1","Grand Finale","Grand Finale","Acrobatics+1","Reflex+1","Well Laid Plans+1","Adrenaline","Footwork+1"],"special_seed":0,"relics":["Ring of the Snake","Question Card","Old Coin","Gambling Chip","Empty Cage","Pear","Paper Crane","Prayer Wheel","Centennial Puzzle","Orrery","Bag of Preparation","Boot","Letter Opener"],"potions_floor_usage":[56],"damage_taken":[{"damage":1.0,"enemies":"Jaw Worm","floor":1.0,"turns":8.0},{"damage":6.0,"enemies":"Cultist","floor":3.0,"turns":5.0},{"damage":0.0,"enemies":"2 Louse","floor":4.0,"turns":3.0},{"damage":1.0,"enemies":"Blue Slaver","floor":5.0,"turns":5.0},{"damage":1.0,"enemies":"Red Slaver","floor":7.0,"turns":4.0},{"damage":0.0,"enemies":"3 Louse","floor":10.0,"turns":5.0},{"damage":0.0,"enemies":"3 Sentries","floor":12.0,"turns":1.0},{"damage":5.0,"enemies":"Gremlin Gang","floor":13.0,"turns":2.0},{"damage":27.0,"enemies":"The Guardian","floor":16.0,"turns":14.0},{"damage":0.0,"enemies":"3 Byrds","floor":18.0,"turns":1.0},{"damage":0.0,"enemies":"2 Thieves","floor":20.0,"turns":1.0},{"damage":0.0,"enemies":"3 Cultists","floor":21.0,"turns":1.0},{"damage":0.0,"enemies":"Gremlin Leader","floor":23.0,"turns":4.0},{"damage":6,"enemies":"Sentry and Sphere","floor":27,"turns":3},{"damage":0,"enemies":"Book of Stabbing","floor":28,"turns":2},{"damage":0,"enemies":"Slavers","floor":31,"turns":1},{"damage":0,"enemies":"Champ","floor":33,"turns":4},{"damage":0,"enemies":"3 Shapes","floor":35,"turns":1},{"damage":0,"enemies":"Orb Walker","floor":37,"turns":1},{"damage":0,"enemies":"Sphere and 2 Shapes","floor":38,"turns":1},{"damage":2,"enemies":"Nemesis","floor":40,"turns":3},{"damage":0,"enemies":"Jaw Worm Horde","floor":42,"turns":1},{"damage":0,"enemies":"Giant Head","floor":44,"turns":2},{"damage":0,"enemies":"Writhing Mass","floor":45,"turns":1},{"damage":0,"enemies":"3 Darklings","floor":46,"turns":1},{"damage":0,"enemies":"Reptomancer","floor":47,"turns":1},{"damage":2,"enemies":"Sphere and 2 Shapes","floor":48,"turns":1},{"damage":6,"enemies":"Time Eater","floor":50,"turns":3},{"damage":0,"enemies":"Donu and Deca","floor":51,"turns":1},{"damage":0,"enemies":"Shield and Spear","floor":55,"turns":1},{"damage":33,"enemies":"The Heart","floor":56,"turns":6}],"seed_played":"3505031318091348881","potions_obtained":[{"floor":7.0,"key":"GamblersBrew"},{"floor":10.0,"key":"Energy Potion"},{"floor":12.0,"key":"Dexterity Potion"},{"floor":18.0,"key":"GhostInAJar"}],"is_trial":false,"path_per_floor":["M","?","M","M","M","R","M","R","T","M","$","E","M","$","R","B",null,"M","?","M","M","$","E","R","?","T","M","E","$","R","E","R","B",null,"M","?","M","M","$","E","?","M","T","E","M","M","E","M","R","B","B",null,"R","$","E","B",null],"character_chosen":"THE_SILENT","items_purchased":["Gambling Chip"],"campfire_rested":0,"item_purchase_floors":[14],"current_hp_per_floor":[58,58,52,52,51,51,50,50,50,50,50,50,45,45,45,18,50,50,50,50,50,50,60,60,60,60,54,54,54,54,54,54,54,66,66,66,66,66,66,64,64,64,64,64,64,64,64,62,62,56,56,64,64,64,64,31],"gold":84,"neow_bonus":"REMOVE_TWO","is_prod":false,"is_daily":false,"chose_seed":false,"campfire_upgraded":7,"win_rate":0,"timestamp":1547387124,"path_taken":["M","?","M","M","M","R","M","R","T","M","$","E","?","$","R","BOSS","M","?","M","M","$","E","R","?","T","M","E","$","R","E","R","BOSS","M","?","M","M","$","E","?","?","T","E","M","M","E","M","R","BOSS","BOSS","R","$","E","BOSS"],"build_version":"2019-01-10","purchased_purges":5,"victory":true,"max_hp_per_floor":[60,60,60,60,60,60,60,60,60,60,60,60,60,60,60,60,60,60,60,60,60,60,70,70,70,70,70,70,70,70,70,70,70,70,70,66,66,66,66,66,66,66,66,66,66,66,66,66,66,66,66,66,66,66,66,66],"card_choices":[{"not_picked":["Sucker Punch","Underhanded Strike"],"picked":"Deadly Poison","floor":1.0},{"not_picked":["Sucker Punch","Prepared","Eviscerate"],"picked":"SKIP","floor":3.0},{"not_picked":["Underhanded Strike","PiercingWail"],"picked":"Escape Plan","floor":4.0},{"not_picked":["Bouncing Flask","Dagger Throw"],"picked":"Backflip","floor":5.0},{"not_picked":["Backflip","Concentrate","Skewer"],"picked":"SKIP","floor":7.0},{"not_picked":["Backflip","Skewer"],"picked":"Concentrate","floor":7.0},{"not_picked":["Sucker Punch","PiercingWail","Cloak And Dagger"],"picked":"Grand Finale","floor":10.0},{"not_picked":["Poisoned Stab","Underhanded Strike","Masterful Stab","Deadly Poison"],"picked":"SKIP","floor":12.0},{"not_picked":["Dagger Spray","Deadly Poison","Backflip"],"picked":"Tactician","floor":13.0},{"not_picked":["Phantasmal Killer","Venomology","A Thousand Cuts"],"picked":"Grand Finale","floor":16.0},{"not_picked":["Cloak And Dagger","All Out Attack","Prepared","Quick Slash"],"picked":"SKIP","floor":18.0},{"not_picked":["Die Die Die","Poisoned Stab","Footwork","Cloak And Dagger+1"],"picked":"SKIP","floor":20.0},{"not_picked":["Backflip","Cloak And Dagger","Deadly Poison+1","Flying Knee"],"picked":"SKIP","floor":21.0},{"not_picked":["Distraction","Dagger Throw","Footwork"],"picked":"Acrobatics","floor":23.0},{"not_picked":["Bouncing Flask","Masterful Stab","PiercingWail"],"picked":"Reflex","floor":27},{"not_picked":["Deflect","Underhanded Strike","Setup"],"picked":"Well Laid Plans","floor":28},{"not_picked":["Predator","Sucker Punch","Cloak And Dagger","Distraction"],"picked":"SKIP","floor":31},{"not_picked":["Bane","Poisoned Stab","Outmaneuver"],"picked":"Adrenaline","floor":34},{"not_picked":["Riddle With Holes+1","Predator","Bouncing Flask"],"picked":"Footwork","floor":34},{"not_picked":["Outmaneuver","Underhanded Strike","Deadly Poison+1","Reflex"],"picked":"SKIP","floor":35},{"not_picked":["Wraith Form v2","Underhanded Strike","Acrobatics","Deadly Poison"],"picked":"SKIP","floor":35},{"not_picked":["Sucker Punch","Deadly Poison","Flying Knee+1","Accuracy+1"],"picked":"SKIP","floor":37},{"not_picked":["Dagger Spray","Prepared","Masterful Stab","Bane+1"],"picked":"SKIP","floor":37},{"not_picked":["Blade Dance","Cloak And Dagger+1","Accuracy+1","Prepared"],"picked":"SKIP","floor":38},{"not_picked":["Blade Dance+1","Flying Knee","Deadly Poison","Poisoned Stab"],"picked":"SKIP","floor":38},{"not_picked":["Bouncing Flask","Blade Dance","Venomology","Dash"],"picked":"SKIP","floor":40},{"not_picked":["Backflip","Leg Sweep","Poisoned Stab+1","Dagger Spray"],"picked":"SKIP","floor":42},{"not_picked":["Deflect","Phantasmal Killer","Sucker Punch+1","PiercingWail"],"picked":"SKIP","floor":42},{"not_picked":["Prepared","Bouncing Flask","Accuracy","Dagger Throw"],"picked":"SKIP","floor":44},{"not_picked":["Acrobatics","Tactician","Sucker Punch","Distraction"],"picked":"SKIP","floor":45},{"not_picked":["Finisher","Infinite Blades","Flying Knee","Deflect"],"picked":"SKIP","floor":45},{"not_picked":["Slice+1","Flechettes+1","Cloak And Dagger+1","Poisoned Stab+1"],"picked":"SKIP","floor":46},{"not_picked":["Cloak And Dagger","Bouncing Flask+1","After Image","Caltrops"],"picked":"SKIP","floor":46},{"not_picked":["Underhanded Strike","Poisoned Stab+1","PiercingWail","Prepared+1"],"picked":"SKIP","floor":47},{"not_picked":["Expertise","Finisher","Deflect","Leg Sweep"],"picked":"SKIP","floor":48},{"not_picked":["Blade Dance","Distraction","Outmaneuver+1","Dagger Throw"],"picked":"SKIP","floor":48},{"not_picked":["Quick Slash","Acrobatics","Flying Knee","Setup+1"],"picked":"SKIP","floor":55},{"not_picked":["Quick Slash","Acrobatics","Flying Knee","Setup+1"],"picked":"SKIP","floor":55}],"player_experience":1270319,"relics_obtained":[{"floor":9.0,"key":"Question Card"},{"floor":12.0,"key":"Old Coin"},{"floor":23.0,"key":"Pear"},{"floor":26.0,"key":"Paper Crane"},{"floor":28,"key":"Prayer Wheel"},{"floor":31,"key":"Centennial Puzzle"},{"floor":40,"key":"Bag of Preparation"},{"floor":44,"key":"Boot"},{"floor":47,"key":"Letter Opener"}],"event_choices":[{"damage_healed":0.0,"max_hp_gain":0.0,"max_hp_loss":0.0,"gold_gain":0.0,"event_name":"Match and Keep!","player_choice":"0 cards matched","floor":2.0,"gold_loss":0.0,"damage_taken":0.0,"cards_obtained":[]},{"cards_removed":["Defend_G"],"damage_healed":0.0,"max_hp_gain":0.0,"max_hp_loss":0.0,"gold_gain":0.0,"event_name":"Beggar","player_choice":"Gave Gold","floor":19.0,"gold_loss":75.0,"damage_taken":0.0},{"damage_healed":0.0,"max_hp_gain":0.0,"max_hp_loss":0.0,"gold_gain":0.0,"event_name":"The Woman in Blue","player_choice":"Bought 1 Potion","floor":25.0,"gold_loss":0.0,"damage_taken":0.0},{"damage_healed":0,"gold_gain":0,"player_choice":"Max HP","damage_taken":0,"max_hp_gain":0,"max_hp_loss":4,"event_name":"Winding Halls","floor":36,"gold_loss":0},{"damage_healed":0,"gold_gain":50,"player_choice":"Pray","damage_taken":0,"max_hp_gain":0,"max_hp_loss":0,"event_name":"Golden Shrine","floor":41,"gold_loss":0}],"is_beta":true,"boss_relics":[{"not_picked":["WristBlade","Tiny House"],"picked":"Empty Cage"},{"not_picked":["Velvet Choker","HoveringKite"],"picked":"Orrery"}],"items_purged_floors":[11,14,29,39,54],"is_endless":false,"potions_floor_spawned":[7,10,12,13,18,21,31,35,40,46,48],"ascension_level":20}