{"gold_per_floor":[112,187,207,47,47,47,47,47,70,95,95,110,124,142,142,216,216,230,230,261,38,55,55,55],"floor_reached":24,"playtime":511,"items_purged":[],"score":457,"play_id":"9cdfb31d-cf9c-4329-a694-0966b5a7b993","local_time":"20181010211408","is_ascension_mode":true,"campfire_choices":[{"data":"Zap","floor":6.0,"key":"SMITH"},{"data":"Defragment","floor":8,"key":"SMITH"},{"data":"Defragment","floor":11,"key":"SMITH"},{"data":"Buffer","floor":15,"key":"SMITH"},{"floor":23,"key":"REST"}],"neow_cost":"NONE","seed_source_timestamp":717845422397458,"circlet_count":0,"master_deck":["Strike_B","Strike_B","Strike_B","Defend_B","Defend_B+1","Defend_B","Zap+1","Dualcast","AscendersBane","Sweeping Beam","Defragment+1","Core Surge","Buffer+1","Deep Breath+1","Defragment+1","Glacier","Loop","Self Repair","Leap+1"],"special_seed":0,"relics":["Cracked Core","NeowsBlessing","Sundial","Regal Pillow","Bronze Scales","Empty Cage","Red Mask","War Paint"],"potions_floor_usage":[],"damage_taken":[{"damage":0.0,"enemies":"Small Slimes","floor":1.0,"turns":1.0},{"damage":0.0,"enemies":"Cultist","floor":3.0,"turns":1.0},{"damage":0,"enemies":"Gremlin Nob","floor":10,"turns":1},{"damage":7,"enemies":"Jaw Worm","floor":12,"turns":3},{"damage":6,"enemies":"3 Louse","floor":13,"turns":3},{"damage":4,"enemies":"Red Slaver","floor":14,"turns":3},{"damage":0,"enemies":"The Guardian","floor":16,"turns":11},{"damage":0,"enemies":"Chosen","floor":18,"turns":4},{"damage":51,"enemies":"Masked Bandits","floor":20,"turns":4},{"damage":0,"enemies":"Spheric Guardian","floor":22,"turns":4},{"damage":0,"enemies":"Slavers","floor":24,"turns":1}],"seed_played":"-3870186037469586229","potions_obtained":[{"floor":10,"key":"Swift Potion"},{"floor":12,"key":"EssenceOfSteel"}],"is_trial":false,"path_per_floor":["M","?","M","$","T","R","?","R","T","E","R","M","M","M","R","B",null,"M","?","?","$","M","R"],"character_chosen":"DEFECT","items_purchased":["Core Surge","Self Repair","War Paint"],"campfire_rested":1,"item_purchase_floors":[4,21,21],"current_hp_per_floor":[64,53,53,53,53,53,53,53,53,53,53,46,40,36,36,36,62,62,62,11,11,18,54,54],"gold":55,"neow_bonus":"THREE_ENEMY_KILL","is_prod":false,"is_daily":false,"chose_seed":false,"campfire_upgraded":4,"win_rate":0,"timestamp":1539177248,"path_taken":["M","?","M","?","?","R","?","R","T","E","R","M","M","?","R","BOSS","M","?","?","$","M","R","E"],"build_version":"2018-10-04v2","purchased_purges":0,"victory":false,"max_hp_per_floor":[71,71,71,71,71,71,71,71,71,71,71,71,71,71,71,71,71,71,71,71,71,71,71,71],"card_choices":[{"not_picked":["Steam","Undo"],"picked":"Sweeping Beam","floor":1.0},{"not_picked":["Hologram","Lockon"],"picked":"Defragment","floor":3.0},{"not_picked":["Leap","Storm"],"picked":"Defragment","floor":10},{"not_picked":["Turbo","Consume"],"picked":"Glacier","floor":12},{"not_picked":["Barrage","Chill","All For One"],"picked":"SKIP","floor":13},{"not_picked":["Turbo","Rebound","Recycle"],"picked":"SKIP","floor":14},{"not_picked":["Auto Shields","Skim+1"],"picked":"Loop","floor":18},{"not_picked":["Stack","Double Energy"],"picked":"Leap+1","floor":22}],"player_experience":270278,"relics_obtained":[{"floor":5.0,"key":"Sundial"},{"floor":9,"key":"Regal Pillow"},{"floor":10,"key":"Bronze Scales"},{"floor":20,"key":"Red Mask"}],"event_choices":[{"event_name":"World of Goop","player_choice":"Gather Gold","floor":2.0,"damage_taken":0.0},{"event_name":"Match and Keep!","player_choice":"2 cards matched","floor":7,"damage_taken":0},{"event_name":"The Woman in Blue","player_choice":"Bought 0 Potions","floor":19,"damage_taken":0},{"event_name":"Masked Bandits","player_choice":"Fought Bandits","floor":20,"damage_taken":0}],"is_beta":false,"boss_relics":[{"not_picked":["Fusion Hammer","Nuclear Battery"],"picked":"Empty Cage"}],"items_purged_floors":[],"is_endless":false,"potions_floor_spawned":[10,12,13,16,18,22],"killed_by":"Slavers","ascension_level":14}