{"gold_per_floor":[118,137,207,282,282,312,312,331,331,364,364,379,85,114,114,193,193,212,212,112,112],"floor_reached":21,"playtime":583,"items_purged":["Strike_B","Strike_B"],"score":540,"play_id":"6f186289-4919-4b46-9829-4a6196663570","local_time":"20181119193947","is_ascension_mode":true,"campfire_choices":[{"data":"Zap","floor":7.0,"key":"SMITH"},{"data":"Defragment","floor":11.0,"key":"SMITH"},{"data":"Blizzard","floor":15.0,"key":"SMITH"}],"neow_cost":"NONE","seed_source_timestamp":1672938421619202,"circlet_count":0,"master_deck":["AscendersBane","Strike_B","Defend_B","Defend_B","Defend_B","Defend_B","Zap+1","Dualcast","Coolheaded","Defragment+1","Creative AI","Blizzard+1","Capacitor","Rainbow","Turbo","Fission"],"special_seed":0,"relics":["Cracked Core","NeowsBlessing","Blue Candle","Anchor","Mercury Hourglass","Dodecahedron","Runic Capacitor","Cables","Orrery"],"potions_floor_usage":[],"damage_taken":[{"damage":0.0,"enemies":"Cultist","floor":1.0,"turns":1.0},{"damage":0.0,"enemies":"Jaw Worm","floor":2.0,"turns":1.0},{"damage":0.0,"enemies":"Gremlin Nob","floor":6.0,"turns":1.0},{"damage":0.0,"enemies":"2 Louse","floor":8.0,"turns":4.0},{"damage":11.0,"enemies":"Lagavulin","floor":10.0,"turns":6.0},{"damage":0.0,"enemies":"Red Slaver","floor":12.0,"turns":4.0},{"damage":16.0,"enemies":"3 Sentries","floor":14.0,"turns":6.0},{"damage":0.0,"enemies":"Slime Boss","floor":16.0,"turns":5.0},{"damage":20,"enemies":"Chosen","floor":18,"turns":5},{"damage":30,"enemies":"Colosseum Slavers","floor":19,"turns":4},{"damage":10,"enemies":"Shell Parasite","floor":21,"turns":4}],"seed_played":"-3776316845180306493","potions_obtained":[{"floor":1.0,"key":"SpeedPotion"},{"floor":8.0,"key":"Weak Potion"},{"floor":14.0,"key":"Strength Potion"},{"floor":16.0,"key":"Dexterity Potion"}],"is_trial":false,"path_per_floor":["M","M","T","?","?","E","R","M","T","E","R","M","$","E","R","B",null,"M","?","$","M"],"character_chosen":"DEFECT","items_purchased":["Runic Capacitor"],"campfire_rested":0,"item_purchase_floors":[13],"current_hp_per_floor":[64,64,64,53,53,53,53,53,53,42,42,42,42,26,26,26,60,40,10,10,0],"gold":112,"neow_bonus":"THREE_ENEMY_KILL","is_prod":false,"is_daily":false,"chose_seed":false,"campfire_upgraded":3,"win_rate":0,"timestamp":1542627587,"path_taken":["M","?","?","?","?","E","R","?","T","E","R","M","$","E","R","BOSS","M","?","$","M"],"build_version":"2018-11-15","purchased_purges":2,"victory":false,"max_hp_per_floor":[71,71,71,71,71,71,71,71,71,71,71,71,71,71,71,71,71,71,71,71,71],"card_choices":[{"not_picked":["Static Discharge","Cold Snap"],"picked":"Coolheaded","floor":1.0},{"not_picked":["Ball Lightning","Leap"],"picked":"Defragment","floor":2.0},{"not_picked":["Compile Driver","Chill"],"picked":"Creative AI","floor":6.0},{"not_picked":["Conserve Battery","Double Energy"],"picked":"Blizzard","floor":8.0},{"not_picked":["Steam","Streamline","Lockon"],"picked":"SKIP","floor":10.0},{"not_picked":["Gash","Steam","Scrape"],"picked":"SKIP","floor":12.0},{"not_picked":["Gash","Rebound"],"picked":"Capacitor","floor":14.0},{"not_picked":["Amplify","All For One"],"picked":"Rainbow","floor":16.0},{"not_picked":["Leap","Streamline"],"picked":"Turbo","floor":17},{"not_picked":["Conserve Battery","Chaos"],"picked":"Fission","floor":17},{"not_picked":["Beam Cell","Steam","Streamline"],"picked":"SKIP","floor":18}],"player_experience":563400,"relics_obtained":[{"floor":3.0,"key":"Blue Candle"},{"floor":6.0,"key":"Anchor"},{"floor":9.0,"key":"Mercury Hourglass"},{"floor":10.0,"key":"Dodecahedron"},{"floor":14.0,"key":"Cables"}],"event_choices":[{"damage_healed":0.0,"max_hp_gain":0.0,"max_hp_loss":0.0,"gold_gain":75.0,"event_name":"World of Goop","player_choice":"Gather Gold","floor":4.0,"gold_loss":0.0,"damage_taken":11.0},{"cards_removed":["Strike_B"],"damage_healed":0.0,"max_hp_gain":0.0,"max_hp_loss":0.0,"gold_gain":0.0,"event_name":"Purifier","player_choice":"Purged","floor":5.0,"gold_loss":0.0,"damage_taken":0.0},{"damage_healed":0,"gold_gain":0,"player_choice":"Fight","damage_taken":0,"max_hp_gain":0,"max_hp_loss":0,"event_name":"Colosseum","floor":19,"gold_loss":0},{"damage_healed":0,"gold_gain":0,"player_choice":"Fled From Nobs","damage_taken":0,"max_hp_gain":0,"max_hp_loss":0,"event_name":"Colosseum","floor":19,"gold_loss":0}],"is_beta":true,"boss_relics":[{"not_picked":["Inserter","Black Star"],"picked":"Orrery"}],"items_purged_floors":[13,20],"is_endless":false,"potions_floor_spawned":[1,8,14,16],"killed_by":"Shell Parasite","ascension_level":20}