{"gold_per_floor":[17,35,45,45,59,59,59,72,72,91,121,131,131,142,142,240,240,260,276,201,201,201,201,212,212,268,286,304,304,8,27,27,124,124,138,148,23,0,0,0,0,31,31,64,64,76,76,87,87,87],"floor_reached":51,"playtime":2777,"items_purged":["Strike_G","Defend_G","Survivor"],"score":761,"play_id":"51fc2adf-8da0-49b3-bddb-4f1b5f5d5125","local_time":"20190718201556","is_ascension_mode":false,"campfire_choices":[{"data":"Catalyst","floor":6.0,"key":"SMITH"},{"data":"Bouncing Flask","floor":13.0,"key":"SMITH"},{"data":"Deadly Poison","floor":15.0,"key":"SMITH"},{"data":"Malaise","floor":23,"key":"SMITH"},{"data":"Neutralize","floor":25,"key":"SMITH"},{"data":"Tools of the Trade","floor":32,"key":"SMITH"},{"floor":40,"key":"REST"},{"floor":45,"key":"REST"},{"floor":47,"key":"REST"},{"floor":49,"key":"RECALL"}],"neow_cost":"NO_GOLD","seed_source_timestamp":4768163716424,"circlet_count":0,"master_deck":["Defend_G+1","Neutralize+1","Adrenaline+1","Poisoned Stab+1","Expertise+1","Deadly Poison+1","Catalyst+1","Bouncing Flask+1","Malaise+1","Well Laid Plans+1","Backstab+1","Tools of the Trade+1","Catalyst+1","Grand Finale+1","Reflex+1","Expertise+1","Prepared+1","Well Laid Plans+1"],"special_seed":0,"relics":["Ring of the Snake","Pantograph","Mercury Hourglass","Empty Cage","Tiny Chest","DollysMirror","HoveringKite","Red Mask","Mark of the Bloom","Toxic Egg 2","Kunai","Pen Nib","Whetstone"],"potions_floor_usage":[44,50,50],"damage_taken":[{"damage":0.0,"enemies":"2 Louse","floor":1.0,"turns":2.0},{"damage":0.0,"enemies":"Jaw Worm","floor":2.0,"turns":4.0},{"damage":0.0,"enemies":"Cultist","floor":3.0,"turns":3.0},{"damage":0.0,"enemies":"Gremlin Gang","floor":5.0,"turns":6.0},{"damage":0.0,"enemies":"3 Louse","floor":8.0,"turns":3.0},{"damage":4.0,"enemies":"Blue Slaver","floor":10.0,"turns":3.0},{"damage":20.0,"enemies":"3 Sentries","floor":11.0,"turns":10.0},{"damage":0.0,"enemies":"Looter","floor":12.0,"turns":2.0},{"damage":0.0,"enemies":"Exordium Wildlife","floor":14.0,"turns":2.0},{"damage":13.0,"enemies":"The Guardian","floor":16.0,"turns":6.0},{"damage":0.0,"enemies":"Chosen","floor":18.0,"turns":3.0},{"damage":0.0,"enemies":"3 Byrds","floor":19.0,"turns":5.0},{"damage":10,"enemies":"Centurion and Healer","floor":24,"turns":6},{"damage":3,"enemies":"Snecko","floor":27,"turns":4},{"damage":1,"enemies":"Cultist and Chosen","floor":28,"turns":4},{"damage":3,"enemies":"3 Cultists","floor":31,"turns":4},{"damage":33,"enemies":"Collector","floor":33,"turns":4},{"damage":0,"enemies":"3 Shapes","floor":35,"turns":5},{"damage":3,"enemies":"Orb Walker","floor":36,"turns":3},{"damage":0,"enemies":"Giant Head","floor":42,"turns":3},{"damage":0,"enemies":"Reptomancer","floor":44,"turns":2},{"damage":0,"enemies":"Sphere and 2 Shapes","floor":46,"turns":1},{"damage":0,"enemies":"4 Shapes","floor":48,"turns":1},{"damage":12,"enemies":"Time Eater","floor":50,"turns":3}],"seed_played":"8890612222721290407","potions_obtained":[{"floor":1.0,"key":"Block Potion"},{"floor":5.0,"key":"GamblersBrew"},{"floor":10.0,"key":"Weak Potion"},{"floor":12.0,"key":"Swift Potion"},{"floor":19.0,"key":"Poison Potion"},{"floor":44,"key":"Ancient Potion"}],"is_trial":false,"path_per_floor":["M","M","M","?","M","R","?","M","T","M","E","M","R","M","R","B",null,"M","M","$","?","?","R","M","R","T","M","M","?","$","M","R","B",null,"M","M","$","?","?","R","T","E","T","E","R","M","R","M","R","B",null],"character_chosen":"THE_SILENT","items_purchased":["DollysMirror"],"campfire_rested":3,"item_purchase_floors":[30],"current_hp_per_floor":[70,70,70,70,70,70,70,70,70,66,46,46,46,46,46,57,70,70,70,70,57,57,57,47,47,47,44,43,43,43,40,40,32,75,75,72,72,72,72,72,72,72,72,72,72,72,72,72,72,60],"gold":87,"neow_bonus":"TRANSFORM_TWO_CARDS","is_prod":false,"is_daily":false,"chose_seed":false,"campfire_upgraded":6,"win_rate":0,"timestamp":1563452156,"path_taken":["M","M","M","?","M","R","?","?","T","?","E","M","R","M","R","BOSS","M","M","$","?","?","R","M","R","T","M","M","?","$","M","R","BOSS","M","M","$","?","?","R","?","E","T","E","R","?","R","M","R","BOSS"],"build_version":"2019-07-17","purchased_purges":3,"victory":true,"max_hp_per_floor":[70,70,70,70,70,70,70,70,70,70,70,70,70,70,70,70,70,70,70,70,75,75,75,75,75,75,75,75,75,75,75,75,75,75,75,75,75,75,75,75,75,75,75,75,75,75,75,75,75,75],"card_choices":[{"not_picked":["Setup","Acrobatics"],"picked":"Expertise","floor":1.0},{"not_picked":["Dodge and Roll","Caltrops"],"picked":"Deadly Poison","floor":2.0},{"not_picked":["PiercingWail","Bane","Blur"],"picked":"SKIP","floor":3.0},{"not_picked":["Infinite Blades","Bane"],"picked":"Catalyst","floor":5.0},{"not_picked":["Underhanded Strike","Acrobatics","Poisoned Stab"],"picked":"SKIP","floor":8.0},{"not_picked":["Acrobatics","Riddle With Holes"],"picked":"Bouncing Flask","floor":10.0},{"not_picked":["Bullet Time","Choke","Caltrops"],"picked":"SKIP","floor":11.0},{"not_picked":["Slice","Underhanded Strike","Poisoned Stab"],"picked":"SKIP","floor":12.0},{"not_picked":["Underhanded Strike","Flechettes","Unload"],"picked":"SKIP","floor":14.0},{"not_picked":["Unload","Glass Knife"],"picked":"Malaise","floor":16.0},{"not_picked":["Crippling Poison","Acrobatics+1","Dagger Throw+1"],"picked":"SKIP","floor":18.0},{"not_picked":["Blade Dance+1","Deadly Poison","Acrobatics+1"],"picked":"SKIP","floor":19.0},{"not_picked":["Bouncing Flask","Blade Dance","Dagger Throw"],"picked":"SKIP","floor":24},{"not_picked":["Slice","Deadly Poison"],"picked":"Well Laid Plans+1","floor":27},{"not_picked":["Reflex","Acrobatics","Infinite Blades"],"picked":"SKIP","floor":28},{"not_picked":["Poisoned Stab","Underhanded Strike","Bane"],"picked":"SKIP","floor":31},{"not_picked":["Tools of the Trade","Bullet Time"],"picked":"Grand Finale","floor":33},{"not_picked":["Bane","Accuracy+1","Cloak And Dagger+1"],"picked":"SKIP","floor":35},{"not_picked":["Calculated Gamble+1","Poisoned Stab"],"picked":"Reflex","floor":36},{"not_picked":["Quick Slash+1","Blade Dance+1"],"picked":"Expertise+1","floor":42},{"not_picked":["A Thousand Cuts","Terror+1"],"picked":"Prepared+1","floor":44},{"not_picked":["Blade Dance+1","Poisoned Stab","Crippling Poison+1"],"picked":"SKIP","floor":46},{"not_picked":["Flechettes","Dagger Throw","Well Laid Plans+1"],"picked":"SKIP","floor":48},{"not_picked":["Flechettes","Dagger Throw"],"picked":"Well Laid Plans+1","floor":48}],"player_experience":5778763,"relics_obtained":[{"floor":9.0,"key":"Pantograph"},{"floor":11.0,"key":"Mercury Hourglass"},{"floor":26,"key":"Tiny Chest"},{"floor":41,"key":"Toxic Egg 2"},{"floor":42,"key":"Kunai"},{"floor":43,"key":"Pen Nib"},{"floor":44,"key":"Whetstone"}],"event_choices":[{"damage_healed":0.0,"max_hp_gain":0.0,"max_hp_loss":0.0,"gold_gain":0.0,"event_name":"Liars Game","player_choice":"Ignored","floor":4.0,"gold_loss":0.0,"damage_taken":0.0},{"cards_removed":["Strike_G"],"damage_healed":0.0,"max_hp_gain":0.0,"max_hp_loss":0.0,"gold_gain":0.0,"event_name":"Purifier","player_choice":"Purged","floor":7.0,"gold_loss":0.0,"damage_taken":0.0},{"damage_healed":0.0,"max_hp_gain":5.0,"max_hp_loss":0.0,"gold_gain":0.0,"event_name":"Forgotten Altar","player_choice":"Shed Blood","floor":21.0,"gold_loss":0.0,"damage_taken":18.0},{"damage_healed":0,"gold_gain":0,"player_choice":"Ignored","damage_taken":0,"max_hp_gain":0,"max_hp_loss":0,"event_name":"The Mausoleum","floor":22,"gold_loss":0},{"damage_healed":0,"gold_gain":0,"cards_transformed":["Defend_G","Defend_G"],"player_choice":"Became Test Subject","damage_taken":0,"max_hp_gain":0,"max_hp_loss":0,"event_name":"Drug Dealer","floor":29,"gold_loss":0,"cards_obtained":["Backstab","Tools of the Trade"]},{"damage_healed":0,"gold_gain":0,"player_choice":"Paid","damage_taken":0,"relics_obtained":["Red Mask"],"max_hp_gain":0,"max_hp_loss":0,"event_name":"Tomb of Lord Red Mask","floor":38,"gold_loss":23},{"damage_healed":0,"gold_gain":0,"player_choice":"Upgrade","damage_taken":0,"relics_obtained":["Mark of the Bloom"],"max_hp_gain":0,"max_hp_loss":0,"event_name":"MindBloom","floor":39,"gold_loss":0,"cards_upgraded":["Defend_G","Adrenaline","Poisoned Stab","Expertise","Backstab","Grand Finale","Reflex"]}],"is_beta":false,"boss_relics":[{"not_picked":["Ectoplasm","Pandora\u0027s Box"],"picked":"Empty Cage"},{"not_picked":["Philosopher\u0027s Stone","Ring of the Serpent"],"picked":"HoveringKite"}],"items_purged_floors":[20,30,37],"is_endless":false,"potions_floor_spawned":[1,5,10,12,14,18,19,33,44],"ascension_level":0}