{"gold_per_floor":[17,17,33,50,60,73,73,108,132,145,220,220,220,220,220,297,347,366,239,239,239,253,253,272,304,316,328,255,167,182,194,194,268,268,282,301,301,318,193,193,226,242,242,242,276,292,305,331,331,331,331,331,26,53,53],"floor_reached":56,"playtime":1852,"items_purged":["Strike_G","Defend_G","Defend_G","Defend_G"],"score":2372,"play_id":"4bb5cf91-1dae-4526-9d59-04a836e463e1","local_time":"20190330210424","is_ascension_mode":true,"campfire_choices":[{"data":"Poisoned Stab","floor":7.0,"key":"SMITH"},{"data":"Neutralize","floor":13.0,"key":"SMITH"},{"data":"Footwork","floor":15.0,"key":"SMITH"},{"data":"Acrobatics","floor":23.0,"key":"SMITH"},{"data":"Tactician","floor":27.0,"key":"SMITH"},{"data":"Grand Finale","floor":32.0,"key":"SMITH"},{"floor":40.0,"key":"RECALL"},{"data":"Backflip","floor":44.0,"key":"SMITH"},{"data":"Survivor","floor":49.0,"key":"SMITH"},{"data":"Escape Plan","floor":52.0,"key":"SMITH"}],"neow_cost":"NO_GOLD","seed_source_timestamp":6919395937278,"circlet_count":0,"master_deck":["AscendersBane","Defend_G+1","Survivor+1","Neutralize+1","Poisoned Stab+1","Dagger Throw+1","Backstab","Footwork+1","Endless Agony+1","Accuracy","Grand Finale+1","Escape Plan+1","Tactician+1","Acrobatics+1","Backflip+1","After Image+1","Acrobatics+1"],"special_seed":0,"relics":["Ring of the Snake","Pen Nib","Centennial Puzzle","Tiny House","MawBank","Frozen Egg 2","Potion Belt","Coffee Dripper","Blue Candle","Bronze Scales","Whetstone","Ornamental Fan"],"potions_floor_usage":[53,55,55,55,55],"damage_taken":[{"damage":3.0,"enemies":"2 Louse","floor":1.0,"turns":4.0},{"damage":0.0,"enemies":"Small Slimes","floor":3.0,"turns":4.0},{"damage":0.0,"enemies":"Cultist","floor":4.0,"turns":3.0},{"damage":3.0,"enemies":"Looter","floor":5.0,"turns":3.0},{"damage":20.0,"enemies":"Exordium Wildlife","floor":6.0,"turns":7.0},{"damage":12.0,"enemies":"Lagavulin","floor":8.0,"turns":6.0},{"damage":1.0,"enemies":"Red Slaver","floor":10.0,"turns":3.0},{"damage":6.0,"enemies":"The Guardian","floor":16.0,"turns":13.0},{"damage":1.0,"enemies":"Chosen","floor":18.0,"turns":6.0},{"damage":2.0,"enemies":"Shell Parasite","floor":22.0,"turns":5.0},{"damage":0.0,"enemies":"Snake Plant","floor":24.0,"turns":2.0},{"damage":1.0,"enemies":"Gremlin Leader","floor":25.0,"turns":6.0},{"damage":8.0,"enemies":"Centurion and Healer","floor":30.0,"turns":2.0},{"damage":0.0,"enemies":"3 Cultists","floor":31.0,"turns":3.0},{"damage":0.0,"enemies":"Champ","floor":33.0,"turns":7.0},{"damage":0.0,"enemies":"Orb Walker","floor":35.0,"turns":3.0},{"damage":14.0,"enemies":"3 Shapes","floor":36.0,"turns":5.0},{"damage":0.0,"enemies":"Spire Growth","floor":38.0,"turns":4.0},{"damage":0.0,"enemies":"Reptomancer","floor":41.0,"turns":6.0},{"damage":0.0,"enemies":"Writhing Mass","floor":42.0,"turns":2.0},{"damage":0.0,"enemies":"Giant Head","floor":45.0,"turns":2.0},{"damage":0.0,"enemies":"3 Darklings","floor":46.0,"turns":1.0},{"damage":1.0,"enemies":"Jaw Worm Horde","floor":47.0,"turns":2.0},{"damage":0.0,"enemies":"Nemesis","floor":48.0,"turns":3.0},{"damage":1.0,"enemies":"Time Eater","floor":50.0,"turns":4.0},{"damage":1,"enemies":"Shield and Spear","floor":54,"turns":2},{"damage":37,"enemies":"The Heart","floor":55,"turns":6}],"seed_played":"-6943235936339037858","potions_obtained":[{"floor":6.0,"key":"Strength Potion"},{"floor":8.0,"key":"FearPotion"},{"floor":10.0,"key":"Ancient Potion"},{"floor":30.0,"key":"Dexterity Potion"},{"floor":33.0,"key":"SpeedPotion"},{"floor":37.0,"key":"Ancient Potion"},{"floor":41.0,"key":"SkillPotion"}],"is_trial":false,"path_per_floor":["M","?","M","M","M","M","R","E","T","M","?","?","R","?","R","B",null,"M","$","?","?","M","R","M","E","T","R","?","$","M","M","R","B",null,"M","M","?","M","$","R","E","M","T","R","E","M","M","E","R","B",null,"R","$","E","B",null],"character_chosen":"THE_SILENT","items_purchased":["Acrobatics","Fruit Juice","Weak Potion"],"campfire_rested":0,"item_purchase_floors":[19,53,53],"current_hp_per_floor":[56,61,61,61,58,38,38,26,26,25,14,14,14,7,7,1,59,58,58,58,58,56,56,56,55,55,55,55,55,47,47,47,47,69,69,55,55,55,55,55,55,55,55,55,55,55,54,54,54,53,70,70,75,74,37],"gold":53,"neow_bonus":"REMOVE_TWO","is_prod":false,"is_daily":false,"chose_seed":true,"campfire_upgraded":9,"win_rate":0,"timestamp":1553951064,"path_taken":["M","?","M","M","M","M","R","E","T","M","?","?","R","?","R","BOSS","M","$","?","?","?","R","M","E","T","R","?","?","?","M","R","BOSS","M","M","?","?","$","R","E","M","T","R","E","M","M","E","R","BOSS","R","$","E","BOSS"],"build_version":"2019-01-23","purchased_purges":4,"victory":true,"max_hp_per_floor":[66,71,71,71,71,71,71,71,71,71,71,71,71,71,71,71,76,76,76,76,76,76,76,76,76,76,76,76,76,76,76,76,76,76,76,76,76,76,76,76,76,76,76,76,76,76,76,76,76,76,76,76,81,81,81],"card_choices":[{"not_picked":["Dagger Throw","Backflip"],"picked":"Poisoned Stab","floor":1.0},{"not_picked":["Dagger Spray","Deflect"],"picked":"Dagger Throw","floor":3.0},{"not_picked":["Cloak And Dagger","Setup","Concentrate"],"picked":"SKIP","floor":4.0},{"not_picked":["Slice","Prepared","Dodge and Roll"],"picked":"SKIP","floor":5.0},{"not_picked":["Calculated Gamble","Dagger Throw"],"picked":"Backstab","floor":6.0},{"not_picked":["Bouncing Flask","Blade Dance"],"picked":"Footwork","floor":8.0},{"not_picked":["Prepared","Slice"],"picked":"Endless Agony","floor":10.0},{"not_picked":["Wraith Form v2","Corpse Explosion"],"picked":"Grand Finale","floor":16.0},{"not_picked":["Blur","Cloak And Dagger"],"picked":"Escape Plan","floor":17.0},{"not_picked":["Dodge and Roll","Deflect+1"],"picked":"Tactician","floor":18.0},{"not_picked":["Slice","All Out Attack+1"],"picked":"Backflip","floor":22.0},{"not_picked":["Prepared","Deflect","Dodge and Roll"],"picked":"SKIP","floor":24.0},{"not_picked":["Heel Hook","Prepared","Terror"],"picked":"SKIP","floor":25.0},{"not_picked":["Dagger Throw","Eviscerate","Skewer"],"picked":"SKIP","floor":30.0},{"not_picked":["Finisher","Masterful Stab","Night Terror"],"picked":"SKIP","floor":31.0},{"not_picked":["Phantasmal Killer","Venomology"],"picked":"After Image+1","floor":33.0},{"not_picked":["Predator+1","Bouncing Flask","Riddle With Holes+1"],"picked":"SKIP","floor":35.0},{"not_picked":["Cloak And Dagger+1","Dagger Spray+1","PiercingWail"],"picked":"SKIP","floor":36.0},{"not_picked":["Dagger Spray","Doppelganger"],"picked":"Acrobatics+1","floor":38.0},{"not_picked":["Infinite Blades+1","Expertise","Masterful Stab"],"picked":"SKIP","floor":41.0},{"not_picked":["Outmaneuver","Reflex","Blade Dance"],"picked":"SKIP","floor":42.0},{"not_picked":["Dagger Spray","PiercingWail","Night Terror"],"picked":"SKIP","floor":45.0},{"not_picked":["All Out Attack+1","Flying Knee","Backflip"],"picked":"SKIP","floor":46.0},{"not_picked":["Cloak And Dagger+1","Flying Knee","Concentrate"],"picked":"SKIP","floor":47.0},{"not_picked":["Flying Knee","Deadly Poison","Deflect+1"],"picked":"SKIP","floor":48.0},{"not_picked":["Noxious Fumes+1","Choke","Blade Dance"],"picked":"SKIP","floor":54}],"player_experience":3962822,"relics_obtained":[{"floor":8.0,"key":"Pen Nib"},{"floor":9.0,"key":"Centennial Puzzle"},{"floor":25.0,"key":"MawBank"},{"floor":26.0,"key":"Frozen Egg 2"},{"floor":41.0,"key":"Blue Candle"},{"floor":45.0,"key":"Bronze Scales"},{"floor":48.0,"key":"Whetstone"},{"floor":54,"key":"Ornamental Fan"}],"event_choices":[{"damage_healed":0.0,"max_hp_gain":5.0,"max_hp_loss":0.0,"gold_gain":0.0,"event_name":"Big Fish","player_choice":"Donut","floor":2.0,"gold_loss":0.0,"damage_taken":0.0},{"damage_healed":0.0,"max_hp_gain":0.0,"max_hp_loss":0.0,"gold_gain":75.0,"event_name":"World of Goop","player_choice":"Gather Gold","floor":11.0,"gold_loss":0.0,"damage_taken":11.0},{"damage_healed":0.0,"max_hp_gain":0.0,"max_hp_loss":0.0,"gold_gain":0.0,"cards_transformed":["Strike_G"],"event_name":"Living Wall","player_choice":"Change","floor":12.0,"gold_loss":0.0,"damage_taken":0.0,"cards_obtained":["Accuracy"]},{"cards_removed":["Strike_G"],"damage_healed":0.0,"max_hp_gain":0.0,"max_hp_loss":0.0,"gold_gain":0.0,"event_name":"Golden Wing","player_choice":"Card Removal","floor":14.0,"gold_loss":0.0,"damage_taken":7.0},{"damage_healed":0.0,"max_hp_gain":0.0,"max_hp_loss":0.0,"gold_gain":0.0,"event_name":"Ghosts","player_choice":"Ignored","floor":20.0,"gold_loss":0.0,"damage_taken":0.0},{"cards_removed":["Strike_G"],"damage_healed":0.0,"max_hp_gain":0.0,"max_hp_loss":0.0,"gold_gain":0.0,"event_name":"Purifier","player_choice":"Purged","floor":21.0,"gold_loss":0.0,"damage_taken":0.0},{"damage_healed":0.0,"max_hp_gain":0.0,"max_hp_loss":0.0,"gold_gain":0.0,"event_name":"Addict","player_choice":"Obtained Relic","floor":28.0,"gold_loss":85.0,"damage_taken":0.0,"relics_obtained":["Potion Belt"]},{"damage_healed":0.0,"max_hp_gain":0.0,"max_hp_loss":0.0,"gold_gain":0.0,"event_name":"Lab","player_choice":"Got Potions","floor":37.0,"gold_loss":0.0,"damage_taken":0.0}],"is_beta":false,"boss_relics":[{"not_picked":["Snecko Eye","Ectoplasm"],"picked":"Tiny House"},{"not_picked":["Calling Bell","Velvet Choker"],"picked":"Coffee Dripper"}],"items_purged_floors":[19,29,39,53],"is_endless":false,"potions_floor_spawned":[6,8,10,25,30,33,38,41,42,45],"ascension_level":15}