{"gold_per_floor":[361,411,284,297,10,10,43,63,90,90,90,120,133,133,133,208,208,228,245,245,145,163,163,198,216,243,272,272,272,298,298,298,375,375,394,407,421,421,421,456,456,456,536,549,604,618,628,180,180,180,180,180,180,104,130,130],"floor_reached":57,"playtime":3701,"items_purged":["Strike_R","Strike_R","Strike_R"],"score":3321,"play_id":"958134ab-65f9-49d8-b622-2bfc725c4cd3","local_time":"20190308221303","is_ascension_mode":true,"campfire_choices":[{"data":"Uppercut","floor":6.0,"key":"SMITH"},{"data":"Flex","floor":10.0,"key":"SMITH"},{"data":"True Grit","floor":15.0,"key":"SMITH"},{"data":"Offering","floor":23.0,"key":"SMITH"},{"data":"Sword Boomerang","floor":29.0,"key":"SMITH"},{"floor":32.0,"key":"RECALL"}],"neow_cost":"TEN_PERCENT_HP_LOSS","seed_source_timestamp":36436437897714,"circlet_count":0,"master_deck":["AscendersBane","Strike_R","Strike_R","Defend_R","Defend_R+1","Defend_R","Defend_R","Bash","Uppercut+1","True Grit+1","Seeing Red+1","Battle Trance","Flex+1","Impervious","Inflame","Offering+1","Exhume","Warcry+1","Sword Boomerang+1","Ghostly","Ghostly","Ghostly","Seeing Red","Offering","Pummel","True Grit","Reaper","Seeing Red","Corruption","Disarm"],"special_seed":0,"relics":["Burning Blood","ClockworkSouvenir","Strawberry","Bag of Preparation","Du-Vu Doll","Champion Belt","Coffee Dripper","Mercury Hourglass","Dead Branch","Self Forming Clay","Centennial Puzzle","Fusion Hammer","Meat on the Bone","Pantograph","Magic Flower","Mummified Hand","Boot"],"potions_floor_usage":[56,56],"damage_taken":[{"damage":19.0,"enemies":"Jaw Worm","floor":1.0,"turns":6.0},{"damage":0.0,"enemies":"Cultist","floor":4.0,"turns":3.0},{"damage":25.0,"enemies":"3 Sentries","floor":7.0,"turns":8.0},{"damage":0.0,"enemies":"Small Slimes","floor":8.0,"turns":3.0},{"damage":8.0,"enemies":"Lagavulin","floor":12.0,"turns":7.0},{"damage":0.0,"enemies":"2 Fungi Beasts","floor":13.0,"turns":3.0},{"damage":0.0,"enemies":"The Guardian","floor":16.0,"turns":14.0},{"damage":8.0,"enemies":"2 Thieves","floor":18.0,"turns":3.0},{"damage":9.0,"enemies":"Spheric Guardian","floor":19.0,"turns":3.0},{"damage":7.0,"enemies":"3 Cultists","floor":22.0,"turns":5.0},{"damage":10.0,"enemies":"Book of Stabbing","floor":24.0,"turns":4.0},{"damage":7.0,"enemies":"Snecko","floor":25.0,"turns":2.0},{"damage":6.0,"enemies":"Gremlin Leader","floor":27.0,"turns":3.0},{"damage":12.0,"enemies":"Book of Stabbing","floor":30.0,"turns":3.0},{"damage":6.0,"enemies":"Automaton","floor":33.0,"turns":6.0},{"damage":2.0,"enemies":"3 Darklings","floor":35.0,"turns":2.0},{"damage":1.0,"enemies":"Orb Walker","floor":36.0,"turns":3.0},{"damage":4.0,"enemies":"Spire Growth","floor":37.0,"turns":2.0},{"damage":7.0,"enemies":"Giant Head","floor":40.0,"turns":2.0},{"damage":5,"enemies":"Transient","floor":44,"turns":6},{"damage":12,"enemies":"2 Orb Walkers","floor":45,"turns":2},{"damage":1,"enemies":"Maw","floor":46,"turns":4},{"damage":15,"enemies":"Spire Growth","floor":47,"turns":3},{"damage":19,"enemies":"Donu and Deca","floor":50,"turns":6},{"damage":15,"enemies":"Awakened One","floor":51,"turns":6},{"damage":2,"enemies":"Shield and Spear","floor":55,"turns":2},{"damage":20,"enemies":"The Heart","floor":56,"turns":4}],"seed_played":"-1478410460222081496","potions_obtained":[{"floor":8.0,"key":"LiquidBronze"},{"floor":13.0,"key":"PowerPotion"},{"floor":27.0,"key":"AttackPotion"},{"floor":36.0,"key":"Swift Potion"}],"is_trial":false,"path_per_floor":["M","?","$","M","$","R","E","M","T","R","T","E","M","?","R","B",null,"M","M","?","$","M","R","E","M","T","E","?","R","E","?","R","B",null,"M","M","M","?","?","E","?","R","T","M","?","M","M","$","R","B","B",null,"R","$","E","B",null],"character_chosen":"IRONCLAD","items_purchased":["True Grit","ClockworkSouvenir","SteroidPotion","Mummified Hand","PowerPotion","Corruption"],"campfire_rested":0,"item_purchase_floors":[3,5,5,48,48,54],"current_hp_per_floor":[55,49,49,55,55,55,43,49,49,49,49,47,53,30,30,36,65,63,60,60,60,59,59,55,54,54,54,37,37,31,31,31,31,36,37,37,37,37,37,36,36,36,36,37,37,37,31,31,31,33,31,36,36,36,37,37],"gold":130,"neow_bonus":"TWO_FIFTY_GOLD","is_prod":false,"is_daily":false,"chose_seed":false,"campfire_upgraded":5,"win_rate":0,"timestamp":1552054383,"path_taken":["M","?","$","?","$","R","E","M","T","R","?","E","?","?","R","BOSS","M","M","?","$","M","R","E","M","T","E","?","R","E","?","R","BOSS","M","M","?","?","?","E","?","R","T","M","?","M","M","$","R","BOSS","BOSS","R","$","E","BOSS"],"build_version":"2019-01-23","purchased_purges":3,"victory":true,"max_hp_per_floor":[68,68,68,68,68,68,75,75,75,75,75,75,75,75,75,75,75,75,75,75,75,75,75,75,75,75,75,37,37,37,37,37,37,37,37,37,37,37,37,37,37,37,37,37,37,37,37,37,37,37,37,37,37,37,37,37],"card_choices":[{"not_picked":["Armaments","Rupture"],"picked":"Uppercut","floor":1.0},{"not_picked":["Thunderclap","Iron Wave"],"picked":"Seeing Red","floor":4.0},{"not_picked":["Corruption","Blood for Blood"],"picked":"Battle Trance","floor":7.0},{"not_picked":["Havoc","Pommel Strike"],"picked":"Flex","floor":8.0},{"not_picked":["Body Slam","Sword Boomerang"],"picked":"Impervious","floor":12.0},{"not_picked":["Rampage","Flex"],"picked":"Inflame","floor":13.0},{"not_picked":["Berserk","Demon Form"],"picked":"Offering","floor":16.0},{"not_picked":["Dropkick","Cleave+1","True Grit"],"picked":"SKIP","floor":18.0},{"not_picked":["Havoc","Clash","Armaments"],"picked":"SKIP","floor":19.0},{"not_picked":["Fire Breathing","Wild Strike","Thunderclap"],"picked":"SKIP","floor":22.0},{"not_picked":["Warcry","Clash"],"picked":"Exhume","floor":24.0},{"not_picked":["Twin Strike","Fire Breathing"],"picked":"Warcry+1","floor":25.0},{"not_picked":["Shrug It Off","Pommel Strike"],"picked":"Sword Boomerang","floor":27.0},{"not_picked":["Reckless Charge+1","Intimidate"],"picked":"Seeing Red","floor":30.0},{"not_picked":["Impervious","Dark Embrace"],"picked":"Offering","floor":33.0},{"not_picked":["Flex","Warcry"],"picked":"Pummel","floor":35.0},{"not_picked":["Wild Strike","Body Slam"],"picked":"True Grit","floor":36.0},{"not_picked":["Spot Weakness","Rupture+1"],"picked":"Feel No Pain","floor":37.0},{"not_picked":["Wild Strike+1","Flex","Sword Boomerang+1"],"picked":"SKIP","floor":40.0},{"not_picked":["Battle Trance","True Grit"],"picked":"Reaper","floor":44},{"not_picked":["Iron Wave+1","Havoc"],"picked":"Seeing Red","floor":45},{"not_picked":["Carnage","Sword Boomerang","Body Slam"],"picked":"SKIP","floor":46},{"not_picked":["Carnage","Sword Boomerang","Body Slam"],"picked":"SKIP","floor":46},{"not_picked":["Metallicize","Body Slam","Havoc"],"picked":"SKIP","floor":47},{"not_picked":["Wild Strike+1","Inflame+1"],"picked":"Disarm","floor":55}],"player_experience":3418201,"relics_obtained":[{"floor":7.0,"key":"Strawberry"},{"floor":9.0,"key":"Bag of Preparation"},{"floor":11.0,"key":"Du-Vu Doll"},{"floor":12.0,"key":"Champion Belt"},{"floor":24.0,"key":"Dead Branch"},{"floor":27.0,"key":"Self Forming Clay"},{"floor":30.0,"key":"Centennial Puzzle"},{"floor":40.0,"key":"Meat on the Bone"},{"floor":43.0,"key":"Pantograph"},{"floor":45,"key":"Magic Flower"},{"floor":55,"key":"Boot"}],"event_choices":[{"damage_healed":0.0,"max_hp_gain":0.0,"max_hp_loss":0.0,"gold_gain":50.0,"event_name":"FaceTrader","player_choice":"Touch","floor":2.0,"gold_loss":0.0,"damage_taken":6.0},{"damage_healed":0.0,"max_hp_gain":0.0,"max_hp_loss":0.0,"gold_gain":0.0,"event_name":"Shining Light","player_choice":"Entered Light","floor":14.0,"gold_loss":0.0,"damage_taken":23.0,"cards_upgraded":["Defend_R","Seeing Red"]},{"damage_healed":0.0,"max_hp_gain":0.0,"max_hp_loss":0.0,"gold_gain":0.0,"event_name":"The Mausoleum","player_choice":"Opened","floor":20.0,"gold_loss":0.0,"damage_taken":0.0,"relics_obtained":["Mercury Hourglass"],"cards_obtained":["Writhe"]},{"damage_healed":0.0,"max_hp_gain":0.0,"max_hp_loss":38.0,"gold_gain":0.0,"event_name":"Ghosts","player_choice":"Became a Ghost","floor":28.0,"gold_loss":0.0,"damage_taken":0.0,"cards_obtained":["Ghostly","Ghostly","Ghostly"]},{"cards_removed":["Writhe"],"damage_healed":0.0,"max_hp_gain":0.0,"max_hp_loss":0.0,"gold_gain":0.0,"event_name":"Fountain of Cleansing","player_choice":"Removed Curses","floor":31.0,"gold_loss":0.0,"damage_taken":0.0},{"cards_removed":["Feel No Pain"],"damage_healed":0.0,"max_hp_gain":0.0,"max_hp_loss":0.0,"gold_gain":0.0,"event_name":"Falling","player_choice":"Removed Power","floor":38.0,"gold_loss":0.0,"damage_taken":0.0},{"damage_healed":0.0,"max_hp_gain":0.0,"max_hp_loss":0.0,"gold_gain":0.0,"event_name":"SensoryStone","player_choice":"Memory 1","floor":39.0,"gold_loss":0.0,"damage_taken":0.0},{"damage_healed":0.0,"max_hp_gain":0.0,"max_hp_loss":0.0,"gold_gain":0.0,"event_name":"Tomb of Lord Red Mask","player_choice":"Ignored","floor":41.0,"gold_loss":0.0,"damage_taken":0.0},{"damage_healed":0,"gold_gain":0,"player_choice":"Fight","damage_taken":0,"max_hp_gain":0,"max_hp_loss":0,"event_name":"Mysterious Sphere","floor":45,"gold_loss":0}],"is_beta":false,"boss_relics":[{"not_picked":["Sozu","Ectoplasm"],"picked":"Coffee Dripper"},{"not_picked":["Busted Crown","Runic Cube"],"picked":"Fusion Hammer"}],"items_purged_floors":[3,21,48],"is_endless":false,"potions_floor_spawned":[8,13,16,18,19,27,36,37,44,47,55],"ascension_level":20}