{"gold_per_floor":[111,386,397,413,47,47,65,95,172,22,97,97,130,142,142,213,213,226,243,243,243,64,64,74,85,156,156,167,180,180,198,198,276,276,289,1288,1288,321,321,321,347,367,415,415,447,457,457,472,472,472,472,472,472,2,36,36],"floor_reached":57,"playtime":3489,"items_purged":["Strike_G","Strike_G+1","Strike_G+1"],"score":2994,"play_id":"ac0b7b42-c4ad-46a3-b544-353208fe278d","local_time":"20190407210647","is_ascension_mode":true,"campfire_choices":[{"data":"Neutralize","floor":6.0,"key":"SMITH"},{"data":"Noxious Fumes","floor":12.0,"key":"SMITH"},{"data":"Well Laid Plans","floor":15.0,"key":"SMITH"},{"data":"Catalyst","floor":23.0,"key":"SMITH"},{"floor":27.0,"key":"REST"},{"data":"Reflex","floor":30.0,"key":"SMITH"},{"data":"Calculated Gamble","floor":32.0,"key":"SMITH"},{"floor":40.0,"key":"RECALL"},{"data":"Bouncing Flask","floor":44.0,"key":"SMITH"},{"data":"Purity","floor":49.0,"key":"SMITH"},{"floor":53.0,"key":"REST"}],"neow_cost":"NONE","seed_source_timestamp":26410792157895,"circlet_count":0,"master_deck":["AscendersBane","Defend_G+1","Defend_G+1","Defend_G+1","Defend_G+1","Defend_G+1","Strike_G+1","Survivor","Neutralize+1","Regret","Concentrate","Dagger Throw","Endless Agony","Reflex+1","Noxious Fumes+1","Well Laid Plans+1","Bouncing Flask+1","Backflip","Grand Finale","Writhe","Catalyst+1","Reflex+1","Calculated Gamble+1","Footwork+1","Reflex","Prepared","Night Terror","Calculated Gamble+1","Normality","Normality","Purity+1","Acrobatics+1","Reflex+1","Wraith Form v2"],"special_seed":0,"relics":["Ring of the Snake","NeowsBlessing","Prayer Wheel","Tingsha","Blue Candle","Blood Vial","Runic Pyramid","Regal Pillow","Lizard Tail","Toxic Egg 2","Lee\u0027s Waffle","Matryoshka","Darkstone Periapt","Anchor","Pen Nib","Centennial Puzzle","TheAbacus","Mummified Hand"],"potions_floor_usage":[56,56],"damage_taken":[{"damage":0.0,"enemies":"Cultist","floor":1.0,"turns":1.0},{"damage":0.0,"enemies":"Small Slimes","floor":3.0,"turns":1.0},{"damage":0.0,"enemies":"2 Louse","floor":4.0,"turns":2.0},{"damage":1.0,"enemies":"Exordium Wildlife","floor":7.0,"turns":5.0},{"damage":19.0,"enemies":"Gremlin Nob","floor":8.0,"turns":4.0},{"damage":23.0,"enemies":"3 Sentries","floor":13.0,"turns":7.0},{"damage":5.0,"enemies":"3 Louse","floor":14.0,"turns":4.0},{"damage":3.0,"enemies":"Hexaghost","floor":16.0,"turns":9.0},{"damage":8.0,"enemies":"Shell Parasite","floor":18.0,"turns":6.0},{"damage":11.0,"enemies":"Spheric Guardian","floor":19.0,"turns":4.0},{"damage":28.0,"enemies":"Cultist and Chosen","floor":24.0,"turns":8.0},{"damage":0.0,"enemies":"Snake Plant","floor":25.0,"turns":4.0},{"damage":1.0,"enemies":"Snecko","floor":28.0,"turns":4.0},{"damage":23.0,"enemies":"Chosen and Byrds","floor":29.0,"turns":7.0},{"damage":8.0,"enemies":"Snake Plant","floor":31.0,"turns":3.0},{"damage":2.0,"enemies":"Champ","floor":33.0,"turns":8.0},{"damage":15.0,"enemies":"Orb Walker","floor":35.0,"turns":4.0},{"damage":7.0,"enemies":"Nemesis","floor":41.0,"turns":7.0},{"damage":7.0,"enemies":"3 Darklings","floor":42.0,"turns":2.0},{"damage":4.0,"enemies":"Giant Head","floor":45.0,"turns":6.0},{"damage":13.0,"enemies":"Sphere and 2 Shapes","floor":46.0,"turns":5.0},{"damage":2.0,"enemies":"Jaw Worm Horde","floor":48.0,"turns":1.0},{"damage":12.0,"enemies":"Awakened One","floor":50.0,"turns":6.0},{"damage":37.0,"enemies":"Time Eater","floor":51.0,"turns":7.0},{"damage":10.0,"enemies":"Shield and Spear","floor":55.0,"turns":6.0},{"damage":41,"enemies":"The Heart","floor":56,"turns":8}],"seed_played":"-6825588669356225050","potions_obtained":[{"floor":4.0,"key":"PowerPotion"},{"floor":13.0,"key":"Strength Potion"},{"floor":16.0,"key":"Weak Potion"},{"floor":24.0,"key":"GhostInAJar"},{"floor":28.0,"key":"Fruit Juice"},{"floor":29.0,"key":"EssenceOfSteel"},{"floor":31.0,"key":"SpeedPotion"},{"floor":33.0,"key":"SkillPotion"},{"floor":35.0,"key":"Fruit Juice"},{"floor":42.0,"key":"PowerPotion"},{"floor":45.0,"key":"PowerPotion"}],"is_trial":false,"path_per_floor":["M","?","M","M","$","R","M","E","T","$","?","R","E","M","R","B",null,"M","M","?","?","$","R","M","M","T","R","M","M","R","M","R","B",null,"M","?","?","$","?","R","E","M","T","R","E","M","?","M","R","B","B",null,"R","$","E","B",null],"character_chosen":"THE_SILENT","items_purchased":["Prayer Wheel","Dagger Throw","Well Laid Plans","Catalyst","Toxic Egg 2","Lee\u0027s Waffle","GhostInAJar","Matryoshka","Reflex+1","Wraith Form v2","TheAbacus","Swift Potion"],"campfire_rested":2,"item_purchase_floors":[5,5,10,22,38,38,38,38,54,54,54,54],"current_hp_per_floor":[59,59,59,59,59,59,58,39,39,39,28,28,5,2,2,1,50,44,35,35,35,35,35,9,11,11,45,51,30,30,24,24,24,59,51,51,51,83,79,79,72,67,67,67,65,54,54,54,54,44,9,62,79,79,69,30],"gold":36,"neow_bonus":"THREE_ENEMY_KILL","is_prod":false,"is_daily":false,"chose_seed":false,"campfire_upgraded":8,"win_rate":0,"timestamp":1554642407,"path_taken":["M","?","M","M","$","R","M","E","T","?","?","R","E","M","R","BOSS","M","M","?","?","$","R","M","M","T","R","M","M","R","M","R","BOSS","M","?","?","$","?","R","E","M","T","R","E","M","?","?","R","BOSS","BOSS","R","$","E","BOSS"],"build_version":"2019-01-23","purchased_purges":3,"victory":true,"max_hp_per_floor":[66,66,66,66,66,66,66,66,66,66,66,66,66,66,66,66,66,66,66,66,66,66,66,66,66,66,66,71,71,71,71,71,71,71,76,76,76,83,79,79,79,79,79,79,79,79,79,79,79,79,79,79,79,79,79,79],"card_choices":[{"not_picked":["Slice","Prepared","Setup"],"picked":"SKIP","floor":1.0},{"not_picked":["Sucker Punch","Dagger Spray"],"picked":"Concentrate","floor":3.0},{"not_picked":["Setup","Quick Slash","Bane"],"picked":"SKIP","floor":4.0},{"not_picked":["Riddle With Holes","Escape Plan"],"picked":"Endless Agony","floor":7.0},{"not_picked":["Acrobatics","Riddle With Holes"],"picked":"Reflex","floor":7.0},{"not_picked":["Deadly Poison","Choke"],"picked":"Noxious Fumes","floor":8.0},{"not_picked":["Blur","Dodge and Roll"],"picked":"Bouncing Flask","floor":13.0},{"not_picked":["Quick Slash","Reflex"],"picked":"Backflip","floor":14.0},{"not_picked":["Dodge and Roll","Cloak And Dagger","Slice"],"picked":"SKIP","floor":14.0},{"not_picked":["Wraith Form v2","Bullet Time"],"picked":"Grand Finale","floor":16.0},{"not_picked":["Dodge and Roll","Dash","Sucker Punch"],"picked":"SKIP","floor":18.0},{"not_picked":["Bane","Poisoned Stab+1","PiercingWail"],"picked":"SKIP","floor":18.0},{"not_picked":["Sucker Punch+1","Distraction","Flying Knee"],"picked":"SKIP","floor":19.0},{"not_picked":["Grand Finale","Dodge and Roll+1","Riddle With Holes+1"],"picked":"SKIP","floor":19.0},{"not_picked":["Skewer","Deadly Poison"],"picked":"Reflex+1","floor":24.0},{"not_picked":["Quick Slash","Bouncing Flask","Finisher+1"],"picked":"SKIP","floor":24.0},{"not_picked":["Deflect","Dagger Spray+1"],"picked":"Calculated Gamble","floor":25.0},{"not_picked":["Deflect","Deadly Poison","Slice+1"],"picked":"SKIP","floor":25.0},{"not_picked":["Cloak And Dagger","Concentrate+1"],"picked":"Footwork+1","floor":28.0},{"not_picked":["Blur","Dodge and Roll","Finisher"],"picked":"SKIP","floor":28.0},{"not_picked":["Deadly Poison","Prepared"],"picked":"Reflex","floor":29.0},{"not_picked":["Underhanded Strike","Outmaneuver","Deflect"],"picked":"SKIP","floor":29.0},{"not_picked":["Sucker Punch","Blade Dance"],"picked":"Prepared","floor":31.0},{"not_picked":["Finisher","Dagger Spray","Distraction"],"picked":"SKIP","floor":31.0},{"not_picked":["Glass Knife","Storm of Steel"],"picked":"Night Terror","floor":33.0},{"not_picked":["Well Laid Plans+1","Skewer"],"picked":"Calculated Gamble+1","floor":35.0},{"not_picked":["Prepared","Flying Knee","Slice+1"],"picked":"SKIP","floor":35.0},{"not_picked":["Dramatic Entrance","Mayhem"],"picked":"Purity","floor":37.0},{"not_picked":["Flechettes","Dodge and Roll+1","Eviscerate"],"picked":"SKIP","floor":41.0},{"not_picked":["Dodge and Roll+1","Sucker Punch+1","Choke+1"],"picked":"SKIP","floor":42.0},{"not_picked":["Sucker Punch","Deadly Poison+1","Slice"],"picked":"SKIP","floor":42.0},{"not_picked":["Footwork","Underhanded Strike","Setup+1"],"picked":"SKIP","floor":45.0},{"not_picked":["Eviscerate","Choke","Envenom"],"picked":"SKIP","floor":46.0},{"not_picked":["All Out Attack","Flechettes","Cloak And Dagger+1"],"picked":"SKIP","floor":46.0},{"not_picked":["Quick Slash+1","Flying Knee"],"picked":"Acrobatics+1","floor":48.0},{"not_picked":["Crippling Poison+1","Footwork","Noxious Fumes"],"picked":"SKIP","floor":48.0},{"not_picked":["Deadly Poison+1","Flechettes","Envenom"],"picked":"SKIP","floor":55.0}],"player_experience":4133791,"relics_obtained":[{"floor":8.0,"key":"Tingsha"},{"floor":9.0,"key":"Blue Candle"},{"floor":13.0,"key":"Blood Vial"},{"floor":41.0,"key":"Darkstone Periapt"},{"floor":43.0,"key":"Anchor"},{"floor":43.0,"key":"Pen Nib"},{"floor":45.0,"key":"Centennial Puzzle"},{"floor":55.0,"key":"Mummified Hand"}],"event_choices":[{"damage_healed":0.0,"max_hp_gain":0.0,"max_hp_loss":0.0,"gold_gain":275.0,"event_name":"Golden Shrine","player_choice":"Desecrate","floor":2.0,"gold_loss":0.0,"damage_taken":0.0,"cards_obtained":["Regret"]},{"damage_healed":0.0,"max_hp_gain":0.0,"max_hp_loss":0.0,"gold_gain":75.0,"event_name":"World of Goop","player_choice":"Gather Gold","floor":11.0,"gold_loss":0.0,"damage_taken":11.0},{"damage_healed":0.0,"max_hp_gain":0.0,"max_hp_loss":0.0,"gold_gain":0.0,"event_name":"The Mausoleum","player_choice":"Opened","floor":20.0,"gold_loss":0.0,"damage_taken":0.0,"relics_obtained":["Regal Pillow"],"cards_obtained":["Writhe"]},{"damage_healed":0.0,"max_hp_gain":0.0,"max_hp_loss":0.0,"gold_gain":0.0,"event_name":"Back to Basics","player_choice":"Simplicity","floor":21.0,"gold_loss":0.0,"damage_taken":0.0,"cards_upgraded":["Defend_G","Defend_G","Defend_G","Defend_G","Defend_G","Strike_G","Strike_G","Strike_G","Strike_G"]},{"damage_healed":0.0,"max_hp_gain":0.0,"max_hp_loss":0.0,"gold_gain":999.0,"event_name":"MindBloom","player_choice":"Gold","floor":36.0,"gold_loss":0.0,"damage_taken":0.0,"cards_obtained":["Normality","Normality"]},{"damage_healed":0.0,"max_hp_gain":0.0,"max_hp_loss":0.0,"gold_gain":0.0,"event_name":"SensoryStone","player_choice":"Memory 1","floor":37.0,"gold_loss":0.0,"damage_taken":0.0},{"damage_healed":0.0,"max_hp_gain":0.0,"max_hp_loss":4.0,"gold_gain":0.0,"event_name":"Winding Halls","player_choice":"Max HP","floor":39.0,"gold_loss":0.0,"damage_taken":0.0},{"cards_removed":["Strike_G"],"damage_healed":0.0,"max_hp_gain":0.0,"max_hp_loss":0.0,"gold_gain":0.0,"event_name":"Wheel of Change","player_choice":"Card Removal","floor":47.0,"gold_loss":0.0,"damage_taken":0.0}],"is_beta":false,"boss_relics":[{"not_picked":["Velvet Choker","Philosopher\u0027s Stone"],"picked":"Runic Pyramid"},{"not_picked":["WristBlade","Runic Dome"],"picked":"Lizard Tail"}],"items_purged_floors":[10,22,38],"is_endless":false,"potions_floor_spawned":[4,13,16,24,28,29,31,33,35,42,45],"ascension_level":20}