{"gold_per_floor":[367,252,270,281,281,281,314,314,314,314,338,356,431,444,444,565,565,590,364,364,387,405,405,405,530,556,556,186,186,186,202,202,330,330,353,128,403,12,62,95,95,129,129,141,173,208,220,276,288,300],"floor_reached":51,"playtime":2219,"items_purged":["Shame","Strike_B","Defend_B","Zap","Regret"],"score":856,"play_id":"f614f443-bc87-48fb-a065-4e6c4114642a","local_time":"20190614010759","is_ascension_mode":false,"campfire_choices":[{"data":"Consume","floor":6,"key":"SMITH"},{"data":"Fission","floor":10,"key":"SMITH"},{"data":"Dualcast","floor":15,"key":"SMITH"},{"data":"Impatience","floor":23,"key":"SMITH"},{"data":"Defragment","floor":27,"key":"SMITH"},{"data":"Coolheaded","floor":29,"key":"SMITH"},{"data":"Skim","floor":32,"key":"SMITH"},{"data":"Recycle","floor":41,"key":"SMITH"},{"data":"Heatsinks","floor":44,"key":"SMITH"},{"data":"Defragment","floor":49,"key":"SMITH"}],"neow_cost":"CURSE","seed_source_timestamp":47342608442917,"circlet_count":0,"master_deck":["Defend_B+1","Defend_B","Defend_B","Dualcast+1","Streamline","Tempest","Double Energy+1","Consume+1","Fission+1","Coolheaded+1","Core Surge","Static Discharge+1","Capacitor+1","Glacier+1","Impatience+1","Defragment+1","Chill","Self Repair","Creative AI","Skim+1","Core Surge","Recycle+1","Heatsinks+1","Seek","Go for the Eyes+1","Defragment+1"],"relics":["Cracked Core","Golden Idol","Pantograph","Astrolabe","Nloth\u0027s Gift","Torii","Darkstone Periapt","Juzu Bracelet","Mummified Hand","Runic Pyramid","Membership Card","Orichalcum","DataDisk","Du-Vu Doll","Bag of Marbles","MawBank","Blood Vial"],"potions_floor_usage":[16,21,50,50,50,50],"damage_taken":[{"damage":2,"enemies":"Small Slimes","floor":1,"turns":3},{"damage":0,"enemies":"2 Louse","floor":3,"turns":2},{"damage":1,"enemies":"Cultist","floor":4,"turns":3},{"damage":26,"enemies":"Lagavulin","floor":7,"turns":7},{"damage":2,"enemies":"Looter","floor":11,"turns":3},{"damage":2,"enemies":"Blue Slaver","floor":12,"turns":3},{"damage":0,"enemies":"Exordium Thugs","floor":14,"turns":3},{"damage":27,"enemies":"Slime Boss","floor":16,"turns":11},{"damage":0,"enemies":"Shell Parasite","floor":18,"turns":3},{"damage":0,"enemies":"3 Byrds","floor":21,"turns":4},{"damage":0,"enemies":"3 Cultists","floor":22,"turns":3},{"damage":1,"enemies":"Colosseum Slavers","floor":25,"turns":5},{"damage":23,"enemies":"Colosseum Nobs","floor":25,"turns":4},{"damage":13,"enemies":"Snake Plant","floor":31,"turns":3},{"damage":7,"enemies":"Champ","floor":33,"turns":12},{"damage":0,"enemies":"3 Darklings","floor":35,"turns":5},{"damage":0,"enemies":"Giant Head","floor":40,"turns":7},{"damage":0,"enemies":"Nemesis","floor":42,"turns":9},{"damage":0,"enemies":"3 Shapes","floor":45,"turns":3},{"damage":0,"enemies":"Maw","floor":46,"turns":3},{"damage":0,"enemies":"Giant Head","floor":48,"turns":2},{"damage":7,"enemies":"Awakened One","floor":50,"turns":5}],"seed_played":"-510419549893155176","potions_obtained":[{"floor":7,"key":"Explosive Potion"},{"floor":11,"key":"Dexterity Potion"},{"floor":12,"key":"Block Potion"},{"floor":18,"key":"Energy Potion"},{"floor":22,"key":"SteroidPotion"},{"floor":40,"key":"EntropicBrew"},{"floor":46,"key":"FocusPotion"}],"is_trial":false,"path_per_floor":["M","$","M","M","?","R","E","?","T","R","M","M","?","M","R","B",null,"M","$","?","M","M","R","?","?","T","R","$","R","?","M","R","B",null,"M","$","?","$","T","E","R","E","T","R","M","M","?","E","R","B",null],"character_chosen":"DEFECT","items_purchased":["Tempest","Impatience","Defragment","Mummified Hand","Recycle","Membership Card","Heatsinks","Orichalcum"],"campfire_rested":0,"item_purchase_floors":[2,19,19,28,36,38,38,38],"current_hp_per_floor":[73,73,73,72,69,69,43,29,29,29,27,25,14,14,14,12,69,69,69,69,69,69,69,57,33,33,33,33,33,33,27,27,52,74,74,74,80,80,80,80,80,80,80,80,80,80,80,80,80,80],"gold":312,"neow_bonus":"TWO_FIFTY_GOLD","is_prod":false,"is_daily":false,"chose_seed":false,"campfire_upgraded":10,"win_rate":0,"timestamp":1560445679,"path_taken":["M","$","M","M","?","R","E","?","T","R","M","M","?","M","R","BOSS","M","$","?","M","?","R","?","?","T","R","?","R","?","M","R","BOSS","M","$","?","$","?","E","R","E","T","R","M","M","?","E","R","BOSS"],"build_version":"2019-01-23","purchased_purges":5,"victory":true,"max_hp_per_floor":[75,75,75,75,69,69,69,69,69,69,69,69,69,69,69,69,69,69,69,69,69,69,69,74,74,74,74,74,74,74,74,74,74,74,74,74,80,80,80,80,80,80,80,80,80,80,80,80,80,80],"card_choices":[{"not_picked":["Hologram","Redo"],"picked":"Streamline","floor":1},{"not_picked":["Barrage","Hologram"],"picked":"Double Energy","floor":3},{"not_picked":["Rebound","Go for the Eyes"],"picked":"Consume","floor":4},{"not_picked":["Go for the Eyes","FTL"],"picked":"Fission","floor":7},{"not_picked":["Beam Cell","Conserve Battery"],"picked":"Cold Snap","floor":11},{"not_picked":["Beam Cell","Leap"],"picked":"Coolheaded","floor":12},{"not_picked":["Hologram","Hello World","Rebound"],"picked":"SKIP","floor":14},{"not_picked":["Hyperbeam","Meteor Strike"],"picked":"Core Surge","floor":16},{"not_picked":["Scrape","Stack","Cold Snap"],"picked":"SKIP","floor":18},{"not_picked":["Streamline+1","Gash"],"picked":"Chill","floor":21},{"not_picked":["Streamline","Reinforced Body","Blizzard"],"picked":"SKIP","floor":22},{"not_picked":["Coolheaded","Ball Lightning"],"picked":"Self Repair","floor":25},{"not_picked":["Compile Driver","Ball Lightning"],"picked":"Skim","floor":31},{"not_picked":["Buffer","Rainbow"],"picked":"Core Surge","floor":33},{"not_picked":["Streamline","Redo","Tempest"],"picked":"SKIP","floor":35},{"not_picked":["Hyperbeam","Double Energy","Ball Lightning+1"],"picked":"SKIP","floor":40},{"not_picked":["Go for the Eyes+1","Redo"],"picked":"Seek","floor":42},{"not_picked":["Beam Cell","Compile Driver+1","Go for the Eyes+1"],"picked":"SKIP","floor":45},{"not_picked":["Beam Cell","Compile Driver+1"],"picked":"Go for the Eyes+1","floor":45},{"not_picked":["Beam Cell","Aggregate"],"picked":"Defragment","floor":46},{"not_picked":["Ball Lightning","Streamline","Coolheaded+1"],"picked":"SKIP","floor":48}],"player_experience":5175876,"relics_obtained":[{"floor":7,"key":"Pantograph"},{"floor":9,"key":"Boot"},{"floor":25,"key":"Torii"},{"floor":25,"key":"Darkstone Periapt"},{"floor":26,"key":"Juzu Bracelet"},{"floor":39,"key":"DataDisk"},{"floor":40,"key":"Du-Vu Doll"},{"floor":42,"key":"Bag of Marbles"},{"floor":43,"key":"MawBank"},{"floor":48,"key":"Blood Vial"}],"event_choices":[{"damage_healed":0,"gold_gain":0,"player_choice":"Lose Max HP","damage_taken":0,"relics_obtained":["Golden Idol"],"max_hp_gain":0,"max_hp_loss":6,"event_name":"Golden Idol","floor":5,"gold_loss":0},{"damage_healed":0,"gold_gain":0,"player_choice":"Entered Light","damage_taken":14,"max_hp_gain":0,"max_hp_loss":0,"event_name":"Shining Light","floor":8,"gold_loss":0,"cards_upgraded":["Defend_B","Double Energy"]},{"damage_healed":0,"gold_gain":75,"player_choice":"Gather Gold","damage_taken":11,"max_hp_gain":0,"max_hp_loss":0,"event_name":"World of Goop","floor":13,"gold_loss":0},{"damage_healed":0,"gold_gain":0,"player_choice":"Traded Relic","damage_taken":0,"relics_obtained":["Nloth\u0027s Gift"],"max_hp_gain":0,"max_hp_loss":0,"event_name":"N\u0027loth","floor":20,"relics_lost":["Boot"],"gold_loss":0},{"damage_healed":0,"gold_gain":0,"player_choice":"Shed Blood","damage_taken":17,"max_hp_gain":5,"max_hp_loss":0,"event_name":"Forgotten Altar","floor":24,"gold_loss":0},{"damage_healed":0,"gold_gain":0,"player_choice":"Fight","damage_taken":0,"max_hp_gain":0,"max_hp_loss":0,"event_name":"Colosseum","floor":25,"gold_loss":0},{"damage_healed":0,"gold_gain":0,"player_choice":"Fought Nobs","damage_taken":0,"max_hp_gain":0,"max_hp_loss":0,"event_name":"Colosseum","floor":25,"gold_loss":0},{"damage_healed":0,"gold_gain":0,"player_choice":"Read","damage_taken":0,"max_hp_gain":0,"max_hp_loss":0,"event_name":"The Library","floor":30,"gold_loss":0,"cards_obtained":["Creative AI"]},{"damage_healed":0,"gold_gain":275,"player_choice":"Desecrate","damage_taken":0,"max_hp_gain":0,"max_hp_loss":0,"event_name":"Golden Shrine","floor":37,"gold_loss":0,"cards_obtained":["Regret"]},{"cards_removed":["Cold Snap"],"damage_healed":0,"gold_gain":0,"player_choice":"Purged","damage_taken":0,"max_hp_gain":0,"max_hp_loss":0,"event_name":"Purifier","floor":47,"gold_loss":0}],"is_beta":false,"boss_relics":[{"not_picked":["Empty Cage","Orrery"],"picked":"Astrolabe"},{"not_picked":["Eternal Feather","Tiny House"],"picked":"Runic Pyramid"}],"items_purged_floors":[2,19,28,36,38],"is_endless":false,"potions_floor_spawned":[7,11,12,18,22,25,40,46],"ascension_level":0}