{"gold_per_floor":[109,127,52,64,64,64,64,96,96,96,96,71,71,82,82,161,161,171,181,181,181,26,55,55,55],"floor_reached":25,"playtime":604,"items_purged":["Defend_B","Defend_B"],"score":434,"play_id":"9d183edc-340b-47c4-ae72-289b22ce4944","local_time":"20190213161316","is_ascension_mode":true,"campfire_choices":[{"data":"Sunder","floor":6.0,"key":"SMITH"},{"data":"Dualcast","floor":11.0,"key":"SMITH"},{"data":"Turbo","floor":13.0,"key":"SMITH"},{"data":"Zap","floor":15.0,"key":"SMITH"},{"data":"Ghostly","floor":24,"key":"SMITH"}],"neow_cost":"TEN_PERCENT_HP_LOSS","seed_source_timestamp":29110224613746,"circlet_count":0,"master_deck":["AscendersBane","Strike_B","Defend_B","Defend_B","Zap+1","Dualcast+1","Gash","Ball Lightning","Sunder+1","Meteor Strike+1","Turbo+1","Conserve Battery","Electrodynamics","Tempest+1","Sunder+1","Ghostly+1","Ghostly","Ghostly","Beam Cell+1","Undo"],"special_seed":0,"relics":["Cracked Core","Molten Egg 2","Philosopher\u0027s Stone","Torii"],"potions_floor_usage":[25],"damage_taken":[{"damage":4.0,"enemies":"Jaw Worm","floor":1.0,"turns":4.0},{"damage":4.0,"enemies":"2 Louse","floor":2.0,"turns":3.0},{"damage":0.0,"enemies":"Small Slimes","floor":4.0,"turns":2.0},{"damage":8.0,"enemies":"Gremlin Nob","floor":8.0,"turns":3.0},{"damage":1.0,"enemies":"Looter","floor":14.0,"turns":2.0},{"damage":13.0,"enemies":"The Guardian","floor":16.0,"turns":8.0},{"damage":46.0,"enemies":"Shell Parasite","floor":18.0,"turns":5.0},{"damage":25.0,"enemies":"Spheric Guardian","floor":19.0,"turns":4.0},{"damage":3.0,"enemies":"Gremlin Leader","floor":23.0,"turns":5.0},{"damage":13,"enemies":"Shelled Parasite and Fungi","floor":25,"turns":3}],"seed_played":"80368156190367770","potions_obtained":[{"floor":4.0,"key":"Weak Potion"},{"floor":14.0,"key":"Dexterity Potion"},{"floor":16.0,"key":"FairyPotion"},{"floor":23.0,"key":"AttackPotion"}],"is_trial":false,"path_per_floor":["M","M","$","M","?","R","?","E","T","?","R","$","R","M","R","B",null,"M","M","?","?","$","E","R","M"],"character_chosen":"DEFECT","items_purchased":["Turbo","Beam Cell+1"],"campfire_rested":0,"item_purchase_floors":[12,22],"current_hp_per_floor":[60,56,56,56,56,56,61,53,53,46,46,46,46,45,45,32,60,14,6,6,6,6,3,3,0],"gold":55,"neow_bonus":"REMOVE_TWO","is_prod":false,"is_daily":false,"chose_seed":false,"campfire_upgraded":5,"win_rate":0,"timestamp":1550045596,"path_taken":["M","M","$","M","?","R","?","E","T","?","R","$","R","M","R","BOSS","M","M","?","?","$","E","R","M"],"build_version":"2019-01-23","purchased_purges":2,"victory":false,"max_hp_per_floor":[64,64,64,64,64,64,69,69,69,69,69,69,69,69,69,69,69,69,69,34,34,34,34,34,34],"card_choices":[{"not_picked":["Recycle","Streamline"],"picked":"Gash","floor":1.0},{"not_picked":["Compile Driver","Go for the Eyes"],"picked":"Ball Lightning","floor":2.0},{"not_picked":["Leap","Streamline"],"picked":"Sunder","floor":4.0},{"not_picked":["Steam","FTL"],"picked":"Meteor Strike","floor":8.0},{"not_picked":["Turbo","Steam"],"picked":"Conserve Battery","floor":14.0},{"not_picked":["Amplify","Machine Learning"],"picked":"Electrodynamics","floor":16.0},{"not_picked":["Coolheaded","Steam"],"picked":"Tempest+1","floor":18.0},{"not_picked":["Redo","Chaos"],"picked":"Sunder+1","floor":19.0},{"not_picked":["Barrage+1","Beam Cell+1"],"picked":"Undo","floor":23.0}],"player_experience":2684440,"relics_obtained":[{"floor":8.0,"key":"Molten Egg 2"},{"floor":23.0,"key":"Torii"}],"event_choices":[{"damage_healed":0.0,"max_hp_gain":0.0,"max_hp_loss":0.0,"gold_gain":0.0,"event_name":"Liars Game","player_choice":"Ignored","floor":5.0,"gold_loss":0.0,"damage_taken":0.0},{"damage_healed":0.0,"max_hp_gain":5.0,"max_hp_loss":0.0,"gold_gain":0.0,"event_name":"Big Fish","player_choice":"Donut","floor":7.0,"gold_loss":0.0,"damage_taken":0.0},{"cards_removed":["Strike_B"],"damage_healed":0.0,"max_hp_gain":0.0,"max_hp_loss":0.0,"gold_gain":0.0,"event_name":"Golden Wing","player_choice":"Card Removal","floor":10.0,"gold_loss":0.0,"damage_taken":7.0},{"damage_healed":0.0,"max_hp_gain":0.0,"max_hp_loss":35.0,"gold_gain":0.0,"event_name":"Ghosts","player_choice":"Became a Ghost","floor":20.0,"gold_loss":0.0,"damage_taken":0.0,"cards_obtained":["Ghostly","Ghostly","Ghostly"]},{"damage_healed":0.0,"max_hp_gain":0.0,"max_hp_loss":0.0,"gold_gain":0.0,"event_name":"Vampires","player_choice":"Ignored","floor":21.0,"gold_loss":0.0,"damage_taken":0.0}],"is_beta":false,"boss_relics":[{"not_picked":["Lizard Tail","Velvet Choker"],"picked":"Philosopher\u0027s Stone"}],"items_purged_floors":[3,22],"is_endless":false,"potions_floor_spawned":[4,14,16,23],"killed_by":"Shelled Parasite and Fungi","ascension_level":20}