{"gold_per_floor":[360,181,181,195,18,18,52,52,52,52,67,67,13,24,24,98,98,117,127,2,16,16,16,48,48,94,125,125,141,161,80,80,153,153,168,168,213,229,79,79,111,111,111,68,68,68,68,101,101,101,101,101,101,101,128,128],"floor_reached":57,"playtime":3434,"items_purged":["Parasite","Strike_G","Strike_G","Finisher+1"],"score":3309,"play_id":"0b527dda-aa6f-4b61-aa00-9a46601f380f","local_time":"20190312001237","is_ascension_mode":true,"campfire_choices":[{"data":"Deadly Poison","floor":6.0,"key":"SMITH"},{"data":"Well Laid Plans","floor":8.0,"key":"SMITH"},{"data":"Calculated Gamble","floor":12.0,"key":"SMITH"},{"data":"Venomology","floor":15.0,"key":"SMITH"},{"data":"Expertise","floor":23.0,"key":"SMITH"},{"data":"Venomology","floor":25.0,"key":"SMITH"},{"data":"Acrobatics","floor":32.0,"key":"SMITH"},{"data":"Defend_G","floor":40.0,"key":"PURGE"},{"data":"Defend_G","floor":42.0,"key":"PURGE"},{"data":"Defend_G","floor":47.0,"key":"PURGE"},{"floor":49.0,"key":"RECALL"},{"data":"Survivor","floor":53.0,"key":"PURGE"}],"neow_cost":"CURSE","seed_source_timestamp":42714269707641,"circlet_count":0,"master_deck":["AscendersBane","Defend_G+1","Neutralize","Leg Sweep","Footwork","Deadly Poison+1","Escape Plan","Well Laid Plans+1","Calculated Gamble+1","Tactician","Venomology+1","Venomology+1","Crippling Poison+1","Footwork+1","Expertise+1","Concentrate+1","Catalyst","Acrobatics+1","Acrobatics+1","Grand Finale","Backflip","Well Laid Plans","Backflip+1","Malaise"],"special_seed":0,"relics":["Ring of the Snake","Potion Belt","Ancient Tea Set","Happy Flower","Astrolabe","Lantern","War Paint","Du-Vu Doll","Coffee Dripper","Peace Pipe","Shuriken","Bottled Flame","Bottled Lightning"],"potions_floor_usage":[56,56,56,56,56,56,56,56],"damage_taken":[{"damage":16.0,"enemies":"Jaw Worm","floor":1.0,"turns":12.0},{"damage":3.0,"enemies":"Cultist","floor":4.0,"turns":7.0},{"damage":16.0,"enemies":"3 Sentries","floor":7.0,"turns":14.0},{"damage":0.0,"enemies":"Small Slimes","floor":11.0,"turns":3.0},{"damage":0.0,"enemies":"Blue Slaver","floor":14.0,"turns":4.0},{"damage":0.0,"enemies":"Hexaghost","floor":16.0,"turns":11.0},{"damage":0.0,"enemies":"2 Thieves","floor":18.0,"turns":1.0},{"damage":3.0,"enemies":"Spheric Guardian","floor":19.0,"turns":5.0},{"damage":0.0,"enemies":"Centurion and Healer","floor":21.0,"turns":10.0},{"damage":2.0,"enemies":"Slavers","floor":24.0,"turns":9.0},{"damage":0.0,"enemies":"Book of Stabbing","floor":27.0,"turns":7.0},{"damage":0.0,"enemies":"3 Cultists","floor":29.0,"turns":4.0},{"damage":0.0,"enemies":"Snake Plant","floor":30.0,"turns":5.0},{"damage":0.0,"enemies":"Collector","floor":33.0,"turns":5.0},{"damage":0.0,"enemies":"3 Darklings","floor":35.0,"turns":2.0},{"damage":0.0,"enemies":"2 Orb Walkers","floor":37.0,"turns":2.0},{"damage":0.0,"enemies":"3 Shapes","floor":38.0,"turns":2.0},{"damage":0.0,"enemies":"Giant Head","floor":41.0,"turns":2.0},{"damage":0.0,"enemies":"Reptomancer","floor":48.0,"turns":1.0},{"damage":0.0,"enemies":"Time Eater","floor":50.0,"turns":11.0},{"damage":0.0,"enemies":"Donu and Deca","floor":51.0,"turns":6.0},{"damage":0.0,"enemies":"Shield and Spear","floor":55.0,"turns":1.0},{"damage":0,"enemies":"The Heart","floor":56,"turns":6}],"seed_played":"6101599382062848284","potions_obtained":[{"floor":1.0,"key":"Block Potion"},{"floor":7.0,"key":"Dexterity Potion"},{"floor":10.0,"key":"SteroidPotion"},{"floor":10.0,"key":"Fire Potion"},{"floor":16.0,"key":"SkillPotion"},{"floor":19.0,"key":"GamblersBrew"},{"floor":21.0,"key":"Swift Potion"},{"floor":29.0,"key":"Block Potion"},{"floor":35.0,"key":"GhostInAJar"}],"is_trial":false,"path_per_floor":["M","$","?","M","$","R","E","R","T","?","M","R","?","M","R","B",null,"M","M","$","M","?","R","E","R","T","E","?","M","M","$","R","B",null,"M","?","?","M","$","R","E","R","T","$","?","?","R","E","R","B","B",null,"R","$","E","B",null],"character_chosen":"THE_SILENT","items_purchased":["Footwork","Deadly Poison","Well Laid Plans","Grand Finale","Well Laid Plans"],"campfire_rested":0,"item_purchase_floors":[2,2,5,31,44],"current_hp_per_floor":[43,43,25,22,22,22,6,6,6,6,6,6,6,6,6,6,49,49,46,46,46,46,46,59,59,59,59,59,59,59,59,59,59,62,63,63,63,63,63,63,63,63,63,63,60,60,60,60,60,60,60,60,60,60,60,60],"gold":128,"neow_bonus":"TWO_FIFTY_GOLD","is_prod":false,"is_daily":false,"chose_seed":false,"campfire_upgraded":7,"win_rate":0,"timestamp":1552320757,"path_taken":["M","$","?","M","$","R","E","R","T","?","?","R","?","M","R","BOSS","M","M","$","M","?","R","E","R","T","E","?","M","M","$","R","BOSS","M","?","?","M","$","R","E","R","T","?","?","?","R","E","R","BOSS","BOSS","R","$","E","BOSS"],"build_version":"2019-01-23","purchased_purges":4,"victory":true,"max_hp_per_floor":[66,63,63,63,63,63,63,63,63,63,63,63,63,63,63,63,63,63,63,63,63,63,63,63,63,63,63,63,63,63,63,63,63,63,63,63,63,63,63,63,63,63,63,63,60,60,60,60,60,60,60,60,60,60,60,60],"card_choices":[{"not_picked":["All Out Attack","Dagger Throw"],"picked":"Leg Sweep","floor":1.0},{"not_picked":["Underhanded Strike","Deadly Poison"],"picked":"Escape Plan","floor":4.0},{"not_picked":["Blade Dance","Poisoned Stab"],"picked":"Calculated Gamble","floor":7.0},{"not_picked":["Acrobatics","Quick Slash"],"picked":"Tactician","floor":11.0},{"not_picked":["Deflect","Poisoned Stab"],"picked":"Venomology","floor":14.0},{"not_picked":["Phantasmal Killer","Doppelganger"],"picked":"Venomology","floor":16.0},{"not_picked":["Underhanded Strike+1","Expertise","PiercingWail"],"picked":"SKIP","floor":18.0},{"not_picked":["Underhanded Strike+1","PiercingWail"],"picked":"Expertise","floor":18.0},{"not_picked":["Calculated Gamble","Predator"],"picked":"Concentrate","floor":19.0},{"not_picked":["Crippling Poison","Prepared","PiercingWail"],"picked":"SKIP","floor":21.0},{"not_picked":["Leg Sweep","Heel Hook","Bouncing Flask+1"],"picked":"SKIP","floor":24.0},{"not_picked":["Infinite Blades","Expertise"],"picked":"Catalyst","floor":27.0},{"not_picked":["Blade Dance","Dagger Spray","PiercingWail"],"picked":"SKIP","floor":29.0},{"not_picked":["Quick Slash","Outmaneuver"],"picked":"Acrobatics+1","floor":30.0},{"not_picked":["Quick Slash+1","Dodge and Roll"],"picked":"Backflip","floor":35.0},{"not_picked":["Sucker Punch","Deadly Poison","Flying Knee"],"picked":"SKIP","floor":38.0},{"not_picked":["Flechettes+1","Flying Knee","Poisoned Stab+1"],"picked":"SKIP","floor":41.0},{"not_picked":["Concentrate","Deflect"],"picked":"Backflip+1","floor":48.0},{"not_picked":["Malaise","Backstab+1","Dodge and Roll"],"picked":"SKIP","floor":55.0},{"not_picked":["Backstab+1","Dodge and Roll"],"picked":"Malaise","floor":55.0}],"player_experience":3502849,"relics_obtained":[{"floor":7.0,"key":"Ancient Tea Set"},{"floor":9.0,"key":"Happy Flower"},{"floor":24.0,"key":"Lantern"},{"floor":26.0,"key":"War Paint"},{"floor":27.0,"key":"Du-Vu Doll"},{"floor":37.0,"key":"Peace Pipe"},{"floor":41.0,"key":"Shuriken"},{"floor":48.0,"key":"Bottled Flame"},{"floor":55.0,"key":"Bottled Lightning"}],"event_choices":[{"damage_healed":0.0,"max_hp_gain":0.0,"max_hp_loss":0.0,"gold_gain":0.0,"event_name":"Scrap Ooze","player_choice":"Success","floor":3.0,"gold_loss":0.0,"damage_taken":18.0,"relics_obtained":["Potion Belt"]},{"damage_healed":0.0,"max_hp_gain":0.0,"max_hp_loss":0.0,"gold_gain":0.0,"event_name":"Lab","player_choice":"Got Potions","floor":10.0,"gold_loss":0.0,"damage_taken":0.0},{"damage_healed":0.0,"max_hp_gain":0.0,"max_hp_loss":0.0,"gold_gain":0.0,"event_name":"World of Goop","player_choice":"Left Gold","floor":13.0,"gold_loss":54.0,"damage_taken":0.0},{"cards_removed":["Defend_G"],"damage_healed":0.0,"max_hp_gain":0.0,"max_hp_loss":0.0,"gold_gain":0.0,"event_name":"Back to Basics","player_choice":"Elegance","floor":22.0,"gold_loss":0.0,"damage_taken":0.0},{"damage_healed":0.0,"max_hp_gain":0.0,"max_hp_loss":0.0,"gold_gain":0.0,"event_name":"The Library","player_choice":"Read","floor":28.0,"gold_loss":0.0,"damage_taken":0.0,"cards_obtained":["Acrobatics"]},{"damage_healed":0.0,"max_hp_gain":0.0,"max_hp_loss":0.0,"gold_gain":0.0,"event_name":"Tomb of Lord Red Mask","player_choice":"Ignored","floor":36.0,"gold_loss":0.0,"damage_taken":0.0},{"damage_healed":0.0,"max_hp_gain":0.0,"max_hp_loss":0.0,"gold_gain":0.0,"event_name":"Mysterious Sphere","player_choice":"Fight","floor":37.0,"gold_loss":0.0,"damage_taken":0.0},{"damage_healed":0.0,"max_hp_gain":0.0,"max_hp_loss":3.0,"gold_gain":0.0,"event_name":"Winding Halls","player_choice":"Max HP","floor":45.0,"gold_loss":0.0,"damage_taken":0.0},{"damage_healed":0.0,"max_hp_gain":0.0,"max_hp_loss":0.0,"gold_gain":0.0,"event_name":"SensoryStone","player_choice":"Memory 1","floor":46.0,"gold_loss":0.0,"damage_taken":0.0}],"is_beta":false,"boss_relics":[{"not_picked":["Black Star","Lizard Tail"],"picked":"Astrolabe"},{"not_picked":["Philosopher\u0027s Stone","Ring of the Serpent"],"picked":"Coffee Dripper"}],"items_purged_floors":[2,5,20,39],"is_endless":false,"potions_floor_spawned":[1,7,16,19,21,29,33,35,37,55],"ascension_level":20}