{"gold_per_floor":[111,36,36,51,11,46,59,59,83,110,60,60,90,102,102,176,176,193,166,37,37,51,82,95,95,95,95,95,107,107,118,118,192,192,205,205,215,225,225,257,257,272,272,183,183,200,232,244,244,244,244,244,244,36,67,67],"floor_reached":56,"playtime":3405,"items_purged":["Strike_G","Strike_G","Strike_G","Poisoned Stab"],"score":2104,"play_id":"318cc6e9-c06a-482a-a764-0fbd624a027c","local_time":"20181117211343","is_ascension_mode":true,"campfire_choices":[{"floor":12.0,"key":"REST"},{"data":"Blade Dance","floor":15.0,"key":"SMITH"},{"floor":25.0,"key":"RECALL"},{"data":"Cloak And Dagger","floor":27.0,"key":"SMITH"},{"data":"Footwork","floor":30.0,"key":"SMITH"},{"data":"Noxious Fumes","floor":32.0,"key":"SMITH"},{"data":"Cloak And Dagger","floor":41.0,"key":"SMITH"},{"data":"1","floor":45.0,"key":"LIFT"},{"data":"2","floor":49.0,"key":"LIFT"},{"data":"Blade Dance","floor":53.0,"key":"SMITH"}],"neow_cost":"NONE","seed_source_timestamp":0,"circlet_count":0,"master_deck":["AscendersBane","Defend_G","Defend_G","Defend_G","Defend_G","Defend_G","Survivor","Neutralize","Well Laid Plans","Footwork+1","Backflip","Blade Dance+1","After Image","Deflect","Slice","After Image","Adrenaline","Backflip","Noxious Fumes+1","Finisher","Cloak And Dagger+1","Blur","Cloak And Dagger+1","After Image","Escape Plan+1","Blade Dance+1","PiercingWail+1","Accuracy","Footwork","Backflip","Sucker Punch+1"],"special_seed":0,"relics":["Ring of the Snake","NeowsBlessing","Dream Catcher","Kunai","Smiling Mask","Dodecahedron","Potion Belt","Coffee Dripper","PreservedInsect","Girya","WristBlade","Blood Vial","Matryoshka","Strawberry"],"potions_floor_usage":[56],"damage_taken":[{"damage":0.0,"enemies":"2 Louse","floor":1.0,"turns":1.0},{"damage":0.0,"enemies":"Jaw Worm","floor":4.0,"turns":1.0},{"damage":0.0,"enemies":"3 Sentries","floor":6.0,"turns":2.0},{"damage":0.0,"enemies":"Cultist","floor":7.0,"turns":4.0},{"damage":37.0,"enemies":"Gremlin Nob","floor":10.0,"turns":5.0},{"damage":3.0,"enemies":"3 Sentries","floor":13.0,"turns":19.0},{"damage":7.0,"enemies":"Large Slime","floor":14.0,"turns":8.0},{"damage":8.0,"enemies":"The Guardian","floor":16.0,"turns":15.0},{"damage":0.0,"enemies":"Chosen","floor":18.0,"turns":11.0},{"damage":0.0,"enemies":"2 Thieves","floor":19.0,"turns":4.0},{"damage":3.0,"enemies":"Snake Plant","floor":22.0,"turns":7.0},{"damage":19.0,"enemies":"Slavers","floor":23.0,"turns":6.0},{"damage":4.0,"enemies":"Sentry and Sphere","floor":24.0,"turns":7.0},{"damage":19.0,"enemies":"Snecko","floor":29.0,"turns":5.0},{"damage":2.0,"enemies":"Shelled Parasite and Fungi","floor":31.0,"turns":6.0},{"damage":0.0,"enemies":"Champ","floor":33.0,"turns":14.0},{"damage":0.0,"enemies":"3 Shapes","floor":35.0,"turns":5.0},{"damage":0.0,"enemies":"Orb Walker","floor":37.0,"turns":4.0},{"damage":7.0,"enemies":"Jaw Worm Horde","floor":38.0,"turns":7.0},{"damage":0.0,"enemies":"Giant Head","floor":40.0,"turns":9.0},{"damage":6.0,"enemies":"Sphere and 2 Shapes","floor":42.0,"turns":6.0},{"damage":0.0,"enemies":"3 Darklings","floor":46.0,"turns":6.0},{"damage":1.0,"enemies":"Nemesis","floor":47.0,"turns":5.0},{"damage":5.0,"enemies":"Spire Growth","floor":48.0,"turns":6.0},{"damage":27.0,"enemies":"Time Eater","floor":50.0,"turns":16.0},{"damage":9.0,"enemies":"Donu and Deca","floor":51.0,"turns":14.0},{"damage":43.0,"enemies":"Shield and Spear","floor":55.0,"turns":11.0},{"damage":5,"enemies":"The Heart","floor":56,"turns":2}],"seed_played":"255269467630828197","potions_obtained":[{"floor":1.0,"key":"SneckoOil"},{"floor":4.0,"key":"Block Potion"},{"floor":6.0,"key":"EssenceOfSteel"},{"floor":18.0,"key":"Weak Potion"},{"floor":22.0,"key":"Explosive Potion"},{"floor":23.0,"key":"Energy Potion"},{"floor":28.0,"key":"Strength Potion"},{"floor":28.0,"key":"Dexterity Potion"},{"floor":29.0,"key":"Ancient Potion"},{"floor":31.0,"key":"Fire Potion"},{"floor":35.0,"key":"PowerPotion"},{"floor":37.0,"key":"Fruit Juice"},{"floor":38.0,"key":"Block Potion"},{"floor":42.0,"key":"Fire Potion"},{"floor":55.0,"key":"GamblersBrew"}],"is_trial":false,"path_per_floor":["M","?","?","M","$","E","M","$","T","E","$","R","E","M","R","B",null,"M","M","$","?","M","E","M","R","T","R","?","M","R","M","R","B",null,"M","?","M","M","?","E","R","M","T","$","R","M","E","M","R","B","B",null,"R","$","E","B"],"character_chosen":"THE_SILENT","items_purchased":["Footwork","Finisher","Accuracy","Swift Potion","Footwork","Backflip"],"campfire_rested":1,"item_purchase_floors":[5,20,44,54,54,54],"current_hp_per_floor":[59,59,41,41,41,41,41,41,41,4,4,23,20,13,13,5,51,51,51,51,51,48,29,25,25,25,25,25,6,6,4,4,4,51,51,51,56,49,49,49,49,45,45,45,45,47,48,45,45,20,13,57,57,57,23,20],"gold":67,"neow_bonus":"THREE_ENEMY_KILL","is_prod":false,"is_daily":false,"chose_seed":false,"campfire_upgraded":6,"win_rate":0,"timestamp":1542460423,"path_taken":["M","?","?","M","$","E","M","?","T","E","?","R","E","M","R","BOSS","M","M","$","?","M","E","M","R","T","R","?","M","R","?","R","BOSS","M","?","M","?","?","E","R","?","T","$","R","?","E","M","R","BOSS","BOSS","R","$","E","BOSS"],"build_version":"2018-11-15","purchased_purges":4,"victory":false,"max_hp_per_floor":[66,66,66,66,66,66,66,66,66,66,66,66,66,66,66,66,66,66,66,66,66,66,66,66,66,66,66,66,66,66,66,66,66,66,66,66,71,71,71,71,71,71,71,71,71,71,71,71,71,71,71,71,71,71,78,78],"card_choices":[{"not_picked":["Masterful Stab","Poisoned Stab"],"picked":"Well Laid Plans","floor":1.0},{"not_picked":["Sucker Punch","Outmaneuver"],"picked":"Poisoned Stab","floor":4.0},{"not_picked":["Finisher","Sucker Punch"],"picked":"Backflip","floor":6.0},{"not_picked":["Underhanded Strike","Phantasmal Killer"],"picked":"Blade Dance","floor":7.0},{"not_picked":["Dagger Spray","Crippling Poison"],"picked":"After Image","floor":10.0},{"not_picked":["Dash","Poisoned Stab"],"picked":"Deflect","floor":12.0},{"not_picked":["Deflect","Catalyst"],"picked":"Slice","floor":13.0},{"not_picked":["Calculated Gamble","Distraction"],"picked":"After Image","floor":14.0},{"not_picked":["Venomology","A Thousand Cuts"],"picked":"Adrenaline","floor":16.0},{"not_picked":["Flechettes","Well Laid Plans","Backflip"],"picked":"SKIP","floor":18.0},{"not_picked":["Flechettes","Well Laid Plans"],"picked":"Backflip","floor":18.0},{"not_picked":["Infinite Blades","Predator"],"picked":"Noxious Fumes","floor":19.0},{"not_picked":["Reflex","Poisoned Stab+1","Backflip"],"picked":"SKIP","floor":22.0},{"not_picked":["Predator","Finisher"],"picked":"Cloak And Dagger","floor":23.0},{"not_picked":["Deflect","Outmaneuver","Expertise"],"picked":"SKIP","floor":24.0},{"not_picked":["Unload","Flying Knee"],"picked":"Blur","floor":29.0},{"not_picked":["Deadly Poison","Deflect","Outmaneuver+1"],"picked":"SKIP","floor":31.0},{"not_picked":["Backflip","Poisoned Stab"],"picked":"Cloak And Dagger","floor":35.0},{"not_picked":["Flying Knee+1","Sucker Punch+1"],"picked":"Escape Plan+1","floor":37.0},{"not_picked":["Deadly Poison","Masterful Stab"],"picked":"Blade Dance","floor":38.0},{"not_picked":["Dagger Spray","Flying Knee+1","Setup"],"picked":"SKIP","floor":40.0},{"not_picked":["Acrobatics","Setup"],"picked":"PiercingWail+1","floor":42.0},{"not_picked":["Bouncing Flask","Acrobatics","PiercingWail"],"picked":"SKIP","floor":46.0},{"not_picked":["Prepared","Infinite Blades","Skewer+1"],"picked":"SKIP","floor":47.0},{"not_picked":["Prepared","Infinite Blades","Skewer+1"],"picked":"SKIP","floor":47.0},{"not_picked":["Underhanded Strike+1","Quick Slash","Wraith Form v2"],"picked":"SKIP","floor":48.0},{"not_picked":["Quick Slash+1","Reflex"],"picked":"Sucker Punch+1","floor":55.0}],"player_experience":508691,"relics_obtained":[{"floor":6.0,"key":"Kunai"},{"floor":9.0,"key":"Smiling Mask"},{"floor":10.0,"key":"Dodecahedron"},{"floor":13.0,"key":"Potion Belt"},{"floor":23.0,"key":"PreservedInsect"},{"floor":26.0,"key":"Girya"},{"floor":40.0,"key":"Blood Vial"},{"floor":47.0,"key":"Matryoshka"},{"floor":55.0,"key":"Strawberry"}],"event_choices":[{"cards_removed":["Strike_G"],"damage_healed":0.0,"max_hp_gain":0.0,"max_hp_loss":0.0,"gold_gain":0.0,"event_name":"The Cleric","player_choice":"Card Removal","floor":2.0,"gold_loss":75.0,"damage_taken":0.0},{"damage_healed":0.0,"max_hp_gain":0.0,"max_hp_loss":0.0,"gold_gain":0.0,"event_name":"Scrap Ooze","player_choice":"Success","floor":3.0,"gold_loss":0.0,"damage_taken":18.0,"relics_obtained":["Dream Catcher"]},{"damage_healed":0.0,"max_hp_gain":0.0,"max_hp_loss":0.0,"gold_gain":0.0,"event_name":"Cursed Tome","player_choice":"Ignored","floor":21.0,"gold_loss":0.0,"damage_taken":0.0},{"damage_healed":0.0,"max_hp_gain":0.0,"max_hp_loss":0.0,"gold_gain":0.0,"event_name":"Lab","player_choice":"Got Potions","floor":28.0,"gold_loss":0.0,"damage_taken":0.0},{"damage_healed":0.0,"max_hp_gain":0.0,"max_hp_loss":0.0,"gold_gain":0.0,"event_name":"Duplicator","player_choice":"Copied","floor":36.0,"gold_loss":0.0,"damage_taken":0.0,"cards_obtained":["After Image"]},{"cards_removed":["Strike_G"],"damage_healed":0.0,"max_hp_gain":0.0,"max_hp_loss":0.0,"gold_gain":0.0,"event_name":"Purifier","player_choice":"Purged","floor":39.0,"gold_loss":0.0,"damage_taken":0.0}],"is_beta":true,"boss_relics":[{"not_picked":["Busted Crown","Cursed Key"],"picked":"Coffee Dripper"},{"not_picked":["Philosopher\u0027s Stone","Snecko Eye"],"picked":"WristBlade"}],"items_purged_floors":[11,20,44,54],"is_endless":false,"potions_floor_spawned":[1,4,6,18,22,23,29,31,35,37,38,42,55],"killed_by":"The Heart","ascension_level":20}