{"gold_per_floor":[118,118,118,131,148,148,164,164,164,178,178,210,210,237,237,309,309,325,325,250,300,312,312,339,339,411,113,132,132,132,132],"floor_reached":31,"playtime":998,"items_purged":["Bash"],"score":522,"play_id":"0b89d779-51d3-4f2f-8a1a-db829261c4f8","local_time":"20190602190708","is_ascension_mode":true,"campfire_choices":[{"data":"True Grit","floor":6.0,"key":"SMITH"},{"data":"Rampage","floor":8.0,"key":"SMITH"},{"data":"Rupture","floor":11.0,"key":"SMITH"},{"data":"Rupture","floor":13.0,"key":"SMITH"},{"data":"Brutality","floor":15.0,"key":"SMITH"},{"data":"Brutality","floor":23,"key":"SMITH"},{"floor":25,"key":"RECALL"}],"neow_cost":"NONE","seed_source_timestamp":94135309951347,"circlet_count":0,"master_deck":["AscendersBane","Strike_R+1","Strike_R+1","Strike_R+1","Strike_R+1","Defend_R","Defend_R","Defend_R","Defend_R","True Grit+1","Pain","Rupture+1","Rampage+1","Rupture+1","Evolve","Shrug It Off","Brutality+1","Brutality+1","Ghostly Armor+1","Ghostly","Ghostly","Ghostly","Burning Pact+1","Seeing Red","Flash of Steel","Master of Strategy","Decay"],"special_seed":0,"relics":["Burning Blood","NeowsBlessing","WarpedTongs","Pear","PreservedInsect","Whetstone","Coffee Dripper","The Courier","Gremlin Horn"],"potions_floor_usage":[16,16,24],"damage_taken":[{"damage":0.0,"enemies":"Small Slimes","floor":1.0,"turns":1.0},{"damage":0.0,"enemies":"Jaw Worm","floor":4.0,"turns":1.0},{"damage":1.0,"enemies":"Cultist","floor":5.0,"turns":1.0},{"damage":13.0,"enemies":"Blue Slaver","floor":7.0,"turns":4.0},{"damage":20.0,"enemies":"3 Louse","floor":10.0,"turns":4.0},{"damage":15.0,"enemies":"Lagavulin","floor":12.0,"turns":7.0},{"damage":27.0,"enemies":"3 Sentries","floor":14.0,"turns":7.0},{"damage":17,"enemies":"Slime Boss","floor":16,"turns":7},{"damage":11,"enemies":"Chosen","floor":18,"turns":3},{"damage":18,"enemies":"Shell Parasite","floor":22,"turns":5},{"damage":15,"enemies":"Gremlin Leader","floor":24,"turns":4},{"damage":17,"enemies":"Sentry and Sphere","floor":28,"turns":5},{"damage":10,"enemies":"Centurion and Healer","floor":31,"turns":2}],"seed_played":"-7574500057200834820","potions_obtained":[{"floor":1.0,"key":"Swift Potion"},{"floor":4.0,"key":"Dexterity Potion"},{"floor":18,"key":"Explosive Potion"},{"floor":30,"key":"SteroidPotion"},{"floor":30,"key":"Weak Potion"}],"is_trial":false,"path_per_floor":["M","?","?","M","M","R","M","R","T","M","R","E","R","E","R","B",null,"M","?","?","?","M","R","E","R","T","$","M","?","?","M"],"character_chosen":"IRONCLAD","items_purchased":["Flash of Steel","Master of Strategy"],"campfire_rested":0,"item_purchase_floors":[27,27],"current_hp_per_floor":[74,51,51,57,62,62,55,55,65,51,51,42,42,21,21,10,66,61,42,42,42,30,30,21,21,21,21,10,10,10,0],"gold":132,"neow_bonus":"THREE_ENEMY_KILL","is_prod":false,"is_daily":false,"chose_seed":false,"campfire_upgraded":6,"win_rate":0,"timestamp":1559473628,"path_taken":["M","?","?","?","M","R","M","R","T","M","R","E","R","E","R","BOSS","M","?","?","?","M","R","E","R","T","?","M","?","?","?"],"build_version":"2019-01-23","purchased_purges":1,"victory":false,"max_hp_per_floor":[75,75,75,75,75,75,75,75,85,85,85,85,85,85,85,85,85,85,42,42,42,42,42,42,42,42,42,42,42,42,42],"card_choices":[{"not_picked":["Shrug It Off","Iron Wave"],"picked":"True Grit","floor":1.0},{"not_picked":["Sword Boomerang","Clothesline"],"picked":"Rupture","floor":4.0},{"not_picked":["Intimidate","Dropkick"],"picked":"Rampage","floor":5.0},{"not_picked":["Heavy Blade","Reckless Charge"],"picked":"Rupture","floor":7.0},{"not_picked":["Sword Boomerang","Heavy Blade"],"picked":"Evolve","floor":10.0},{"not_picked":["Thunderclap","Sentinel"],"picked":"Shrug It Off","floor":12.0},{"not_picked":["Pommel Strike","True Grit"],"picked":"Brutality","floor":14.0},{"not_picked":["Demon Form","Bludgeon"],"picked":"Brutality","floor":16},{"not_picked":["Thunderclap","Hemokinesis"],"picked":"Ghostly Armor+1","floor":18},{"not_picked":["Sword Boomerang","Shrug It Off+1"],"picked":"Burning Pact+1","floor":22},{"not_picked":["Juggernaut","Flex","Seeing Red"],"picked":"SKIP","floor":24},{"not_picked":["Juggernaut","Flex"],"picked":"Seeing Red","floor":24},{"not_picked":["Headbutt","Cleave","Body Slam"],"picked":"SKIP","floor":28}],"player_experience":5012129,"relics_obtained":[{"floor":9.0,"key":"Pear"},{"floor":12.0,"key":"PreservedInsect"},{"floor":14.0,"key":"Whetstone"},{"floor":24,"key":"The Courier"},{"floor":26,"key":"Gremlin Horn"}],"event_choices":[{"damage_healed":0.0,"max_hp_gain":0.0,"max_hp_loss":0.0,"gold_gain":0.0,"event_name":"Shining Light","player_choice":"Entered Light","floor":2.0,"gold_loss":0.0,"damage_taken":23.0,"cards_upgraded":["Strike_R","Strike_R"]},{"damage_healed":0.0,"max_hp_gain":0.0,"max_hp_loss":0.0,"gold_gain":0.0,"event_name":"Accursed Blacksmith","player_choice":"Rummage","floor":3.0,"gold_loss":0.0,"damage_taken":0.0,"relics_obtained":["WarpedTongs"],"cards_obtained":["Pain"]},{"damage_healed":0,"gold_gain":0,"player_choice":"Became a Ghost","damage_taken":0,"max_hp_gain":0,"max_hp_loss":43,"event_name":"Ghosts","floor":19,"gold_loss":0,"cards_obtained":["Ghostly","Ghostly","Ghostly"]},{"cards_removed":["Strike_R"],"damage_healed":0,"gold_gain":0,"player_choice":"Gave Gold","damage_taken":0,"max_hp_gain":0,"max_hp_loss":0,"event_name":"Beggar","floor":20,"gold_loss":75},{"damage_healed":0,"gold_gain":50,"player_choice":"Stole From Cult","damage_taken":0,"max_hp_gain":0,"max_hp_loss":0,"event_name":"Nest","floor":21,"gold_loss":0},{"damage_healed":0,"gold_gain":0,"player_choice":"Smashed Altar","damage_taken":0,"max_hp_gain":0,"max_hp_loss":0,"event_name":"Forgotten Altar","floor":29,"gold_loss":0,"cards_obtained":["Decay"]},{"damage_healed":0,"gold_gain":0,"player_choice":"Got Potions","damage_taken":0,"max_hp_gain":0,"max_hp_loss":0,"event_name":"Lab","floor":30,"gold_loss":0}],"is_beta":false,"boss_relics":[{"not_picked":["Black Blood","Ectoplasm"],"picked":"Coffee Dripper"}],"items_purged_floors":[27],"is_endless":false,"potions_floor_spawned":[1,4,18],"killed_by":"Centurion and Healer","ascension_level":20}