{"gold_per_floor":[110,185,185,203,128,128,138,138,138,155,155,255,255,269,269,370,370,380,403,107,125,145,145,165,175,251,251,264,264,284,303,303,399,399,415,415,325,113,128,128,147,147,147,167,180,180,280,298,298,298],"floor_reached":51,"playtime":946,"items_purged":["Strike_B","Strike_B","Defend_B+1"],"score":693,"play_id":"5fd40de8-e0e4-4bf4-aa84-4d4c5c4a551c","local_time":"20190612180805","is_ascension_mode":false,"campfire_choices":[{"data":"Dualcast","floor":6,"key":"SMITH"},{"data":"Redo","floor":13,"key":"SMITH"},{"data":"Auto Shields","floor":15,"key":"SMITH"},{"data":"Fission","floor":23,"key":"SMITH"},{"data":"Zap","floor":27,"key":"SMITH"},{"data":"Defend_B","floor":29,"key":"SMITH"},{"data":"Defend_B","floor":32,"key":"SMITH"},{"data":"Impatience","floor":40,"key":"SMITH"},{"floor":42,"key":"RECALL"},{"floor":46,"key":"REST"},{"floor":49,"key":"REST"}],"neow_cost":"NONE","seed_source_timestamp":27208389314408,"circlet_count":0,"master_deck":["Defend_B+1","Defend_B+1","Dualcast+1","Darkness+1","Auto Shields+1","Redo+1","Fission+1","Hologram+1","Darkness+1","Recycle+1","Impatience+1"],"relics":["Cracked Core","Incense Burner","Darkstone Periapt","Runic Pyramid","MawBank","ClockworkSouvenir","Cables","Empty Cage","Letter Opener"],"potions_floor_usage":[],"damage_taken":[{"damage":1,"enemies":"Jaw Worm","floor":1,"turns":3},{"damage":0,"enemies":"Small Slimes","floor":4,"turns":3},{"damage":5,"enemies":"Cultist","floor":7,"turns":4},{"damage":15,"enemies":"Exordium Wildlife","floor":10,"turns":5},{"damage":0,"enemies":"Large Slime","floor":14,"turns":3},{"damage":0,"enemies":"The Guardian","floor":16,"turns":8},{"damage":10,"enemies":"2 Thieves","floor":18,"turns":4},{"damage":0,"enemies":"Shell Parasite","floor":21,"turns":4},{"damage":0,"enemies":"3 Cultists","floor":22,"turns":4},{"damage":0,"enemies":"Snecko","floor":24,"turns":3},{"damage":0,"enemies":"Centurion and Healer","floor":25,"turns":5},{"damage":5,"enemies":"Shelled Parasite and Fungi","floor":28,"turns":3},{"damage":0,"enemies":"Chosen and Byrds","floor":30,"turns":3},{"damage":5,"enemies":"Centurion and Healer","floor":31,"turns":3},{"damage":20,"enemies":"Collector","floor":33,"turns":8},{"damage":0,"enemies":"3 Shapes","floor":35,"turns":3},{"damage":0,"enemies":"3 Darklings","floor":39,"turns":3},{"damage":0,"enemies":"4 Shapes","floor":41,"turns":2},{"damage":0,"enemies":"Spire Growth","floor":44,"turns":2},{"damage":0,"enemies":"Jaw Worm Horde","floor":45,"turns":2},{"damage":0,"enemies":"Transient","floor":48,"turns":5},{"damage":10,"enemies":"Donu and Deca","floor":50,"turns":3}],"seed_played":"488144392622441943","potions_obtained":[{"floor":4,"key":"Ancient Potion"},{"floor":10,"key":"Ancient Potion"},{"floor":14,"key":"EssenceOfSteel"}],"is_trial":false,"path_per_floor":["M","?","?","M","$","R","M","?","T","M","?","?","R","M","R","B",null,"M","T","$","M","M","R","M","M","T","R","M","R","M","M","R","B",null,"M","?","?","$","M","R","M","R","T","M","M","R","?","M","R","B",null],"character_chosen":"DEFECT","items_purchased":["ClockworkSouvenir","Impatience"],"campfire_rested":2,"item_purchase_floors":[20,38],"current_hp_per_floor":[74,63,63,63,63,63,58,40,40,25,25,25,25,25,25,25,75,65,65,65,65,65,65,65,65,65,65,60,60,60,55,55,35,75,75,75,75,75,75,75,75,75,75,75,75,75,75,75,75,65],"gold":298,"neow_bonus":"TRANSFORM_CARD","is_prod":false,"is_daily":false,"chose_seed":false,"campfire_upgraded":8,"win_rate":0,"timestamp":1560334085,"path_taken":["M","?","?","M","$","R","?","?","T","M","?","?","R","M","R","BOSS","M","?","$","M","M","R","?","M","T","R","M","R","M","M","R","BOSS","M","?","?","$","?","R","M","R","T","M","M","R","?","M","R","BOSS"],"build_version":"2019-01-23","purchased_purges":3,"victory":true,"max_hp_per_floor":[75,75,75,75,75,75,75,75,75,75,75,75,75,75,75,75,75,75,75,75,75,75,75,75,75,75,75,75,75,75,75,75,75,75,75,75,75,75,75,75,75,75,75,75,75,75,75,75,75,75],"card_choices":[{"not_picked":["Ball Lightning","Coolheaded","Go for the Eyes"],"picked":"SKIP","floor":1},{"not_picked":["Cold Snap","Leap"],"picked":"Auto Shields","floor":4},{"not_picked":["Beam Cell","Conserve Battery"],"picked":"Redo","floor":7},{"not_picked":["Static Discharge","Go for the Eyes","All For One"],"picked":"SKIP","floor":10},{"not_picked":["Leap","Defragment","Capacitor"],"picked":"SKIP","floor":14},{"not_picked":["Thunder Strike","Electrodynamics"],"picked":"Fission","floor":16},{"not_picked":["Cold Snap","Sweeping Beam+1"],"picked":"Hologram+1","floor":18},{"not_picked":["Blizzard","Force Field","Rebound+1"],"picked":"SKIP","floor":21},{"not_picked":["Steam","Hello World+1","Chill"],"picked":"SKIP","floor":22},{"not_picked":["Streamline","Redo","Go for the Eyes+1"],"picked":"SKIP","floor":24},{"not_picked":["Genetic Algorithm","Barrage","Sweeping Beam+1"],"picked":"SKIP","floor":25},{"not_picked":["Leap","Turbo+1","Amplify"],"picked":"SKIP","floor":28},{"not_picked":["Barrage","Compile Driver+1"],"picked":"Darkness+1","floor":30},{"not_picked":["Doom and Gloom","Blizzard"],"picked":"Recycle+1","floor":31},{"not_picked":["Go for the Eyes+1","Hologram","Capacitor+1"],"picked":"SKIP","floor":35},{"not_picked":["Rebound+1","Beam Cell","Leap+1"],"picked":"SKIP","floor":39},{"not_picked":["Conserve Battery","Chill+1","Gash"],"picked":"SKIP","floor":41},{"not_picked":["Turbo","Hello World+1","Compile Driver+1"],"picked":"SKIP","floor":44},{"not_picked":["Defragment+1","Barrage","Machine Learning"],"picked":"SKIP","floor":45},{"not_picked":["Barrage+1","Self Repair+1","Streamline"],"picked":"SKIP","floor":48}],"player_experience":5111794,"relics_obtained":[{"floor":9,"key":"Darkstone Periapt"},{"floor":19,"key":"MawBank"},{"floor":26,"key":"Cables"},{"floor":43,"key":"Letter Opener"}],"event_choices":[{"damage_healed":0,"gold_gain":75,"player_choice":"Gather Gold","damage_taken":11,"max_hp_gain":0,"max_hp_loss":0,"event_name":"World of Goop","floor":2,"gold_loss":0},{"damage_healed":0,"gold_gain":0,"player_choice":"Upgraded","damage_taken":0,"max_hp_gain":0,"max_hp_loss":0,"event_name":"Upgrade Shrine","floor":3,"gold_loss":0,"cards_upgraded":["Darkness"]},{"damage_healed":0,"gold_gain":0,"player_choice":"Success","damage_taken":18,"relics_obtained":["Incense Burner"],"max_hp_gain":0,"max_hp_loss":0,"event_name":"Scrap Ooze","floor":8,"gold_loss":0},{"damage_healed":0,"gold_gain":0,"player_choice":"Ignored","damage_taken":0,"max_hp_gain":0,"max_hp_loss":0,"event_name":"Liars Game","floor":11,"gold_loss":0},{"damage_healed":0,"gold_gain":100,"player_choice":"Gold","damage_taken":0,"max_hp_gain":0,"max_hp_loss":0,"event_name":"Wheel of Change","floor":12,"gold_loss":0},{"damage_healed":0,"gold_gain":0,"player_choice":"Ignored","damage_taken":0,"max_hp_gain":0,"max_hp_loss":0,"event_name":"Mysterious Sphere","floor":36,"gold_loss":0},{"cards_removed":["Defend_B"],"damage_healed":0,"gold_gain":0,"player_choice":"Upgrade and Remove","damage_taken":0,"max_hp_gain":0,"max_hp_loss":0,"event_name":"Designer","floor":37,"gold_loss":90,"cards_upgraded":["Defend_B"]},{"damage_healed":0,"gold_gain":100,"player_choice":"Pray","damage_taken":0,"max_hp_gain":0,"max_hp_loss":0,"event_name":"Golden Shrine","floor":47,"gold_loss":0}],"is_beta":false,"boss_relics":[{"not_picked":["Tiny House","Fusion Hammer"],"picked":"Runic Pyramid"},{"not_picked":["Velvet Choker","Lizard Tail"],"picked":"Empty Cage"}],"items_purged_floors":[5,20,38],"is_endless":false,"potions_floor_spawned":[4,10,14,22,25,30,39,41],"ascension_level":0}