{"gold_per_floor":[211,93,104,114,38,38,38,54,100,118,142,162,162,180,180,257,257,272,217,267,83,83,83,112,129,154,169,179,179,54,89,89,165,165,178,193,193,204,220,220,245,259,259,259,291,291,171,189,189,189],"floor_reached":50,"playtime":2556,"items_purged":["Strike_G","Strike_G","Strike_G","Strike_G+1"],"score":1268,"play_id":"1dc387a5-17c1-4200-a9f3-1573b43310bf","local_time":"20190108154631","is_ascension_mode":true,"campfire_choices":[{"data":"Catalyst","floor":6.0,"key":"SMITH"},{"data":"Corpse Explosion","floor":13.0,"key":"SMITH"},{"data":"Catalyst","floor":15.0,"key":"SMITH"},{"data":"Well Laid Plans","floor":23.0,"key":"SMITH"},{"data":"Night Terror","floor":29.0,"key":"SMITH"},{"data":"Deadly Poison","floor":32.0,"key":"SMITH"},{"floor":40.0,"key":"REST"},{"floor":44.0,"key":"RECALL"},{"floor":49,"key":"REST"}],"neow_cost":"NONE","seed_source_timestamp":12618160414560,"circlet_count":0,"master_deck":["AscendersBane","Defend_G","Defend_G","Defend_G","Defend_G","Defend_G","Survivor","Neutralize","Backstab","Catalyst+1","Calculated Gamble","Catalyst+1","Endless Agony+1","Corpse Explosion+1","Backflip","Deadly Poison+1","Night Terror+1","Well Laid Plans+1","Deadly Poison"],"special_seed":0,"relics":["Ring of the Snake","Odd Mushroom","Busted Crown","Tiny Chest","Blue Candle","Thread and Needle","Whetstone","Ginger","Lizard Tail","Prayer Wheel","The Courier","Omamori"],"potions_floor_usage":[50],"damage_taken":[{"damage":0.0,"enemies":"2 Louse","floor":1.0,"turns":4.0},{"damage":0.0,"enemies":"Small Slimes","floor":3.0,"turns":4.0},{"damage":0.0,"enemies":"Jaw Worm","floor":4.0,"turns":5.0},{"damage":1.0,"enemies":"Exordium Thugs","floor":8.0,"turns":5.0},{"damage":0.0,"enemies":"Lots of Slimes","floor":10.0,"turns":1.0},{"damage":10.0,"enemies":"The Mushroom Lair","floor":11.0,"turns":3.0},{"damage":8.0,"enemies":"Blue Slaver","floor":12.0,"turns":5.0},{"damage":0.0,"enemies":"2 Fungi Beasts","floor":14.0,"turns":1.0},{"damage":0.0,"enemies":"The Guardian","floor":16.0,"turns":3.0},{"damage":2.0,"enemies":"3 Byrds","floor":18.0,"turns":3.0},{"damage":10.0,"enemies":"Slavers","floor":24.0,"turns":3.0},{"damage":0.0,"enemies":"Shell Parasite","floor":25.0,"turns":4.0},{"damage":5.0,"enemies":"Snake Plant","floor":27.0,"turns":3.0},{"damage":2.0,"enemies":"Cultist and Chosen","floor":28.0,"turns":3.0},{"damage":15.0,"enemies":"Gremlin Leader","floor":31.0,"turns":5.0},{"damage":25.0,"enemies":"Collector","floor":33.0,"turns":5.0},{"damage":7.0,"enemies":"3 Darklings","floor":35.0,"turns":3.0},{"damage":4.0,"enemies":"3 Shapes","floor":36.0,"turns":6.0},{"damage":37.0,"enemies":"Sphere and 2 Shapes","floor":38.0,"turns":6.0},{"damage":26.0,"enemies":"Spire Growth","floor":39.0,"turns":3.0},{"damage":0.0,"enemies":"Giant Head","floor":41.0,"turns":4.0},{"damage":3.0,"enemies":"Writhing Mass","floor":42.0,"turns":3.0},{"damage":11.0,"enemies":"Nemesis","floor":45.0,"turns":3.0},{"damage":0,"enemies":"Jaw Worm Horde","floor":48,"turns":2},{"damage":67,"enemies":"Awakened One","floor":50,"turns":9}],"seed_played":"-3483131158215039293","potions_obtained":[{"floor":1.0,"key":"Strength Potion"},{"floor":8.0,"key":"AttackPotion"},{"floor":11.0,"key":"GhostInAJar"},{"floor":14.0,"key":"SpeedPotion"},{"floor":24.0,"key":"Block Potion"},{"floor":28.0,"key":"Regen Potion"},{"floor":31.0,"key":"SpeedPotion"},{"floor":33.0,"key":"PowerPotion"},{"floor":35.0,"key":"Regen Potion"},{"floor":38.0,"key":"LiquidBronze"},{"floor":42.0,"key":"PowerPotion"},{"floor":48,"key":"Ancient Potion"}],"is_trial":false,"path_per_floor":["M","$","M","M","$","R","?","M","T","M","?","M","R","M","R","B",null,"M","?","?","$","T","R","E","M","T","M","M","R","$","E","R","B",null,"M","M","?","M","M","R","E","M","T","R","E","?","$","M","R","B"],"character_chosen":"THE_SILENT","items_purchased":["Catalyst","Catalyst","Well Laid Plans"],"campfire_rested":2,"item_purchase_floors":[2,5,21],"current_hp_per_floor":[59,59,59,59,59,59,64,63,63,63,53,45,45,45,45,45,65,63,63,63,63,63,63,53,53,53,48,46,46,46,31,31,6,55,48,71,71,34,8,29,29,26,26,26,15,15,15,15,35,7],"gold":189,"neow_bonus":"HUNDRED_GOLD","is_prod":false,"is_daily":false,"chose_seed":false,"campfire_upgraded":6,"win_rate":0,"timestamp":1546933591,"path_taken":["M","$","M","M","$","R","?","M","T","M","?","M","R","M","R","BOSS","M","?","?","$","?","R","E","M","T","?","?","R","$","E","R","BOSS","M","M","?","?","M","R","E","M","T","R","E","?","$","M","R","BOSS"],"build_version":"2019-01-03v4","purchased_purges":4,"victory":false,"max_hp_per_floor":[66,66,66,66,66,66,71,71,71,71,71,71,71,71,71,71,71,71,71,71,71,71,71,71,71,71,71,71,71,71,71,71,71,71,71,71,71,71,71,71,71,71,71,71,71,67,67,67,67,67],"card_choices":[{"not_picked":["Heel Hook","Cloak And Dagger"],"picked":"Backstab","floor":1.0},{"not_picked":["Choke","Heel Hook","Expertise"],"picked":"SKIP","floor":3.0},{"not_picked":["Expertise","Cloak And Dagger"],"picked":"Calculated Gamble","floor":4.0},{"not_picked":["Blade Dance","Quick Slash","Endless Agony"],"picked":"SKIP","floor":8.0},{"not_picked":["Blade Dance","Quick Slash"],"picked":"Endless Agony","floor":8.0},{"not_picked":["Calculated Gamble","Cloak And Dagger"],"picked":"Corpse Explosion","floor":10.0},{"not_picked":["PiercingWail","Flying Knee"],"picked":"Backflip","floor":12.0},{"not_picked":["Slice","Dagger Throw"],"picked":"Deadly Poison","floor":14.0},{"not_picked":["Tools of the Trade","Envenom"],"picked":"Night Terror","floor":16.0},{"not_picked":["Quick Slash"],"picked":"SKIP","floor":18.0},{"not_picked":["Cloak And Dagger"],"picked":"SKIP","floor":24.0},{"not_picked":["Cloak And Dagger"],"picked":"SKIP","floor":25.0},{"not_picked":["Infinite Blades"],"picked":"SKIP","floor":27.0},{"not_picked":["Finisher"],"picked":"SKIP","floor":28.0},{"not_picked":["Cloak And Dagger"],"picked":"SKIP","floor":31.0},{"not_picked":["Bane+1"],"picked":"SKIP","floor":35.0},{"not_picked":["Prepared"],"picked":"SKIP","floor":36.0},{"not_picked":["Dagger Spray"],"picked":"SKIP","floor":38.0},{"not_picked":["Dagger Spray+1"],"picked":"SKIP","floor":39.0},{"not_picked":["Prepared"],"picked":"SKIP","floor":41.0},{"not_picked":["Dodge and Roll+1"],"picked":"SKIP","floor":42.0},{"not_picked":["PiercingWail"],"picked":"SKIP","floor":42.0},{"not_picked":["Dagger Throw"],"picked":"SKIP","floor":45.0},{"not_picked":["Blade Dance+1"],"picked":"SKIP","floor":48},{"not_picked":["Well Laid Plans"],"picked":"SKIP","floor":48}],"player_experience":1850300,"relics_obtained":[{"floor":11.0,"key":"Odd Mushroom"},{"floor":22.0,"key":"Blue Candle"},{"floor":24.0,"key":"Thread and Needle"},{"floor":26.0,"key":"Whetstone"},{"floor":31.0,"key":"Ginger"},{"floor":41.0,"key":"Prayer Wheel"},{"floor":43.0,"key":"The Courier"},{"floor":45.0,"key":"Omamori"}],"event_choices":[{"damage_healed":0.0,"max_hp_gain":5.0,"max_hp_loss":0.0,"gold_gain":0.0,"event_name":"Big Fish","player_choice":"Donut","floor":7.0,"gold_loss":0.0,"damage_taken":0.0},{"damage_healed":0.0,"max_hp_gain":0.0,"max_hp_loss":0.0,"gold_gain":0.0,"event_name":"Mushrooms","player_choice":"Fought Mushrooms","floor":11.0,"gold_loss":0.0,"damage_taken":0.0},{"damage_healed":0.0,"max_hp_gain":0.0,"max_hp_loss":0.0,"gold_gain":0.0,"event_name":"Addict","player_choice":"Obtained Relic","floor":19.0,"gold_loss":85.0,"damage_taken":0.0,"relics_obtained":["Tiny Chest"]},{"damage_healed":0.0,"max_hp_gain":0.0,"max_hp_loss":0.0,"gold_gain":50.0,"event_name":"Nest","player_choice":"Stole From Cult","floor":20.0,"gold_loss":0.0,"damage_taken":0.0},{"damage_healed":0.0,"max_hp_gain":0.0,"max_hp_loss":0.0,"gold_gain":0.0,"cards_transformed":["Strike_G"],"event_name":"Transmorgrifier","player_choice":"Transformed","floor":37.0,"gold_loss":0.0,"damage_taken":0.0,"cards_obtained":["Deadly Poison"]},{"damage_healed":0.0,"max_hp_gain":0.0,"max_hp_loss":4.0,"gold_gain":0.0,"event_name":"Winding Halls","player_choice":"Max HP","floor":46.0,"gold_loss":0.0,"damage_taken":0.0}],"is_beta":false,"boss_relics":[{"not_picked":["Philosopher\u0027s Stone","Empty Cage"],"picked":"Busted Crown"},{"not_picked":["Ring of the Serpent","Runic Dome"],"picked":"Lizard Tail"}],"items_purged_floors":[2,21,30,47],"is_endless":false,"potions_floor_spawned":[1,8,11,14,24,28,31,33,35,38,42,48],"killed_by":"Awakened One","ascension_level":20}