{"gold_per_floor":[119,136,4,79,92,126,126,159,159,159,174,207,207,224,224,301,301,319,244,261,76,76,76,102,120,173,173,48,48,65,77,77,151,151,169,185,199,199,211,245,245,280,280,280,315,315,37,55,55,55,55],"floor_reached":51,"playtime":2379,"items_purged":["Strike_G","Strike_G","Strike_G"],"score":1650,"play_id":"5da618d7-18c9-476e-aad3-40f74ed1eaea","local_time":"20181025223931","is_ascension_mode":true,"campfire_choices":[{"data":"Neutralize","floor":7.0,"key":"SMITH"},{"data":"Footwork","floor":10.0,"key":"SMITH"},{"data":"Noxious Fumes","floor":13.0,"key":"SMITH"},{"data":"Blade Dance","floor":15.0,"key":"SMITH"},{"data":"Tools of the Trade","floor":23.0,"key":"SMITH"},{"floor":29.0,"key":"REST"},{"data":"Adrenaline","floor":32.0,"key":"SMITH"},{"data":"Footwork","floor":41.0,"key":"SMITH"},{"data":"1","floor":44.0,"key":"LIFT"},{"data":"2","floor":49.0,"key":"LIFT"}],"neow_cost":"TEN_PERCENT_HP_LOSS","seed_source_timestamp":24075051370786,"circlet_count":0,"master_deck":["Defend_G","Defend_G","Defend_G+1","Defend_G","Survivor+1","Neutralize+1","AscendersBane","Prepared","Deadly Poison","Footwork+1","Backflip","Noxious Fumes+1","Adrenaline+1","Deflect","Blade Dance+1","Tools of the Trade+1","Infinite Blades","Accuracy","Footwork","Footwork+1","Bouncing Flask+1","Escape Plan+1","A Thousand Cuts+1","Concentrate","Endless Agony","Dramatic Entrance+1","Backflip+1"],"special_seed":0,"relics":["Ring of the Snake","ObsoleteBoomerang","Tingsha","Oddly Smooth Stone","OneHitWonder","War Paint","BlackFramedGlasses","Busted Crown","Pocketwatch","Tiny Chest","Astrolabe","Shuriken","Girya","Dream Catcher","Molten Egg 2","Bottled Tornado"],"potions_floor_usage":[51],"damage_taken":[{"damage":0.0,"enemies":"2 Louse","floor":1.0,"turns":2.0},{"damage":0.0,"enemies":"Cultist","floor":2.0,"turns":3.0},{"damage":4.0,"enemies":"Small Slimes","floor":5.0,"turns":3.0},{"damage":6.0,"enemies":"Lagavulin","floor":6.0,"turns":8.0},{"damage":0.0,"enemies":"3 Sentries","floor":8.0,"turns":6.0},{"damage":0.0,"enemies":"3 Louse","floor":11.0,"turns":3.0},{"damage":0.0,"enemies":"Gremlin Nob","floor":12.0,"turns":3.0},{"damage":0.0,"enemies":"Gremlin Gang","floor":14.0,"turns":3.0},{"damage":11.0,"enemies":"Hexaghost","floor":16.0,"turns":9.0},{"damage":9.0,"enemies":"Shell Parasite","floor":18.0,"turns":2.0},{"damage":7.0,"enemies":"3 Byrds","floor":20.0,"turns":3.0},{"damage":10.0,"enemies":"Slavers","floor":24.0,"turns":4.0},{"damage":13.0,"enemies":"Shelled Parasite and Fungi","floor":25.0,"turns":3.0},{"damage":0.0,"enemies":"3 Cultists","floor":30.0,"turns":4.0},{"damage":0.0,"enemies":"Cultist and Chosen","floor":31.0,"turns":4.0},{"damage":0.0,"enemies":"Champ","floor":33.0,"turns":9.0},{"damage":0.0,"enemies":"Orb Walker","floor":35.0,"turns":2.0},{"damage":0.0,"enemies":"3 Shapes","floor":36.0,"turns":2.0},{"damage":14.0,"enemies":"Spire Growth","floor":37.0,"turns":3.0},{"damage":0.0,"enemies":"Transient","floor":39.0,"turns":6.0},{"damage":23.0,"enemies":"Giant Head","floor":40.0,"turns":6.0},{"damage":11.0,"enemies":"Nemesis","floor":42.0,"turns":5.0},{"damage":10.0,"enemies":"Giant Head","floor":45.0,"turns":7.0},{"damage":0.0,"enemies":"Sphere and 2 Shapes","floor":48.0,"turns":2.0},{"damage":30.0,"enemies":"Time Eater","floor":50.0,"turns":11.0},{"damage":24,"enemies":"Awakened One","floor":51,"turns":4}],"seed_played":"-925894817013277052","potions_obtained":[{"floor":2.0,"key":"PowerPotion"},{"floor":6.0,"key":"Fire Potion"},{"floor":8.0,"key":"GhostInAJar"},{"floor":25.0,"key":"Weak Potion"},{"floor":36.0,"key":"Regen Potion"},{"floor":37.0,"key":"Weak Potion"},{"floor":42.0,"key":"Strength Potion"}],"is_trial":false,"path_per_floor":["M","M","$","?","M","E","R","E","T","R","M","E","R","M","R","B",null,"M","$","M","$","?","R","E","M","T","?","$","R","M","M","R","B",null,"M","M","M","?","M","E","R","E","T","R","E","?","$","M","R","B"],"character_chosen":"THE_SILENT","items_purchased":["Footwork","Backflip","Infinite Blades","Bottled Tornado"],"campfire_rested":1,"item_purchase_floors":[3,3,21,47],"current_hp_per_floor":[59,59,59,48,44,38,38,38,38,38,38,38,38,41,41,39,55,48,48,44,44,44,44,38,28,28,28,28,46,50,54,54,60,60,60,60,47,47,53,36,36,44,44,44,41,41,41,43,43,24,4],"gold":55,"neow_bonus":"ONE_RARE_RELIC","is_prod":false,"is_daily":false,"chose_seed":false,"campfire_upgraded":7,"win_rate":0,"timestamp":1540478371,"path_taken":["M","M","$","?","?","E","R","E","T","R","M","E","R","M","R","BOSS","M","$","?","$","?","R","E","M","T","?","?","R","?","?","R","BOSS","M","?","M","?","M","E","R","E","T","R","E","?","$","M","R","BOSS","BOSS"],"build_version":"2018-10-18","purchased_purges":3,"victory":false,"max_hp_per_floor":[60,60,60,60,60,60,60,60,60,60,60,60,60,60,60,60,60,60,60,60,60,60,60,60,60,60,60,60,60,60,60,60,60,60,60,60,60,60,60,60,60,60,60,60,60,60,60,60,60,60,60],"card_choices":[{"not_picked":["Blade Dance","Deflect"],"picked":"Prepared","floor":1.0},{"not_picked":["Dagger Spray","Backstab"],"picked":"Deadly Poison","floor":2.0},{"not_picked":["Riddle With Holes","Sucker Punch"],"picked":"Noxious Fumes","floor":5.0},{"not_picked":["Deadly Poison","Skewer"],"picked":"Adrenaline","floor":6.0},{"not_picked":["Outmaneuver","PiercingWail","Expertise"],"picked":"SKIP","floor":8.0},{"not_picked":["Distraction","Underhanded Strike"],"picked":"Deflect","floor":11.0},{"not_picked":["Caltrops","Choke","Blade Dance"],"picked":"SKIP","floor":12.0},{"not_picked":["Caltrops","Choke"],"picked":"Blade Dance","floor":12.0},{"not_picked":["Heel Hook","Blade Dance","Bane"],"picked":"SKIP","floor":14.0},{"not_picked":["Malaise","Venomology"],"picked":"Tools of the Trade","floor":16.0},{"not_picked":["Slice"],"picked":"SKIP","floor":18.0},{"not_picked":["Underhanded Strike"],"picked":"SKIP","floor":20.0},{"not_picked":["Outmaneuver"],"picked":"SKIP","floor":24.0},{"not_picked":[],"picked":"Footwork","floor":25.0},{"not_picked":["Heel Hook"],"picked":"SKIP","floor":30.0},{"not_picked":[],"picked":"Footwork","floor":31.0},{"not_picked":["Slice"],"picked":"SKIP","floor":35.0},{"not_picked":[],"picked":"Concentrate","floor":36.0},{"not_picked":[],"picked":"Endless Agony","floor":37.0},{"not_picked":["Dagger Throw"],"picked":"SKIP","floor":39.0},{"not_picked":["Predator"],"picked":"SKIP","floor":40.0},{"not_picked":["Slice+1"],"picked":"SKIP","floor":42.0},{"not_picked":["Quick Slash+1"],"picked":"SKIP","floor":45.0},{"not_picked":[],"picked":"Dramatic Entrance+1","floor":46.0},{"not_picked":[],"picked":"Backflip+1","floor":48.0}],"player_experience":382848,"relics_obtained":[{"floor":6.0,"key":"Oddly Smooth Stone"},{"floor":8.0,"key":"OneHitWonder"},{"floor":9.0,"key":"War Paint"},{"floor":12.0,"key":"BlackFramedGlasses"},{"floor":24.0,"key":"Pocketwatch"},{"floor":26.0,"key":"Tiny Chest"},{"floor":40.0,"key":"Shuriken"},{"floor":42.0,"key":"Girya"},{"floor":43.0,"key":"Dream Catcher"},{"floor":45.0,"key":"Molten Egg 2"}],"event_choices":[{"damage_healed":0.0,"max_hp_gain":0.0,"max_hp_loss":0.0,"gold_gain":75.0,"event_name":"World of Goop","player_choice":"Gather Gold","floor":4.0,"gold_loss":0.0,"damage_taken":11.0},{"damage_healed":0.0,"max_hp_gain":0.0,"max_hp_loss":0.0,"gold_gain":0.0,"event_name":"The Library","player_choice":"Read","floor":22.0,"gold_loss":0.0,"damage_taken":0.0,"cards_obtained":["Accuracy"]},{"damage_healed":0.0,"max_hp_gain":0.0,"max_hp_loss":0.0,"gold_gain":0.0,"event_name":"Vampires","player_choice":"Ignored","floor":27.0,"gold_loss":0.0,"damage_taken":0.0},{"damage_healed":0.0,"max_hp_gain":0.0,"max_hp_loss":0.0,"gold_gain":0.0,"event_name":"FaceTrader","player_choice":"Leave","floor":38.0,"gold_loss":0.0,"damage_taken":0.0},{"damage_healed":0.0,"max_hp_gain":0.0,"max_hp_loss":0.0,"gold_gain":0.0,"event_name":"SensoryStone","player_choice":"Memory 1","floor":46.0,"gold_loss":0.0,"damage_taken":0.0}],"is_beta":false,"boss_relics":[{"not_picked":["NegativeEmotionEnhancer","Recursion"],"picked":"Busted Crown"},{"not_picked":["PortableAltar","Fusion Hammer"],"picked":"Astrolabe"}],"items_purged_floors":[19,21,28],"is_endless":false,"potions_floor_spawned":[2,6,8,12,16,18,25,31,36,37,42],"killed_by":"Awakened One","ascension_level":20}