{"gold_per_floor":[360,376,137,137,137,137,0,29,29,76,88,111,123,152,164,281,293,318,349,167,167,185,185,145,145,145,159,179,211,211,230,230,230],"floor_reached":33,"playtime":2984,"items_purged":["Strike_R","Strike_R"],"score":330,"play_id":"55c6e650-e5a5-4393-9697-0334992201cc","local_time":"20190722190624","is_ascension_mode":true,"campfire_choices":[{"data":"Twin Strike","floor":6,"key":"SMITH"},{"floor":13,"key":"REST"},{"data":"Demon Form","floor":15,"key":"SMITH"},{"floor":23,"key":"REST"},{"data":"Whirlwind","floor":25,"key":"SMITH"},{"floor":30,"key":"REST"},{"floor":32,"key":"REST"}],"neow_cost":"TEN_PERCENT_HP_LOSS","seed_source_timestamp":193382125718044,"circlet_count":0,"master_deck":["Strike_R","Strike_R","Strike_R","Defend_R","Defend_R","Defend_R","Defend_R","Bash","Twin Strike+1","Clash","Demon Form+1","Flex","Offering","Seeing Red","Feed","Twin Strike","Evolve","Bludgeon","Shrug It Off","Dropkick","Dark Shackles","RitualDagger","Whirlwind+1","Flame Barrier","Exhume","Headbutt+1","Shrug It Off+1"],"relics":["Burning Blood","StoneCalendar","Kunai","MawBank","Oddly Smooth Stone","Mark of Pain","Frozen Egg 2","Molten Egg 2"],"potions_floor_usage":[16,16,19,27,27,29],"damage_taken":[{"damage":0,"enemies":"2 Louse","floor":1,"turns":3},{"damage":12,"enemies":"Jaw Worm","floor":2,"turns":3},{"damage":11,"enemies":"3 Sentries","floor":8,"turns":6},{"damage":28,"enemies":"Lagavulin","floor":10,"turns":4},{"damage":9,"enemies":"Cultist","floor":12,"turns":5},{"damage":6,"enemies":"3 Louse","floor":14,"turns":3},{"damage":36,"enemies":"Hexaghost","floor":16,"turns":7},{"damage":28,"enemies":"Spheric Guardian","floor":18,"turns":4},{"damage":37,"enemies":"Shell Parasite","floor":19,"turns":4},{"damage":14,"enemies":"Chosen and Byrds","floor":22,"turns":5},{"damage":6,"enemies":"Snake Plant","floor":27,"turns":3},{"damage":19,"enemies":"Snecko","floor":28,"turns":5},{"damage":44,"enemies":"Book of Stabbing","floor":29,"turns":6},{"damage":15,"enemies":"Chosen and Byrds","floor":31,"turns":5},{"damage":39,"enemies":"Collector","floor":33,"turns":5}],"seed_played":"-6323927045782077402","potions_obtained":[{"floor":8,"key":"LiquidBronze"},{"floor":10,"key":"Weak Potion"},{"floor":18,"key":"Block Potion"},{"floor":22,"key":"GamblersBrew"},{"floor":24,"key":"GamblersBrew"},{"floor":24,"key":"BloodPotion"}],"is_trial":false,"path_per_floor":["M","M","$","?","?","R","$","E","T","E","$","M","R","M","R","B",null,"M","M","$","?","M","R","?","R","T","M","M","E","R","M","R","B"],"character_chosen":"IRONCLAD","items_purchased":["Demon Form","Flex","Offering","Dark Shackles"],"campfire_rested":4,"item_purchase_floors":[3,3,7,20],"current_hp_per_floor":[72,66,66,71,53,53,53,48,48,26,26,23,46,49,49,19,80,58,27,27,21,16,40,40,40,40,60,47,9,33,24,48,9],"gold":230,"neow_bonus":"TWO_FIFTY_GOLD","is_prod":false,"is_daily":false,"chose_seed":false,"campfire_upgraded":3,"win_rate":0,"timestamp":1563840384,"path_taken":["M","M","$","?","?","R","$","E","T","E","$","M","R","M","R","BOSS","M","M","$","?","M","R","?","R","T","?","M","E","R","M","R","BOSS"],"build_version":"2019-07-17","purchased_purges":2,"victory":false,"max_hp_per_floor":[72,72,72,77,77,77,77,77,77,77,77,77,77,80,80,80,80,80,80,80,80,83,83,83,83,83,83,83,83,83,83,83,83],"card_choices":[{"not_picked":["Warcry","True Grit"],"picked":"Twin Strike","floor":1},{"not_picked":["Pommel Strike","Intimidate"],"picked":"Clash","floor":2},{"not_picked":["Heavy Blade","Sword Boomerang"],"picked":"Seeing Red","floor":8},{"not_picked":["Clothesline","Twin Strike"],"picked":"Feed","floor":10},{"not_picked":["Clothesline","Flex"],"picked":"Twin Strike","floor":12},{"not_picked":["Clash","Anger"],"picked":"Evolve","floor":14},{"not_picked":["Offering","Feed"],"picked":"Bludgeon","floor":16},{"not_picked":["Iron Wave","True Grit"],"picked":"Shrug It Off","floor":18},{"not_picked":["Metallicize","Evolve+1"],"picked":"Dropkick","floor":19},{"not_picked":["Heavy Blade","Headbutt"],"picked":"Whirlwind","floor":22},{"not_picked":["Whirlwind","Thunderclap"],"picked":"Flame Barrier","floor":27},{"not_picked":["Flex","Anger"],"picked":"Exhume","floor":28},{"not_picked":["Thunderclap","Warcry+1"],"picked":"Headbutt","floor":29},{"not_picked":["Headbutt+1","Thunderclap+1"],"picked":"Shrug It Off+1","floor":31}],"player_experience":266277,"relics_obtained":[{"floor":8,"key":"Kunai"},{"floor":9,"key":"MawBank"},{"floor":10,"key":"Oddly Smooth Stone"},{"floor":26,"key":"Frozen Egg 2"},{"floor":29,"key":"Molten Egg 2"}],"event_choices":[{"damage_healed":0,"gold_gain":0,"player_choice":"Donut","damage_taken":0,"max_hp_gain":5,"max_hp_loss":0,"event_name":"Big Fish","floor":4,"gold_loss":0},{"damage_healed":0,"gold_gain":0,"player_choice":"Success","damage_taken":18,"relics_obtained":["StoneCalendar"],"max_hp_gain":0,"max_hp_loss":0,"event_name":"Scrap Ooze","floor":5,"gold_loss":0},{"damage_healed":0,"gold_gain":0,"player_choice":"Joined the Cult","damage_taken":6,"max_hp_gain":0,"max_hp_loss":0,"event_name":"Nest","floor":21,"gold_loss":0,"cards_obtained":["RitualDagger"]},{"damage_healed":0,"gold_gain":0,"player_choice":"Bought 3 Potions","damage_taken":0,"max_hp_gain":0,"max_hp_loss":0,"event_name":"The Woman in Blue","floor":24,"gold_loss":0}],"is_beta":false,"boss_relics":[{"not_picked":["Philosopher\u0027s Stone","Tiny House"],"picked":"Mark of Pain"}],"items_purged_floors":[3,20],"is_endless":false,"potions_floor_spawned":[8,10,18,22],"killed_by":"Collector","ascension_level":4}