{"gold_per_floor":[118,118,43,43,57,73,73,73,73,348,367,322,11,27,27,148,148,161,184,205,205,105,105,139,139,165,165,188,188,211,232,232,353,353,366,1365,395,420,420,420],"floor_reached":41,"playtime":1867,"items_purged":["Strike_R","Regret","Normality"],"score":851,"play_id":"68244f59-059a-415f-8739-1a92440cd471","local_time":"20190703230455","is_ascension_mode":false,"campfire_choices":[{"data":"Feel No Pain","floor":8.0,"key":"SMITH"},{"data":"Noxious Fumes","floor":15.0,"key":"SMITH"},{"data":"Sunder","floor":23.0,"key":"SMITH"},{"data":"Body Slam","floor":25.0,"key":"SMITH"},{"data":"Storm","floor":29.0,"key":"SMITH"},{"data":"Turbo","floor":32.0,"key":"SMITH"}],"neow_cost":"PERCENT_DAMAGE","seed_source_timestamp":30680739542735,"circlet_count":0,"master_deck":["Strike_R","Defend_R","Defend_R","Defend_R","Defend_R","Bash","Second Wind","Feel No Pain+1","Shrug It Off","Body Slam+1","Evolve","Ghostly Armor","Noxious Fumes+1","Venomology","Sunder+1","Storm+1","Havoc+1","Turbo+1","Malaise","Normality","Corruption","Burning Pact","Offering"],"special_seed":0,"relics":["Burning Blood","Dead Branch","PreservedInsect","Golden Idol","Kunai","PrismaticShard","Empty Cage","Singing Bowl","Dodecahedron","Red Skull","CultistMask","Mark of Pain","Bag of Marbles","Pantograph","Brimstone"],"potions_floor_usage":[40,40,40],"damage_taken":[{"damage":1.0,"enemies":"Jaw Worm","floor":1.0,"turns":6.0},{"damage":1.0,"enemies":"Cultist","floor":5.0,"turns":3.0},{"damage":0.0,"enemies":"Small Slimes","floor":6.0,"turns":3.0},{"damage":22.0,"enemies":"Exordium Thugs","floor":11.0,"turns":6.0},{"damage":2.0,"enemies":"Looter","floor":12.0,"turns":5.0},{"damage":12.0,"enemies":"Lots of Slimes","floor":14.0,"turns":7.0},{"damage":22.0,"enemies":"Hexaghost","floor":16.0,"turns":6.0},{"damage":39.0,"enemies":"3 Byrds","floor":18.0,"turns":7.0},{"damage":9.0,"enemies":"Chosen","floor":19.0,"turns":6.0},{"damage":10.0,"enemies":"Centurion and Healer","floor":20.0,"turns":7.0},{"damage":11.0,"enemies":"Slavers","floor":24.0,"turns":5.0},{"damage":20.0,"enemies":"Snake Plant","floor":28.0,"turns":4.0},{"damage":20.0,"enemies":"Cultist and Chosen","floor":30.0,"turns":6.0},{"damage":22.0,"enemies":"Chosen and Byrds","floor":31.0,"turns":5.0},{"damage":26.0,"enemies":"Automaton","floor":33.0,"turns":6.0},{"damage":2.0,"enemies":"3 Shapes","floor":35.0,"turns":3.0},{"damage":0,"enemies":"Orb Walker","floor":38,"turns":3},{"damage":24,"enemies":"Awakened One","floor":40,"turns":5}],"seed_played":"295066123498315870","potions_obtained":[{"floor":1.0,"key":"Block Potion"},{"floor":14.0,"key":"BloodPotion"},{"floor":16.0,"key":"EssenceOfSteel"},{"floor":19.0,"key":"SteroidPotion"},{"floor":33.0,"key":"GamblersBrew"},{"floor":35.0,"key":"Energy Potion"}],"is_trial":false,"path_per_floor":["M","?","$","?","M","M","?","R","T","?","M","M","$","M","R","B",null,"M","M","M","?","$","R","E","R","T","?","M","R","M","M","R","B",null,"M","?","$","M","?","B",null],"character_chosen":"IRONCLAD","items_purchased":["PrismaticShard","Evolve","Ghostly Armor","Corruption","Burning Pact","Offering","Bag of Marbles","Pantograph","Brimstone"],"campfire_rested":0,"item_purchase_floors":[13,13,13,37,37,37,37,37,37],"current_hp_per_floor":[61,54,54,54,59,65,45,45,45,45,29,33,33,27,27,11,80,67,64,60,60,60,60,57,57,57,57,63,63,49,47,47,27,82,84,84,84,86,86,68],"gold":420,"neow_bonus":"ONE_RARE_RELIC","is_prod":false,"is_daily":false,"chose_seed":false,"campfire_upgraded":6,"win_rate":0,"timestamp":1562166295,"path_taken":["M","?","$","?","M","?","?","R","T","?","M","M","$","M","R","BOSS","M","M","M","?","$","R","E","R","T","?","M","R","M","?","R","BOSS","M","?","$","M","?","BOSS"],"build_version":"2019-07-01","purchased_purges":3,"victory":true,"max_hp_per_floor":[80,80,80,80,80,80,80,80,80,80,80,80,80,80,80,80,80,80,80,80,80,80,80,82,82,82,82,82,82,82,82,82,82,82,84,84,84,86,86,86],"card_choices":[{"not_picked":["Shrug It Off","Flex"],"picked":"Second Wind","floor":1.0},{"not_picked":["Clothesline","Anger"],"picked":"Feel No Pain","floor":5.0},{"not_picked":["Uppercut","Pommel Strike","Sever Soul"],"picked":"SKIP","floor":6.0},{"not_picked":["Rage","Armaments"],"picked":"Shrug It Off","floor":11.0},{"not_picked":["Metallicize","Clash"],"picked":"Body Slam","floor":12.0},{"not_picked":["Capacitor","Hologram"],"picked":"Noxious Fumes","floor":14.0},{"not_picked":["Demon Form","Amplify"],"picked":"Venomology","floor":16.0},{"not_picked":["Beam Cell","Thunderclap","Swift Strike+1"],"picked":"SKIP","floor":18.0},{"not_picked":["Blind","Chaos","Compile Driver"],"picked":"SKIP","floor":19.0},{"not_picked":["Thunderclap","Finisher+1"],"picked":"Sunder","floor":20.0},{"not_picked":["Sucker Punch","Steam","Ghostly Armor"],"picked":"Singing Bowl","floor":24.0},{"not_picked":["FTL+1","Loop"],"picked":"Storm","floor":28.0},{"not_picked":["Finesse+1","Streamline"],"picked":"Havoc+1","floor":30.0},{"not_picked":["Armaments","Shrug It Off"],"picked":"Turbo","floor":31.0},{"not_picked":["HandOfGreed","Burst"],"picked":"Malaise","floor":33.0},{"not_picked":["Rampage+1","Leap","Dodge and Roll+1"],"picked":"Singing Bowl","floor":35.0},{"not_picked":["Fusion+1","Hemokinesis","Poisoned Stab+1"],"picked":"Singing Bowl","floor":38}],"player_experience":5641257,"relics_obtained":[{"floor":9.0,"key":"Kunai"},{"floor":24.0,"key":"Dodecahedron"},{"floor":26.0,"key":"Red Skull"}],"event_choices":[{"damage_healed":0.0,"max_hp_gain":0.0,"max_hp_loss":0.0,"gold_gain":0.0,"event_name":"Scrap Ooze","player_choice":"Success","floor":2.0,"gold_loss":0.0,"damage_taken":7.0,"relics_obtained":["PreservedInsect"]},{"cards_removed":["Strike_R"],"damage_healed":0.0,"max_hp_gain":0.0,"max_hp_loss":0.0,"gold_gain":0.0,"event_name":"Bonfire Elementals","player_choice":"Offered Basic","floor":4.0,"gold_loss":0.0,"damage_taken":0.0},{"damage_healed":0.0,"max_hp_gain":0.0,"max_hp_loss":0.0,"gold_gain":0.0,"event_name":"Golden Idol","player_choice":"Take Damage","floor":7.0,"gold_loss":0.0,"damage_taken":20.0,"relics_obtained":["Golden Idol"]},{"damage_healed":0.0,"max_hp_gain":0.0,"max_hp_loss":0.0,"gold_gain":275.0,"event_name":"Golden Shrine","player_choice":"Desecrate","floor":10.0,"gold_loss":0.0,"damage_taken":0.0,"cards_obtained":["Regret"]},{"damage_healed":0.0,"max_hp_gain":0.0,"max_hp_loss":0.0,"gold_gain":0.0,"event_name":"The Mausoleum","player_choice":"Opened","floor":21.0,"gold_loss":0.0,"damage_taken":0.0,"relics_obtained":["Singing Bowl"]},{"damage_healed":0.0,"max_hp_gain":0.0,"max_hp_loss":0.0,"gold_gain":0.0,"event_name":"FaceTrader","player_choice":"Trade","floor":27.0,"gold_loss":0.0,"damage_taken":0.0,"relics_obtained":["CultistMask"]},{"damage_healed":0,"gold_gain":999,"player_choice":"Gold","damage_taken":0,"max_hp_gain":0,"max_hp_loss":0,"event_name":"MindBloom","floor":36,"gold_loss":0,"cards_obtained":["Normality","Normality"]},{"damage_healed":0,"gold_gain":0,"player_choice":"Took Portal","damage_taken":0,"max_hp_gain":0,"max_hp_loss":0,"event_name":"SecretPortal","floor":39,"gold_loss":0}],"is_beta":false,"boss_relics":[{"not_picked":["Snecko Eye","Eternal Feather"],"picked":"Empty Cage"},{"not_picked":["White Beast Statue","Black Star"],"picked":"Mark of Pain"}],"items_purged_floors":[3,22,37],"is_endless":false,"potions_floor_spawned":[1,14,16,19,31,33,35],"ascension_level":0}