{"gold_per_floor":[110,110,35,35,85,113,113,131,158,183,199,124,124,136,136,208,208,208],"floor_reached":18,"playtime":530,"items_purged":["Strike_B"],"score":376,"play_id":"66de3b0a-57dd-4c9e-a5a4-6ee734983f88","local_time":"20181219173723","is_ascension_mode":true,"campfire_choices":[{"data":"Capacitor","floor":7.0,"key":"SMITH"},{"data":"Capacitor","floor":15.0,"key":"SMITH"}],"neow_cost":"NONE","seed_source_timestamp":29639129512502,"circlet_count":0,"master_deck":["AscendersBane","Zap","Dualcast","Self Repair+1","Capacitor+1","Tempest","Capacitor+1","White Noise","Parasite","Core Surge","Fusion","Self Repair","Recycle","Amplify","Leap","Loop"],"special_seed":0,"relics":["Cracked Core","NeowsBlessing","Oddly Smooth Stone","Happy Flower","Pandora\u0027s Box"],"potions_floor_usage":[],"damage_taken":[{"damage":0.0,"enemies":"Small Slimes","floor":1.0,"turns":1.0},{"damage":0.0,"enemies":"3 Sentries","floor":6.0,"turns":1.0},{"damage":0.0,"enemies":"2 Louse","floor":8.0,"turns":2.0},{"damage":14.0,"enemies":"Lagavulin","floor":10.0,"turns":7.0},{"damage":5.0,"enemies":"Cultist","floor":11.0,"turns":4.0},{"damage":2.0,"enemies":"Looter","floor":14.0,"turns":4.0},{"damage":54,"enemies":"The Guardian","floor":16,"turns":12},{"damage":81,"enemies":"Chosen","floor":18,"turns":7}],"seed_played":"-6627932029433209702","potions_obtained":[{"floor":1.0,"key":"Swift Potion"},{"floor":8.0,"key":"Poison Potion"},{"floor":16,"key":"FocusPotion"}],"is_trial":false,"path_per_floor":["M","?","$","?","?","E","R","M","T","E","M","?","?","M","R","B",null,"M"],"character_chosen":"DEFECT","items_purchased":[],"campfire_rested":0,"item_purchase_floors":[],"current_hp_per_floor":[64,43,43,43,43,43,43,53,53,49,54,54,71,71,71,27,60,0],"gold":208,"neow_bonus":"THREE_ENEMY_KILL","is_prod":false,"is_daily":false,"chose_seed":false,"campfire_upgraded":2,"win_rate":0,"timestamp":1545212243,"path_taken":["M","?","$","?","?","E","R","?","T","E","M","?","?","M","R","BOSS","M"],"build_version":"2018-12-13","purchased_purges":1,"victory":false,"max_hp_per_floor":[71,71,71,71,71,71,71,71,71,71,71,71,71,71,71,71,71,71],"card_choices":[{"not_picked":["Auto Shields","Barrage"],"picked":"Self Repair","floor":1.0},{"not_picked":["Undo","Reprogram"],"picked":"Capacitor","floor":6.0},{"not_picked":["Leap","Beam Cell"],"picked":"Tempest","floor":8.0},{"not_picked":["Coolheaded","Double Energy"],"picked":"Capacitor","floor":10.0},{"not_picked":["Compile Driver","Fusion"],"picked":"White Noise","floor":11.0},{"not_picked":["Beam Cell","Streamline","Multi-Cast"],"picked":"SKIP","floor":14.0},{"not_picked":["Biased Cognition","Machine Learning"],"picked":"Core Surge","floor":16}],"player_experience":1384946,"relics_obtained":[{"floor":9.0,"key":"Oddly Smooth Stone"},{"floor":10.0,"key":"Happy Flower"}],"event_choices":[{"damage_healed":0.0,"max_hp_gain":0.0,"max_hp_loss":0.0,"gold_gain":0.0,"event_name":"Shining Light","player_choice":"Entered Light","floor":2.0,"gold_loss":0.0,"damage_taken":21.0,"cards_upgraded":["Defend_B","Self Repair"]},{"damage_healed":0.0,"max_hp_gain":0.0,"max_hp_loss":0.0,"gold_gain":0.0,"event_name":"Liars Game","player_choice":"Ignored","floor":4.0,"gold_loss":0.0,"damage_taken":0.0},{"damage_healed":0.0,"max_hp_gain":0.0,"max_hp_loss":0.0,"gold_gain":50.0,"event_name":"Golden Shrine","player_choice":"Pray","floor":5.0,"gold_loss":0.0,"damage_taken":0.0},{"cards_removed":["Strike_B"],"damage_healed":0.0,"max_hp_gain":0.0,"max_hp_loss":0.0,"gold_gain":0.0,"event_name":"The Cleric","player_choice":"Card Removal","floor":12.0,"gold_loss":75.0,"damage_taken":0.0},{"damage_healed":17.0,"max_hp_gain":0.0,"max_hp_loss":0.0,"gold_gain":0.0,"event_name":"Mushrooms","player_choice":"Healed and dodged fight","floor":13.0,"gold_loss":0.0,"damage_taken":0.0,"cards_obtained":["Parasite"]}],"is_beta":false,"boss_relics":[{"not_picked":["FrozenCore","Cursed Key"],"picked":"Pandora\u0027s Box"}],"items_purged_floors":[3],"is_endless":false,"potions_floor_spawned":[1,8,16],"killed_by":"Chosen","ascension_level":19}