{"gold_per_floor":[112,37,37,37,48,48,61,89,171,203,213,213,230,245,245,323,323,334,334,334,362,381,381,381,398,398,410,94,113,123,135,135,209,209,219,109,109,128,140,140,170,182,258,258,271,290,290,512,512,512],"floor_reached":51,"playtime":2950,"items_purged":["Strike_G","Injury"],"score":1349,"play_id":"17f32ad9-abe1-4bb1-8800-4b5fb1eb0b43","local_time":"20181007195108","is_ascension_mode":true,"campfire_choices":[{"data":"Bouncing Flask","floor":6.0,"key":"SMITH"},{"data":"Concentrate","floor":12.0,"key":"SMITH"},{"floor":15,"key":"REST"},{"floor":23,"key":"REST"},{"data":"Flechettes","floor":27,"key":"SMITH"},{"floor":32,"key":"REST"},{"data":"Reflex","floor":40,"key":"SMITH"},{"data":"Well Laid Plans","floor":44,"key":"SMITH"},{"data":"Expertise","floor":49,"key":"SMITH"}],"neow_cost":"NONE","seed_source_timestamp":451192581154675,"circlet_count":0,"master_deck":["Defend_G","Defend_G","Defend_G","Defend_G","Survivor","Neutralize","AscendersBane","Burst","Bouncing Flask+1","Reflex+1","Acrobatics","Concentrate+1","Prepared","Well Laid Plans+1","Noxious Fumes","Adrenaline","Crippling Poison+1","Adrenaline","Escape Plan","Backstab+1","Flechettes+1","Acrobatics+1","Grand Finale","Prepared","Expertise+1","Decay","Backflip+1"],"special_seed":0,"relics":["Ring of the Snake","Ancient Tea Set","Bag of Marbles","Matryoshka","Orichalcum","Cursed Key","Red Mask","MawBank","Ninja Scroll","Medical Kit","Empty Cage","Juzu Bracelet","Blood Vial","Pantograph"],"potions_floor_usage":[14,18,21,33,33,50,50],"damage_taken":[{"damage":7.0,"enemies":"Jaw Worm","floor":1.0,"turns":6.0},{"damage":1.0,"enemies":"Cultist","floor":5.0,"turns":5.0},{"damage":0.0,"enemies":"2 Louse","floor":7.0,"turns":3.0},{"damage":6.0,"enemies":"Gremlin Nob","floor":8.0,"turns":3.0},{"damage":24.0,"enemies":"3 Sentries","floor":10.0,"turns":10.0},{"damage":0.0,"enemies":"2 Fungi Beasts","floor":11.0,"turns":2.0},{"damage":0.0,"enemies":"3 Louse","floor":13.0,"turns":2.0},{"damage":15,"enemies":"Large Slime","floor":14,"turns":5},{"damage":12,"enemies":"The Guardian","floor":16,"turns":6},{"damage":18,"enemies":"3 Byrds","floor":18,"turns":6},{"damage":15,"enemies":"Masked Bandits","floor":21,"turns":3},{"damage":13,"enemies":"2 Thieves","floor":22,"turns":4},{"damage":0,"enemies":"Colosseum Slavers","floor":24,"turns":4},{"damage":0,"enemies":"Sentry and Sphere","floor":25,"turns":3},{"damage":5,"enemies":"Snake Plant","floor":29,"turns":2},{"damage":0,"enemies":"3 Cultists","floor":30,"turns":3},{"damage":0,"enemies":"Sentry and Sphere","floor":31,"turns":2},{"damage":28,"enemies":"Champ","floor":33,"turns":10},{"damage":5,"enemies":"3 Shapes","floor":35,"turns":2},{"damage":0,"enemies":"Orb Walker","floor":38,"turns":1},{"damage":0,"enemies":"Sphere and 2 Shapes","floor":39,"turns":3},{"damage":10,"enemies":"Nemesis","floor":41,"turns":5},{"damage":0,"enemies":"3 Darklings","floor":42,"turns":1},{"damage":3,"enemies":"4 Shapes","floor":45,"turns":1},{"damage":0,"enemies":"Sphere and 2 Shapes","floor":46,"turns":2},{"damage":4,"enemies":"Awakened One","floor":50,"turns":11}],"seed_played":"5776281889479064498","potions_obtained":[{"floor":1.0,"key":"Energy Potion"},{"floor":10.0,"key":"Dexterity Potion"},{"floor":11.0,"key":"SneckoOil"},{"floor":14,"key":"Dexterity Potion"},{"floor":22,"key":"Dexterity Potion"},{"floor":31,"key":"Weak Potion"},{"floor":33,"key":"Energy Potion"},{"floor":35,"key":"AttackPotion"}],"is_trial":false,"path_per_floor":["M","$","?","?","M","R","M","E","T","E","M","R","M","M","R","B",null,"M","?","?","?","M","R","?","M","T","R","$","M","M","M","R","B",null,"M","?","$","M","M","R","E","M","T","R","M","M","?","?","R","B"],"character_chosen":"THE_SILENT","items_purchased":["Medical Kit"],"campfire_rested":3,"item_purchase_floors":[28],"current_hp_per_floor":[52,52,52,52,51,51,51,45,45,21,21,21,21,6,25,13,53,35,35,35,20,7,26,26,26,26,26,26,21,21,21,40,12,53,48,48,48,48,48,48,38,38,38,38,37,39,39,39,39,62],"gold":512,"neow_bonus":"RANDOM_COMMON_RELIC","is_prod":false,"is_daily":false,"chose_seed":false,"campfire_upgraded":6,"win_rate":0,"timestamp":1538913068,"path_taken":["M","$","?","?","M","R","M","E","T","E","M","R","M","M","R","BOSS","M","?","?","?","M","R","?","M","T","R","$","M","M","?","R","BOSS","M","?","$","?","M","R","E","M","T","R","M","M","?","?","R","BOSS"],"build_version":"2018-10-04v2","purchased_purges":2,"victory":true,"max_hp_per_floor":[66,66,66,66,66,66,66,66,66,66,66,66,66,66,66,66,66,66,66,66,66,66,66,66,66,66,66,66,66,66,66,66,66,66,66,66,66,66,66,66,66,66,66,66,66,66,66,66,66,66],"card_choices":[{"not_picked":["Outmaneuver","Bane"],"picked":"Calculated Gamble","floor":1.0},{"not_picked":["Dagger Spray","Caltrops"],"picked":"Bouncing Flask","floor":5.0},{"not_picked":["Underhanded Strike","Envenom"],"picked":"Reflex","floor":7.0},{"not_picked":["Flechettes","Underhanded Strike"],"picked":"Acrobatics","floor":8.0},{"not_picked":["Backflip","Flying Knee"],"picked":"Concentrate","floor":10.0},{"not_picked":["Cloak And Dagger","Terror"],"picked":"Prepared","floor":11.0},{"not_picked":["Envenom","Cloak And Dagger"],"picked":"Well Laid Plans","floor":13.0},{"not_picked":["Outmaneuver","Dodge and Roll"],"picked":"Noxious Fumes","floor":14},{"not_picked":["Tools of the Trade","Night Terror"],"picked":"Adrenaline","floor":16},{"not_picked":["Predator","Acrobatics"],"picked":"Crippling Poison+1","floor":18},{"not_picked":["Acrobatics","Endless Agony"],"picked":"Escape Plan","floor":21},{"not_picked":["Deadly Poison","Skewer+1"],"picked":"Backstab+1","floor":22},{"not_picked":["Deadly Poison","Dagger Spray"],"picked":"Flechettes","floor":25},{"not_picked":["Deflect","Quick Slash"],"picked":"Acrobatics","floor":29},{"not_picked":["Prepared","Dodge and Roll","Flying Knee+1"],"picked":"SKIP","floor":30},{"not_picked":["Dagger Spray+1","Underhanded Strike","Crippling Poison"],"picked":"SKIP","floor":31},{"not_picked":["Burst","Malaise"],"picked":"Grand Finale","floor":33},{"not_picked":["Flying Knee+1","Slice","PiercingWail"],"picked":"SKIP","floor":35},{"not_picked":["Quick Slash","Dash"],"picked":"Prepared","floor":38},{"not_picked":["Blade Dance","Setup","Outmaneuver"],"picked":"SKIP","floor":39},{"not_picked":["Bane+1","Dagger Spray","Noxious Fumes"],"picked":"SKIP","floor":41},{"not_picked":["Leg Sweep+1","Dodge and Roll"],"picked":"Expertise","floor":42},{"not_picked":["Outmaneuver","Cloak And Dagger"],"picked":"Backflip+1","floor":45},{"not_picked":["Well Laid Plans","Envenom","PiercingWail"],"picked":"SKIP","floor":46}],"player_experience":215104,"relics_obtained":[{"floor":8.0,"key":"Bag of Marbles"},{"floor":9.0,"key":"Matryoshka"},{"floor":10.0,"key":"Orichalcum"},{"floor":21,"key":"Red Mask"},{"floor":26,"key":"MawBank"},{"floor":26,"key":"Ninja Scroll"},{"floor":41,"key":"Juzu Bracelet"},{"floor":43,"key":"Blood Vial"},{"floor":43,"key":"Pantograph"}],"event_choices":[{"event_name":"Purifier","player_choice":"One Purge","floor":3.0,"damage_taken":0.0},{"event_name":"Living Wall","player_choice":"Change","floor":4.0,"damage_taken":0.0},{"event_name":"Duplicator","player_choice":"One dupe","floor":19,"damage_taken":0},{"event_name":"Back to Basics","player_choice":"Elegance","floor":20,"damage_taken":0},{"event_name":"Masked Bandits","player_choice":"Fought Bandits","floor":21,"damage_taken":0},{"event_name":"Colosseum","player_choice":"Fight","floor":24,"damage_taken":0},{"event_name":"Colosseum","player_choice":"Fled From Nobs","floor":24,"damage_taken":0},{"event_name":"Designer","player_choice":"Full Service","floor":36,"damage_taken":0},{"event_name":"SensoryStone","player_choice":"Memory 1","floor":47,"damage_taken":0},{"event_name":"Tomb of Lord Red Mask","player_choice":"Wore Mask","floor":48,"damage_taken":0}],"is_beta":false,"boss_relics":[{"not_picked":["Black Star","Snecko Eye"],"picked":"Cursed Key"},{"not_picked":["Runic Dome","White Beast Statue"],"picked":"Empty Cage"}],"items_purged_floors":[2,28],"is_endless":false,"potions_floor_spawned":[1,10,11,14,22,24,31,33,35,39,42,46],"ascension_level":19}