{"gold_per_floor":[112,125,142,154,4,4,14,39,39,53,73,73,73,38,38,111,111,124,124,143,143,43,43,43],"floor_reached":24,"playtime":840,"items_purged":["Writhe","Pain"],"score":546,"play_id":"12b0daea-779c-43a3-8323-696ff675bca0","local_time":"20190401193211","is_ascension_mode":true,"campfire_choices":[{"data":"Buffer","floor":6.0,"key":"SMITH"},{"data":"Recycle","floor":12,"key":"SMITH"},{"data":"Zap","floor":15,"key":"SMITH"},{"data":"Turbo","floor":23,"key":"SMITH"}],"neow_cost":"CURSE","seed_source_timestamp":26336555544773,"circlet_count":0,"master_deck":["AscendersBane","Strike_B","Strike_B","Defend_B","Defend_B","Defend_B","Defend_B","Zap+1","Dualcast","Panache","Good Instincts","Rip and Tear","Ball Lightning","Buffer+1","All For One","Cold Snap","Recycle+1","Gash","Echo Form","Defragment","Scrape","Genetic Algorithm","Turbo+1"],"special_seed":0,"relics":["Cracked Core","Meat on the Bone","Coffee Dripper","WarpedTongs"],"potions_floor_usage":[11,20],"damage_taken":[{"damage":12.0,"enemies":"Cultist","floor":1.0,"turns":5.0},{"damage":7.0,"enemies":"Jaw Worm","floor":2.0,"turns":3.0},{"damage":4.0,"enemies":"2 Louse","floor":3.0,"turns":3.0},{"damage":38.0,"enemies":"Gremlin Gang","floor":4.0,"turns":4.0},{"damage":2.0,"enemies":"2 Fungi Beasts","floor":7.0,"turns":3.0},{"damage":0.0,"enemies":"Lagavulin","floor":8.0,"turns":7.0},{"damage":0.0,"enemies":"Large Slime","floor":10.0,"turns":5.0},{"damage":12,"enemies":"Lots of Slimes","floor":11,"turns":5},{"damage":0,"enemies":"Slime Boss","floor":16,"turns":7},{"damage":22,"enemies":"3 Byrds","floor":18,"turns":3},{"damage":28,"enemies":"Shell Parasite","floor":20,"turns":6},{"damage":37,"enemies":"Centurion and Healer","floor":24,"turns":4}],"seed_played":"-9158589843825447825","potions_obtained":[{"floor":4.0,"key":"Dexterity Potion"},{"floor":8.0,"key":"Weak Potion"},{"floor":11,"key":"SkillPotion"},{"floor":16,"key":"SteroidPotion"},{"floor":20,"key":"Ancient Potion"}],"is_trial":false,"path_per_floor":["M","M","M","M","$","R","M","E","T","M","M","R","?","?","R","B",null,"M","?","M","?","$","R","M"],"character_chosen":"DEFECT","items_purchased":["All For One"],"campfire_rested":0,"item_purchase_floors":[5],"current_hp_per_floor":[52,45,41,3,3,3,1,1,1,13,13,13,18,37,37,49,69,47,47,31,31,31,31,0],"gold":43,"neow_bonus":"RANDOM_COLORLESS_2","is_prod":false,"is_daily":false,"chose_seed":false,"campfire_upgraded":4,"win_rate":0,"timestamp":1554118331,"path_taken":["M","?","M","M","$","R","?","E","T","M","M","R","?","?","R","BOSS","M","?","M","?","$","R","M"],"build_version":"2019-01-23","purchased_purges":2,"victory":false,"max_hp_per_floor":[71,71,71,71,71,71,71,71,71,71,71,71,76,76,76,76,76,76,76,76,76,76,76,76],"card_choices":[{"not_picked":["Compile Driver","Steam"],"picked":"Rip and Tear","floor":1.0},{"not_picked":["Scrape","Go for the Eyes"],"picked":"Ball Lightning","floor":2.0},{"not_picked":["Sweeping Beam","White Noise"],"picked":"Buffer","floor":3.0},{"not_picked":["Sweeping Beam","Steam Power","Barrage"],"picked":"SKIP","floor":4.0},{"not_picked":["Go for the Eyes","Tempest"],"picked":"Cold Snap","floor":7.0},{"not_picked":["Double Energy","Tempest"],"picked":"Recycle","floor":8.0},{"not_picked":["Conserve Battery","Loop"],"picked":"Gash","floor":10.0},{"not_picked":["Redo","Stack","Barrage"],"picked":"SKIP","floor":11},{"not_picked":["Amplify","Thunder Strike"],"picked":"Echo Form","floor":16},{"not_picked":["Rebound+1","Go for the Eyes"],"picked":"Defragment","floor":18},{"not_picked":["Auto Shields","Fusion"],"picked":"Turbo","floor":20}],"player_experience":3987157,"relics_obtained":[{"floor":8.0,"key":"Meat on the Bone"}],"event_choices":[{"damage_healed":0,"gold_gain":0,"player_choice":"Donut","damage_taken":0,"max_hp_gain":5,"max_hp_loss":0,"event_name":"Big Fish","floor":13,"gold_loss":0},{"damage_healed":19,"gold_gain":0,"player_choice":"Healed","damage_taken":0,"max_hp_gain":0,"max_hp_loss":0,"event_name":"The Cleric","floor":14,"gold_loss":35},{"damage_healed":0,"gold_gain":0,"cards_transformed":["Strike_B","Strike_B"],"player_choice":"Became Test Subject","damage_taken":0,"max_hp_gain":0,"max_hp_loss":0,"event_name":"Drug Dealer","floor":19,"gold_loss":0,"cards_obtained":["Scrape","Genetic Algorithm"]},{"damage_healed":0,"gold_gain":0,"player_choice":"Rummage","damage_taken":0,"relics_obtained":["WarpedTongs"],"max_hp_gain":0,"max_hp_loss":0,"event_name":"Accursed Blacksmith","floor":21,"gold_loss":0,"cards_obtained":["Pain"]}],"is_beta":false,"boss_relics":[{"not_picked":["Philosopher\u0027s Stone","Empty Cage"],"picked":"Coffee Dripper"}],"items_purged_floors":[5,22],"is_endless":false,"potions_floor_spawned":[4,8,11,16,20],"killed_by":"Centurion and Healer","ascension_level":20}