{"gold_per_floor":[111,111,128,144,144,144,69,86,112,144,144,319,319,338,338,415,415,428,185,196,21,36,36,70,88,135,135,135,145,145,159,159,159],"floor_reached":33,"playtime":2527,"items_purged":["Strike_R","Doubt","Strike_R"],"score":454,"play_id":"aa70d66d-2edb-4ef1-9279-246510e95699","local_time":"20190803193039","is_ascension_mode":true,"campfire_choices":[{"data":"Searing Blow","floor":6,"key":"SMITH"},{"data":"Searing Blow+1","floor":13,"key":"SMITH"},{"data":"Searing Blow+2","floor":15,"key":"SMITH"},{"data":"Searing Blow+3","floor":23,"key":"SMITH"},{"data":"Searing Blow+4","floor":30,"key":"SMITH"},{"data":"Searing Blow+5","floor":32,"key":"SMITH"}],"neow_cost":"TEN_PERCENT_HP_LOSS","seed_source_timestamp":168078614842554,"circlet_count":0,"master_deck":["AscendersBane","Defend_R","Defend_R","Defend_R","Defend_R","Bash+1","Thunderclap","Rampage","Flame Barrier","Whirlwind+1","Searing Blow+6","Headbutt","Battle Trance","Impervious","Shockwave","Armaments","Shrug It Off","Shrug It Off","Pommel Strike+1","Armaments"],"relics":["Burning Blood","GremlinMask","Lantern","Ancient Tea Set","Mark of Pain","Regal Pillow","PreservedInsect","Oddly Smooth Stone"],"potions_floor_usage":[10,16,16],"damage_taken":[{"damage":1,"enemies":"Cultist","floor":1,"turns":4},{"damage":0,"enemies":"Small Slimes","floor":3,"turns":3},{"damage":8,"enemies":"2 Louse","floor":4,"turns":3},{"damage":10,"enemies":"2 Fungi Beasts","floor":8,"turns":4},{"damage":33,"enemies":"3 Sentries","floor":10,"turns":7},{"damage":0,"enemies":"Large Slime","floor":14,"turns":4},{"damage":19,"enemies":"Slime Boss","floor":16,"turns":10},{"damage":1,"enemies":"3 Byrds","floor":18,"turns":4},{"damage":6,"enemies":"2 Thieves","floor":20,"turns":5},{"damage":27,"enemies":"Snecko","floor":22,"turns":5},{"damage":15,"enemies":"Slavers","floor":24,"turns":5},{"damage":10,"enemies":"Centurion and Healer","floor":25,"turns":7},{"damage":0,"enemies":"Cultist and Chosen","floor":29,"turns":5},{"damage":11,"enemies":"Snake Plant","floor":31,"turns":4},{"damage":34,"enemies":"Champ","floor":33,"turns":5}],"seed_played":"-1476488497141730111","potions_obtained":[{"floor":4,"key":"Weak Potion"},{"floor":8,"key":"Regen Potion"},{"floor":10,"key":"Strength Potion"},{"floor":18,"key":"FearPotion"},{"floor":22,"key":"Fire Potion"}],"is_trial":false,"path_per_floor":["M","?","M","M","?","R","$","M","T","E","?","?","R","M","R","B",null,"M","$","M","$","M","R","E","M","T","?","?","M","R","M","R","B"],"character_chosen":"IRONCLAD","items_purchased":["Regal Pillow","Shrug It Off"],"campfire_rested":0,"item_purchase_floors":[19,21],"current_hp_per_floor":[68,68,68,66,59,59,59,55,55,43,29,29,29,35,35,22,57,62,62,62,62,41,41,32,28,28,28,28,34,34,29,29,0],"gold":159,"neow_bonus":"TRANSFORM_TWO_CARDS","is_prod":false,"is_daily":false,"chose_seed":false,"campfire_upgraded":6,"win_rate":0,"timestamp":1564878639,"path_taken":["M","?","M","?","?","R","$","M","T","E","?","?","R","M","R","BOSS","M","$","M","$","M","R","E","M","T","?","?","M","R","?","R","BOSS"],"build_version":"2019-07-17","purchased_purges":3,"victory":false,"max_hp_per_floor":[68,68,68,68,68,68,68,68,68,68,68,68,68,68,68,68,68,68,68,68,68,68,68,68,68,68,68,68,68,68,68,68,68],"card_choices":[{"not_picked":["Havoc","Twin Strike"],"picked":"Flame Barrier","floor":1},{"not_picked":["Rampage","Body Slam"],"picked":"Whirlwind","floor":3},{"not_picked":["Wild Strike","Disarm"],"picked":"Searing Blow","floor":4},{"not_picked":["Rupture","Inflame"],"picked":"Headbutt","floor":8},{"not_picked":["Thunderclap","Rage"],"picked":"Battle Trance","floor":10},{"not_picked":["Twin Strike","Dropkick","Battle Trance"],"picked":"SKIP","floor":14},{"not_picked":["Offering","Dark Embrace"],"picked":"Impervious","floor":16},{"not_picked":["Pommel Strike","Rampage+1"],"picked":"Shockwave","floor":18},{"not_picked":["Cleave","Pummel"],"picked":"Armaments","floor":20},{"not_picked":["Pommel Strike","Power Through"],"picked":"Shrug It Off","floor":22},{"not_picked":["Shrug It Off","Perfected Strike"],"picked":"Pommel Strike+1","floor":24},{"not_picked":["Anger","Thunderclap","Shrug It Off"],"picked":"SKIP","floor":25},{"not_picked":["Body Slam","Twin Strike","Warcry"],"picked":"SKIP","floor":29},{"not_picked":["Rupture+1","Berserk"],"picked":"Armaments","floor":31}],"player_experience":441620,"relics_obtained":[{"floor":9,"key":"Lantern"},{"floor":10,"key":"Ancient Tea Set"},{"floor":24,"key":"PreservedInsect"},{"floor":26,"key":"Oddly Smooth Stone"}],"event_choices":[{"damage_healed":0,"gold_gain":0,"player_choice":"Trade","damage_taken":0,"relics_obtained":["GremlinMask"],"max_hp_gain":0,"max_hp_loss":0,"event_name":"FaceTrader","floor":2,"gold_loss":0},{"cards_removed":["Strike_R"],"damage_healed":0,"gold_gain":0,"player_choice":"Card Removal","damage_taken":7,"max_hp_gain":0,"max_hp_loss":0,"event_name":"Golden Wing","floor":5,"gold_loss":0},{"damage_healed":0,"gold_gain":0,"player_choice":"Entered Light","damage_taken":14,"max_hp_gain":0,"max_hp_loss":0,"event_name":"Shining Light","floor":11,"gold_loss":0,"cards_upgraded":["Bash","Whirlwind"]},{"damage_healed":0,"gold_gain":175,"player_choice":"AGREE","damage_taken":0,"max_hp_gain":0,"max_hp_loss":0,"event_name":"Liars Game","floor":12,"gold_loss":0,"cards_obtained":["Doubt"]},{"damage_healed":0,"gold_gain":0,"player_choice":"Ignored","damage_taken":0,"max_hp_gain":0,"max_hp_loss":0,"event_name":"Vampires","floor":27,"gold_loss":0},{"damage_healed":0,"gold_gain":0,"player_choice":"0 cards matched","damage_taken":0,"max_hp_gain":0,"max_hp_loss":0,"event_name":"Match and Keep!","floor":28,"gold_loss":0,"cards_obtained":[]}],"is_beta":false,"boss_relics":[{"not_picked":["Coffee Dripper","Astrolabe"],"picked":"Mark of Pain"}],"items_purged_floors":[7,19,21],"is_endless":false,"potions_floor_spawned":[4,8,10,18,22,25],"killed_by":"Champ","ascension_level":14}