{"gold_per_floor":[368,368,382,401,419,419,435,435,435,449,79,107,125,125,125,202,202,213,37,37,37,37,37,52,84,111,130,43,55,55,82,82,153,153,165,65,75,95,145,176,196,221,221,238,238,113,129,148,148,148,148,148,148,73,107,107],"floor_reached":57,"playtime":3444,"items_purged":["Strike_B","Compile Driver","Defend_B"],"score":2862,"play_id":"17d6a589-01c3-4b13-b2b6-acca2cc6ba14","local_time":"20190219215302","is_ascension_mode":true,"campfire_choices":[{"data":"Dualcast","floor":6.0,"key":"SMITH"},{"data":"Self Repair","floor":8.0,"key":"SMITH"},{"data":"Coolheaded","floor":15.0,"key":"SMITH"},{"data":"Turbo","floor":23.0,"key":"SMITH"},{"data":"Coolheaded","floor":30.0,"key":"SMITH"},{"data":"Hologram","floor":32.0,"key":"SMITH"},{"data":"Defragment","floor":45.0,"key":"SMITH"},{"floor":49.0,"key":"RECALL"},{"data":"Defend_B","floor":53.0,"key":"PURGE"}],"neow_cost":"PERCENT_DAMAGE","seed_source_timestamp":175706701212320,"circlet_count":0,"master_deck":["AscendersBane","Defend_B","Defend_B+1","Zap","Dualcast+1","Cold Snap","Self Repair+1","Reinforced Body+1","Blizzard","Coolheaded+1","Hologram+1","Turbo+1","Seek","Echo Form","Echo Form","Blizzard","Compile Driver","Glacier+1","Coolheaded+1","Cold Snap","Capacitor","Heatsinks","Reboot","Core Surge","Undo","Defragment+1","Beam Cell+1","Loop","Biased Cognition"],"special_seed":0,"relics":["FrozenCore","Incense Burner","Mummified Hand","Matryoshka","Sozu","Peace Pipe","Boot","DataDisk","Bottled Tornado","Lantern","War Paint","Anchor","Blue Candle"],"potions_floor_usage":[],"damage_taken":[{"damage":12.0,"enemies":"Small Slimes","floor":1.0,"turns":3.0},{"damage":0.0,"enemies":"Cultist","floor":3.0,"turns":4.0},{"damage":0.0,"enemies":"Jaw Worm","floor":4.0,"turns":5.0},{"damage":9.0,"enemies":"Red Slaver","floor":5.0,"turns":3.0},{"damage":14.0,"enemies":"Large Slime","floor":7.0,"turns":6.0},{"damage":5.0,"enemies":"Looter","floor":10.0,"turns":4.0},{"damage":34.0,"enemies":"Gremlin Nob","floor":12.0,"turns":5.0},{"damage":0.0,"enemies":"Exordium Wildlife","floor":13.0,"turns":5.0},{"damage":14.0,"enemies":"The Guardian","floor":16.0,"turns":16.0},{"damage":14.0,"enemies":"Chosen","floor":18.0,"turns":7.0},{"damage":45.0,"enemies":"Colosseum Slavers","floor":22.0,"turns":6.0},{"damage":20.0,"enemies":"3 Byrds","floor":24.0,"turns":4.0},{"damage":0.0,"enemies":"Slavers","floor":25.0,"turns":5.0},{"damage":0.0,"enemies":"3 Cultists","floor":27.0,"turns":5.0},{"damage":18.0,"enemies":"Sentry and Sphere","floor":29.0,"turns":7.0},{"damage":12.0,"enemies":"Gremlin Leader","floor":31.0,"turns":6.0},{"damage":0.0,"enemies":"Collector","floor":33.0,"turns":9.0},{"damage":7.0,"enemies":"3 Darklings","floor":35.0,"turns":5.0},{"damage":0.0,"enemies":"Orb Walker","floor":37.0,"turns":5.0},{"damage":1.0,"enemies":"Spire Growth","floor":38.0,"turns":6.0},{"damage":29.0,"enemies":"Reptomancer","floor":40.0,"turns":8.0},{"damage":0.0,"enemies":"Maw","floor":41.0,"turns":10.0},{"damage":17.0,"enemies":"Giant Head","floor":42.0,"turns":9.0},{"damage":14.0,"enemies":"4 Shapes","floor":44.0,"turns":6.0},{"damage":0.0,"enemies":"3 Darklings","floor":47.0,"turns":5.0},{"damage":0.0,"enemies":"Maw","floor":48.0,"turns":7.0},{"damage":23.0,"enemies":"Awakened One","floor":50.0,"turns":9.0},{"damage":13.0,"enemies":"Donu and Deca","floor":51.0,"turns":10.0},{"damage":27,"enemies":"Shield and Spear","floor":55,"turns":10},{"damage":44,"enemies":"The Heart","floor":56,"turns":11}],"seed_played":"-12354679353226913","potions_obtained":[{"floor":3.0,"key":"AttackPotion"},{"floor":13.0,"key":"Energy Potion"},{"floor":14.0,"key":"Fruit Juice"},{"floor":14.0,"key":"FearPotion"},{"floor":16.0,"key":"Poison Potion"}],"is_trial":false,"path_per_floor":["M","?","M","M","M","R","M","R","T","M","$","E","M","?","R","B",null,"M","$","?","?","?","R","M","E","T","M","$","M","R","E","R","B",null,"M","$","M","M","?","E","M","E","T","M","R","$","M","M","R","B","B",null,"R","$","E","B",null],"character_chosen":"DEFECT","items_purchased":["Hologram","Mummified Hand","Echo Form","Capacitor","Loop"],"campfire_rested":0,"item_purchase_floors":[11,11,19,28,54],"current_hp_per_floor":[34,34,34,41,39,39,32,32,32,37,37,13,23,28,28,24,63,59,59,59,59,24,24,14,24,24,34,34,36,36,34,34,44,68,76,76,76,76,69,60,76,76,76,76,76,76,76,76,76,63,70,75,75,75,58,24],"gold":107,"neow_bonus":"TWO_FIFTY_GOLD","is_prod":false,"is_daily":false,"chose_seed":false,"campfire_upgraded":7,"win_rate":0,"timestamp":1550584382,"path_taken":["M","?","M","M","?","R","M","R","T","M","$","E","?","?","R","BOSS","M","$","?","?","?","R","?","E","T","M","?","?","R","E","R","BOSS","M","$","M","M","?","E","M","E","T","M","R","?","M","M","R","BOSS","BOSS","R","$","E","BOSS"],"build_version":"2019-01-23","purchased_purges":3,"victory":true,"max_hp_per_floor":[71,71,71,71,71,71,71,71,71,71,71,71,71,76,76,76,76,76,76,76,76,76,76,76,76,76,76,76,76,76,76,76,76,76,76,76,76,76,76,76,76,76,76,76,76,76,76,76,76,76,76,76,76,76,76,76],"card_choices":[{"not_picked":["Darkness","Redo"],"picked":"Cold Snap","floor":1.0},{"not_picked":["Sweeping Beam","Multi-Cast"],"picked":"Self Repair","floor":3.0},{"not_picked":["Gash","Hologram"],"picked":"Compile Driver","floor":4.0},{"not_picked":["Double Energy","Go for the Eyes"],"picked":"Reinforced Body","floor":5.0},{"not_picked":["Gash","Stack"],"picked":"Blizzard","floor":7.0},{"not_picked":["Lockon","Go for the Eyes"],"picked":"Coolheaded","floor":10.0},{"not_picked":["Coolheaded","Auto Shields"],"picked":"Turbo","floor":12.0},{"not_picked":["Gash","Storm"],"picked":"Seek","floor":13.0},{"not_picked":["Multi-Cast","Thunder Strike"],"picked":"Echo Form","floor":16.0},{"not_picked":["Compile Driver","FTL","Chaos"],"picked":"SKIP","floor":18.0},{"not_picked":["Barrage","Gash"],"picked":"Glacier+1","floor":24.0},{"not_picked":["Leap","Barrage"],"picked":"Coolheaded","floor":25.0},{"not_picked":["Leap","Multi-Cast"],"picked":"Cold Snap","floor":27.0},{"not_picked":["Beam Cell","Heatsinks","Lockon"],"picked":"SKIP","floor":29.0},{"not_picked":["Beam Cell","Lockon"],"picked":"Heatsinks","floor":29.0},{"not_picked":["Ball Lightning","Steam"],"picked":"Reboot","floor":31.0},{"not_picked":["Machine Learning","Reboot"],"picked":"Core Surge","floor":33.0},{"not_picked":["FTL+1","Static Discharge","Hologram"],"picked":"SKIP","floor":35.0},{"not_picked":["Compile Driver","Barrage","Coolheaded"],"picked":"SKIP","floor":37.0},{"not_picked":["Rebound","Meteor Strike","Redo"],"picked":"SKIP","floor":38.0},{"not_picked":["Leap","Ball Lightning+1"],"picked":"Undo","floor":40.0},{"not_picked":["Chill+1","Doom and Gloom","Streamline"],"picked":"SKIP","floor":41.0},{"not_picked":["Hyperbeam","Compile Driver","Gash"],"picked":"SKIP","floor":42.0},{"not_picked":["Hologram+1","Compile Driver"],"picked":"Defragment","floor":44.0},{"not_picked":["Amplify","Lockon"],"picked":"Beam Cell+1","floor":47.0},{"not_picked":["Rip and Tear","Ball Lightning","Conserve Battery"],"picked":"SKIP","floor":48.0},{"not_picked":["Storm","Self Repair"],"picked":"Biased Cognition","floor":55}],"player_experience":849606,"relics_obtained":[{"floor":9.0,"key":"Incense Burner"},{"floor":12.0,"key":"Matryoshka"},{"floor":25.0,"key":"Peace Pipe"},{"floor":26.0,"key":"Boot"},{"floor":26.0,"key":"DataDisk"},{"floor":31.0,"key":"Bottled Tornado"},{"floor":40.0,"key":"Lantern"},{"floor":42.0,"key":"War Paint"},{"floor":43.0,"key":"Anchor"},{"floor":55,"key":"Blue Candle"}],"event_choices":[{"cards_removed":["Strike_B"],"damage_healed":0.0,"max_hp_gain":0.0,"max_hp_loss":0.0,"gold_gain":0.0,"event_name":"Bonfire Elementals","player_choice":"Offered Basic","floor":2.0,"gold_loss":0.0,"damage_taken":0.0},{"damage_healed":0.0,"max_hp_gain":0.0,"max_hp_loss":0.0,"gold_gain":0.0,"event_name":"Lab","player_choice":"Got Potions","floor":14.0,"gold_loss":0.0,"damage_taken":0.0},{"damage_healed":0.0,"max_hp_gain":0.0,"max_hp_loss":0.0,"gold_gain":0.0,"cards_transformed":["Strike_B","Strike_B"],"event_name":"Drug Dealer","player_choice":"Became Test Subject","floor":20.0,"gold_loss":0.0,"damage_taken":0.0,"cards_obtained":["Blizzard","Compile Driver"]},{"damage_healed":0.0,"max_hp_gain":0.0,"max_hp_loss":0.0,"gold_gain":0.0,"event_name":"Vampires","player_choice":"Ignored","floor":21.0,"gold_loss":0.0,"damage_taken":0.0},{"damage_healed":0.0,"max_hp_gain":0.0,"max_hp_loss":0.0,"gold_gain":0.0,"event_name":"Colosseum","player_choice":"Fight","floor":22.0,"gold_loss":0.0,"damage_taken":0.0},{"damage_healed":0.0,"max_hp_gain":0.0,"max_hp_loss":0.0,"gold_gain":0.0,"event_name":"Colosseum","player_choice":"Fled From Nobs","floor":22.0,"gold_loss":0.0,"damage_taken":0.0},{"damage_healed":0.0,"max_hp_gain":0.0,"max_hp_loss":0.0,"gold_gain":50.0,"event_name":"FaceTrader","player_choice":"Touch","floor":39.0,"gold_loss":0.0,"damage_taken":7.0}],"is_beta":false,"boss_relics":[{"not_picked":["Empty Cage","Orrery"],"picked":"Sozu"},{"not_picked":["Philosopher\u0027s Stone","Pandora\u0027s Box"],"picked":"FrozenCore"}],"items_purged_floors":[11,36,46],"is_endless":false,"potions_floor_spawned":[3,13,16,22,25,33,38,40,41,48,55],"ascension_level":20}