{"gold_per_floor":[110,260,260,260,271,304,304,332,387,228,238,251,251,48,48,122,122,138,13,63,63,55,55,66,66,66,66,66,66,66,93,93,169,169,182,158,158,169,36,36,56,56,56,66,91,106,106,136,148,160],"floor_reached":50,"playtime":1931,"items_purged":["Doubt","Strike_B","Strike_B"],"score":1252,"play_id":"0761cc65-926f-4ada-aa18-44b6ee9b960c","local_time":"20190314132333","is_ascension_mode":true,"campfire_choices":[{"data":"Zap","floor":7.0,"key":"SMITH"},{"data":"Chaos","floor":13.0,"key":"SMITH"},{"data":"Discovery","floor":15.0,"key":"SMITH"},{"data":"Creative AI","floor":23.0,"key":"SMITH"},{"data":"Hologram","floor":27.0,"key":"SMITH"},{"data":"Creative AI","floor":29.0,"key":"SMITH"},{"data":"Coolheaded","floor":32.0,"key":"SMITH"},{"data":"Turbo","floor":40.0,"key":"SMITH"},{"data":"Dualcast","floor":42.0,"key":"SMITH"},{"data":"Creative AI","floor":47.0,"key":"SMITH"},{"floor":49.0,"key":"RECALL"}],"neow_cost":"NONE","seed_source_timestamp":0,"circlet_count":0,"master_deck":["AscendersBane","Strike_B","Defend_B+1","Defend_B","Defend_B+1","Defend_B","Zap+1","Dualcast+1","Self Repair","Capacitor","Cold Snap","Creative AI+1","Chaos+1","Discovery+1","Creative AI+1","Cold Snap","Cold Snap","Hologram+1","Ghostly","Ghostly","Ghostly","Coolheaded+1","Creative AI+1","Turbo+1","Self Repair","Coolheaded+1","Parasite","Storm","Turbo+1","Coolheaded+1","Self Repair"],"special_seed":0,"relics":["Cracked Core","NeowsBlessing","Pen Nib","DataDisk","Tiny Chest","Runic Dome","The Courier","Boot","Runic Pyramid","Happy Flower","Toxic Egg 2","MawBank"],"potions_floor_usage":[50],"damage_taken":[{"damage":0.0,"enemies":"Jaw Worm","floor":1.0,"turns":1.0},{"damage":0.0,"enemies":"Small Slimes","floor":5.0,"turns":1.0},{"damage":0.0,"enemies":"Gremlin Nob","floor":6.0,"turns":1.0},{"damage":32.0,"enemies":"3 Sentries","floor":8.0,"turns":9.0},{"damage":0.0,"enemies":"Cultist","floor":11.0,"turns":3.0},{"damage":6.0,"enemies":"2 Fungi Beasts","floor":12.0,"turns":3.0},{"damage":32.0,"enemies":"Slime Boss","floor":16.0,"turns":10.0},{"damage":23.0,"enemies":"Shell Parasite","floor":18.0,"turns":5.0},{"damage":12.0,"enemies":"2 Thieves","floor":22.0,"turns":4.0},{"damage":20.0,"enemies":"Snake Plant","floor":24.0,"turns":5.0},{"damage":0.0,"enemies":"Shelled Parasite and Fungi","floor":28.0,"turns":1.0},{"damage":29.0,"enemies":"Book of Stabbing","floor":31.0,"turns":7.0},{"damage":0.0,"enemies":"Champ","floor":33.0,"turns":12.0},{"damage":20.0,"enemies":"3 Shapes","floor":35.0,"turns":6.0},{"damage":0.0,"enemies":"Orb Walker","floor":38.0,"turns":5.0},{"damage":14.0,"enemies":"4 Shapes","floor":41.0,"turns":7.0},{"damage":7.0,"enemies":"Writhing Mass","floor":44.0,"turns":9.0},{"damage":0.0,"enemies":"Giant Head","floor":45.0,"turns":8.0},{"damage":18.0,"enemies":"Spire Growth","floor":46.0,"turns":7.0},{"damage":10.0,"enemies":"Reptomancer","floor":48.0,"turns":6.0},{"damage":42,"enemies":"Time Eater","floor":50,"turns":6}],"seed_played":"377733222540360750","potions_obtained":[{"floor":1.0,"key":"SneckoOil"},{"floor":6.0,"key":"Regen Potion"},{"floor":11.0,"key":"Fire Potion"},{"floor":22.0,"key":"SteroidPotion"},{"floor":24.0,"key":"SmokeBomb"},{"floor":31.0,"key":"PowerPotion"},{"floor":35.0,"key":"Energy Potion"},{"floor":45.0,"key":"Strength Potion"}],"is_trial":false,"path_per_floor":["M","?","?","?","M","E","R","E","T","$","M","M","R","$","R","B",null,"M","$","?","?","M","R","M","$","T","R","M","R","?","E","R","B",null,"M","$","?","M","$","R","M","R","T","M","E","M","R","E","R","B"],"character_chosen":"DEFECT","items_purchased":["Ancient Potion","Discovery","Turbo","Happy Flower"],"campfire_rested":0,"item_purchase_floors":[10,14,36,39],"current_hp_per_floor":[64,64,69,46,46,46,46,36,36,36,43,44,44,44,44,19,62,46,46,46,46,41,41,28,28,28,28,35,35,35,6,6,13,32,19,19,19,38,38,38,38,38,38,38,38,34,34,38,38,0],"gold":160,"neow_bonus":"THREE_ENEMY_KILL","is_prod":false,"is_daily":false,"chose_seed":false,"campfire_upgraded":10,"win_rate":0,"timestamp":1552541013,"path_taken":["M","?","?","?","?","E","R","E","T","$","M","M","R","?","R","BOSS","M","$","?","?","M","R","M","$","T","R","M","R","?","E","R","BOSS","M","$","?","?","$","R","M","R","T","M","E","M","R","E","R","BOSS"],"build_version":"2019-01-23","purchased_purges":3,"victory":false,"max_hp_per_floor":[71,71,76,76,76,76,76,76,76,76,76,76,76,76,76,76,76,76,76,76,76,76,76,76,76,76,76,76,76,38,38,38,38,38,38,38,38,38,38,38,38,38,38,38,38,38,38,38,38,38],"card_choices":[{"not_picked":["Beam Cell","Aggregate"],"picked":"Self Repair","floor":1.0},{"not_picked":["Steam","Gash"],"picked":"Capacitor","floor":5.0},{"not_picked":["Stack","Conserve Battery"],"picked":"Cold Snap","floor":6.0},{"not_picked":["Streamline","Beam Cell"],"picked":"Creative AI","floor":8.0},{"not_picked":["Conserve Battery","Beam Cell","Reprogram"],"picked":"SKIP","floor":11.0},{"not_picked":["Doom and Gloom","Stack","Chaos"],"picked":"SKIP","floor":12.0},{"not_picked":["Doom and Gloom","Stack"],"picked":"Chaos","floor":12.0},{"not_picked":["Multi-Cast","Amplify"],"picked":"Creative AI","floor":16.0},{"not_picked":["Hologram","Rebound"],"picked":"Cold Snap","floor":18.0},{"not_picked":["Leap","Steam"],"picked":"Cold Snap","floor":22.0},{"not_picked":["Redo","Gash"],"picked":"Hologram","floor":24.0},{"not_picked":["Darkness","Streamline"],"picked":"Coolheaded","floor":31.0},{"not_picked":["Rainbow","All For One"],"picked":"Creative AI","floor":33.0},{"not_picked":["Genetic Algorithm","Leap","Ball Lightning+1"],"picked":"SKIP","floor":35.0},{"not_picked":["Hello World","Conserve Battery"],"picked":"Coolheaded+1","floor":38.0},{"not_picked":["Loop","Fusion","Sweeping Beam"],"picked":"SKIP","floor":41.0},{"not_picked":["Ball Lightning+1","Streamline"],"picked":"Storm","floor":44.0},{"not_picked":["Conserve Battery+1","Steam+1"],"picked":"Turbo","floor":45.0},{"not_picked":["Leap+1","Rebound"],"picked":"Coolheaded+1","floor":46.0},{"not_picked":["Force Field+1","Skim+1"],"picked":"Self Repair","floor":48.0}],"player_experience":3579511,"relics_obtained":[{"floor":6.0,"key":"Pen Nib"},{"floor":8.0,"key":"DataDisk"},{"floor":9.0,"key":"Tiny Chest"},{"floor":26.0,"key":"The Courier"},{"floor":31.0,"key":"Boot"},{"floor":45.0,"key":"Toxic Egg 2"},{"floor":48.0,"key":"MawBank"}],"event_choices":[{"damage_healed":0.0,"max_hp_gain":0.0,"max_hp_loss":0.0,"gold_gain":150.0,"event_name":"Liars Game","player_choice":"AGREE","floor":2.0,"gold_loss":0.0,"damage_taken":0.0,"cards_obtained":["Doubt"]},{"damage_healed":0.0,"max_hp_gain":5.0,"max_hp_loss":0.0,"gold_gain":0.0,"event_name":"Big Fish","player_choice":"Donut","floor":3.0,"gold_loss":0.0,"damage_taken":0.0},{"damage_healed":0.0,"max_hp_gain":0.0,"max_hp_loss":0.0,"gold_gain":0.0,"event_name":"Shining Light","player_choice":"Entered Light","floor":4.0,"gold_loss":0.0,"damage_taken":23.0,"cards_upgraded":["Defend_B","Defend_B"]},{"damage_healed":0.0,"max_hp_gain":0.0,"max_hp_loss":0.0,"gold_gain":50.0,"event_name":"Nest","player_choice":"Stole From Cult","floor":20.0,"gold_loss":0.0,"damage_taken":0.0},{"damage_healed":0.0,"max_hp_gain":0.0,"max_hp_loss":0.0,"gold_gain":0.0,"event_name":"Beggar","player_choice":"Ignored","floor":21.0,"gold_loss":0.0,"damage_taken":0.0},{"damage_healed":0.0,"max_hp_gain":0.0,"max_hp_loss":38.0,"gold_gain":0.0,"event_name":"Ghosts","player_choice":"Became a Ghost","floor":30.0,"gold_loss":0.0,"damage_taken":0.0,"cards_obtained":["Ghostly","Ghostly","Ghostly"]},{"damage_healed":0.0,"max_hp_gain":0.0,"max_hp_loss":0.0,"gold_gain":0.0,"cards_transformed":["Strike_B"],"event_name":"Transmorgrifier","player_choice":"Transformed","floor":37.0,"gold_loss":0.0,"damage_taken":0.0,"cards_obtained":["Self Repair"]}],"is_beta":false,"boss_relics":[{"not_picked":["Calling Bell","Nuclear Battery"],"picked":"Runic Dome"},{"not_picked":["Velvet Choker","Pandora\u0027s Box"],"picked":"Runic Pyramid"}],"items_purged_floors":[10,14,19],"is_endless":false,"potions_floor_spawned":[1,6,11,12,22,24,31,35,44,45],"killed_by":"Time Eater","ascension_level":20}