{"gold_per_floor":[359,434,434,434,359,359,359,369,450,128,128,146,146,146,146,146],"floor_reached":16,"playtime":246,"items_purged":["Strike_G","Decay"],"score":172,"play_id":"dc7adc56-05e3-4766-b40c-8023db494e44","local_time":"20190731173421","is_ascension_mode":true,"campfire_choices":[{"data":"Neutralize","floor":6.0,"key":"SMITH"},{"data":"Tactician","floor":11.0,"key":"SMITH"},{"floor":15.0,"key":"REST"}],"neow_cost":"PERCENT_DAMAGE","seed_source_timestamp":256868833221373,"circlet_count":0,"master_deck":["AscendersBane","Strike_G","Strike_G","Strike_G","Defend_G","Defend_G","Defend_G","Defend_G","Survivor","Neutralize+1","Terror","Tactician+1","All Out Attack","Deep Breath+1","Calculated Gamble"],"special_seed":0,"relics":["Ring of the Snake","Question Card","Turnip"],"potions_floor_usage":[16],"damage_taken":[{"damage":2.0,"enemies":"Cultist","floor":1.0,"turns":4.0},{"damage":2.0,"enemies":"Jaw Worm","floor":8.0,"turns":6.0},{"damage":5.0,"enemies":"Small Slimes","floor":12.0,"turns":3.0},{"damage":40,"enemies":"Slime Boss","floor":16,"turns":8}],"seed_played":"2310135670533584011","potions_obtained":[{"floor":12.0,"key":"SkillPotion"}],"is_trial":false,"path_per_floor":["M","?","?","?","$","R","?","M","T","$","R","M","?","?","R","B"],"character_chosen":"THE_SILENT","items_purchased":["Tactician","All Out Attack","Deep Breath"],"campfire_rested":1,"item_purchase_floors":[10,10,10],"current_hp_per_floor":[42,31,31,24,24,24,24,22,22,22,22,17,6,6,25,0],"gold":146,"neow_bonus":"TWO_FIFTY_GOLD","is_prod":false,"is_daily":false,"chose_seed":false,"campfire_upgraded":2,"win_rate":0,"timestamp":1564562061,"path_taken":["M","?","?","?","?","R","?","?","T","$","R","M","?","?","R","BOSS"],"build_version":"2019-07-17","purchased_purges":2,"victory":false,"max_hp_per_floor":[66,66,66,66,66,66,66,66,66,66,66,66,66,66,66,66],"card_choices":[{"not_picked":["Dagger Throw","Dagger Spray","Blade Dance"],"picked":"SKIP","floor":1.0},{"not_picked":["Dash","Terror","Caltrops"],"picked":"SKIP","floor":8.0},{"not_picked":["Dash","Caltrops"],"picked":"Terror","floor":8.0},{"not_picked":["Blade Dance","Expertise","Backstab"],"picked":"Calculated Gamble","floor":12.0}],"player_experience":707556,"relics_obtained":[{"floor":9.0,"key":"Question Card"}],"event_choices":[{"damage_healed":0.0,"max_hp_gain":0.0,"max_hp_loss":0.0,"gold_gain":75.0,"event_name":"World of Goop","player_choice":"Gather Gold","floor":2.0,"gold_loss":0.0,"damage_taken":11.0},{"cards_removed":["Strike_G"],"damage_healed":0.0,"max_hp_gain":0.0,"max_hp_loss":0.0,"gold_gain":0.0,"event_name":"Living Wall","player_choice":"Forget","floor":3.0,"gold_loss":0.0,"damage_taken":0.0},{"cards_removed":["Defend_G"],"damage_healed":0.0,"max_hp_gain":0.0,"max_hp_loss":0.0,"gold_gain":0.0,"event_name":"Golden Wing","player_choice":"Card Removal","floor":4.0,"gold_loss":0.0,"damage_taken":7.0},{"damage_healed":0.0,"max_hp_gain":0.0,"max_hp_loss":0.0,"gold_gain":0.0,"event_name":"Wheel of Change","player_choice":"Cursed","floor":7.0,"gold_loss":0.0,"damage_taken":0.0,"cards_obtained":["Decay"]},{"damage_healed":0.0,"max_hp_gain":0.0,"max_hp_loss":0.0,"gold_gain":0.0,"event_name":"Scrap Ooze","player_choice":"Success","floor":13.0,"gold_loss":0.0,"damage_taken":11.0,"relics_obtained":["Turnip"]},{"damage_healed":0.0,"max_hp_gain":0.0,"max_hp_loss":0.0,"gold_gain":0.0,"event_name":"Upgrade Shrine","player_choice":"Upgraded","floor":14.0,"gold_loss":0.0,"damage_taken":0.0,"cards_upgraded":["Deep Breath"]}],"is_beta":false,"boss_relics":[],"items_purged_floors":[5,10],"is_endless":false,"potions_floor_spawned":[12],"killed_by":"Slime Boss","ascension_level":20}