{"gold_per_floor":[119,119,119,133,0,35,52,79,79,89,89,89,100,3,3,3],"floor_reached":16,"playtime":296,"items_purged":["Strike_B"],"score":270,"play_id":"bd067e27-5ed6-4514-bd75-624976b2337a","local_time":"20190404192930","is_ascension_mode":true,"campfire_choices":[{"data":"Barrage","floor":11.0,"key":"SMITH"},{"data":"Defragment","floor":15.0,"key":"SMITH"}],"neow_cost":"NONE","seed_source_timestamp":690175781974538,"circlet_count":0,"master_deck":["AscendersBane","Strike_B","Strike_B","Defend_B","Defend_B+1","Defend_B","Defend_B","Zap","Dualcast","Capacitor+1","Heatsinks","Barrage+1","Ball Lightning","Gash","Recycle","Go for the Eyes+1","Defragment+1","Defragment"],"special_seed":0,"relics":["Cracked Core","NeowsBlessing","Strawberry","Pocketwatch","Molten Egg 2","Bottled Tornado"],"potions_floor_usage":[16,16],"damage_taken":[{"damage":0.0,"enemies":"Small Slimes","floor":1.0,"turns":1.0},{"damage":0.0,"enemies":"Jaw Worm","floor":4.0,"turns":1.0},{"damage":0.0,"enemies":"Gremlin Nob","floor":6.0,"turns":1.0},{"damage":6.0,"enemies":"Cultist","floor":7.0,"turns":3.0},{"damage":33.0,"enemies":"Lagavulin","floor":8.0,"turns":8.0},{"damage":3.0,"enemies":"Blue Slaver","floor":10.0,"turns":3.0},{"damage":1.0,"enemies":"Red Slaver","floor":13.0,"turns":3.0},{"damage":3,"enemies":"Slime Boss","floor":16,"turns":5}],"seed_played":"-3710621761771010089","potions_obtained":[{"floor":8.0,"key":"Poison Potion"},{"floor":10.0,"key":"SkillPotion"}],"is_trial":false,"path_per_floor":["M","?","?","M","$","E","M","E","T","M","R","T","M","$","R","B"],"character_chosen":"DEFECT","items_purchased":["Ball Lightning","Defragment","PowerPotion"],"campfire_rested":0,"item_purchase_floors":[5,14,14],"current_hp_per_floor":[64,64,43,43,43,50,44,11,11,8,8,8,7,7,7,4],"gold":3,"neow_bonus":"THREE_ENEMY_KILL","is_prod":false,"is_daily":false,"chose_seed":false,"campfire_upgraded":2,"win_rate":0,"timestamp":1554377370,"path_taken":["M","?","?","M","$","E","?","E","T","M","R","?","M","$","R","BOSS"],"build_version":"2019-01-23","purchased_purges":1,"victory":false,"max_hp_per_floor":[71,71,71,71,71,78,78,78,78,78,78,78,78,78,78,78],"card_choices":[{"not_picked":["Go for the Eyes","Steam"],"picked":"Capacitor","floor":1.0},{"not_picked":["Go for the Eyes","Streamline"],"picked":"Barrage","floor":4.0},{"not_picked":["Steam","Hyperbeam","Redo"],"picked":"SKIP","floor":6.0},{"not_picked":["Scrape","Heatsinks"],"picked":"Gash","floor":7.0},{"not_picked":["Reinforced Body","Conserve Battery"],"picked":"Recycle","floor":8.0},{"not_picked":["Rebound+1","Aggregate"],"picked":"Go for the Eyes+1","floor":10.0},{"not_picked":["Static Discharge","Coolheaded"],"picked":"Defragment","floor":13.0}],"player_experience":1323917,"relics_obtained":[{"floor":6.0,"key":"Strawberry"},{"floor":8.0,"key":"Pocketwatch"},{"floor":9.0,"key":"Molten Egg 2"},{"floor":12.0,"key":"Bottled Tornado"}],"event_choices":[{"damage_healed":0.0,"max_hp_gain":0.0,"max_hp_loss":0.0,"gold_gain":0.0,"cards_transformed":["Strike_B"],"event_name":"Living Wall","player_choice":"Change","floor":2.0,"gold_loss":0.0,"damage_taken":0.0,"cards_obtained":["Heatsinks"]},{"damage_healed":0.0,"max_hp_gain":0.0,"max_hp_loss":0.0,"gold_gain":0.0,"event_name":"Shining Light","player_choice":"Entered Light","floor":3.0,"gold_loss":0.0,"damage_taken":21.0,"cards_upgraded":["Defend_B","Capacitor"]}],"is_beta":false,"boss_relics":[],"items_purged_floors":[5],"is_endless":false,"potions_floor_spawned":[8,10],"killed_by":"Slime Boss","ascension_level":20}