{"path_per_floor":["M","M","$","M","?","E","?","E","T","R","M","M","M","E","R","B",null,"M","T","M","$","M","R"],"character_chosen":"THE_SILENT","items_purchased":["Prepared"],"gold_per_floor":[14,29,29,43,43,73,73,108,134,134,104,120,131,157,157,259,259,271,271,281,152,170,170,170],"floor_reached":24,"campfire_rested":1,"playtime":976,"current_hp_per_floor":[60,60,60,59,59,16,16,4,4,25,18,19,21,20,20,1,57,53,53,39,39,32,32,0],"items_purged":["Strike_G"],"gold":170,"score":294,"play_id":"a73ee5c2-8ae4-4c51-b1c8-05120be6b1ce","local_time":"20180426145139","is_prod":false,"is_daily":false,"chose_seed":false,"is_ascension_mode":true,"campfire_upgraded":2,"timestamp":1524725499,"path_taken":["M","M","?","M","?","E","?","E","T","R","?","M","M","E","R","BOSS","M","?","M","$","M","R","E"],"build_version":"2018-04-19","seed_source_timestamp":20455924153912,"purchased_purges":1,"victory":false,"master_deck":["Defend_G","Defend_G","Defend_G","Strike_G","Survivor","Neutralize+1","Dagger Spray","Acrobatics","Wraith Form v2","Slice","Grand Finale","Finisher+1","Bouncing Flask+1","Riddle With Holes+1","Prepared+1","After Image"],"max_hp_per_floor":[70,70,70,70,70,70,70,70,70,70,70,72,74,76,76,76,76,78,78,80,80,80,80,80],"relics":["Ring of the Snake","Oddly Smooth Stone","Orichalcum","Sundial","Singing Bowl","Snake Skull","Astrolabe","Prayer Wheel"],"card_choices":[{"not_picked":["Dash","Underhanded Strike"],"picked":"Dagger Spray","floor":1},{"not_picked":["Deadly Poison","Sucker Punch"],"picked":"Acrobatics","floor":4},{"not_picked":["Dodge and Roll","Outmaneuver"],"picked":"Wraith Form v2","floor":8},{"not_picked":["Acrobatics","Predator"],"picked":"Slice","floor":11},{"not_picked":["Corpse Explosion","A Thousand Cuts"],"picked":"Grand Finale","floor":16},{"not_picked":["Skewer","Sucker Punch"],"picked":"After Image","floor":22}],"player_experience":433361,"potions_floor_usage":[6,16,16,20],"damage_taken":[{"damage":3,"enemies":"Cultist","floor":1,"turns":5},{"damage":0,"enemies":"2 Louse","floor":2,"turns":2},{"damage":1,"enemies":"Small Slimes","floor":4,"turns":5},{"damage":43,"enemies":"Gremlin Nob","floor":6,"turns":6},{"damage":12,"enemies":"3 Sentries","floor":8,"turns":8},{"damage":7,"enemies":"Exordium Thugs","floor":11,"turns":5},{"damage":1,"enemies":"Blue Slaver","floor":12,"turns":4},{"damage":0,"enemies":"Large Slime","floor":13,"turns":7},{"damage":3,"enemies":"Gremlin Nob","floor":14,"turns":6},{"damage":19,"enemies":"The Guardian","floor":16,"turns":19},{"damage":6,"enemies":"3 Byrds","floor":18,"turns":5},{"damage":16,"enemies":"2 Thieves","floor":20,"turns":4},{"damage":7,"enemies":"Snecko","floor":22,"turns":5},{"damage":36,"enemies":"Gremlin Leader","floor":24,"turns":2}],"event_choices":[{"event_name":"The Cleric","player_choice":"Leave","floor":5,"damage_taken":0},{"event_name":"Wheel of Change","player_choice":"Relic","floor":7,"damage_taken":0}],"boss_relics":[{"not_picked":["Runic Dome","Black Star"],"picked":"Astrolabe"}],"potions_floor_spawned":[1,4,6,11,12,13,22],"seed_played":"8067198983577885336","killed_by":"Gremlin Leader","ascension_level":7,"is_trial":false}