{"gold_per_floor":[115,126,137,155,173,173,123,123,204,204,204,218,218,65,65,160,160,176,95,110,130,144,144,155,181,236,236,236,249,259,17,17,115,115,131,131,6,26,42,42,59,59,59,59,0,10,22,22,22,22],"floor_reached":51,"playtime":2006,"items_purged":["Strike_G","Strike_G","Defend_G"],"score":713,"play_id":"b30cc656-812d-4ad3-bf27-b3887932cae9","local_time":"20190717202827","is_ascension_mode":false,"campfire_choices":[{"data":"Glass Knife","floor":6.0,"key":"SMITH"},{"data":"Masterful Stab","floor":11.0,"key":"SMITH"},{"data":"Dagger Throw","floor":13.0,"key":"SMITH"},{"data":"Caltrops","floor":15.0,"key":"SMITH"},{"data":"Malaise","floor":23.0,"key":"SMITH"},{"data":"A Thousand Cuts","floor":32.0,"key":"SMITH"},{"data":"Corpse Explosion","floor":40,"key":"SMITH"},{"floor":44,"key":"RECALL"},{"data":"Footwork","floor":49,"key":"SMITH"}],"neow_cost":"NONE","seed_source_timestamp":9396274889479,"circlet_count":0,"master_deck":["Defend_G+1","Defend_G+1","Survivor+1","Neutralize+1","Masterful Stab+1","Escape Plan+1","Glass Knife+1","Caltrops+1","Malaise+1","Flash of Steel+1","A Thousand Cuts+1","PiercingWail+1","Corpse Explosion+1","Blur+1","Concentrate+1","Flechettes+1","Wraith Form v2+1","Malaise+1","Noxious Fumes+1","Flash of Steel+1","Backflip+1","Footwork+1","Footwork+1"],"special_seed":0,"relics":["Ring of the Snake","Gremlin Horn","Runic Pyramid","Tough Bandages","PreservedInsect","Empty Cage","Mark of the Bloom","Ornamental Fan","Red Mask"],"potions_floor_usage":[50,50,50],"damage_taken":[{"damage":1.0,"enemies":"2 Louse","floor":1.0,"turns":3.0},{"damage":0.0,"enemies":"Jaw Worm","floor":2.0,"turns":4.0},{"damage":0.0,"enemies":"Cultist","floor":3.0,"turns":3.0},{"damage":0.0,"enemies":"3 Louse","floor":4.0,"turns":3.0},{"damage":0.0,"enemies":"Red Slaver","floor":5.0,"turns":4.0},{"damage":46.0,"enemies":"2 Fungi Beasts","floor":12.0,"turns":7.0},{"damage":13.0,"enemies":"Hexaghost","floor":16.0,"turns":10.0},{"damage":0.0,"enemies":"Chosen","floor":18.0,"turns":3.0},{"damage":0.0,"enemies":"Spheric Guardian","floor":20.0,"turns":3.0},{"damage":0.0,"enemies":"Chosen and Byrds","floor":21.0,"turns":4.0},{"damage":0.0,"enemies":"3 Cultists","floor":22.0,"turns":5.0},{"damage":0.0,"enemies":"Centurion and Healer","floor":24.0,"turns":5.0},{"damage":0.0,"enemies":"Gremlin Leader","floor":25.0,"turns":5.0},{"damage":0.0,"enemies":"Snake Plant","floor":29.0,"turns":6.0},{"damage":0.0,"enemies":"Cultist and Chosen","floor":30.0,"turns":5.0},{"damage":17.0,"enemies":"Automaton","floor":33.0,"turns":8.0},{"damage":0,"enemies":"3 Darklings","floor":35,"turns":3},{"damage":0,"enemies":"Orb Walker","floor":38,"turns":3},{"damage":0,"enemies":"Writhing Mass","floor":39,"turns":8},{"damage":0,"enemies":"Jaw Worm Horde","floor":41,"turns":4},{"damage":0,"enemies":"4 Shapes","floor":46,"turns":3},{"damage":0,"enemies":"3 Darklings","floor":47,"turns":3},{"damage":52,"enemies":"Donu and Deca","floor":50,"turns":7}],"seed_played":"-8430425038480534409","potions_obtained":[{"floor":3.0,"key":"Fire Potion"},{"floor":4.0,"key":"Poison Potion"},{"floor":5.0,"key":"Dexterity Potion"},{"floor":20.0,"key":"PowerPotion"}],"is_trial":false,"path_per_floor":["M","M","M","M","M","R","?","?","T","?","R","M","R","$","R","B",null,"M","$","M","M","M","R","M","E","T","?","?","M","M","$","R","B",null,"M","?","$","M","M","R","M","?","T","R","?","M","M","?","R","B",null],"character_chosen":"THE_SILENT","items_purchased":["Caltrops","Flash of Steel","Wraith Form v2"],"campfire_rested":0,"item_purchase_floors":[14,19,31],"current_hp_per_floor":[69,69,69,69,69,69,69,69,69,70,70,24,24,24,24,11,70,70,70,70,70,70,70,70,70,70,70,70,70,70,70,70,53,70,70,70,70,70,70,70,70,70,70,70,70,70,70,70,70,18],"gold":22,"neow_bonus":"UPGRADE_CARD","is_prod":false,"is_daily":false,"chose_seed":false,"campfire_upgraded":8,"win_rate":0,"timestamp":1563366507,"path_taken":["M","M","M","M","M","R","?","?","T","?","R","M","R","$","R","BOSS","M","$","M","M","?","R","M","E","T","?","?","M","?","$","R","BOSS","M","?","$","M","M","R","M","?","T","R","?","M","M","?","R","BOSS"],"build_version":"2019-07-05","purchased_purges":3,"victory":true,"max_hp_per_floor":[70,70,70,70,70,70,70,70,70,70,70,70,70,70,70,70,70,70,70,70,70,70,70,70,70,70,70,70,70,70,70,70,70,70,70,70,70,70,70,70,70,70,70,70,70,70,70,70,70,70],"card_choices":[{"not_picked":["Acrobatics","Setup"],"picked":"Dagger Throw","floor":1.0},{"not_picked":["Sucker Punch","Leg Sweep"],"picked":"Masterful Stab","floor":2.0},{"not_picked":["Dash","Cloak And Dagger","Acrobatics"],"picked":"SKIP","floor":3.0},{"not_picked":["Poisoned Stab","Slice"],"picked":"Escape Plan","floor":4.0},{"not_picked":["Prepared","Dash"],"picked":"Glass Knife","floor":5.0},{"not_picked":["Poisoned Stab","Flying Knee","Blade Dance"],"picked":"SKIP","floor":12.0},{"not_picked":["Wraith Form v2","Storm of Steel"],"picked":"Malaise","floor":16.0},{"not_picked":["Prepared","Flying Knee+1","PiercingWail"],"picked":"SKIP","floor":18.0},{"not_picked":["Dagger Throw","Outmaneuver","Deadly Poison"],"picked":"SKIP","floor":20.0},{"not_picked":["Eviscerate","Backflip","Quick Slash"],"picked":"SKIP","floor":21.0},{"not_picked":["Prepared+1","Outmaneuver","Heel Hook"],"picked":"SKIP","floor":22.0},{"not_picked":["Catalyst","Bane"],"picked":"A Thousand Cuts","floor":24.0},{"not_picked":["Dagger Throw+1","Poisoned Stab","PiercingWail+1"],"picked":"SKIP","floor":25.0},{"not_picked":["Dagger Throw+1","Poisoned Stab"],"picked":"PiercingWail+1","floor":25.0},{"not_picked":["Deadly Poison","Terror"],"picked":"Concentrate","floor":29.0},{"not_picked":["Deflect","Dagger Throw+1"],"picked":"Flechettes+1","floor":30.0},{"not_picked":["Envenom","Wraith Form v2"],"picked":"Malaise","floor":33.0},{"not_picked":["Poisoned Stab+1","Dagger Spray"],"picked":"Noxious Fumes+1","floor":35},{"not_picked":["Enlightenment","Dark Shackles"],"picked":"Flash of Steel","floor":36},{"not_picked":["Well Laid Plans+1","Deadly Poison","Distraction"],"picked":"SKIP","floor":38},{"not_picked":["Caltrops+1","Prepared+1"],"picked":"Backflip+1","floor":39},{"not_picked":["Well Laid Plans+1","Blur+1","Deflect+1"],"picked":"SKIP","floor":41},{"not_picked":["Blur+1","Backstab+1"],"picked":"Footwork+1","floor":46},{"not_picked":["Underhanded Strike","Outmaneuver+1"],"picked":"Footwork","floor":47}],"player_experience":5767053,"relics_obtained":[{"floor":9.0,"key":"Gremlin Horn"},{"floor":25.0,"key":"Tough Bandages"},{"floor":26.0,"key":"PreservedInsect"},{"floor":43,"key":"Ornamental Fan"}],"event_choices":[{"cards_removed":["Strike_G"],"damage_healed":0.0,"max_hp_gain":0.0,"max_hp_loss":0.0,"gold_gain":0.0,"event_name":"The Cleric","player_choice":"Card Removal","floor":7.0,"gold_loss":50.0,"damage_taken":0.0},{"damage_healed":0.0,"max_hp_gain":0.0,"max_hp_loss":0.0,"gold_gain":0.0,"event_name":"Liars Game","player_choice":"Ignored","floor":8.0,"gold_loss":0.0,"damage_taken":0.0},{"damage_healed":1.0,"max_hp_gain":0.0,"max_hp_loss":0.0,"gold_gain":0.0,"event_name":"Wheel of Change","player_choice":"Full Heal","floor":10.0,"gold_loss":0.0,"damage_taken":0.0},{"damage_healed":0.0,"max_hp_gain":0.0,"max_hp_loss":0.0,"gold_gain":0.0,"cards_transformed":["Strike_G","Strike_G"],"event_name":"Drug Dealer","player_choice":"Became Test Subject","floor":27.0,"gold_loss":0.0,"damage_taken":0.0,"cards_obtained":["Corpse Explosion","Blur"]},{"damage_healed":0.0,"max_hp_gain":0.0,"max_hp_loss":0.0,"gold_gain":0.0,"event_name":"Match and Keep!","player_choice":"0 cards matched","floor":28.0,"gold_loss":0.0,"damage_taken":0.0,"cards_obtained":[]},{"damage_healed":0,"gold_gain":0,"player_choice":"Memory 1","damage_taken":0,"max_hp_gain":0,"max_hp_loss":0,"event_name":"SensoryStone","floor":36,"gold_loss":0},{"damage_healed":0,"gold_gain":0,"player_choice":"Upgrade","damage_taken":0,"relics_obtained":["Mark of the Bloom"],"max_hp_gain":0,"max_hp_loss":0,"event_name":"MindBloom","floor":42,"gold_loss":0,"cards_upgraded":["Defend_G","Defend_G","Survivor","Escape Plan","Flash of Steel","Blur","Concentrate","Wraith Form v2","Malaise","Flash of Steel"]},{"damage_healed":0,"gold_gain":0,"player_choice":"Paid","damage_taken":0,"relics_obtained":["Red Mask"],"max_hp_gain":0,"max_hp_loss":0,"event_name":"Tomb of Lord Red Mask","floor":45,"gold_loss":59},{"cards_removed":["Dagger Throw"],"damage_healed":0,"gold_gain":0,"player_choice":"Removed Attack","damage_taken":0,"max_hp_gain":0,"max_hp_loss":0,"event_name":"Falling","floor":48,"gold_loss":0}],"is_beta":false,"boss_relics":[{"not_picked":["Sozu","Runic Dome"],"picked":"Runic Pyramid"},{"not_picked":["Snecko Eye","Astrolabe"],"picked":"Empty Cage"}],"items_purged_floors":[14,31,37],"is_endless":false,"potions_floor_spawned":[3,4,5,12,20,21,30,39,41,47],"ascension_level":0}