{"gold_per_floor":[115,131,56,56,70,70,90,90,90,104,104,118,118,130,130,130],"floor_reached":16,"playtime":564,"items_purged":["Strike_G"],"score":188,"play_id":"07e85b49-9b5a-4c82-9e67-07a974fd4a3d","local_time":"20181013171427","is_ascension_mode":true,"campfire_choices":[{"data":"Neutralize","floor":6,"key":"SMITH"},{"floor":8,"key":"REST"},{"data":"Crippling Poison","floor":15,"key":"SMITH"}],"neow_cost":"PERCENT_DAMAGE","seed_source_timestamp":29814566191865,"circlet_count":0,"master_deck":["Defend_G","Defend_G","Defend_G","Strike_G","Strike_G","Strike_G","Survivor","Neutralize+1","AscendersBane","Crippling Poison+1","Crippling Poison","Well Laid Plans"],"relics":["Ring of the Snake","Smiling Mask"],"potions_floor_usage":[5],"damage_taken":[{"damage":2,"enemies":"2 Louse","floor":1,"turns":4},{"damage":2,"enemies":"Small Slimes","floor":2,"turns":7},{"damage":4,"enemies":"Jaw Worm","floor":5,"turns":7},{"damage":8,"enemies":"Exordium Wildlife","floor":7,"turns":11},{"damage":0,"enemies":"Blue Slaver","floor":10,"turns":6},{"damage":13,"enemies":"Lots of Slimes","floor":12,"turns":4},{"damage":3,"enemies":"Looter","floor":14,"turns":4},{"damage":64,"enemies":"The Guardian","floor":16,"turns":11}],"seed_played":"-2225980720283192592","potions_obtained":[{"floor":2,"key":"Strength Potion"},{"floor":5,"key":"FairyPotion"},{"floor":7,"key":"FearPotion"}],"is_trial":false,"path_per_floor":["M","M","$","?","M","R","M","R","T","M","?","M","?","M","R"],"character_chosen":"THE_SILENT","items_purchased":[],"campfire_rested":1,"item_purchase_floors":[],"current_hp_per_floor":[42,40,40,40,36,36,28,47,47,47,47,34,34,31,31,0],"gold":130,"neow_bonus":"REMOVE_TWO","is_prod":false,"is_daily":false,"chose_seed":false,"campfire_upgraded":2,"win_rate":0,"timestamp":1539422067,"path_taken":["M","M","$","?","M","R","M","R","T","M","?","M","?","M","R","BOSS"],"build_version":"2018-10-11","purchased_purges":1,"victory":false,"max_hp_per_floor":[66,66,66,66,66,66,66,66,66,66,66,66,66,66,66,66],"card_choices":[{"not_picked":["Prepared","Dagger Spray","Infinite Blades"],"picked":"SKIP","floor":1},{"not_picked":["Prepared","Finisher","Cloak And Dagger"],"picked":"SKIP","floor":2},{"not_picked":["Prepared","Cloak And Dagger","Dodge and Roll"],"picked":"SKIP","floor":5},{"not_picked":["Dodge and Roll","Slice","Expertise"],"picked":"SKIP","floor":7},{"not_picked":["Blur","PiercingWail"],"picked":"Crippling Poison","floor":10},{"not_picked":["Dagger Spray","Cloak And Dagger"],"picked":"Crippling Poison","floor":12},{"not_picked":["Outmaneuver","Dagger Spray"],"picked":"Well Laid Plans","floor":14}],"player_experience":165027,"relics_obtained":[{"floor":9,"key":"Smiling Mask"}],"event_choices":[{"event_name":"Living Wall","player_choice":"Forget","floor":4,"damage_taken":0},{"event_name":"Dead Adventurer","player_choice":"Searched \u00270\u0027 times","floor":11,"damage_taken":0},{"event_name":"Liars Game","player_choice":"disagreed","floor":13,"damage_taken":0}],"is_beta":false,"boss_relics":[],"items_purged_floors":[3],"is_endless":false,"potions_floor_spawned":[2,5,7],"killed_by":"The Guardian","ascension_level":20}