{"gold_per_floor":[17,17,17,167,16,16,31,31,31,46,65,65,65,81,81,153,153,163,213,202,215,24,24,49,59,84,95,95,95,95,109,109,109],"floor_reached":33,"playtime":2227,"items_purged":["Doubt"],"score":500,"play_id":"4482d828-a0aa-463d-877f-4955d307c463","local_time":"20190805200726","is_ascension_mode":true,"campfire_choices":[{"floor":6,"key":"REST"},{"data":"Spot Weakness","floor":8,"key":"SMITH"},{"data":"Heavy Blade","floor":12,"key":"SMITH"},{"data":"Shrug It Off","floor":15,"key":"SMITH"},{"data":"Shrug It Off","floor":23,"key":"SMITH"},{"floor":30,"key":"REST"},{"data":"Whirlwind","floor":32,"key":"SMITH"}],"neow_cost":"NO_GOLD","seed_source_timestamp":343392124479906,"circlet_count":0,"master_deck":["AscendersBane","Strike_R","Strike_R","Strike_R+1","Strike_R","Strike_R","Defend_R","Defend_R","Defend_R+1","Defend_R","Bash","Feed+1","Spot Weakness+1","Shrug It Off+1","Heavy Blade+1","Shrug It Off+1","Impervious","Metallicize+1","Shockwave","Whirlwind+1","Ghostly Armor"],"relics":["Burning Blood","Gremlin Horn","Kunai","Velvet Choker","Chemical X","Vajra","Red Skull","Lantern"],"potions_floor_usage":[16,16,20,20,24,24],"damage_taken":[{"damage":23,"enemies":"Jaw Worm","floor":1,"turns":6},{"damage":2,"enemies":"2 Louse","floor":7,"turns":3},{"damage":0,"enemies":"Cultist","floor":10,"turns":3},{"damage":5,"enemies":"Blue Slaver","floor":11,"turns":4},{"damage":11,"enemies":"Red Slaver","floor":14,"turns":4},{"damage":90,"enemies":"Hexaghost","floor":16,"turns":12},{"damage":3,"enemies":"Chosen","floor":18,"turns":5},{"damage":15,"enemies":"2 Thieves","floor":20,"turns":4},{"damage":0,"enemies":"Cultist and Chosen","floor":21,"turns":4},{"damage":30,"enemies":"Slavers","floor":24,"turns":6},{"damage":24,"enemies":"Snecko","floor":25,"turns":6},{"damage":0,"enemies":"Snake Plant","floor":27,"turns":4},{"damage":6,"enemies":"Centurion and Healer","floor":31,"turns":3},{"damage":84,"enemies":"Champ","floor":33,"turns":14}],"seed_played":"3915313646844748539","potions_obtained":[{"floor":10,"key":"SkillPotion"},{"floor":18,"key":"EntropicBrew"},{"floor":21,"key":"PowerPotion"},{"floor":25,"key":"Energy Potion"}],"is_trial":false,"path_per_floor":["M","?","?","?","$","R","M","R","T","M","M","R","T","M","R","B",null,"M","?","M","M","$","R","E","M","T","M","?","$","R","M","R","B"],"character_chosen":"IRONCLAD","items_purchased":["Regen Potion","Chemical X"],"campfire_rested":2,"item_purchase_floors":[5,22],"current_hp_per_floor":[54,54,31,31,31,54,62,62,62,72,77,77,77,76,76,11,76,83,73,64,74,74,74,54,40,40,46,46,46,80,80,80,0],"gold":109,"neow_bonus":"THREE_RARE_CARDS","is_prod":false,"is_daily":false,"chose_seed":false,"campfire_upgraded":5,"win_rate":0,"timestamp":1565053646,"path_taken":["M","?","?","?","$","R","M","R","T","M","M","R","?","M","R","BOSS","M","?","?","M","$","R","E","M","T","M","?","$","R","M","R","BOSS"],"build_version":"2019-07-17","purchased_purges":1,"victory":false,"max_hp_per_floor":[78,78,78,78,78,78,82,82,82,86,90,90,90,94,94,98,98,102,102,102,106,106,106,110,114,114,114,114,114,114,114,114,114],"card_choices":[{"not_picked":["Dark Embrace","Offering"],"picked":"Feed","floor":0},{"not_picked":["Flex","Clothesline","Warcry"],"picked":"SKIP","floor":1},{"not_picked":["Perfected Strike","Warcry"],"picked":"Spot Weakness","floor":7},{"not_picked":["Headbutt","True Grit"],"picked":"Shrug It Off","floor":10},{"not_picked":["Iron Wave","Thunderclap"],"picked":"Heavy Blade","floor":11},{"not_picked":["Heavy Blade","Reckless Charge"],"picked":"Shrug It Off","floor":14},{"not_picked":["Exhume","Fiend Fire"],"picked":"Impervious","floor":16},{"not_picked":["Wild Strike","Second Wind","Warcry"],"picked":"SKIP","floor":18},{"not_picked":["Twin Strike","Ghostly Armor"],"picked":"Metallicize+1","floor":20},{"not_picked":["Twin Strike","Perfected Strike","Sword Boomerang"],"picked":"SKIP","floor":21},{"not_picked":["Carnage","Bloodletting"],"picked":"Shockwave","floor":24},{"not_picked":["Rage","Entrench","Perfected Strike+1"],"picked":"SKIP","floor":25},{"not_picked":["Bloodletting","Entrench+1"],"picked":"Whirlwind","floor":27},{"not_picked":["Second Wind","Anger"],"picked":"Ghostly Armor","floor":31}],"player_experience":453441,"relics_obtained":[{"floor":9,"key":"Gremlin Horn"},{"floor":13,"key":"Kunai"},{"floor":24,"key":"Vajra"},{"floor":26,"key":"Red Skull"}],"event_choices":[{"damage_healed":0,"gold_gain":0,"player_choice":"Grow","damage_taken":0,"max_hp_gain":0,"max_hp_loss":0,"event_name":"Living Wall","floor":2,"gold_loss":0,"cards_upgraded":["Feed"]},{"damage_healed":0,"gold_gain":0,"player_choice":"Entered Light","damage_taken":23,"max_hp_gain":0,"max_hp_loss":0,"event_name":"Shining Light","floor":3,"gold_loss":0,"cards_upgraded":["Strike_R","Defend_R"]},{"damage_healed":0,"gold_gain":150,"player_choice":"AGREE","damage_taken":0,"max_hp_gain":0,"max_hp_loss":0,"event_name":"Liars Game","floor":4,"gold_loss":0,"cards_obtained":["Doubt"]},{"damage_healed":0,"gold_gain":50,"player_choice":"Touch","damage_taken":10,"max_hp_gain":0,"max_hp_loss":0,"event_name":"FaceTrader","floor":19,"gold_loss":0},{"damage_healed":0,"gold_gain":0,"player_choice":"Gave Potion","damage_taken":0,"relics_obtained":["Lantern"],"max_hp_gain":0,"max_hp_loss":0,"event_name":"WeMeetAgain","floor":28,"gold_loss":0}],"is_beta":false,"boss_relics":[{"not_picked":["Philosopher\u0027s Stone","Runic Pyramid"],"picked":"Velvet Choker"}],"items_purged_floors":[5],"is_endless":false,"potions_floor_spawned":[10,11,18,21,25],"killed_by":"Champ","ascension_level":15}