{"gold_per_floor":[117,42,57,57,82,82,95,119,119,119,149,165,165,165,165,261,261,277,277,277,292,192,192,207,207,207,207,221,221,233,278,290,395,407,438,519,531,543,555,608,620,666,703,452,172,213,236,186,186,186,186,186,186,27,60,60],"floor_reached":57,"playtime":2886,"items_purged":["Regret","Strike_G","Dagger Throw+1","Bouncing Flask+1","Deadly Poison+1","Neutralize+1"],"score":3273,"play_id":"6eb3ab93-8a89-49b1-9ad3-e3d7cf87e5dd","local_time":"20181227154121","is_ascension_mode":true,"campfire_choices":[{"data":"Neutralize","floor":6.0,"key":"SMITH"},{"data":"Decay","floor":10.0,"key":"PURGE"},{"data":"Injury","floor":13.0,"key":"PURGE"},{"data":"Well Laid Plans","floor":15.0,"key":"SMITH"},{"data":"Strike_G","floor":23.0,"key":"PURGE"},{"data":"Strike_G","floor":25.0,"key":"PURGE"},{"data":"Strike_G","floor":30.0,"key":"PURGE"},{"data":"Defend_G","floor":32.0,"key":"PURGE"},{"data":"Dagger Spray","floor":41.0,"key":"PURGE"},{"floor":49.0,"key":"RECALL"},{"data":"Survivor","floor":53.0,"key":"PURGE"}],"neow_cost":"NONE","seed_source_timestamp":11353299208707,"circlet_count":0,"master_deck":["AscendersBane","Malaise+1","Calculated Gamble+1","Expertise+1","Concentrate+1","Well Laid Plans+1","Grand Finale+1","Escape Plan+1","Tactician+1","Expertise+1","Well Laid Plans","Burst+1","Prepared+1","Corpse Explosion+1","Prepared+1","Concentrate+1","Backflip+1"],"special_seed":0,"relics":["Calling Bell","Strawberry","Toxic Egg 2","StoneCalendar","Golden Idol","Peace Pipe","Tough Bandages","Black Star","Snake Skull","MawBank","Oddly Smooth Stone","Pandora\u0027s Box","Nunchaku","Art of War","Bag of Marbles","Smiling Mask","Whetstone","Pen Nib","TwistedFunnel","ClockworkSouvenir","Darkstone Periapt","Calipers","Orichalcum","Pantograph"],"potions_floor_usage":[56],"damage_taken":[{"damage":9.0,"enemies":"Jaw Worm","floor":1.0,"turns":7.0},{"damage":3.0,"enemies":"2 Louse","floor":3.0,"turns":6.0},{"damage":2.0,"enemies":"Small Slimes","floor":5.0,"turns":6.0},{"damage":9.0,"enemies":"Red Slaver","floor":7.0,"turns":4.0},{"damage":8.0,"enemies":"2 Fungi Beasts","floor":8.0,"turns":6.0},{"damage":8.0,"enemies":"Large Slime","floor":12.0,"turns":7.0},{"damage":0.0,"enemies":"The Guardian","floor":16.0,"turns":8.0},{"damage":1.0,"enemies":"Shell Parasite","floor":18.0,"turns":4.0},{"damage":10.0,"enemies":"Spheric Guardian","floor":21.0,"turns":4.0},{"damage":0.0,"enemies":"Centurion and Healer","floor":24.0,"turns":7.0},{"damage":17.0,"enemies":"Colosseum Slavers","floor":27.0,"turns":3.0},{"damage":0.0,"enemies":"Snake Plant","floor":28.0,"turns":4.0},{"damage":0.0,"enemies":"Book of Stabbing","floor":31.0,"turns":6.0},{"damage":24.0,"enemies":"Automaton","floor":33.0,"turns":8.0},{"damage":0.0,"enemies":"Orb Walker","floor":35.0,"turns":3.0},{"damage":0.0,"enemies":"2 Orb Walkers","floor":36.0,"turns":2.0},{"damage":1.0,"enemies":"Reptomancer","floor":40.0,"turns":3.0},{"damage":21.0,"enemies":"Nemesis","floor":42.0,"turns":3.0},{"damage":18.0,"enemies":"Reptomancer","floor":46.0,"turns":3.0},{"damage":0.0,"enemies":"3 Darklings","floor":47.0,"turns":1.0},{"damage":0.0,"enemies":"Awakened One","floor":50.0,"turns":3.0},{"damage":0.0,"enemies":"Donu and Deca","floor":51.0,"turns":1.0},{"damage":0.0,"enemies":"Shield and Spear","floor":55.0,"turns":1.0},{"damage":0,"enemies":"The Heart","floor":56,"turns":3}],"seed_played":"1380736140662457842","potions_obtained":[{"floor":3.0,"key":"Weak Potion"},{"floor":5.0,"key":"EssenceOfSteel"},{"floor":12.0,"key":"Weak Potion"},{"floor":21.0,"key":"EssenceOfSteel"},{"floor":28.0,"key":"Swift Potion"},{"floor":35.0,"key":"EssenceOfSteel"},{"floor":36.0,"key":"Energy Potion"},{"floor":47.0,"key":"GamblersBrew"}],"is_trial":false,"path_per_floor":["M","$","M","?","M","R","M","M","T","R","?","M","R","?","R","B",null,"M","?","?","M","$","R","M","R","T","?","M","T","R","E","R","B",null,"M","?","?","?","T","E","R","E","T","$","$","E","M","$","R","B","B",null,"R","$","E","B",null],"character_chosen":"THE_SILENT","items_purchased":["TwistedFunnel","ClockworkSouvenir","Backflip+1","PowerPotion"],"campfire_rested":0,"item_purchase_floors":[44,45,54,54],"current_hp_per_floor":[57,57,54,54,52,52,43,35,35,35,35,27,27,27,27,27,56,55,55,55,45,45,45,45,45,45,28,28,28,28,28,28,4,51,51,51,51,51,51,50,50,29,29,29,29,11,11,11,11,11,11,52,52,52,52,66],"gold":60,"neow_bonus":"BOSS_RELIC","is_prod":false,"is_daily":false,"chose_seed":false,"campfire_upgraded":2,"win_rate":0,"timestamp":1545896481,"path_taken":["M","$","M","?","M","R","M","M","T","R","?","M","R","?","R","BOSS","M","?","?","M","$","R","M","R","T","?","M","?","R","E","R","BOSS","M","?","?","?","?","E","R","E","T","?","$","E","M","$","R","BOSS","BOSS","R","$","E","BOSS"],"build_version":"2018-12-20","purchased_purges":6,"victory":true,"max_hp_per_floor":[73,73,73,66,66,66,66,66,66,66,66,66,66,66,66,66,66,66,66,66,66,66,66,66,66,66,66,66,66,66,66,66,66,66,66,66,66,66,66,66,66,66,66,66,66,66,66,66,66,66,66,66,66,66,66,66],"card_choices":[{"not_picked":["Bane","Well Laid Plans"],"picked":"Malaise+1","floor":1.0},{"not_picked":["Underhanded Strike","Calculated Gamble+1"],"picked":"Bouncing Flask+1","floor":3.0},{"not_picked":["Poisoned Stab","Predator"],"picked":"Calculated Gamble+1","floor":5.0},{"not_picked":["Flying Knee","Bane"],"picked":"Expertise+1","floor":7.0},{"not_picked":["Terror+1","Reflex+1"],"picked":"Concentrate+1","floor":8.0},{"not_picked":["Dodge and Roll+1","Slice"],"picked":"Deadly Poison+1","floor":12.0},{"not_picked":["Unload","Tools of the Trade"],"picked":"Grand Finale","floor":16.0},{"not_picked":["Footwork","Setup+1"],"picked":"Escape Plan+1","floor":18.0},{"not_picked":["Dagger Throw","Footwork","PiercingWail+1"],"picked":"SKIP","floor":21.0},{"not_picked":["Blade Dance+1","Setup+1"],"picked":"Tactician+1","floor":24.0},{"not_picked":["Dagger Throw","Eviscerate","Dagger Spray"],"picked":"SKIP","floor":28.0},{"not_picked":["Choke","Crippling Poison+1"],"picked":"Expertise+1","floor":31.0},{"not_picked":["Dagger Spray","Bane+1","Poisoned Stab"],"picked":"SKIP","floor":35.0},{"not_picked":["Bane","Quick Slash"],"picked":"Prepared+1","floor":40.0},{"not_picked":["Dagger Spray","Doppelganger+1"],"picked":"Corpse Explosion+1","floor":42.0},{"not_picked":["Outmaneuver+1","Quick Slash+1"],"picked":"Prepared+1","floor":46.0},{"not_picked":["Catalyst+1","Bane"],"picked":"Concentrate+1","floor":47.0},{"not_picked":["Underhanded Strike","All Out Attack","Blade Dance+1"],"picked":"SKIP","floor":55.0}],"player_experience":1519680,"relics_obtained":[{"floor":0.0,"key":"Strawberry"},{"floor":0.0,"key":"Toxic Egg 2"},{"floor":0.0,"key":"StoneCalendar"},{"floor":9.0,"key":"Peace Pipe"},{"floor":26.0,"key":"Snake Skull"},{"floor":29.0,"key":"MawBank"},{"floor":31.0,"key":"Oddly Smooth Stone"},{"floor":36.0,"key":"Nunchaku"},{"floor":40.0,"key":"Art of War"},{"floor":40.0,"key":"Bag of Marbles"},{"floor":42.0,"key":"Smiling Mask"},{"floor":42.0,"key":"Whetstone"},{"floor":43.0,"key":"Pen Nib"},{"floor":46.0,"key":"Darkstone Periapt"},{"floor":46.0,"key":"Calipers"},{"floor":55.0,"key":"Orichalcum"},{"floor":55.0,"key":"Pantograph"}],"event_choices":[{"damage_healed":0.0,"max_hp_gain":0.0,"max_hp_loss":7.0,"gold_gain":0.0,"event_name":"Golden Idol","player_choice":"Lose Max HP","floor":4.0,"gold_loss":0.0,"damage_taken":0.0,"relics_obtained":["Golden Idol"]},{"damage_healed":0.0,"max_hp_gain":0.0,"max_hp_loss":0.0,"gold_gain":30.0,"event_name":"Dead Adventurer","player_choice":"Searched \u00272\u0027 times","floor":11.0,"gold_loss":0.0,"damage_taken":0.0,"relics_obtained":["Tough Bandages"]},{"damage_healed":0.0,"max_hp_gain":0.0,"max_hp_loss":0.0,"gold_gain":0.0,"event_name":"Match and Keep!","player_choice":"1 cards matched","floor":14.0,"gold_loss":0.0,"damage_taken":0.0,"cards_obtained":["Well Laid Plans"]},{"damage_healed":0.0,"max_hp_gain":0.0,"max_hp_loss":0.0,"gold_gain":0.0,"event_name":"The Mausoleum","player_choice":"Ignored","floor":19.0,"gold_loss":0.0,"damage_taken":0.0},{"damage_healed":0.0,"max_hp_gain":0.0,"max_hp_loss":0.0,"gold_gain":0.0,"event_name":"Vampires","player_choice":"Ignored","floor":20.0,"gold_loss":0.0,"damage_taken":0.0},{"damage_healed":0.0,"max_hp_gain":0.0,"max_hp_loss":0.0,"gold_gain":0.0,"event_name":"Colosseum","player_choice":"Fight","floor":27.0,"gold_loss":0.0,"damage_taken":0.0},{"damage_healed":0.0,"max_hp_gain":0.0,"max_hp_loss":0.0,"gold_gain":0.0,"event_name":"Colosseum","player_choice":"Fled From Nobs","floor":27.0,"gold_loss":0.0,"damage_taken":0.0},{"damage_healed":0.0,"max_hp_gain":0.0,"max_hp_loss":0.0,"gold_gain":0.0,"event_name":"Mysterious Sphere","player_choice":"Fight","floor":36.0,"gold_loss":0.0,"damage_taken":0.0},{"cards_removed":["Riddle With Holes"],"damage_healed":0.0,"max_hp_gain":0.0,"max_hp_loss":0.0,"gold_gain":0.0,"event_name":"Falling","player_choice":"Removed Attack","floor":37.0,"gold_loss":0.0,"damage_taken":0.0},{"damage_healed":0.0,"max_hp_gain":0.0,"max_hp_loss":0.0,"gold_gain":0.0,"event_name":"Tomb of Lord Red Mask","player_choice":"Ignored","floor":38.0,"gold_loss":0.0,"damage_taken":0.0}],"is_beta":false,"boss_relics":[{"not_picked":["Ectoplasm","Busted Crown"],"picked":"Black Star"},{"not_picked":["Cursed Key","Runic Dome"],"picked":"Pandora\u0027s Box"}],"items_purged_floors":[2,22,44,45,48,54],"is_endless":false,"potions_floor_spawned":[3,5,12,21,27,28,35,36,47],"ascension_level":20}