{"gold_per_floor":[19,19,30,30,42,42,42,42,42,71,83,83,106,117,117,188,188,198,214,214,232,246,246,265,265,341,46,64,84,84],"floor_reached":30,"playtime":1366,"items_purged":["Strike_G"],"score":468,"play_id":"d40dd299-9e01-470e-9f8e-d8824bd2e44a","local_time":"20190402071708","is_ascension_mode":true,"campfire_choices":[{"data":"Deadly Poison","floor":6.0,"key":"SMITH"},{"data":"Bouncing Flask","floor":8.0,"key":"SMITH"},{"data":"Neutralize","floor":12.0,"key":"SMITH"},{"data":"Calculated Gamble","floor":15.0,"key":"SMITH"},{"data":"Footwork","floor":23.0,"key":"SMITH"},{"data":"Tactician","floor":25.0,"key":"SMITH"}],"neow_cost":"NO_GOLD","seed_source_timestamp":110338152874,"circlet_count":0,"master_deck":["AscendersBane","Defend_G","Defend_G","Defend_G","Defend_G","Strike_G","Survivor","Neutralize+1","Bouncing Flask+1","Calculated Gamble+1","Deadly Poison+1","After Image","Blur","Footwork+1","Escape Plan+1","Tactician+1","Malaise"],"special_seed":0,"relics":["Ring of the Snake","Shuriken","Omamori","Odd Mushroom","Runic Dome","Question Card","Chemical X"],"potions_floor_usage":[28,30,30],"damage_taken":[{"damage":1.0,"enemies":"Small Slimes","floor":1.0,"turns":4.0},{"damage":0.0,"enemies":"Cultist","floor":3.0,"turns":5.0},{"damage":0.0,"enemies":"Jaw Worm","floor":5.0,"turns":4.0},{"damage":14.0,"enemies":"3 Sentries","floor":10.0,"turns":9.0},{"damage":4.0,"enemies":"Blue Slaver","floor":11.0,"turns":5.0},{"damage":11.0,"enemies":"The Mushroom Lair","floor":13.0,"turns":5.0},{"damage":1.0,"enemies":"Large Slime","floor":14.0,"turns":6.0},{"damage":12.0,"enemies":"Slime Boss","floor":16.0,"turns":14.0},{"damage":9.0,"enemies":"Chosen","floor":18.0,"turns":6.0},{"damage":31.0,"enemies":"3 Byrds","floor":19.0,"turns":9.0},{"damage":4.0,"enemies":"Shelled Parasite and Fungi","floor":21.0,"turns":4.0},{"damage":8.0,"enemies":"Snake Plant","floor":22.0,"turns":6.0},{"damage":13.0,"enemies":"Centurion and Healer","floor":24.0,"turns":10.0},{"damage":12,"enemies":"3 Cultists","floor":28,"turns":7},{"damage":0,"enemies":"Snecko","floor":29,"turns":6},{"damage":17,"enemies":"Slavers","floor":30,"turns":6}],"seed_played":"7524792643544461576","potions_obtained":[{"floor":1.0,"key":"Fire Potion"},{"floor":3.0,"key":"GhostInAJar"},{"floor":10.0,"key":"EntropicBrew"},{"floor":18.0,"key":"AttackPotion"},{"floor":19.0,"key":"PowerPotion"},{"floor":21.0,"key":"PowerPotion"},{"floor":28,"key":"AttackPotion"}],"is_trial":false,"path_per_floor":["M","?","M","?","M","R","?","R","T","E","M","R","?","M","R","B",null,"M","M","?","M","M","R","M","R","T","$","M","M","E"],"character_chosen":"THE_SILENT","items_purchased":["Chemical X"],"campfire_rested":0,"item_purchase_floors":[27],"current_hp_per_floor":[58,58,58,63,63,63,56,56,56,42,38,38,27,26,26,14,57,62,31,81,77,69,69,56,56,56,56,44,44,27],"gold":84,"neow_bonus":"REMOVE_TWO","is_prod":false,"is_daily":false,"chose_seed":false,"campfire_upgraded":6,"win_rate":0,"timestamp":1554160628,"path_taken":["M","?","?","?","M","R","?","R","T","E","M","R","?","M","R","BOSS","M","M","?","?","?","R","M","R","T","$","M","M","E"],"build_version":"2019-01-23","purchased_purges":1,"victory":false,"max_hp_per_floor":[66,66,66,71,71,71,71,71,71,71,71,71,71,71,71,71,71,71,71,81,81,81,81,81,81,81,81,81,81,81],"card_choices":[{"not_picked":["Calculated Gamble","Backstab"],"picked":"Bouncing Flask","floor":1.0},{"not_picked":["Acrobatics","Dodge and Roll","Setup"],"picked":"SKIP","floor":3.0},{"not_picked":["Quick Slash","Reflex"],"picked":"Deadly Poison","floor":5.0},{"not_picked":["Phantasmal Killer","Blade Dance"],"picked":"After Image","floor":10.0},{"not_picked":["Flying Knee","Dagger Spray","Underhanded Strike"],"picked":"SKIP","floor":11.0},{"not_picked":["Masterful Stab","Flying Knee"],"picked":"Blur","floor":13.0},{"not_picked":["Leg Sweep","Crippling Poison"],"picked":"Footwork","floor":14.0},{"not_picked":["A Thousand Cuts","Storm of Steel"],"picked":"Venomology","floor":16.0},{"not_picked":["Setup","Deadly Poison+1"],"picked":"Escape Plan+1","floor":18.0},{"not_picked":["Dodge and Roll","Flying Knee"],"picked":"Tactician","floor":19.0},{"not_picked":["Dagger Spray","Dodge and Roll","Quick Slash"],"picked":"SKIP","floor":21.0},{"not_picked":["Quick Slash","Finisher","Blade Dance"],"picked":"SKIP","floor":22.0},{"not_picked":["PiercingWail","Poisoned Stab","Outmaneuver"],"picked":"SKIP","floor":24.0},{"not_picked":["Predator","Concentrate","Deadly Poison"],"picked":"Malaise","floor":28},{"not_picked":["Setup","Accuracy","Dagger Throw","Deadly Poison"],"picked":"SKIP","floor":29}],"player_experience":3998840,"relics_obtained":[{"floor":9.0,"key":"Shuriken"},{"floor":10.0,"key":"Omamori"},{"floor":13.0,"key":"Odd Mushroom"},{"floor":26.0,"key":"Question Card"}],"event_choices":[{"damage_healed":0.0,"max_hp_gain":0.0,"max_hp_loss":0.0,"gold_gain":0.0,"cards_transformed":["Strike_G"],"event_name":"Transmorgrifier","player_choice":"Transformed","floor":2.0,"gold_loss":0.0,"damage_taken":0.0,"cards_obtained":["Calculated Gamble"]},{"damage_healed":0.0,"max_hp_gain":5.0,"max_hp_loss":0.0,"gold_gain":0.0,"event_name":"Big Fish","player_choice":"Donut","floor":4.0,"gold_loss":0.0,"damage_taken":0.0},{"cards_removed":["Strike_G"],"damage_healed":0.0,"max_hp_gain":0.0,"max_hp_loss":0.0,"gold_gain":0.0,"event_name":"Golden Wing","player_choice":"Card Removal","floor":7.0,"gold_loss":0.0,"damage_taken":7.0},{"damage_healed":0.0,"max_hp_gain":0.0,"max_hp_loss":0.0,"gold_gain":0.0,"event_name":"Mushrooms","player_choice":"Fought Mushrooms","floor":13.0,"gold_loss":0.0,"damage_taken":0.0},{"cards_removed":["Venomology"],"damage_healed":40.0,"max_hp_gain":10.0,"max_hp_loss":0.0,"gold_gain":0.0,"event_name":"Bonfire Elementals","player_choice":"Offered Rare","floor":20.0,"gold_loss":0.0,"damage_taken":0.0}],"is_beta":false,"boss_relics":[{"not_picked":["Fusion Hammer","Astrolabe"],"picked":"Runic Dome"}],"items_purged_floors":[27],"is_endless":false,"potions_floor_spawned":[1,3,10,11,18,19,21,28],"killed_by":"Slavers","ascension_level":20}