{"gold_per_floor":[117,117,127,202,202,202,215,250,250,277,277,289],"floor_reached":12,"playtime":315,"items_purged":[],"score":159,"play_id":"10b8f6ec-6943-4403-a167-1dc046770b8f","local_time":"20181012004759","is_ascension_mode":true,"campfire_choices":[{"data":"Zap","floor":6,"key":"SMITH"}],"neow_cost":"NONE","seed_source_timestamp":90181966792493,"circlet_count":0,"master_deck":["Strike_B","Strike_B","Strike_B","Strike_B","Defend_B","Defend_B","Defend_B","Zap+1","Dualcast","AscendersBane","Leap","Go for the Eyes","Fission","Conserve Battery","Creative AI","Coolheaded"],"special_seed":0,"relics":["Cracked Core","Lantern","Bird Faced Urn","Ginger","Omamori","MawBank"],"potions_floor_usage":[10,10,12],"damage_taken":[{"damage":0,"enemies":"2 Louse","floor":1,"turns":4},{"damage":1,"enemies":"Cultist","floor":3,"turns":4},{"damage":0,"enemies":"Small Slimes","floor":7,"turns":3},{"damage":28,"enemies":"Lagavulin","floor":8,"turns":9},{"damage":24,"enemies":"Gremlin Nob","floor":10,"turns":5},{"damage":0,"enemies":"Gremlin Gang","floor":12,"turns":1}],"seed_played":"7886639928876365111","potions_obtained":[{"floor":7,"key":"Ancient Potion"},{"floor":8,"key":"SteroidPotion"},{"floor":10,"key":"Dexterity Potion"}],"is_trial":false,"path_per_floor":["M","?","M","?","?","R","M","E","T","E","T"],"character_chosen":"DEFECT","items_purchased":[],"campfire_rested":0,"item_purchase_floors":[],"current_hp_per_floor":[64,64,63,52,52,52,52,24,24,4,4,6],"gold":289,"neow_bonus":"RANDOM_COMMON_RELIC","is_prod":false,"is_daily":false,"chose_seed":false,"campfire_upgraded":1,"win_rate":0,"timestamp":1539276479,"path_taken":["M","?","?","?","?","R","M","E","T","E","?","M"],"build_version":"2018-10-04v2","purchased_purges":0,"victory":false,"max_hp_per_floor":[71,71,71,71,71,71,71,71,71,71,71,71],"card_choices":[{"not_picked":["Rebound","Steam"],"picked":"Leap","floor":1},{"not_picked":["Chaos","Conserve Battery"],"picked":"Go for the Eyes","floor":3},{"not_picked":["Force Field","Hologram"],"picked":"Conserve Battery","floor":7},{"not_picked":["Chaos","Storm"],"picked":"Creative AI","floor":8},{"not_picked":["Barrage","Gash"],"picked":"Coolheaded","floor":10}],"player_experience":288402,"relics_obtained":[{"floor":8,"key":"Bird Faced Urn"},{"floor":9,"key":"Ginger"},{"floor":10,"key":"Omamori"},{"floor":11,"key":"MawBank"}],"event_choices":[{"event_name":"Purifier","player_choice":"One Purge","floor":2,"damage_taken":0},{"event_name":"World of Goop","player_choice":"Gather Gold","floor":4,"damage_taken":0},{"event_name":"Match and Keep!","player_choice":"1 cards matched","floor":5,"damage_taken":0}],"is_beta":false,"boss_relics":[],"items_purged_floors":[],"is_endless":false,"potions_floor_spawned":[7,8,10],"killed_by":"Gremlin Gang","ascension_level":17}