{"gold_per_floor":[115,133,133,148,162,162,176,176,176,187,215,215,233,233],"floor_reached":14,"playtime":415,"items_purged":[],"score":188,"play_id":"70ab09d2-c127-4a6b-9cab-bb74cf04939a","local_time":"20181227144052","is_ascension_mode":true,"campfire_choices":[{"data":"Neutralize","floor":6.0,"key":"SMITH"},{"data":"Poisoned Stab","floor":8.0,"key":"SMITH"},{"data":"Acrobatics","floor":12.0,"key":"SMITH"}],"neow_cost":"NONE","seed_source_timestamp":10555303404345,"circlet_count":0,"master_deck":["AscendersBane","Defend_G","Defend_G","Defend_G","Defend_G","Defend_G","Strike_G","Strike_G","Strike_G","Strike_G","Survivor","Neutralize+1","Acrobatics+1","Poisoned Stab+1","Masterful Stab","Die Die Die","Tactician","Prepared"],"special_seed":0,"relics":["Ring of the Snake","The Courier","Bag of Preparation"],"potions_floor_usage":[],"damage_taken":[{"damage":0.0,"enemies":"2 Louse","floor":1.0,"turns":4.0},{"damage":6.0,"enemies":"Small Slimes","floor":2.0,"turns":6.0},{"damage":0.0,"enemies":"Cultist","floor":4.0,"turns":5.0},{"damage":0.0,"enemies":"Exordium Wildlife","floor":5.0,"turns":4.0},{"damage":0.0,"enemies":"Looter","floor":7.0,"turns":3.0},{"damage":16.0,"enemies":"Exordium Thugs","floor":10.0,"turns":4.0},{"damage":17.0,"enemies":"3 Sentries","floor":11.0,"turns":9.0},{"damage":7,"enemies":"Large Slime","floor":13,"turns":4},{"damage":34,"enemies":"Gremlin Nob","floor":14,"turns":3}],"seed_played":"-7360376408454702944","potions_obtained":[{"floor":7.0,"key":"Dexterity Potion"},{"floor":10.0,"key":"Regen Potion"},{"floor":13,"key":"Regen Potion"}],"is_trial":false,"path_per_floor":["M","M","?","M","M","R","M","R","T","M","E","R","M","E"],"character_chosen":"THE_SILENT","items_purchased":[],"campfire_rested":0,"item_purchase_floors":[],"current_hp_per_floor":[59,53,58,58,58,58,58,58,58,42,40,40,33,0],"gold":233,"neow_bonus":"REMOVE_CARD","is_prod":false,"is_daily":false,"chose_seed":false,"campfire_upgraded":3,"win_rate":0,"timestamp":1545892852,"path_taken":["M","M","?","M","M","R","M","R","T","M","E","R","M","E"],"build_version":"2018-12-20","purchased_purges":0,"victory":false,"max_hp_per_floor":[66,66,71,71,71,71,71,71,71,71,71,71,71,71],"card_choices":[{"not_picked":["Flying Knee","Backflip"],"picked":"Acrobatics","floor":1.0},{"not_picked":["Flying Knee","Terror"],"picked":"Poisoned Stab","floor":2.0},{"not_picked":["Sucker Punch","Endless Agony"],"picked":"Masterful Stab","floor":4.0},{"not_picked":["Cloak And Dagger","Finisher","Poisoned Stab"],"picked":"SKIP","floor":5.0},{"not_picked":["Predator","Blur"],"picked":"Die Die Die","floor":7.0},{"not_picked":["Setup","PiercingWail","Slice"],"picked":"SKIP","floor":10.0},{"not_picked":["Flechettes","Finisher"],"picked":"Tactician","floor":11.0},{"not_picked":["Backflip","Setup"],"picked":"Prepared","floor":13}],"player_experience":1518996,"relics_obtained":[{"floor":9.0,"key":"The Courier"},{"floor":11.0,"key":"Bag of Preparation"}],"event_choices":[{"damage_healed":0.0,"max_hp_gain":5.0,"max_hp_loss":0.0,"gold_gain":0.0,"event_name":"Big Fish","player_choice":"Donut","floor":3.0,"gold_loss":0.0,"damage_taken":0.0}],"is_beta":false,"boss_relics":[],"items_purged_floors":[],"is_endless":false,"potions_floor_spawned":[7,10,13],"killed_by":"Gremlin Nob","ascension_level":20}