{"gold_per_floor":[117,130,146,146,63,63,3,3,3,3,36,36,111,145,145,223,223,243,243,258,173,191,191,191],"floor_reached":24,"playtime":850,"items_purged":[],"score":454,"play_id":"f694eb60-e0ab-4ad6-9b61-072d704d7fac","local_time":"20190413222506","is_ascension_mode":true,"campfire_choices":[{"data":"Flechettes","floor":6,"key":"SMITH"},{"data":"Predator","floor":8,"key":"SMITH"},{"data":"Well Laid Plans","floor":10,"key":"SMITH"},{"data":"Malaise","floor":12,"key":"SMITH"},{"data":"Neutralize","floor":15,"key":"SMITH"},{"data":"Setup","floor":23,"key":"SMITH"}],"neow_cost":"NONE","seed_source_timestamp":37694974787605,"circlet_count":0,"master_deck":["AscendersBane","Survivor","Neutralize+1","Flechettes+1","Well Laid Plans+1","Predator+1","Malaise+1","Adrenaline","Escape Plan","Caltrops","Endless Agony","Dash","Prepared","Catalyst","Doppelganger","Setup+1","Noxious Fumes","Blur","Reflex+1"],"relics":["Ring of the Snake","Strawberry","Pocketwatch","Juzu Bracelet","Mercury Hourglass","Pandora\u0027s Box","Toxic Egg 2"],"potions_floor_usage":[],"damage_taken":[{"damage":0,"enemies":"Jaw Worm","floor":1,"turns":7},{"damage":6,"enemies":"2 Louse","floor":2,"turns":6},{"damage":1,"enemies":"Cultist","floor":3,"turns":4},{"damage":1,"enemies":"Looter","floor":7,"turns":5},{"damage":6,"enemies":"3 Sentries","floor":11,"turns":9},{"damage":0,"enemies":"Lagavulin","floor":14,"turns":7},{"damage":33,"enemies":"Hexaghost","floor":16,"turns":12},{"damage":0,"enemies":"3 Byrds","floor":18,"turns":3},{"damage":10,"enemies":"2 Thieves","floor":20,"turns":4},{"damage":14,"enemies":"Shelled Parasite and Fungi","floor":22,"turns":6},{"damage":36,"enemies":"Slavers","floor":24,"turns":3}],"seed_played":"4757368036147796998","potions_obtained":[{"floor":2,"key":"Dexterity Potion"},{"floor":11,"key":"EssenceOfSteel"}],"is_trial":false,"path_per_floor":["M","M","M","?","$","R","M","R","T","R","E","R","?","E","R","B",null,"M","?","M","?","M","R","E"],"character_chosen":"THE_SILENT","items_purchased":["Well Laid Plans"],"campfire_rested":0,"item_purchase_floors":[5],"current_hp_per_floor":[66,60,59,64,64,64,63,63,63,63,57,57,46,46,46,13,62,62,62,52,52,38,38,2],"gold":191,"neow_bonus":"RANDOM_COMMON_RELIC","is_prod":false,"is_daily":false,"chose_seed":false,"campfire_upgraded":6,"win_rate":0,"timestamp":1555165506,"path_taken":["M","M","M","?","$","R","M","R","T","R","E","R","?","E","R","BOSS","M","?","M","?","M","R","E"],"build_version":"2019-01-23","purchased_purges":0,"victory":false,"max_hp_per_floor":[73,73,73,78,78,78,78,78,78,78,78,78,78,78,78,78,78,78,78,78,78,78,78,78],"card_choices":[{"not_picked":["Dagger Spray","Quick Slash","Blade Dance"],"picked":"SKIP","floor":1},{"not_picked":["Bane","Deflect"],"picked":"Flechettes","floor":2},{"not_picked":["Distraction","Deflect","Dodge and Roll"],"picked":"SKIP","floor":3},{"not_picked":["Endless Agony","Dagger Throw"],"picked":"Predator","floor":7},{"not_picked":["Reflex","Blur"],"picked":"Malaise","floor":11},{"not_picked":["Skewer","Infinite Blades","All Out Attack"],"picked":"SKIP","floor":14},{"not_picked":["Doppelganger","Storm of Steel"],"picked":"Adrenaline","floor":16},{"not_picked":["Bane","Catalyst"],"picked":"Reflex","floor":18},{"not_picked":["Caltrops","Dodge and Roll","Dash"],"picked":"SKIP","floor":20},{"not_picked":["Escape Plan+1","Bane","Riddle With Holes"],"picked":"SKIP","floor":22}],"player_experience":4260595,"relics_obtained":[{"floor":9,"key":"Pocketwatch"},{"floor":11,"key":"Juzu Bracelet"},{"floor":14,"key":"Mercury Hourglass"}],"event_choices":[{"damage_healed":0,"gold_gain":0,"player_choice":"Donut","damage_taken":0,"max_hp_gain":5,"max_hp_loss":0,"event_name":"Big Fish","floor":4,"gold_loss":0},{"damage_healed":0,"gold_gain":75,"player_choice":"Gather Gold","damage_taken":11,"max_hp_gain":0,"max_hp_loss":0,"event_name":"World of Goop","floor":13,"gold_loss":0},{"damage_healed":0,"gold_gain":0,"player_choice":"Forge","damage_taken":0,"max_hp_gain":0,"max_hp_loss":0,"event_name":"Accursed Blacksmith","floor":19,"gold_loss":0,"cards_upgraded":["Reflex"]},{"damage_healed":0,"gold_gain":0,"player_choice":"Obtained Relic","damage_taken":0,"relics_obtained":["Toxic Egg 2"],"max_hp_gain":0,"max_hp_loss":0,"event_name":"Addict","floor":21,"gold_loss":85}],"is_beta":false,"boss_relics":[{"not_picked":["Busted Crown","Sozu"],"picked":"Pandora\u0027s Box"}],"items_purged_floors":[],"is_endless":false,"potions_floor_spawned":[2,11,20],"killed_by":"Slavers","ascension_level":20}