{"gold_per_floor":[119,269,283,208,208,208,208,243,243,268,302,282,298,311,311,404,404,420,470,142,87,87,125,125,125,150,177,195,195],"floor_reached":29,"playtime":591,"items_purged":["Doubt","Strike_G"],"score":648,"play_id":"0c89c05e-c58f-42c0-a26f-d90752c00ac6","local_time":"20190731180018","is_ascension_mode":true,"campfire_choices":[{"data":"Deadly Poison","floor":7.0,"key":"SMITH"},{"data":"Well Laid Plans","floor":15,"key":"SMITH"},{"data":"Calculated Gamble","floor":25,"key":"SMITH"}],"neow_cost":"NONE","seed_source_timestamp":258154062466476,"circlet_count":0,"master_deck":["AscendersBane","Strike_G","Strike_G","Strike_G","Strike_G","Defend_G","Defend_G","Defend_G+1","Defend_G","Defend_G","Survivor","Neutralize","Acrobatics+1","Deadly Poison+1","Deadly Poison","Calculated Gamble+1","Well Laid Plans+1","Catalyst","Footwork"],"special_seed":0,"relics":["Ring of the Snake","NeowsBlessing","Golden Idol","War Paint","Question Card","Torii","Runic Dome","Medical Kit","Tiny Chest","Thread and Needle","Dream Catcher","Pen Nib"],"potions_floor_usage":[18,18,23,29],"damage_taken":[{"damage":0.0,"enemies":"2 Louse","floor":1.0,"turns":1.0},{"damage":0.0,"enemies":"Jaw Worm","floor":3.0,"turns":1.0},{"damage":0.0,"enemies":"Gremlin Nob","floor":8.0,"turns":1.0},{"damage":3.0,"enemies":"Small Slimes","floor":10.0,"turns":5.0},{"damage":30.0,"enemies":"Lagavulin","floor":11.0,"turns":6.0},{"damage":0,"enemies":"2 Fungi Beasts","floor":13,"turns":4},{"damage":2,"enemies":"Large Slime","floor":14,"turns":6},{"damage":0,"enemies":"Hexaghost","floor":16,"turns":8},{"damage":4,"enemies":"3 Byrds","floor":18,"turns":6},{"damage":30,"enemies":"Book of Stabbing","floor":23,"turns":5},{"damage":1,"enemies":"Shell Parasite","floor":28,"turns":4},{"damage":30,"enemies":"Slavers","floor":29,"turns":1}],"seed_played":"943905641297665449","potions_obtained":[{"floor":3.0,"key":"GamblersBrew"},{"floor":12.0,"key":"AttackPotion"},{"floor":16,"key":"EntropicBrew"},{"floor":28,"key":"SteroidPotion"}],"is_trial":false,"path_per_floor":["M","?","M","$","?","?","R","E","T","M","E","?","M","M","R","B",null,"M","?","$","?","T","E","?","R","T","T","M","E"],"character_chosen":"THE_SILENT","items_purchased":["Medical Kit"],"campfire_rested":0,"item_purchase_floors":[20],"current_hp_per_floor":[59,59,59,59,64,64,64,64,64,61,31,31,31,29,29,29,55,51,51,51,51,51,21,21,21,21,21,20,0],"gold":195,"neow_bonus":"THREE_ENEMY_KILL","is_prod":false,"is_daily":false,"chose_seed":false,"campfire_upgraded":3,"win_rate":0,"timestamp":1564563618,"path_taken":["M","?","M","$","?","?","R","E","T","M","E","?","?","M","R","BOSS","M","?","$","?","?","E","?","R","T","?","?","E"],"build_version":"2019-07-17","purchased_purges":2,"victory":false,"max_hp_per_floor":[66,66,66,66,71,64,64,64,64,64,64,64,64,64,64,64,64,64,64,64,64,64,64,64,64,64,64,64,64],"card_choices":[{"not_picked":["Bane","Prepared"],"picked":"Acrobatics","floor":1.0},{"not_picked":["PiercingWail","Sucker Punch"],"picked":"Deadly Poison","floor":3.0},{"not_picked":["Concentrate","Poisoned Stab","Underhanded Strike"],"picked":"SKIP","floor":8.0},{"not_picked":["Riddle With Holes","Deadly Poison","Crippling Poison","Dagger Throw"],"picked":"SKIP","floor":10.0},{"not_picked":["Riddle With Holes","Crippling Poison","Dagger Throw"],"picked":"Deadly Poison","floor":10.0},{"not_picked":["Noxious Fumes","Endless Agony","Escape Plan"],"picked":"Calculated Gamble","floor":11.0},{"not_picked":["Dodge and Roll","Dagger Throw","Bane"],"picked":"Well Laid Plans","floor":13},{"not_picked":["Sucker Punch","Caltrops","Masterful Stab"],"picked":"Catalyst","floor":14},{"not_picked":["Dodge and Roll","Dagger Spray","Prepared","Underhanded Strike"],"picked":"SKIP","floor":18},{"not_picked":["Masterful Stab+1","Outmaneuver","Storm of Steel","Sucker Punch"],"picked":"SKIP","floor":23},{"not_picked":["Crippling Poison","PiercingWail","Slice"],"picked":"Footwork","floor":28}],"player_experience":708562,"relics_obtained":[{"floor":8.0,"key":"War Paint"},{"floor":9.0,"key":"Question Card"},{"floor":11.0,"key":"Torii"},{"floor":23,"key":"Thread and Needle"},{"floor":26,"key":"Dream Catcher"},{"floor":27,"key":"Pen Nib"}],"event_choices":[{"damage_healed":0.0,"max_hp_gain":0.0,"max_hp_loss":0.0,"gold_gain":150.0,"event_name":"Liars Game","player_choice":"AGREE","floor":2.0,"gold_loss":0.0,"damage_taken":0.0,"cards_obtained":["Doubt"]},{"damage_healed":0.0,"max_hp_gain":5.0,"max_hp_loss":0.0,"gold_gain":0.0,"event_name":"Big Fish","player_choice":"Donut","floor":5.0,"gold_loss":0.0,"damage_taken":0.0},{"damage_healed":0.0,"max_hp_gain":0.0,"max_hp_loss":7.0,"gold_gain":0.0,"event_name":"Golden Idol","player_choice":"Lose Max HP","floor":6.0,"gold_loss":0.0,"damage_taken":0.0,"relics_obtained":["Golden Idol"]},{"damage_healed":0.0,"max_hp_gain":0.0,"max_hp_loss":0.0,"gold_gain":0.0,"event_name":"The Woman in Blue","player_choice":"Bought 1 Potion","floor":12.0,"gold_loss":0.0,"damage_taken":0.0},{"damage_healed":0,"gold_gain":50,"player_choice":"Stole From Cult","damage_taken":0,"max_hp_gain":0,"max_hp_loss":0,"event_name":"Nest","floor":19,"gold_loss":0},{"damage_healed":0,"gold_gain":0,"player_choice":"Obtained Relic","damage_taken":0,"relics_obtained":["Tiny Chest"],"max_hp_gain":0,"max_hp_loss":0,"event_name":"Addict","floor":21,"gold_loss":85},{"damage_healed":0,"gold_gain":0,"player_choice":"Ignored","damage_taken":0,"max_hp_gain":0,"max_hp_loss":0,"event_name":"The Mausoleum","floor":24,"gold_loss":0}],"is_beta":false,"boss_relics":[{"not_picked":["Black Star","White Beast Statue"],"picked":"Runic Dome"}],"items_purged_floors":[4,20],"is_endless":false,"potions_floor_spawned":[3,13,16,28],"killed_by":"Slavers","ascension_level":20}