{"gold_per_floor":[112,123,123,153,153,153,184,203,203,24,59,79,89,49,49,49],"floor_reached":16,"playtime":439,"items_purged":[],"score":270,"play_id":"7b73adbe-f5a1-4d37-9d1c-26e79c8af244","local_time":"20181127112429","is_ascension_mode":true,"campfire_choices":[{"data":"Neutralize","floor":6,"key":"SMITH"},{"data":"Predator","floor":15,"key":"SMITH"}],"neow_cost":"NONE","seed_source_timestamp":4856941043756,"circlet_count":0,"master_deck":["AscendersBane","Defend_G","Defend_G","Defend_G+1","Defend_G","Defend_G","Strike_G","Strike_G","Strike_G","Strike_G","Strike_G","Survivor+1","Neutralize+1","Predator+1","Deadly Poison","Deep Breath+1","Footwork","Well Laid Plans","Blur+1"],"relics":["Ring of the Snake","NeowsBlessing","Tiny Chest","Mango","Toxic Egg 2","Potion Belt"],"potions_floor_usage":[16,16],"damage_taken":[{"damage":0,"enemies":"Cultist","floor":1,"turns":1},{"damage":0,"enemies":"Small Slimes","floor":2,"turns":1},{"damage":0,"enemies":"Gremlin Nob","floor":7,"turns":1},{"damage":0,"enemies":"2 Louse","floor":8,"turns":2},{"damage":23,"enemies":"3 Sentries","floor":11,"turns":12},{"damage":9,"enemies":"Gremlin Gang","floor":12,"turns":7},{"damage":0,"enemies":"Large Slime","floor":13,"turns":8},{"damage":5,"enemies":"Slime Boss","floor":16,"turns":6}],"seed_played":"-3512956930053240644","potions_obtained":[{"floor":7,"key":"Weak Potion"},{"floor":8,"key":"Regen Potion"},{"floor":12,"key":"Weak Potion"},{"floor":14,"key":"PowerPotion"},{"floor":14,"key":"GhostInAJar"},{"floor":14,"key":"Swift Potion"}],"is_trial":false,"path_per_floor":["M","M","?","?","?","R","E","M","T","$","E","M","M","?","R","B"],"character_chosen":"THE_SILENT","items_purchased":["Deep Breath+1","Footwork"],"campfire_rested":0,"item_purchase_floors":[10,10],"current_hp_per_floor":[59,59,39,28,66,66,80,80,80,80,57,48,48,48,48,43],"gold":49,"neow_bonus":"THREE_ENEMY_KILL","is_prod":false,"is_daily":false,"chose_seed":false,"campfire_upgraded":2,"win_rate":0,"timestamp":1543289069,"path_taken":["M","M","?","?","?","R","E","M","T","$","E","M","?","?","R","BOSS"],"build_version":"2018-11-15","purchased_purges":0,"victory":false,"max_hp_per_floor":[66,66,66,66,66,66,80,80,80,80,80,80,80,80,80,80],"card_choices":[{"not_picked":["Blade Dance","Flying Knee"],"picked":"Reflex","floor":1},{"not_picked":["Outmaneuver","PiercingWail","Cloak And Dagger"],"picked":"SKIP","floor":2},{"not_picked":["Flying Knee","Finisher"],"picked":"Predator","floor":7},{"not_picked":["Poisoned Stab","Expertise","Deadly Poison"],"picked":"SKIP","floor":8},{"not_picked":["Poisoned Stab","Expertise"],"picked":"Deadly Poison","floor":8},{"not_picked":["Cloak And Dagger+1","Finisher"],"picked":"Well Laid Plans","floor":11},{"not_picked":["PiercingWail+1","Caltrops"],"picked":"Blur+1","floor":12},{"not_picked":["Well Laid Plans","Bane","Blade Dance+1"],"picked":"SKIP","floor":13}],"player_experience":1168045,"relics_obtained":[{"floor":7,"key":"Mango"},{"floor":9,"key":"Toxic Egg 2"},{"floor":11,"key":"Potion Belt"}],"event_choices":[{"damage_healed":0,"gold_gain":0,"player_choice":"Entered Light","damage_taken":20,"max_hp_gain":0,"max_hp_loss":0,"event_name":"Shining Light","floor":3,"gold_loss":0,"cards_upgraded":["Survivor","Defend_G"]},{"damage_healed":0,"gold_gain":0,"player_choice":"Success","damage_taken":11,"relics_obtained":["Tiny Chest"],"max_hp_gain":0,"max_hp_loss":0,"event_name":"Scrap Ooze","floor":4,"gold_loss":0},{"cards_removed":["Reflex"],"damage_healed":38,"gold_gain":0,"player_choice":"Offered Uncommon","damage_taken":0,"max_hp_gain":0,"max_hp_loss":0,"event_name":"Bonfire Elementals","floor":5,"gold_loss":0},{"damage_healed":0,"gold_gain":0,"player_choice":"Bought 3 Potions","damage_taken":0,"max_hp_gain":0,"max_hp_loss":0,"event_name":"The Woman in Blue","floor":14,"gold_loss":0}],"is_beta":true,"boss_relics":[],"items_purged_floors":[],"is_endless":false,"potions_floor_spawned":[7,8,12],"killed_by":"Slime Boss","ascension_level":20}