{"gold_per_floor":[117,131,144,144,154,154,74,74,74,90,90,126,126,126,126,126],"floor_reached":16,"playtime":583,"items_purged":[],"score":200,"play_id":"9a6fe968-cbb0-4a09-94ac-4657c874e542","local_time":"20190118143537","is_ascension_mode":true,"campfire_choices":[{"data":"Deep Breath","floor":6,"key":"SMITH"},{"data":"Well Laid Plans","floor":8,"key":"SMITH"},{"data":"Acrobatics","floor":15,"key":"SMITH"}],"neow_cost":"PERCENT_DAMAGE","seed_source_timestamp":52919385295691,"circlet_count":0,"master_deck":["AscendersBane","Defend_G","Defend_G","Defend_G","Defend_G","Defend_G","Strike_G+1","Strike_G","Strike_G","Strike_G","Strike_G","Survivor","Neutralize+1","Flash of Steel","Deep Breath+1","Well Laid Plans+1","Backflip","Acrobatics+1"],"relics":["Ring of the Snake","Bird Faced Urn","Golden Idol","Mango"],"potions_floor_usage":[10,12],"damage_taken":[{"damage":9,"enemies":"Jaw Worm","floor":1,"turns":7},{"damage":0,"enemies":"2 Louse","floor":2,"turns":2},{"damage":0,"enemies":"Small Slimes","floor":3,"turns":3},{"damage":1,"enemies":"Blue Slaver","floor":5,"turns":4},{"damage":13,"enemies":"Lots of Slimes","floor":10,"turns":7},{"damage":5,"enemies":"3 Sentries","floor":12,"turns":9},{"damage":5,"enemies":"Hexaghost","floor":16,"turns":9}],"seed_played":"-3760814153695380413","potions_obtained":[{"floor":3,"key":"Regen Potion"},{"floor":10,"key":"Strength Potion"}],"is_trial":false,"path_per_floor":["M","M","M","?","M","R","$","R","T","M","?","E","?","?","R","B"],"character_chosen":"THE_SILENT","items_purchased":["Well Laid Plans"],"campfire_rested":0,"item_purchase_floors":[7],"current_hp_per_floor":[35,35,35,15,14,14,14,14,14,18,18,29,3,3,3,0],"gold":126,"neow_bonus":"RANDOM_COLORLESS_2","is_prod":false,"is_daily":false,"chose_seed":false,"campfire_upgraded":3,"win_rate":0,"timestamp":1547793337,"path_taken":["M","M","M","?","M","R","$","R","T","M","?","E","?","?","R","BOSS"],"build_version":"2019-01-16","purchased_purges":0,"victory":false,"max_hp_per_floor":[66,66,66,66,66,66,66,66,66,66,60,74,74,74,74,74],"card_choices":[{"not_picked":["Bane","Prepared","Sucker Punch"],"picked":"SKIP","floor":1},{"not_picked":["Slice","Deflect","Prepared"],"picked":"SKIP","floor":2},{"not_picked":["Deadly Poison","Accuracy","Underhanded Strike"],"picked":"SKIP","floor":3},{"not_picked":["Dodge and Roll","Quick Slash","Unload"],"picked":"SKIP","floor":5},{"not_picked":["Cloak And Dagger","Infinite Blades"],"picked":"Backflip","floor":10},{"not_picked":["Slice","Distraction"],"picked":"Acrobatics","floor":12}],"player_experience":1302241,"relics_obtained":[{"floor":9,"key":"Bird Faced Urn"},{"floor":12,"key":"Mango"}],"event_choices":[{"damage_healed":0,"gold_gain":0,"player_choice":"Entered Light","damage_taken":20,"max_hp_gain":0,"max_hp_loss":0,"event_name":"Shining Light","floor":4,"gold_loss":0,"cards_upgraded":["Strike_G","Neutralize"]},{"damage_healed":0,"gold_gain":0,"player_choice":"Lose Max HP","damage_taken":0,"relics_obtained":["Golden Idol"],"max_hp_gain":0,"max_hp_loss":6,"event_name":"Golden Idol","floor":11,"gold_loss":0},{"damage_healed":0,"gold_gain":0,"player_choice":"Fled","damage_taken":26,"max_hp_gain":0,"max_hp_loss":0,"event_name":"Scrap Ooze","floor":13,"gold_loss":0},{"damage_healed":0,"gold_gain":0,"player_choice":"Ignored","damage_taken":0,"max_hp_gain":0,"max_hp_loss":0,"event_name":"Golden Wing","floor":14,"gold_loss":0}],"is_beta":true,"boss_relics":[],"items_purged_floors":[],"is_endless":false,"potions_floor_spawned":[3,10],"killed_by":"Hexaghost","ascension_level":20}