{"path_per_floor":["M","?","M","?","?","E","M","M","T","R","M","E","$","?","R","B",null,"M","M","$","?","?","E","M","M","T","M","M","E","?","$","R","B",null,"M","$","M","?"],"character_chosen":"IRONCLAD","items_purchased":["Thread and Needle","Happy Flower","Paper Frog","Rampage","Ghostly Armor","Molten Egg 2","Sentinel","Strawberry"],"gold_per_floor":[144,144,189,189,189,279,324,369,369,369,414,534,9,109,109,409,409,454,499,149,74,74,164,209,254,254,299,344,434,434,289,289,589,589,634,29,74,74],"floor_reached":39,"campfire_rested":3,"playtime":1782,"current_hp_per_floor":[72,56,62,62,55,45,51,55,55,75,75,75,75,75,70,15,70,67,70,70,70,70,62,68,70,70,70,70,63,63,63,65,62,65,40,47,61,52],"items_purged":["Strike_R","Strike_R","Immolate"],"gold":74,"score":456,"play_id":"d771fa04-df0d-40c2-bed3-8b8c64056895","local_time":"20180315134029","daily_mods":["Time Dilation","Midas","Night Terrors"],"is_prod":false,"is_daily":true,"is_ascension_mode":false,"campfire_upgraded":0,"timestamp":1521092429,"path_taken":["M","?","M","?","?","E","M","?","T","R","M","E","$","?","R","BOSS","M","M","$","?","?","E","?","M","T","M","M","E","?","?","R","BOSS","M","$","M","?","?"],"build_version":"2018-03-09","purchased_purges":5,"victory":false,"master_deck":["Strike_R+1","Defend_R","Bash+1","Seeing Red","Armaments","Shockwave","Whirlwind+1","Carnage+1","Sword Boomerang+1","Shrug It Off","Bloodletting","Rampage","Ghostly Armor","Feed","True Grit+1","Sentinel","Body Slam+1","Madness","Madness"],"max_hp_per_floor":[80,80,80,80,80,80,80,80,80,75,75,75,75,75,70,70,70,70,70,70,70,70,70,70,70,70,70,70,70,70,70,65,65,65,65,72,75,75],"relics":["Burning Blood","Anchor","Lantern","Omamori","Tiny Chest","Thread and Needle","Happy Flower","Astrolabe","Paper Frog","Ornamental Fan","Ancient Tea Set","Magic Flower","Question Card","Molten Egg 2","Strawberry"],"card_choices":[{"not_picked":["Bloodletting","Iron Wave"],"picked":"Seeing Red"},{"not_picked":["Evolve","Headbutt"],"picked":"Armaments"},{"not_picked":["Disarm","Thunderclap"],"picked":"Shockwave"},{"not_picked":["Berserk","Brutality"],"picked":"Immolate"},{"not_picked":["Dropkick","Headbutt"],"picked":"Shrug It Off"},{"not_picked":["Juggernaut","Anger"],"picked":"Bloodletting"},{"not_picked":["Berserk","Demon Form"],"picked":"Feed"},{"not_picked":["Cleave","Flex","Second Wind"],"picked":"True Grit"},{"not_picked":["Perfected Strike","Anger","Twin Strike"],"picked":"Body Slam"}],"player_experience":259645,"potions_floor_usage":[6,12,23,37,39],"damage_taken":[{"damage":14,"enemies":"Jaw Worm","floor":1,"turns":4},{"damage":0,"enemies":"Small Slimes","floor":3,"turns":3},{"damage":16,"enemies":"Lagavulin","floor":6,"turns":5},{"damage":0,"enemies":"Cultist","floor":7,"turns":3},{"damage":2,"enemies":"Large Slime","floor":8,"turns":6},{"damage":1,"enemies":"Exordium Thugs","floor":11,"turns":3},{"damage":2,"enemies":"3 Sentries","floor":12,"turns":8},{"damage":61,"enemies":"Hexaghost","floor":16,"turns":12},{"damage":9,"enemies":"Spheric Guardian","floor":18,"turns":4},{"damage":2,"enemies":"Shell Parasite","floor":19,"turns":3},{"damage":14,"enemies":"Gremlin Leader","floor":23,"turns":7},{"damage":0,"enemies":"Chosen and Byrds","floor":24,"turns":4},{"damage":0,"enemies":"Cultist and Chosen","floor":25,"turns":4},{"damage":5,"enemies":"Snake Plant","floor":27,"turns":4},{"damage":1,"enemies":"Snecko","floor":28,"turns":3},{"damage":13,"enemies":"Book of Stabbing","floor":29,"turns":4},{"damage":12,"enemies":"Champ","floor":33,"turns":10},{"damage":34,"enemies":"3 Darklings","floor":35,"turns":7},{"damage":0,"enemies":"Orb Walker","floor":37,"turns":1},{"damage":76,"enemies":"…Ò√ÿ‘≤«Ú","floor":39,"turns":6}],"event_choices":[{"event_name":"Shining Light","player_choice":"Entered Light","floor":2,"damage_taken":0},{"event_name":"Big Fish","player_choice":"Box","floor":4,"damage_taken":0},{"event_name":"Golden Wing","player_choice":"Card Removal","floor":5,"damage_taken":0},{"event_name":"Golden Shrine","player_choice":"Pray","floor":14,"damage_taken":0},{"event_name":"Beggar","player_choice":"Gave Gold","floor":21,"damage_taken":0},{"event_name":"Vampires","player_choice":"Ignored","floor":22,"damage_taken":0},{"event_name":"Back to Basics","player_choice":"Elegance","floor":30,"damage_taken":0},{"event_name":"Winding Halls","player_choice":"Embrace Madness","floor":38,"damage_taken":0},{"event_name":"Mysterious Sphere","player_choice":"Fight","floor":39,"damage_taken":0}],"boss_relics":[{"not_picked":["Runic Pyramid","White Beast Statue"],"picked":"Astrolabe"},{"not_picked":["Tiny House","Runic Dome"],"picked":"Question Card"}],"potions_floor_spawned":[1,3,7,18,23,24,29,35,37],"seed_played":"-8839551872236863781","killed_by":"…Ò√ÿ‘≤«Ú","ascension_level":0,"is_trial":false}