{"gold_per_floor":[118,32,42,42,55,55,86,86,86,119,119,44,61,72,72,146,146,156,156],"floor_reached":19,"playtime":893,"items_purged":["Defend_G"],"score":354,"play_id":"4cc79f78-f39e-40a3-8123-21e9e35d6190","local_time":"20190410210242","is_ascension_mode":true,"campfire_choices":[{"data":"Well Laid Plans","floor":6.0,"key":"SMITH"},{"data":"Deadly Poison","floor":11.0,"key":"SMITH"},{"data":"Cloak And Dagger","floor":15.0,"key":"SMITH"}],"neow_cost":"TEN_PERCENT_HP_LOSS","seed_source_timestamp":59581148954010,"circlet_count":0,"master_deck":["AscendersBane","Defend_G","Defend_G","Defend_G","Defend_G","Strike_G","Strike_G","Survivor","Neutralize","Adrenaline","Distraction","Well Laid Plans+1","Cloak And Dagger+1","Infinite Blades","Choke","Deadly Poison+1","Doppelganger","Cloak And Dagger+1","Envenom+1","Acrobatics+1"],"special_seed":0,"relics":["Ring of the Snake","Gambling Chip","Mercury Hourglass","Lantern","Astrolabe"],"potions_floor_usage":[],"damage_taken":[{"damage":0.0,"enemies":"2 Louse","floor":1.0,"turns":4.0},{"damage":2.0,"enemies":"Small Slimes","floor":3.0,"turns":5.0},{"damage":7.0,"enemies":"Jaw Worm","floor":5.0,"turns":5.0},{"damage":34.0,"enemies":"3 Sentries","floor":7.0,"turns":15.0},{"damage":19.0,"enemies":"Lagavulin","floor":10.0,"turns":6.0},{"damage":0.0,"enemies":"Looter","floor":13.0,"turns":2.0},{"damage":16.0,"enemies":"Large Slime","floor":14.0,"turns":4.0},{"damage":10,"enemies":"The Guardian","floor":16,"turns":9},{"damage":6,"enemies":"2 Thieves","floor":18,"turns":3},{"damage":0,"enemies":"Colosseum Slavers","floor":19,"turns":1}],"seed_played":"7389864879904935037","potions_obtained":[{"floor":1.0,"key":"AttackPotion"},{"floor":7.0,"key":"AttackPotion"},{"floor":10.0,"key":"AttackPotion"},{"floor":13.0,"key":"FairyPotion"}],"is_trial":false,"path_per_floor":["M","$","M","?","M","R","E","?","T","E","R","$","M","M","R","B",null,"M","?"],"character_chosen":"THE_SILENT","items_purchased":["Well Laid Plans"],"campfire_rested":0,"item_purchase_floors":[2],"current_hp_per_floor":[59,59,57,57,50,50,16,36,36,17,17,17,17,1,1,1,45,39,39],"gold":156,"neow_bonus":"THREE_RARE_CARDS","is_prod":false,"is_daily":false,"chose_seed":false,"campfire_upgraded":3,"win_rate":0,"timestamp":1554901362,"path_taken":["M","$","M","?","M","R","E","?","T","E","R","?","M","M","R","BOSS","M","?"],"build_version":"2019-01-23","purchased_purges":1,"victory":false,"max_hp_per_floor":[60,60,60,60,60,60,60,60,60,60,60,60,60,60,60,60,60,60,60],"card_choices":[{"not_picked":["Unload","Die Die Die"],"picked":"Adrenaline","floor":0.0},{"not_picked":["Crippling Poison","Underhanded Strike"],"picked":"Distraction","floor":1.0},{"not_picked":["Deflect","Blade Dance"],"picked":"Cloak And Dagger","floor":3.0},{"not_picked":["Accuracy","Cloak And Dagger"],"picked":"Infinite Blades","floor":5.0},{"not_picked":["Calculated Gamble","Slice"],"picked":"Choke","floor":7.0},{"not_picked":["Reflex","Crippling Poison"],"picked":"Deadly Poison","floor":10.0},{"not_picked":["Riddle With Holes","Deadly Poison"],"picked":"Doppelganger","floor":13.0},{"not_picked":["Underhanded Strike","Blade Dance","Flying Knee"],"picked":"SKIP","floor":14.0},{"not_picked":["Deadly Poison","Flying Knee","Cloak And Dagger"],"picked":"SKIP","floor":18}],"player_experience":4215641,"relics_obtained":[{"floor":7.0,"key":"Gambling Chip"},{"floor":9.0,"key":"Mercury Hourglass"},{"floor":10.0,"key":"Lantern"}],"event_choices":[{"damage_healed":0.0,"max_hp_gain":0.0,"max_hp_loss":0.0,"gold_gain":0.0,"event_name":"Liars Game","player_choice":"Ignored","floor":4.0,"gold_loss":0.0,"damage_taken":0.0},{"damage_healed":20.0,"max_hp_gain":0.0,"max_hp_loss":0.0,"gold_gain":0.0,"event_name":"Big Fish","player_choice":"Banana","floor":8.0,"gold_loss":0.0,"damage_taken":0.0},{"damage_healed":0,"gold_gain":0,"player_choice":"Fight","damage_taken":0,"max_hp_gain":0,"max_hp_loss":0,"event_name":"Colosseum","floor":19,"gold_loss":0}],"is_beta":false,"boss_relics":[{"not_picked":["Ring of the Serpent","Calling Bell"],"picked":"Astrolabe"}],"items_purged_floors":[12],"is_endless":false,"potions_floor_spawned":[1,7,10,13],"killed_by":"Colosseum Slavers","ascension_level":20}