{"path_per_floor":["M","?","M","?","?","E","R","M","T","R","?","M","?","M","R","B",null,"M","$","?","M","?","?","R","M","T","R","E","M","E","M","R","B",null,"M","$","?","?","?","R","M","M","T","M","E","$","R","M","R","B"],"character_chosen":"DEFECT","items_purchased":["Doom and Gloom","Force Field","Orichalcum","Capacitor","Blood Vial","Kunai"],"gold_per_floor":[117,117,136,136,136,176,176,189,189,189,189,210,160,179,179,300,300,325,171,171,189,114,114,114,130,209,209,243,259,300,318,318,439,439,459,277,277,277,610,610,621,638,720,734,767,46,46,64,64,64],"floor_reached":51,"campfire_rested":2,"playtime":3086,"current_hp_per_floor":[70,52,46,31,56,43,43,41,41,41,41,30,30,25,47,51,75,73,73,73,51,51,51,51,38,38,38,38,43,33,40,64,20,82,61,61,61,61,61,61,71,76,86,92,74,74,74,83,83,30],"items_purged":["Defend_B","Strike_B","Strike_B"],"gold":64,"score":890,"play_id":"43ab5fb5-2588-4cd5-b155-2c25aaa82917","local_time":"20180430221622","is_prod":false,"is_daily":false,"chose_seed":false,"is_ascension_mode":false,"campfire_upgraded":7,"timestamp":1525119382,"path_taken":["M","?","M","?","?","E","R","?","T","R","?","M","?","M","R","BOSS","M","$","?","?","?","?","R","M","T","R","E","M","E","M","R","BOSS","M","$","?","?","?","R","?","?","T","M","E","$","R","M","R","BOSS"],"build_version":"2018-04-27v3","seed_source_timestamp":43764850905620,"purchased_purges":3,"victory":true,"master_deck":["Strike_B","Strike_B","Defend_B+1","Zap+1","Dualcast","Chaos+1","Darkness+1","Defragment","Leap","Reinforced Body+1","Glacier","Multi-Cast","Streamline+1","Melter","Self Repair+1","Thunder Strike","Flux Capacitor","Meteor Strike","Force Field","Blaster+1","Conserve Battery","Rainbow+1","Capacitor+1"],"max_hp_per_floor":[75,75,75,75,75,75,75,75,75,75,75,75,75,75,75,75,75,75,75,75,75,75,75,75,75,75,75,75,75,82,82,82,82,82,82,82,82,82,82,82,82,82,92,92,92,92,92,92,92,92],"relics":["Cracked Core","Pantograph","Mummified Hand","Snecko Eye","Letter Opener","Bronze Scales","Strawberry","Sozu","Pear","Toolbox","Orichalcum","Blood Vial","Kunai"],"card_choices":[{"not_picked":["Axe Kick","Leap"],"picked":"Chaos","floor":1},{"not_picked":["Barrage","Axe Kick"],"picked":"Darkness","floor":3},{"not_picked":["Turbo","Sweeping Beam"],"picked":"Defragment","floor":6},{"not_picked":["Blizzard","Recycle"],"picked":"Leap","floor":8},{"not_picked":["Sweeping Beam","Force Field"],"picked":"Reinforced Body","floor":12},{"not_picked":["Sweeping Beam","Axe Kick"],"picked":"Glacier","floor":14},{"not_picked":["Hyperbeam","Machine Learning"],"picked":"Multi-Cast","floor":16},{"not_picked":["Rip and Tear","Go for the Eyes"],"picked":"Streamline","floor":21},{"not_picked":["Beam Cell","Cold Snap"],"picked":"Melter","floor":25},{"not_picked":["Stack","Streamline"],"picked":"Self Repair","floor":28},{"not_picked":["Cold Snap","Stack"],"picked":"Thunder Strike","floor":30},{"not_picked":["Reprogram","Impulse"],"picked":"Flux Capacitor","floor":31},{"not_picked":["All For One","Prime"],"picked":"Meteor Strike","floor":33},{"not_picked":["Turbo","Doom and Gloom"],"picked":"Blaster","floor":41},{"not_picked":["Axe Kick","Coolheaded"],"picked":"Conserve Battery","floor":42},{"not_picked":["Reinforced Body","Buffer"],"picked":"Rainbow","floor":45}],"player_experience":30452,"potions_floor_usage":[16],"damage_taken":[{"damage":5,"enemies":"Small Slimes","floor":1,"turns":4},{"damage":6,"enemies":"Jaw Worm","floor":3,"turns":4},{"damage":13,"enemies":"Gremlin Nob","floor":6,"turns":3},{"damage":2,"enemies":"2 Louse","floor":8,"turns":2},{"damage":11,"enemies":"Exordium Wildlife","floor":12,"turns":3},{"damage":5,"enemies":"Gremlin Gang","floor":14,"turns":4},{"damage":21,"enemies":"Slime Boss","floor":16,"turns":6},{"damage":2,"enemies":"Spheric Guardian","floor":18,"turns":4},{"damage":22,"enemies":"Chosen","floor":21,"turns":5},{"damage":13,"enemies":"Snake Plant","floor":25,"turns":5},{"damage":0,"enemies":"Gremlin Leader","floor":28,"turns":6},{"damage":2,"enemies":"Centurion and Healer","floor":29,"turns":4},{"damage":24,"enemies":"Slavers","floor":30,"turns":6},{"damage":0,"enemies":"Cultist and Chosen","floor":31,"turns":4},{"damage":69,"enemies":"Automaton","floor":33,"turns":9},{"damage":28,"enemies":"3 Darklings","floor":35,"turns":4},{"damage":0,"enemies":"3 Shapes","floor":41,"turns":4},{"damage":5,"enemies":"Spire Growth","floor":42,"turns":5},{"damage":0,"enemies":"Flame Bruiser 2 Orb","floor":44,"turns":4},{"damage":28,"enemies":"2 Orb Walkers","floor":45,"turns":6},{"damage":3,"enemies":"Sphere and 2 Shapes","floor":48,"turns":3},{"damage":72,"enemies":"Time Eater","floor":50,"turns":7}],"event_choices":[{"event_name":"Golden Idol","player_choice":"Take Damage","floor":2,"damage_taken":0},{"event_name":"Shining Light","player_choice":"Entered Light","floor":4,"damage_taken":0},{"event_name":"Big Fish","player_choice":"Banana","floor":5,"damage_taken":0},{"event_name":"Liars Game","player_choice":"disagreed","floor":11,"damage_taken":0},{"event_name":"The Cleric","player_choice":"Card Removal","floor":13,"damage_taken":0},{"event_name":"Vampires","player_choice":"Ignored","floor":20,"damage_taken":0},{"event_name":"Beggar","player_choice":"Gave Gold","floor":22,"damage_taken":0},{"event_name":"Ghosts","player_choice":"Ignored","floor":23,"damage_taken":0},{"event_name":"Tomb of Lord Red Mask","player_choice":"Ignored","floor":37,"damage_taken":0},{"event_name":"The Moai Head","player_choice":"Gave Idol","floor":39,"damage_taken":0}],"boss_relics":[{"not_picked":["Lizard Tail","Cursed Key"],"picked":"Snecko Eye"},{"not_picked":["Black Star","Astrolabe"],"picked":"Sozu"}],"potions_floor_spawned":[6,14,21,29,35,48],"seed_played":"-2757606064108976468","ascension_level":0,"is_trial":false}