{"gold_per_floor":[360,98,98,121,135,135,176,176,176,176,212,225,225,225,225,319,319,319],"floor_reached":18,"playtime":3219,"items_purged":["Strike_G"],"score":336,"play_id":"88e19303-ea9f-4f77-ab29-0d076f846d2a","local_time":"20190403064159","is_ascension_mode":true,"campfire_choices":[{"data":"Noxious Fumes","floor":6.0,"key":"SMITH"},{"data":"The Bomb","floor":8.0,"key":"SMITH"},{"data":"Masterful Stab","floor":13.0,"key":"SMITH"},{"data":"Calculated Gamble","floor":15.0,"key":"SMITH"}],"neow_cost":"TEN_PERCENT_HP_LOSS","seed_source_timestamp":82713493702810,"circlet_count":0,"master_deck":["AscendersBane","Defend_G","Defend_G","Defend_G","Defend_G","Defend_G","Strike_G","Strike_G","Strike_G","Strike_G","Survivor","Neutralize+1","The Bomb+1","Noxious Fumes+1","Masterful Stab+1","Calculated Gamble+1","Malaise"],"special_seed":0,"relics":["Ring of the Snake","Golden Idol","Turnip","Ornamental Fan","Lizard Tail"],"potions_floor_usage":[],"damage_taken":[{"damage":1.0,"enemies":"Small Slimes","floor":1.0,"turns":4.0},{"damage":3.0,"enemies":"2 Louse","floor":4.0,"turns":3.0},{"damage":0.0,"enemies":"Cultist","floor":5.0,"turns":4.0},{"damage":10.0,"enemies":"Lagavulin","floor":7.0,"turns":5.0},{"damage":36.0,"enemies":"Gremlin Nob","floor":11.0,"turns":4.0},{"damage":0.0,"enemies":"Looter","floor":12.0,"turns":4.0},{"damage":18.0,"enemies":"Slime Boss","floor":16.0,"turns":6.0},{"damage":0,"enemies":"Shell Parasite","floor":18,"turns":1}],"seed_played":"6170368554531415401","potions_obtained":[{"floor":5.0,"key":"PowerPotion"},{"floor":7.0,"key":"EssenceOfSteel"},{"floor":12.0,"key":"SteroidPotion"}],"is_trial":false,"path_per_floor":["M","$","?","M","M","R","E","R","T","?","E","M","R","?","R","B",null,"M"],"character_chosen":"THE_SILENT","items_purchased":["The Bomb"],"campfire_rested":0,"item_purchase_floors":[2],"current_hp_per_floor":[58,58,54,51,51,51,41,41,41,41,5,5,5,54,54,36,50,50],"gold":319,"neow_bonus":"TWO_FIFTY_GOLD","is_prod":false,"is_daily":false,"chose_seed":false,"campfire_upgraded":4,"win_rate":0,"timestamp":1554244919,"path_taken":["M","$","?","M","M","R","E","R","T","?","E","?","R","?","R","BOSS","M"],"build_version":"2019-01-23","purchased_purges":1,"victory":false,"max_hp_per_floor":[60,60,54,54,54,54,54,54,54,54,54,54,54,54,54,54,54,54],"card_choices":[{"not_picked":["PiercingWail","Cloak And Dagger"],"picked":"Infinite Blades","floor":1.0},{"not_picked":["Concentrate","Deflect"],"picked":"Noxious Fumes","floor":4.0},{"not_picked":["Quick Slash","Bane"],"picked":"Masterful Stab","floor":5.0},{"not_picked":["Choke","All Out Attack","Acrobatics"],"picked":"SKIP","floor":7.0},{"not_picked":["Eviscerate","Flying Knee","Slice"],"picked":"SKIP","floor":11.0},{"not_picked":["Quick Slash","Concentrate"],"picked":"Calculated Gamble","floor":12.0},{"not_picked":["Glass Knife","A Thousand Cuts"],"picked":"Malaise","floor":16.0}],"player_experience":4034963,"relics_obtained":[{"floor":7.0,"key":"Turnip"},{"floor":11.0,"key":"Ornamental Fan"}],"event_choices":[{"damage_healed":0.0,"max_hp_gain":0.0,"max_hp_loss":6.0,"gold_gain":0.0,"event_name":"Golden Idol","player_choice":"Lose Max HP","floor":3.0,"gold_loss":0.0,"damage_taken":0.0,"relics_obtained":["Golden Idol"]},{"damage_healed":0.0,"max_hp_gain":0.0,"max_hp_loss":0.0,"gold_gain":0.0,"event_name":"Upgrade Shrine","player_choice":"Upgraded","floor":10.0,"gold_loss":0.0,"damage_taken":0.0,"cards_upgraded":["Neutralize"]},{"cards_removed":["Infinite Blades"],"damage_healed":49.0,"max_hp_gain":0.0,"max_hp_loss":0.0,"gold_gain":0.0,"event_name":"Bonfire Elementals","player_choice":"Offered Uncommon","floor":14.0,"gold_loss":0.0,"damage_taken":0.0}],"is_beta":false,"boss_relics":[{"not_picked":["Tiny House","Calling Bell"],"picked":"Lizard Tail"}],"items_purged_floors":[2],"is_endless":false,"potions_floor_spawned":[5,7,11,12],"killed_by":"Shell Parasite","ascension_level":20}