{"gold_per_floor":[11,11,27,37,53,84,84,118,144,144,1,1,1,1,1,103,103,43,43,43,43,43,43,43,43,43,43,43,43,43,43,43,43],"floor_reached":33,"playtime":2364,"items_purged":["Strike_R"],"score":407,"play_id":"9cf87790-5ac9-4999-9726-2b5273956aaf","local_time":"20190714000150","is_ascension_mode":true,"campfire_choices":[{"floor":7,"key":"REST"},{"floor":10,"key":"REST"},{"floor":13,"key":"REST"},{"data":"Searing Blow","floor":15,"key":"SMITH"},{"data":"Searing Blow+1","floor":24,"key":"SMITH"},{"data":"Searing Blow+2","floor":27,"key":"SMITH"},{"data":"Searing Blow+3","floor":29,"key":"SMITH"},{"floor":32,"key":"REST"}],"neow_cost":"NO_GOLD","seed_source_timestamp":26410200888802,"circlet_count":0,"master_deck":["Strike_R","Strike_R","Defend_R","Defend_R","Defend_R+1","Defend_R","Bash","Impervious","Double Tap+1","Cleave","Headbutt","Offering","Uppercut","Clash","Searing Blow+4","Headbutt","Impervious","Flame Barrier","Flame Barrier","Hemokinesis+1","Searing Blow+3"],"relics":["Burning Blood","PreservedInsect","Dream Catcher","Potion Belt","Ectoplasm","FaceOfCleric","Omamori","Orichalcum","Bottled Flame"],"potions_floor_usage":[8,25,25,30,30,33,33],"damage_taken":[{"damage":33,"enemies":"Jaw Worm","floor":1,"turns":7},{"damage":1,"enemies":"Cultist","floor":3,"turns":3},{"damage":0,"enemies":"Small Slimes","floor":4,"turns":2},{"damage":11,"enemies":"Exordium Wildlife","floor":5,"turns":3},{"damage":30,"enemies":"Gremlin Nob","floor":6,"turns":5},{"damage":42,"enemies":"Lagavulin","floor":8,"turns":4},{"damage":6,"enemies":"Slime Boss","floor":16,"turns":3},{"damage":6,"enemies":"2 Thieves","floor":18,"turns":3},{"damage":12,"enemies":"Chosen","floor":19,"turns":3},{"damage":17,"enemies":"Snake Plant","floor":21,"turns":3},{"damage":20,"enemies":"Centurion and Healer","floor":22,"turns":5},{"damage":23,"enemies":"Gremlin Leader","floor":23,"turns":8},{"damage":4,"enemies":"Book of Stabbing","floor":25,"turns":4},{"damage":2,"enemies":"Chosen and Byrds","floor":30,"turns":4},{"damage":14,"enemies":"Shelled Parasite and Fungi","floor":31,"turns":4},{"damage":83,"enemies":"Collector","floor":33,"turns":5}],"seed_played":"3161325492779300054","potions_obtained":[{"floor":1,"key":"SpeedPotion"},{"floor":4,"key":"Dexterity Potion"},{"floor":5,"key":"FearPotion"},{"floor":19,"key":"Weak Potion"},{"floor":22,"key":"Ancient Potion"},{"floor":23,"key":"SpeedPotion"},{"floor":25,"key":"Fire Potion"},{"floor":31,"key":"AttackPotion"}],"is_trial":false,"path_per_floor":["M","?","M","M","M","E","R","E","T","R","$","?","R","$","R","B",null,"M","M","?","M","M","E","R","E","T","R","?","R","M","M","R","B"],"character_chosen":"IRONCLAD","items_purchased":["Searing Blow"],"campfire_rested":4,"item_purchase_floors":[11],"current_hp_per_floor":[53,53,58,64,59,35,59,23,23,47,47,31,55,55,55,55,80,80,74,74,64,51,35,35,38,38,38,38,38,43,36,61,0],"gold":43,"neow_bonus":"TRANSFORM_TWO_CARDS","is_prod":false,"is_daily":false,"chose_seed":false,"campfire_upgraded":4,"win_rate":0,"timestamp":1563080510,"path_taken":["M","?","M","M","?","E","R","E","T","R","$","?","R","$","R","BOSS","M","M","?","?","M","E","R","E","T","R","?","R","?","M","R","BOSS"],"build_version":"2019-07-05","purchased_purges":1,"victory":false,"max_hp_per_floor":[80,80,80,80,80,80,80,80,80,80,80,80,80,80,80,80,80,80,80,80,81,82,83,83,84,84,84,84,84,85,86,86,86],"card_choices":[{"not_picked":["Evolve","Pommel Strike","Armaments"],"picked":"SKIP","floor":1},{"not_picked":["Thunderclap","Dual Wield"],"picked":"Cleave","floor":3},{"not_picked":["Reckless Charge","Burning Pact","Feel No Pain"],"picked":"SKIP","floor":4},{"not_picked":["Iron Wave","Shrug It Off"],"picked":"Headbutt","floor":5},{"not_picked":["Body Slam","Perfected Strike"],"picked":"Offering","floor":6},{"not_picked":["Wild Strike","Inflame"],"picked":"Uppercut","floor":8},{"not_picked":["Thunderclap","Heavy Blade"],"picked":"Clash","floor":10},{"not_picked":["Bloodletting","Carnage"],"picked":"Headbutt","floor":13},{"not_picked":["Offering","Feed"],"picked":"Impervious","floor":16},{"not_picked":["Clash","Entrench","Anger+1"],"picked":"SKIP","floor":18},{"not_picked":["Havoc","Sword Boomerang","Flex+1"],"picked":"SKIP","floor":19},{"not_picked":["Armaments","Second Wind+1"],"picked":"Flame Barrier","floor":21},{"not_picked":["Perfected Strike","Reckless Charge+1"],"picked":"Flame Barrier","floor":22},{"not_picked":["Dropkick","Thunderclap"],"picked":"Hemokinesis+1","floor":23},{"not_picked":["Disarm","Burning Pact+1","Havoc"],"picked":"SKIP","floor":25},{"not_picked":["Rupture","Inflame","Spot Weakness+1"],"picked":"SKIP","floor":30},{"not_picked":["Flex","Wild Strike","Clothesline"],"picked":"SKIP","floor":31}],"player_experience":164999,"relics_obtained":[{"floor":6,"key":"PreservedInsect"},{"floor":8,"key":"Dream Catcher"},{"floor":9,"key":"Potion Belt"},{"floor":23,"key":"Omamori"},{"floor":25,"key":"Orichalcum"},{"floor":26,"key":"Bottled Flame"}],"event_choices":[{"damage_healed":0,"gold_gain":0,"player_choice":"0 cards matched","damage_taken":0,"max_hp_gain":0,"max_hp_loss":0,"event_name":"Match and Keep!","floor":2,"gold_loss":0,"cards_obtained":[]},{"damage_healed":0,"gold_gain":0,"player_choice":"Entered Light","damage_taken":16,"max_hp_gain":0,"max_hp_loss":0,"event_name":"Shining Light","floor":12,"gold_loss":0,"cards_upgraded":["Defend_R","Double Tap"]},{"damage_healed":0,"gold_gain":0,"player_choice":"Trade","damage_taken":0,"relics_obtained":["FaceOfCleric"],"max_hp_gain":0,"max_hp_loss":0,"event_name":"FaceTrader","floor":20,"gold_loss":0},{"damage_healed":0,"gold_gain":0,"player_choice":"Copied","damage_taken":0,"max_hp_gain":0,"max_hp_loss":0,"event_name":"Duplicator","floor":28,"gold_loss":0,"cards_obtained":["Searing Blow"]}],"is_beta":false,"boss_relics":[{"not_picked":["Tiny House","Orrery"],"picked":"Ectoplasm"}],"items_purged_floors":[11],"is_endless":false,"potions_floor_spawned":[1,4,5,19,22,23,25,31],"killed_by":"Collector","ascension_level":2}