{"gold_per_floor":[114,125,50,67,67,67,82,102,180,180,140,140,140,155,155,155],"floor_reached":16,"playtime":620,"items_purged":[],"score":184,"play_id":"d38fe6c7-2db9-4f4f-8788-c240ca970e79","local_time":"20190320112821","is_ascension_mode":true,"campfire_choices":[{"data":"Entrench","floor":6,"key":"SMITH"},{"data":"True Grit","floor":10,"key":"SMITH"},{"data":"Body Slam","floor":15,"key":"SMITH"}],"neow_cost":"TEN_PERCENT_HP_LOSS","seed_source_timestamp":613716762709,"circlet_count":0,"master_deck":["AscendersBane","Strike_R","Strike_R","Defend_R","Defend_R","Defend_R","Defend_R","Bash","Entrench+1","Spot Weakness","Shrug It Off","Power Through","True Grit+1","Reaper","Body Slam+1"],"relics":["Burning Blood","Pantograph","Gambling Chip","Paper Frog"],"potions_floor_usage":[14],"damage_taken":[{"damage":6,"enemies":"Jaw Worm","floor":1,"turns":5},{"damage":10,"enemies":"Small Slimes","floor":2,"turns":4},{"damage":15,"enemies":"Cultist","floor":4,"turns":6},{"damage":3,"enemies":"3 Louse","floor":7,"turns":9},{"damage":0,"enemies":"Blue Slaver","floor":8,"turns":10},{"damage":6,"enemies":"Looter","floor":11,"turns":4},{"damage":13,"enemies":"Large Slime","floor":14,"turns":7},{"damage":66,"enemies":"Hexaghost","floor":16,"turns":10}],"seed_played":"6587032128818399624","potions_obtained":[{"floor":4,"key":"Energy Potion"},{"floor":8,"key":"SpeedPotion"}],"is_trial":false,"path_per_floor":["M","M","?","M","?","R","M","M","T","R","M","?","T","M","R","B"],"character_chosen":"IRONCLAD","items_purchased":[],"campfire_rested":0,"item_purchase_floors":[],"current_hp_per_floor":[68,64,64,55,45,45,48,54,54,54,54,19,19,36,36,0],"gold":155,"neow_bonus":"TRANSFORM_TWO_CARDS","is_prod":false,"is_daily":false,"chose_seed":false,"campfire_upgraded":3,"win_rate":0,"timestamp":1553052501,"path_taken":["M","M","?","M","?","R","M","?","T","R","M","?","?","M","R","BOSS"],"build_version":"2019-01-23","purchased_purges":0,"victory":false,"max_hp_per_floor":[68,68,68,68,68,68,68,68,68,68,68,68,68,68,68,68],"card_choices":[{"not_picked":["Clothesline","Combust","Clash"],"picked":"SKIP","floor":1},{"not_picked":["Flex","Cleave"],"picked":"Shrug It Off","floor":2},{"not_picked":["Headbutt","Ghostly Armor"],"picked":"Power Through","floor":4},{"not_picked":["Clothesline","Shrug It Off"],"picked":"True Grit","floor":7},{"not_picked":["Seeing Red","Iron Wave","Thunderclap"],"picked":"SKIP","floor":8},{"not_picked":["Clothesline","Shrug It Off"],"picked":"Reaper","floor":11},{"not_picked":["Havoc","Dropkick"],"picked":"Body Slam","floor":14}],"player_experience":3742350,"relics_obtained":[{"floor":9,"key":"Pantograph"},{"floor":13,"key":"Paper Frog"}],"event_choices":[{"cards_removed":["Strike_R"],"damage_healed":0,"gold_gain":0,"player_choice":"Card Removal","damage_taken":0,"max_hp_gain":0,"max_hp_loss":0,"event_name":"The Cleric","floor":3,"gold_loss":75},{"damage_healed":0,"gold_gain":0,"player_choice":"Damaged","damage_taken":10,"max_hp_gain":0,"max_hp_loss":0,"event_name":"Wheel of Change","floor":5,"gold_loss":0},{"damage_healed":0,"gold_gain":0,"player_choice":"Success","damage_taken":35,"relics_obtained":["Gambling Chip"],"max_hp_gain":0,"max_hp_loss":0,"event_name":"Scrap Ooze","floor":12,"gold_loss":0}],"is_beta":false,"boss_relics":[],"items_purged_floors":[],"is_endless":false,"potions_floor_spawned":[4,8],"killed_by":"Hexaghost","ascension_level":20}