{"gold_per_floor":[110,110,120,31,45,45,80,80,80,80,96,96,113,123,123,219,219,219,219,219,219,219,219,219,219,219,219,219,219,219,219,219,219,219,219,144,144,94,94,94,94,94,94,94,94,94,94,94,94,94],"floor_reached":51,"playtime":4090,"items_purged":["Strike_R"],"score":760,"play_id":"c1fbfab7-3ecb-45fe-8cea-c18700981025","local_time":"20190713124220","is_ascension_mode":false,"campfire_choices":[{"data":"Armaments","floor":6.0,"key":"SMITH"},{"data":"Discovery","floor":8,"key":"SMITH"},{"data":"Entrench","floor":10,"key":"SMITH"},{"data":"Barricade","floor":15,"key":"SMITH"},{"data":"Immolate","floor":24,"key":"SMITH"},{"data":"Dark Embrace","floor":27,"key":"SMITH"},{"data":"Burning Pact","floor":32,"key":"SMITH"},{"data":"Body Slam","floor":41,"key":"SMITH"},{"data":"Burning Pact","floor":44,"key":"SMITH"},{"data":"Rage","floor":49,"key":"SMITH"}],"neow_cost":"NONE","seed_source_timestamp":1798888246814,"circlet_count":0,"master_deck":["Strike_R","Strike_R","Defend_R","Defend_R","Defend_R","Defend_R","Bash+1","Entrench+1","Rage+1","Discovery+1","Armaments+1","Barricade+1","Immolate+1","Feed","Bloodletting+1","Burning Pact+1","Shrug It Off","Dark Embrace+1","Burning Pact+1","Shrug It Off","Entrench+1","Reaper","Flex+1","Body Slam+1","Intimidate+1","Pommel Strike+1","Battle Trance+1"],"special_seed":0,"relics":["Burning Blood","Meat on the Bone","Letter Opener","Ectoplasm","Red Mask","Pantograph","Runic Dome","Turnip","Pocketwatch","Singing Bowl"],"potions_floor_usage":[7,45],"damage_taken":[{"damage":6.0,"enemies":"Cultist","floor":1.0,"turns":3.0},{"damage":8.0,"enemies":"Jaw Worm","floor":3.0,"turns":4.0},{"damage":0.0,"enemies":"2 Louse","floor":5.0,"turns":2.0},{"damage":27,"enemies":"Gremlin Nob","floor":7,"turns":4},{"damage":0,"enemies":"Blue Slaver","floor":11,"turns":4},{"damage":2,"enemies":"Exordium Thugs","floor":13,"turns":4},{"damage":6,"enemies":"3 Louse","floor":14,"turns":2},{"damage":23,"enemies":"Slime Boss","floor":16,"turns":9},{"damage":5,"enemies":"3 Byrds","floor":18,"turns":3},{"damage":13,"enemies":"Masked Bandits","floor":20,"turns":4},{"damage":0,"enemies":"Chosen","floor":21,"turns":4},{"damage":26,"enemies":"Snake Plant","floor":23,"turns":4},{"damage":12,"enemies":"Centurion and Healer","floor":25,"turns":6},{"damage":3,"enemies":"3 Cultists","floor":28,"turns":4},{"damage":27,"enemies":"Snake Plant","floor":29,"turns":4},{"damage":1,"enemies":"Centurion and Healer","floor":30,"turns":7},{"damage":18,"enemies":"Snecko","floor":31,"turns":7},{"damage":46,"enemies":"Champ","floor":33,"turns":14},{"damage":17,"enemies":"3 Shapes","floor":35,"turns":4},{"damage":8,"enemies":"Orb Walker","floor":37,"turns":3},{"damage":0,"enemies":"Mind Bloom Boss Battle","floor":39,"turns":7},{"damage":6,"enemies":"Giant Head","floor":40,"turns":2},{"damage":11,"enemies":"3 Darklings","floor":42,"turns":4},{"damage":0,"enemies":"Transient","floor":45,"turns":3},{"damage":20,"enemies":"Sphere and 2 Shapes","floor":46,"turns":5},{"damage":18,"enemies":"Jaw Worm Horde","floor":48,"turns":4},{"damage":11,"enemies":"Time Eater","floor":50,"turns":11}],"seed_played":"-1929140148771060296","potions_obtained":[{"floor":1.0,"key":"PowerPotion"},{"floor":11,"key":"BloodPotion"},{"floor":14,"key":"Weak Potion"},{"floor":18,"key":"SpeedPotion"},{"floor":29,"key":"FearPotion"},{"floor":37,"key":"SmokeBomb"},{"floor":48,"key":"FairyPotion"}],"is_trial":false,"path_per_floor":["M","?","M","$","M","R","E","R","T","R","M","?","M","M","R","B",null,"M","?","?","M","?","M","R","M","T","R","M","M","M","M","R","B",null,"M","$","M","$","?","E","R","M","T","R","M","M","?","M","R","B",null],"character_chosen":"IRONCLAD","items_purchased":["Discovery","Body Slam"],"campfire_rested":0,"item_purchase_floors":[4,38],"current_hp_per_floor":[80,85,83,83,85,85,64,64,64,64,70,70,74,74,74,57,85,85,69,66,72,72,55,55,65,65,65,71,65,73,73,73,74,114,114,114,120,120,123,123,123,118,118,118,123,125,125,125,125,125],"gold":94,"neow_bonus":"UPGRADE_CARD","is_prod":false,"is_daily":false,"chose_seed":false,"campfire_upgraded":10,"win_rate":0,"timestamp":1562992940,"path_taken":["M","?","M","$","M","R","E","R","T","R","M","?","M","?","R","BOSS","M","?","?","M","?","M","R","M","T","R","M","?","M","M","R","BOSS","M","$","M","$","?","E","R","M","T","R","M","M","?","M","R","BOSS"],"build_version":"2019-07-05","purchased_purges":1,"victory":true,"max_hp_per_floor":[80,85,85,85,85,85,85,85,85,85,85,85,85,85,85,85,85,85,90,94,94,94,97,97,101,101,101,104,107,110,110,110,114,114,117,117,120,120,123,123,123,123,123,123,123,125,125,125,125,125],"card_choices":[{"not_picked":["Clothesline","Armaments"],"picked":"Entrench","floor":1.0},{"not_picked":["Pommel Strike","Headbutt"],"picked":"Rage","floor":3.0},{"not_picked":["Rupture","Warcry"],"picked":"Armaments","floor":5.0},{"not_picked":["Clothesline","Rage","Armaments"],"picked":"SKIP","floor":7},{"not_picked":["Heavy Blade","Combust"],"picked":"Barricade","floor":11},{"not_picked":["Uppercut","Twin Strike","Sword Boomerang"],"picked":"SKIP","floor":13},{"not_picked":["Carnage","Sever Soul","Twin Strike"],"picked":"SKIP","floor":14},{"not_picked":["Fiend Fire","Barricade"],"picked":"Feed","floor":16},{"not_picked":["Dual Wield+1","Rampage"],"picked":"Bloodletting+1","floor":18},{"not_picked":["Wild Strike","Iron Wave"],"picked":"Burning Pact","floor":20},{"not_picked":["Clothesline","Headbutt","Iron Wave+1"],"picked":"SKIP","floor":21},{"not_picked":["Havoc","Fire Breathing"],"picked":"Shrug It Off","floor":23},{"not_picked":["Headbutt+1","Dropkick"],"picked":"Dark Embrace","floor":25},{"not_picked":["Twin Strike","Wild Strike+1","Flame Barrier"],"picked":"SKIP","floor":28},{"not_picked":["Armaments","Headbutt+1"],"picked":"Burning Pact","floor":29},{"not_picked":["Anger","Iron Wave"],"picked":"Shrug It Off","floor":30},{"not_picked":["Inflame","Anger"],"picked":"Entrench+1","floor":31},{"not_picked":["Immolate","Offering"],"picked":"Reaper","floor":33},{"not_picked":["Clash","Clothesline","Bloodletting"],"picked":"SKIP","floor":35},{"not_picked":["Infernal Blade+1","Thunderclap"],"picked":"Flex+1","floor":37},{"not_picked":["Headbutt","Clothesline"],"picked":"Intimidate+1","floor":39},{"not_picked":["Cleave+1","Ghostly Armor"],"picked":"Pommel Strike+1","floor":40},{"not_picked":["Flame Barrier+1","Whirlwind","Heavy Blade+1"],"picked":"SKIP","floor":42},{"not_picked":["Havoc+1","Headbutt","Warcry+1"],"picked":"Singing Bowl","floor":46},{"not_picked":["Cleave","Sever Soul+1"],"picked":"Battle Trance+1","floor":48}],"player_experience":5718430,"relics_obtained":[{"floor":7,"key":"Meat on the Bone"},{"floor":9,"key":"Letter Opener"},{"floor":20,"key":"Red Mask"},{"floor":26,"key":"Pantograph"},{"floor":39,"key":"Turnip"},{"floor":40,"key":"Pocketwatch"},{"floor":43,"key":"Singing Bowl"}],"event_choices":[{"damage_healed":0.0,"max_hp_gain":5.0,"max_hp_loss":0.0,"gold_gain":0.0,"event_name":"Big Fish","player_choice":"Donut","floor":2.0,"gold_loss":0.0,"damage_taken":0.0},{"damage_healed":0,"gold_gain":0,"cards_transformed":["Strike_R"],"player_choice":"Transformed","damage_taken":0,"max_hp_gain":0,"max_hp_loss":0,"event_name":"Transmorgrifier","floor":12,"gold_loss":0,"cards_obtained":["Immolate"]},{"damage_healed":0,"gold_gain":0,"player_choice":"Shed Blood","damage_taken":21,"max_hp_gain":5,"max_hp_loss":0,"event_name":"Forgotten Altar","floor":19,"gold_loss":0},{"damage_healed":0,"gold_gain":0,"player_choice":"Fought Bandits","damage_taken":0,"max_hp_gain":0,"max_hp_loss":0,"event_name":"Masked Bandits","floor":20,"gold_loss":0},{"damage_healed":0,"gold_gain":99,"player_choice":"Stole From Cult","damage_taken":0,"max_hp_gain":0,"max_hp_loss":0,"event_name":"Nest","floor":22,"gold_loss":0},{"damage_healed":0,"gold_gain":0,"player_choice":"Fight","damage_taken":0,"max_hp_gain":0,"max_hp_loss":0,"event_name":"MindBloom","floor":39,"gold_loss":0},{"cards_removed":["Strike_R"],"damage_healed":0,"gold_gain":0,"player_choice":"Removed Attack","damage_taken":0,"max_hp_gain":0,"max_hp_loss":0,"event_name":"Falling","floor":47,"gold_loss":0}],"is_beta":false,"boss_relics":[{"not_picked":["Calling Bell","Empty Cage"],"picked":"Ectoplasm"},{"not_picked":["Philosopher\u0027s Stone","Mark of Pain"],"picked":"Runic Dome"}],"items_purged_floors":[36],"is_endless":false,"potions_floor_spawned":[1,11,14,18,20,28,29,31,37,40,42,48],"ascension_level":0}