{"gold_per_floor":[119,133,58,133,133,168,179,179,206,206,206,239,254,6,6,77,77,89,101,101,101],"floor_reached":21,"playtime":1009,"items_purged":[],"score":374,"play_id":"1dd3b84f-a484-459b-8948-ad96bf16d0b3","local_time":"20190622135046","is_ascension_mode":true,"campfire_choices":[{"floor":8,"key":"REST"},{"floor":15,"key":"REST"}],"neow_cost":"NONE","seed_source_timestamp":62115450426884,"circlet_count":0,"master_deck":["AscendersBane","Strike_B","Strike_B","Strike_B","Defend_B","Defend_B+1","Defend_B","Defend_B","Zap","Dualcast","Hello World","Genetic Algorithm+1","Conserve Battery","Cold Snap","Gash","Rip and Tear","Static Discharge","Creative AI","Stack","Undo","Ghostly","Ghostly","Ghostly"],"relics":["Cracked Core","DataDisk","Happy Flower","Regal Pillow","PreservedInsect","Darkstone Periapt","War Paint","Fusion Hammer"],"potions_floor_usage":[12,12],"damage_taken":[{"damage":4,"enemies":"Small Slimes","floor":1,"turns":3},{"damage":0,"enemies":"2 Louse","floor":2,"turns":2},{"damage":33,"enemies":"Lagavulin","floor":6,"turns":7},{"damage":1,"enemies":"Cultist","floor":7,"turns":3},{"damage":5,"enemies":"3 Sentries","floor":12,"turns":5},{"damage":4,"enemies":"3 Louse","floor":13,"turns":4},{"damage":40,"enemies":"Hexaghost","floor":16,"turns":10},{"damage":27,"enemies":"3 Byrds","floor":18,"turns":5},{"damage":17,"enemies":"Shell Parasite","floor":19,"turns":8},{"damage":13,"enemies":"Centurion and Healer","floor":21,"turns":6}],"seed_played":"-2280082266221102243","potions_obtained":[{"floor":6,"key":"Strength Potion"},{"floor":7,"key":"Fire Potion"},{"floor":16,"key":"FocusPotion"},{"floor":19,"key":"LiquidBronze"}],"is_trial":false,"path_per_floor":["M","M","?","?","?","E","M","R","T","?","?","E","M","$","R","B",null,"M","M","?","M"],"character_chosen":"DEFECT","items_purchased":["War Paint","Static Discharge"],"campfire_rested":2,"item_purchase_floors":[14,14],"current_hp_per_floor":[60,60,60,49,49,16,15,36,36,36,29,24,20,20,56,16,57,30,13,13,0],"gold":101,"neow_bonus":"RANDOM_COMMON_RELIC","is_prod":false,"is_daily":false,"chose_seed":false,"campfire_upgraded":0,"win_rate":0,"timestamp":1561204246,"path_taken":["M","M","?","?","?","E","?","R","T","?","?","E","M","$","R","BOSS","M","M","?","M"],"build_version":"2019-01-23","purchased_purges":0,"victory":false,"max_hp_per_floor":[71,71,71,71,71,71,71,71,71,71,71,71,71,71,71,71,71,71,71,35,35],"card_choices":[{"not_picked":["Turbo","Blizzard"],"picked":"Hello World","floor":1},{"not_picked":["BootSequence","Stack"],"picked":"Genetic Algorithm","floor":2},{"not_picked":["Meteor Strike","Blizzard"],"picked":"Conserve Battery","floor":6},{"not_picked":["Conserve Battery","Go for the Eyes"],"picked":"Cold Snap","floor":7},{"not_picked":["Redo","All For One"],"picked":"Gash","floor":12},{"not_picked":["Stack","Turbo"],"picked":"Rip and Tear","floor":13},{"not_picked":["Machine Learning","Meteor Strike"],"picked":"Creative AI","floor":16},{"not_picked":["Ball Lightning","Gash"],"picked":"Stack","floor":18},{"not_picked":["Melter+1","Steam"],"picked":"Undo","floor":19}],"player_experience":636174,"relics_obtained":[{"floor":6,"key":"Happy Flower"},{"floor":9,"key":"Regal Pillow"},{"floor":12,"key":"Darkstone Periapt"}],"event_choices":[{"cards_removed":["Strike_B"],"damage_healed":0,"gold_gain":0,"player_choice":"Card Removal","damage_taken":0,"max_hp_gain":0,"max_hp_loss":0,"event_name":"The Cleric","floor":3,"gold_loss":75},{"damage_healed":0,"gold_gain":75,"player_choice":"Gather Gold","damage_taken":11,"max_hp_gain":0,"max_hp_loss":0,"event_name":"World of Goop","floor":4,"gold_loss":0},{"damage_healed":0,"gold_gain":0,"player_choice":"0 cards matched","damage_taken":0,"max_hp_gain":0,"max_hp_loss":0,"event_name":"Match and Keep!","floor":5,"gold_loss":0,"cards_obtained":[]},{"damage_healed":0,"gold_gain":0,"player_choice":"Box","damage_taken":0,"relics_obtained":["PreservedInsect"],"max_hp_gain":0,"max_hp_loss":0,"event_name":"Big Fish","floor":10,"gold_loss":0,"cards_obtained":["Regret"]},{"cards_removed":["Regret"],"damage_healed":0,"gold_gain":0,"player_choice":"Card Removal","damage_taken":7,"max_hp_gain":0,"max_hp_loss":0,"event_name":"Golden Wing","floor":11,"gold_loss":0},{"damage_healed":0,"gold_gain":0,"player_choice":"Became a Ghost","damage_taken":0,"max_hp_gain":0,"max_hp_loss":36,"event_name":"Ghosts","floor":20,"gold_loss":0,"cards_obtained":["Ghostly","Ghostly","Ghostly"]}],"is_beta":false,"boss_relics":[{"not_picked":["White Beast Statue","Cursed Key"],"picked":"Fusion Hammer"}],"items_purged_floors":[],"is_endless":false,"potions_floor_spawned":[6,7,16,19],"killed_by":"Centurion and Healer","ascension_level":20}