{"gold_per_floor":[115,21,34,34,34,68,68,90,90,90,120,130,130,55,55,155,155,170,269,169,169,184,184,209,209,235,235,255,255,170,180,180,279,279,299,399,419,439,314,314,314,314,314,314,224,239,250,268,268,268],"floor_reached":51,"playtime":1136,"items_purged":["Strike_R","Defend_R","Cleave"],"score":898,"play_id":"437d6682-2492-4ead-bacb-e1f707834aa8","local_time":"20190717090914","is_ascension_mode":false,"campfire_choices":[{"data":"Searing Blow","floor":7.0,"key":"SMITH"},{"data":"Searing Blow+1","floor":10.0,"key":"SMITH"},{"data":"Searing Blow+2","floor":15.0,"key":"SMITH"},{"data":"Searing Blow+3","floor":23.0,"key":"SMITH"},{"data":"Searing Blow+4","floor":25.0,"key":"SMITH"},{"data":"Searing Blow+5","floor":27.0,"key":"SMITH"},{"data":"Searing Blow+6","floor":29.0,"key":"SMITH"},{"data":"Searing Blow+7","floor":32.0,"key":"SMITH"},{"data":"Searing Blow+8","floor":40,"key":"SMITH"},{"data":"Searing Blow+9","floor":42,"key":"SMITH"},{"data":"Searing Blow+10","floor":44,"key":"SMITH"},{"data":"Searing Blow+12","floor":49,"key":"SMITH"}],"neow_cost":"NONE","seed_source_timestamp":202838291085,"circlet_count":0,"master_deck":["Defend_R","Defend_R","Shrug It Off","Trip","Impervious","Searing Blow+13","Evolve","Corruption+1","Rage+1","Uppercut+1","Warcry+1","Burning Pact+1"],"special_seed":0,"relics":["Burning Blood","NeowsBlessing","Ancient Tea Set","Odd Mushroom","Mercury Hourglass","Prayer Wheel","Astrolabe","Bottled Tornado","Blood Vial","Orichalcum","Runic Pyramid","Dodecahedron"],"potions_floor_usage":[41,50],"damage_taken":[{"damage":0.0,"enemies":"Small Slimes","floor":1.0,"turns":1.0},{"damage":0.0,"enemies":"Jaw Worm","floor":3.0,"turns":1.0},{"damage":0.0,"enemies":"3 Sentries","floor":6.0,"turns":1.0},{"damage":0.0,"enemies":"The Mushroom Lair","floor":8.0,"turns":3.0},{"damage":6.0,"enemies":"Gremlin Nob","floor":11.0,"turns":4.0},{"damage":2.0,"enemies":"2 Louse","floor":12.0,"turns":2.0},{"damage":39.0,"enemies":"Hexaghost","floor":16.0,"turns":10.0},{"damage":2.0,"enemies":"Chosen","floor":18.0,"turns":4.0},{"damage":3.0,"enemies":"Shell Parasite","floor":22.0,"turns":4.0},{"damage":0.0,"enemies":"Slavers","floor":24.0,"turns":5.0},{"damage":0.0,"enemies":"Snake Plant","floor":28.0,"turns":1.0},{"damage":0.0,"enemies":"Centurion and Healer","floor":31.0,"turns":3.0},{"damage":18.0,"enemies":"Automaton","floor":33.0,"turns":5.0},{"damage":0,"enemies":"Orb Walker","floor":35,"turns":1},{"damage":0,"enemies":"3 Shapes","floor":37,"turns":4},{"damage":4,"enemies":"Sphere and 2 Shapes","floor":38,"turns":4},{"damage":0,"enemies":"3 Darklings","floor":41,"turns":3},{"damage":0,"enemies":"Spire Growth","floor":46,"turns":2},{"damage":13,"enemies":"4 Shapes","floor":47,"turns":5},{"damage":0,"enemies":"Writhing Mass","floor":48,"turns":1},{"damage":0,"enemies":"Time Eater","floor":50,"turns":2}],"seed_played":"9195166278839627606","potions_obtained":[{"floor":6.0,"key":"Energy Potion"},{"floor":11.0,"key":"GamblersBrew"},{"floor":18.0,"key":"Strength Potion"},{"floor":24.0,"key":"SmokeBomb"},{"floor":31.0,"key":"Swift Potion"},{"floor":35,"key":"GamblersBrew"}],"is_trial":false,"path_per_floor":["M","$","M","?","?","E","R","?","T","R","E","M","?","$","R","B",null,"M","?","$","?","M","R","E","R","T","R","M","R","?","M","R","B",null,"M","?","M","M","$","R","M","R","T","R","?","M","M","M","R","B",null],"character_chosen":"IRONCLAD","items_purchased":["Trip"],"campfire_rested":0,"item_purchase_floors":[2],"current_hp_per_floor":[80,80,80,80,85,85,85,85,85,85,85,85,78,78,78,45,85,85,85,85,69,72,72,78,78,78,78,86,86,86,90,90,78,90,90,90,90,90,90,90,90,90,90,90,90,90,83,90,90,90],"gold":268,"neow_bonus":"THREE_ENEMY_KILL","is_prod":false,"is_daily":false,"chose_seed":false,"campfire_upgraded":12,"win_rate":0,"timestamp":1563325754,"path_taken":["M","$","M","?","?","E","R","?","T","R","E","M","?","?","R","BOSS","M","?","$","?","M","R","E","R","T","R","M","R","?","M","R","BOSS","M","?","M","M","$","R","?","R","T","R","?","?","M","M","R","BOSS"],"build_version":"2019-07-05","purchased_purges":3,"victory":true,"max_hp_per_floor":[80,80,80,80,85,85,85,85,85,85,85,85,85,85,85,85,85,85,85,85,90,90,90,90,90,90,90,90,90,90,90,90,90,90,90,90,90,90,90,90,90,90,90,90,90,90,90,90,90,90],"card_choices":[{"not_picked":["Clash","Sword Boomerang"],"picked":"Shrug It Off","floor":1.0},{"not_picked":["Heavy Blade","Thunderclap"],"picked":"Cleave","floor":3.0},{"not_picked":["Anger","Ghostly Armor"],"picked":"Searing Blow","floor":6.0},{"not_picked":["Searing Blow","Infernal Blade"],"picked":"Evolve","floor":11.0},{"not_picked":["Disarm","Body Slam","Heavy Blade"],"picked":"SKIP","floor":12.0},{"not_picked":["True Grit","Body Slam","Combust"],"picked":"SKIP","floor":12.0},{"not_picked":["Rupture","Second Wind","Havoc+1"],"picked":"SKIP","floor":18.0},{"not_picked":["Headbutt","Cleave","Shrug It Off"],"picked":"SKIP","floor":18.0},{"not_picked":["Rampage","Pummel"],"picked":"Warcry+1","floor":22.0},{"not_picked":["Clash+1","Body Slam","Iron Wave"],"picked":"SKIP","floor":22.0},{"not_picked":["Juggernaut","Anger","True Grit"],"picked":"SKIP","floor":24.0},{"not_picked":["Blood for Blood","Anger","Seeing Red+1"],"picked":"SKIP","floor":28.0},{"not_picked":["Wild Strike","Armaments","Twin Strike+1"],"picked":"SKIP","floor":28.0},{"not_picked":["Pommel Strike+1","Thunderclap","Pummel"],"picked":"SKIP","floor":31.0},{"not_picked":["Dual Wield","Burning Pact","Anger"],"picked":"SKIP","floor":31.0},{"not_picked":["Iron Wave","Clothesline","Ghostly Armor+1"],"picked":"SKIP","floor":35},{"not_picked":["Body Slam","Burning Pact","Wild Strike+1"],"picked":"SKIP","floor":35},{"not_picked":["Cleave","Bloodletting","Sword Boomerang+1"],"picked":"SKIP","floor":37},{"not_picked":["Clothesline+1","Dark Embrace","Flex+1"],"picked":"SKIP","floor":37},{"not_picked":["Spot Weakness+1","Headbutt+1"],"picked":"Burning Pact+1","floor":38},{"not_picked":["True Grit","Twin Strike+1","Body Slam"],"picked":"SKIP","floor":38},{"not_picked":["Flex+1","Pommel Strike+1","Searing Blow+1"],"picked":"SKIP","floor":46},{"not_picked":["True Grit","Cleave","Ghostly Armor"],"picked":"SKIP","floor":46},{"not_picked":["Uppercut","Twin Strike+1","Havoc"],"picked":"SKIP","floor":47},{"not_picked":["Uppercut","Headbutt","Anger"],"picked":"SKIP","floor":47},{"not_picked":["Headbutt+1","Bludgeon","Flex+1"],"picked":"SKIP","floor":48},{"not_picked":["Sentinel+1","Clash","Cleave+1"],"picked":"SKIP","floor":48}],"player_experience":5742930,"relics_obtained":[{"floor":6.0,"key":"Ancient Tea Set"},{"floor":8.0,"key":"Odd Mushroom"},{"floor":9.0,"key":"Mercury Hourglass"},{"floor":11.0,"key":"Prayer Wheel"},{"floor":24.0,"key":"Bottled Tornado"},{"floor":26.0,"key":"Blood Vial"},{"floor":43,"key":"Dodecahedron"}],"event_choices":[{"damage_healed":0.0,"max_hp_gain":0.0,"max_hp_loss":0.0,"gold_gain":0.0,"cards_transformed":["Bash"],"event_name":"Living Wall","player_choice":"Change","floor":4.0,"gold_loss":0.0,"damage_taken":0.0,"cards_obtained":["Impervious"]},{"damage_healed":0.0,"max_hp_gain":5.0,"max_hp_loss":0.0,"gold_gain":0.0,"event_name":"Big Fish","player_choice":"Donut","floor":5.0,"gold_loss":0.0,"damage_taken":0.0},{"damage_healed":0.0,"max_hp_gain":0.0,"max_hp_loss":0.0,"gold_gain":0.0,"event_name":"Mushrooms","player_choice":"Fought Mushrooms","floor":8.0,"gold_loss":0.0,"damage_taken":0.0},{"cards_removed":["Strike_R"],"damage_healed":0.0,"max_hp_gain":0.0,"max_hp_loss":0.0,"gold_gain":0.0,"event_name":"Golden Wing","player_choice":"Card Removal","floor":13.0,"gold_loss":0.0,"damage_taken":7.0},{"damage_healed":0.0,"max_hp_gain":0.0,"max_hp_loss":0.0,"gold_gain":99.0,"event_name":"Nest","player_choice":"Stole From Cult","floor":19.0,"gold_loss":0.0,"damage_taken":0.0},{"damage_healed":0.0,"max_hp_gain":5.0,"max_hp_loss":0.0,"gold_gain":0.0,"event_name":"Forgotten Altar","player_choice":"Shed Blood","floor":21.0,"gold_loss":0.0,"damage_taken":21.0},{"damage_healed":0.0,"max_hp_gain":0.0,"max_hp_loss":0.0,"gold_gain":0.0,"event_name":"Addict","player_choice":"Obtained Relic","floor":30.0,"gold_loss":85.0,"damage_taken":0.0,"relics_obtained":["Orichalcum"]},{"damage_healed":0,"gold_gain":100,"player_choice":"Pray","damage_taken":0,"max_hp_gain":0,"max_hp_loss":0,"event_name":"Golden Shrine","floor":36,"gold_loss":0},{"cards_removed":["Defend_R"],"damage_healed":0,"gold_gain":0,"player_choice":"Upgrade and Remove","damage_taken":0,"max_hp_gain":0,"max_hp_loss":0,"event_name":"Designer","floor":45,"gold_loss":90,"cards_upgraded":["Searing Blow"]}],"is_beta":false,"boss_relics":[{"not_picked":["Black Star","Tiny House"],"picked":"Astrolabe"},{"not_picked":["Pandora\u0027s Box","Velvet Choker"],"picked":"Runic Pyramid"}],"items_purged_floors":[14,20,39],"is_endless":false,"potions_floor_spawned":[6,11,18,24,31,35,38,41],"ascension_level":0}