{"gold_per_floor":[118,118,17,17,17,17,17,43,55,27,42,42,117,134,134,134],"floor_reached":16,"playtime":151,"items_purged":["Strike_R"],"score":242,"play_id":"7903d26a-7151-4a24-b753-2c545a049a12","local_time":"20190223153517","is_ascension_mode":true,"campfire_choices":[{"data":"Body Slam","floor":6,"key":"SMITH"},{"data":"Bash","floor":12,"key":"SMITH"},{"data":"Evolve","floor":15,"key":"SMITH"}],"neow_cost":"NONE","seed_source_timestamp":17735159646038,"circlet_count":0,"master_deck":["AscendersBane","Strike_R","Strike_R","Strike_R","Defend_R","Defend_R","Defend_R+1","Defend_R","Bash+1","Shockwave+1","Body Slam+1","Evolve+1"],"relics":["Burning Blood","NeowsBlessing","Charon\u0027s Ashes","MawBank","Paper Frog"],"potions_floor_usage":[],"damage_taken":[{"damage":0,"enemies":"Jaw Worm","floor":1,"turns":1},{"damage":0,"enemies":"Lagavulin","floor":8,"turns":1},{"damage":0,"enemies":"Small Slimes","floor":11,"turns":1},{"damage":7,"enemies":"2 Louse","floor":14,"turns":3},{"damage":0,"enemies":"Slime Boss","floor":16,"turns":1}],"seed_played":"-153060758799115535","potions_obtained":[{"floor":8,"key":"SneckoOil"},{"floor":11,"key":"BloodPotion"},{"floor":14,"key":"SneckoOil"}],"is_trial":false,"path_per_floor":["M","?","$","?","?","R","$","E","T","$","M","R","?","M","R","B"],"character_chosen":"IRONCLAD","items_purchased":["Body Slam","Evolve"],"campfire_rested":0,"item_purchase_floors":[3,10],"current_hp_per_floor":[74,51,51,44,26,26,26,32,32,32,38,38,27,26,26,26],"gold":134,"neow_bonus":"THREE_ENEMY_KILL","is_prod":false,"is_daily":false,"chose_seed":false,"campfire_upgraded":3,"win_rate":0,"timestamp":1550907317,"path_taken":["M","?","$","?","?","R","$","E","T","?","M","R","?","M","R","BOSS"],"build_version":"2019-01-23","purchased_purges":1,"victory":false,"max_hp_per_floor":[75,75,75,75,75,75,75,75,75,75,75,75,75,75,75,75],"card_choices":[{"not_picked":["Cleave","Headbutt"],"picked":"Shockwave","floor":1},{"not_picked":["Iron Wave","Anger","Brutality"],"picked":"SKIP","floor":8},{"not_picked":["Anger","Cleave","Blood for Blood"],"picked":"SKIP","floor":11},{"not_picked":["Armaments","Whirlwind","Twin Strike"],"picked":"SKIP","floor":14}],"player_experience":3077878,"relics_obtained":[{"floor":8,"key":"MawBank"},{"floor":9,"key":"Paper Frog"}],"event_choices":[{"damage_healed":0,"gold_gain":0,"player_choice":"Entered Light","damage_taken":23,"max_hp_gain":0,"max_hp_loss":0,"event_name":"Shining Light","floor":2,"gold_loss":0,"cards_upgraded":["Shockwave","Defend_R"]},{"cards_removed":["Strike_R"],"damage_healed":0,"gold_gain":0,"player_choice":"Card Removal","damage_taken":7,"max_hp_gain":0,"max_hp_loss":0,"event_name":"Golden Wing","floor":4,"gold_loss":0},{"damage_healed":0,"gold_gain":0,"player_choice":"Success","damage_taken":18,"relics_obtained":["Charon\u0027s Ashes"],"max_hp_gain":0,"max_hp_loss":0,"event_name":"Scrap Ooze","floor":5,"gold_loss":0},{"damage_healed":0,"gold_gain":75,"player_choice":"Gather Gold","damage_taken":11,"max_hp_gain":0,"max_hp_loss":0,"event_name":"World of Goop","floor":13,"gold_loss":0}],"is_beta":false,"boss_relics":[],"items_purged_floors":[3],"is_endless":false,"potions_floor_spawned":[8,11,14],"killed_by":"Slime Boss","ascension_level":20}