{"gold_per_floor":[116,41,60,30,45,45,45,45,45,73,85,85,85,105,105,184,184,203,203,217,142,90,90,105,105,105,117,117],"floor_reached":28,"playtime":597,"items_purged":["Strike_B"],"score":436,"play_id":"1f98903b-5051-456b-b90f-30e85bc16b2d","local_time":"20190712004617","is_ascension_mode":true,"campfire_choices":[{"data":"Doom and Gloom","floor":6.0,"key":"SMITH"},{"data":"Dualcast","floor":8.0,"key":"SMITH"},{"data":"Skim","floor":13.0,"key":"SMITH"},{"data":"Turbo","floor":15.0,"key":"SMITH"},{"data":"Defragment","floor":23,"key":"SMITH"},{"data":"Fission","floor":25,"key":"SMITH"}],"neow_cost":"NONE","seed_source_timestamp":262380334287398,"circlet_count":0,"master_deck":["AscendersBane","Defend_B","Defend_B","Defend_B","Zap","Dualcast+1","Turbo+1","Doom and Gloom+1","Conserve Battery","Skim+1","Ball Lightning+1","Machine Learning","Defragment+1","Fission+1","Chill","Redo","Cold Snap+1"],"special_seed":0,"relics":["Cracked Core","NeowsBlessing","Potion Belt","Runic Pyramid","Nloth\u0027s Gift","Whetstone"],"potions_floor_usage":[27,27,27],"damage_taken":[{"damage":0.0,"enemies":"2 Louse","floor":1.0,"turns":1.0},{"damage":0.0,"enemies":"Cultist","floor":3.0,"turns":1.0},{"damage":0.0,"enemies":"Small Slimes","floor":5.0,"turns":1.0},{"damage":2.0,"enemies":"Gremlin Nob","floor":10.0,"turns":3.0},{"damage":2.0,"enemies":"Red Slaver","floor":11.0,"turns":3.0},{"damage":1.0,"enemies":"Looter","floor":14.0,"turns":2.0},{"damage":23.0,"enemies":"Hexaghost","floor":16.0,"turns":7.0},{"damage":1.0,"enemies":"Spheric Guardian","floor":18.0,"turns":3.0},{"damage":28.0,"enemies":"2 Thieves","floor":20.0,"turns":3.0},{"damage":19,"enemies":"Cultist and Chosen","floor":24,"turns":5},{"damage":5,"enemies":"Chosen and Byrds","floor":27,"turns":5},{"damage":16,"enemies":"Snake Plant","floor":28,"turns":1}],"seed_played":"-6987065718186730646","potions_obtained":[{"floor":3.0,"key":"Ancient Potion"},{"floor":4.0,"key":"SteroidPotion"},{"floor":10.0,"key":"PowerPotion"},{"floor":14.0,"key":"Explosive Potion"},{"floor":16.0,"key":"PowerPotion"},{"floor":20.0,"key":"PowerPotion"}],"is_trial":false,"path_per_floor":["M","$","M","?","M","R","?","R","T","E","M","?","R","M","R","B",null,"M","?","M","?","$","R","M","R","T","M","M"],"character_chosen":"DEFECT","items_purchased":["Redo"],"campfire_rested":0,"item_purchase_floors":[22],"current_hp_per_floor":[64,64,64,64,64,64,64,64,64,62,60,60,60,59,59,36,62,61,61,33,33,33,33,14,14,14,9,0],"gold":117,"neow_bonus":"THREE_ENEMY_KILL","is_prod":false,"is_daily":false,"chose_seed":false,"campfire_upgraded":6,"win_rate":0,"timestamp":1562859977,"path_taken":["M","$","M","?","?","R","?","R","T","E","M","?","R","M","R","BOSS","M","?","?","?","?","R","?","R","T","M","M"],"build_version":"2019-07-05","purchased_purges":1,"victory":false,"max_hp_per_floor":[71,71,71,71,71,71,71,71,71,71,71,71,71,71,71,71,71,71,71,71,71,71,71,71,71,71,71,71],"card_choices":[{"not_picked":["Cold Snap","Rebound"],"picked":"Turbo","floor":1.0},{"not_picked":["Sweeping Beam","Redo"],"picked":"Doom and Gloom","floor":3.0},{"not_picked":["Rebound","Force Field"],"picked":"Conserve Battery","floor":5.0},{"not_picked":["Go for the Eyes","Storm","Capacitor"],"picked":"SKIP","floor":10.0},{"not_picked":["Fusion","Tempest"],"picked":"Skim","floor":11.0},{"not_picked":["Doom and Gloom","Stack"],"picked":"Ball Lightning","floor":14.0},{"not_picked":["All For One","Amplify"],"picked":"Machine Learning","floor":16.0},{"not_picked":["Self Repair","Barrage+1"],"picked":"Defragment","floor":18.0},{"not_picked":["Stack","Conserve Battery","Barrage+1"],"picked":"SKIP","floor":20.0},{"not_picked":["Gash","Steam Power"],"picked":"Cold Snap+1","floor":24},{"not_picked":["Ball Lightning","Steam Power","BootSequence+1"],"picked":"SKIP","floor":27}],"player_experience":630552,"relics_obtained":[{"floor":9.0,"key":"Centennial Puzzle"},{"floor":10.0,"key":"Potion Belt"},{"floor":26,"key":"Whetstone"}],"event_choices":[{"damage_healed":0.0,"max_hp_gain":0.0,"max_hp_loss":0.0,"gold_gain":0.0,"event_name":"The Woman in Blue","player_choice":"Bought 2 Potions","floor":4.0,"gold_loss":0.0,"damage_taken":0.0},{"cards_removed":["Strike_B"],"damage_healed":0.0,"max_hp_gain":0.0,"max_hp_loss":0.0,"gold_gain":0.0,"event_name":"Living Wall","player_choice":"Forget","floor":7.0,"gold_loss":0.0,"damage_taken":0.0},{"cards_removed":["Defend_B"],"damage_healed":0.0,"max_hp_gain":0.0,"max_hp_loss":0.0,"gold_gain":0.0,"event_name":"Purifier","player_choice":"Purged","floor":12.0,"gold_loss":0.0,"damage_taken":0.0},{"damage_healed":0.0,"max_hp_gain":0.0,"max_hp_loss":0.0,"gold_gain":0.0,"event_name":"N\u0027loth","player_choice":"Traded Relic","floor":19.0,"relics_lost":["Centennial Puzzle"],"gold_loss":0.0,"damage_taken":0.0,"relics_obtained":["Nloth\u0027s Gift"]},{"damage_healed":0,"gold_gain":0,"cards_transformed":["Strike_B","Strike_B"],"player_choice":"Transformed Cards","damage_taken":0,"max_hp_gain":0,"max_hp_loss":0,"event_name":"Designer","floor":21,"gold_loss":75,"cards_obtained":["Fission","Chill"]}],"is_beta":false,"boss_relics":[{"not_picked":["Philosopher\u0027s Stone","Black Star"],"picked":"Runic Pyramid"}],"items_purged_floors":[2],"is_endless":false,"potions_floor_spawned":[3,10,14,16,18,20],"killed_by":"Snake Plant","ascension_level":20}