{"gold_per_floor":[112,128,39,39,52,52,82,95,115,142,142,142],"floor_reached":12,"playtime":552,"items_purged":[],"score":243,"play_id":"181989dc-6a04-4821-8fc1-38a882b0588a","local_time":"20190129181814","is_ascension_mode":true,"campfire_choices":[{"data":"Neutralize","floor":6.0,"key":"SMITH"},{"data":"Well Laid Plans","floor":11.0,"key":"SMITH"}],"neow_cost":"CURSE","seed_source_timestamp":27863428685437,"circlet_count":0,"master_deck":["AscendersBane","Defend_G","Defend_G","Defend_G","Defend_G","Defend_G","Strike_G","Strike_G","Strike_G","Strike_G","Strike_G","Survivor","Neutralize+1","Shame","After Image","Caltrops","Cloak And Dagger","Well Laid Plans+1","Cloak And Dagger","Cloak And Dagger","Prepared","Wraith Form v2"],"special_seed":0,"relics":["Ring of the Snake","AscMod:CursedBank","AscMod:StarOfAscension","Oddly Smooth Stone","Orichalcum","Anchor"],"potions_floor_usage":[12],"damage_taken":[{"damage":1.0,"enemies":"Jaw Worm","floor":1.0,"turns":9.0},{"damage":1.0,"enemies":"Cultist","floor":2.0,"turns":4.0},{"damage":6.0,"enemies":"Small Slimes","floor":5.0,"turns":6.0},{"damage":0.0,"enemies":"Lagavulin","floor":7.0,"turns":10.0},{"damage":0.0,"enemies":"2 Fungi Beasts","floor":8.0,"turns":4.0},{"damage":32.0,"enemies":"Gremlin Nob","floor":10.0,"turns":6.0},{"damage":12,"enemies":"Lagavulin","floor":12,"turns":13}],"seed_played":"-664807277541843604","potions_obtained":[{"floor":1.0,"key":"Strength Potion"},{"floor":2.0,"key":"Dexterity Potion"},{"floor":4.0,"key":"AttackPotion"},{"floor":10.0,"key":"GamblersBrew"}],"is_trial":false,"path_per_floor":["M","M","$","?","M","R","E","M","T","E","R","E"],"character_chosen":"THE_SILENT","items_purchased":["Well Laid Plans"],"campfire_rested":0,"item_purchase_floors":[3],"current_hp_per_floor":[58,57,57,57,51,51,51,51,51,19,19,7],"gold":142,"neow_bonus":"THREE_RARE_CARDS","is_prod":false,"is_daily":false,"chose_seed":false,"campfire_upgraded":2,"win_rate":0,"timestamp":1548757094,"path_taken":["M","M","$","?","?","R","E","?","T","E","R","E"],"build_version":"2019-01-23","purchased_purges":0,"victory":false,"max_hp_per_floor":[66,66,66,66,66,66,66,66,66,66,66,66],"card_choices":[{"not_picked":["Wraith Form v2","Envenom"],"picked":"After Image","floor":0.0},{"not_picked":["Terror","Leg Sweep"],"picked":"Caltrops","floor":1.0},{"not_picked":["Underhanded Strike","Dodge and Roll"],"picked":"Cloak And Dagger","floor":2.0},{"not_picked":["Quick Slash","Blur"],"picked":"Cloak And Dagger","floor":5.0},{"not_picked":["Dagger Throw","Outmaneuver"],"picked":"Cloak And Dagger","floor":7.0},{"not_picked":["Deflect","Bane"],"picked":"Prepared","floor":8.0},{"not_picked":["Slice","Backstab"],"picked":"Wraith Form v2","floor":10.0}],"player_experience":2380502,"relics_obtained":[{"floor":7.0,"key":"Oddly Smooth Stone"},{"floor":9.0,"key":"Orichalcum"},{"floor":10.0,"key":"Anchor"}],"event_choices":[{"damage_healed":0.0,"max_hp_gain":0.0,"max_hp_loss":0.0,"gold_gain":0.0,"event_name":"Lab","player_choice":"Got Potions","floor":4.0,"gold_loss":0.0,"damage_taken":0.0}],"is_beta":false,"boss_relics":[],"items_purged_floors":[],"is_endless":false,"potions_floor_spawned":[1,2,5,10],"killed_by":"Lagavulin","ascension_level":23}