{"gold_per_floor":[112,112,112,0,10,10,27,37,37,37,63,63,91,106,106,178,178,190,190,208,208,108,108,126,126,126,126,1,19,19,33,33,110,110,129,1128,1128,1128,1143,1143,570,625,700,720,259,286,286,286],"floor_reached":48,"playtime":1194,"items_purged":["Strike_R","Strike_R","Strike_R","Normality","Strike_R"],"score":1057,"play_id":"5e6fdf48-92f4-44d0-97af-ce011f9eac0d","local_time":"20190320130429","is_ascension_mode":true,"campfire_choices":[{"data":"Inflame","floor":10.0,"key":"SMITH"},{"data":"Spot Weakness","floor":12.0,"key":"SMITH"},{"data":"Spot Weakness","floor":15.0,"key":"SMITH"},{"data":"Spot Weakness","floor":23.0,"key":"SMITH"},{"data":"Sword Boomerang","floor":25.0,"key":"SMITH"},{"data":"Ghostly","floor":27.0,"key":"SMITH"},{"data":"Dual Wield","floor":32.0,"key":"SMITH"},{"data":"Offering","floor":40,"key":"SMITH"},{"floor":47,"key":"RECALL"}],"neow_cost":"NONE","seed_source_timestamp":5716496347711,"circlet_count":0,"master_deck":["AscendersBane","Defend_R","Defend_R","Defend_R","Defend_R","Bash","Reaper","Inflame+1","Fiend Fire","Reaper","Spot Weakness+1","Spot Weakness+1","Disarm","Evolve","Offering+1","Spot Weakness+1","Ghostly+1","Ghostly","Ghostly","Shockwave+1","Sword Boomerang+1","Burning Pact+1","Dual Wield+1","Reaper","Spot Weakness+1","Master of Strategy","Dropkick","Inflame","Evolve","Burning Pact+1"],"special_seed":0,"relics":["Burning Blood","NeowsBlessing","Letter Opener","Ornamental Fan","Sundial","Runic Dome","Question Card","Philosopher\u0027s Stone","Centennial Puzzle","Sling","Peace Pipe","Paper Frog","Bottled Tornado"],"potions_floor_usage":[39],"damage_taken":[{"damage":0.0,"enemies":"Jaw Worm","floor":1.0,"turns":1.0},{"damage":0.0,"enemies":"2 Louse","floor":5.0,"turns":1.0},{"damage":0.0,"enemies":"Small Slimes","floor":7.0,"turns":1.0},{"damage":41.0,"enemies":"Gremlin Gang","floor":8.0,"turns":6.0},{"damage":36.0,"enemies":"Gremlin Nob","floor":11.0,"turns":4.0},{"damage":31.0,"enemies":"Lagavulin","floor":13.0,"turns":7.0},{"damage":28.0,"enemies":"Blue Slaver","floor":14.0,"turns":5.0},{"damage":90.0,"enemies":"Hexaghost","floor":16.0,"turns":11.0},{"damage":36.0,"enemies":"Spheric Guardian","floor":18.0,"turns":5.0},{"damage":9.0,"enemies":"2 Thieves","floor":20.0,"turns":3.0},{"damage":22.0,"enemies":"Snake Plant","floor":24.0,"turns":5.0},{"damage":15.0,"enemies":"3 Cultists","floor":29.0,"turns":4.0},{"damage":16.0,"enemies":"Snecko","floor":31.0,"turns":4.0},{"damage":27.0,"enemies":"Champ","floor":33.0,"turns":8.0},{"damage":3,"enemies":"Orb Walker","floor":35,"turns":3},{"damage":37,"enemies":"3 Darklings","floor":39,"turns":4},{"damage":8,"enemies":"2 Orb Walkers","floor":42,"turns":2},{"damage":1,"enemies":"Spire Growth","floor":44,"turns":2},{"damage":6,"enemies":"Reptomancer","floor":46,"turns":2},{"damage":62,"enemies":"Sphere and 2 Shapes","floor":48,"turns":3}],"seed_played":"-3926288604878288529","potions_obtained":[{"floor":13.0,"key":"Regen Potion"},{"floor":14.0,"key":"FairyPotion"},{"floor":16.0,"key":"Energy Potion"},{"floor":30.0,"key":"Energy Potion"},{"floor":42,"key":"EntropicBrew"}],"is_trial":false,"path_per_floor":["M","?","?","$","M","?","M","M","T","R","E","R","E","M","R","B",null,"M","?","M","?","$","R","M","R","T","R","$","M","?","M","R","B",null,"M","?","?","?","M","R","$","?","T","M","$","E","R","M"],"character_chosen":"IRONCLAD","items_purchased":["Inflame","Inflame","Centennial Puzzle","Sling","Paper Frog"],"campfire_rested":0,"item_purchase_floors":[4,41,41,41,45],"current_hp_per_floor":[74,67,67,67,73,73,75,66,66,66,46,46,35,31,31,13,60,32,32,37,37,37,37,34,34,34,34,34,37,37,27,27,22,33,37,37,27,27,37,37,37,37,37,37,37,37,37,0],"gold":286,"neow_bonus":"THREE_ENEMY_KILL","is_prod":false,"is_daily":false,"chose_seed":false,"campfire_upgraded":8,"win_rate":0,"timestamp":1553058269,"path_taken":["M","?","?","$","?","?","?","M","T","R","E","R","E","M","R","BOSS","M","?","M","?","?","R","M","R","T","R","$","M","?","?","R","BOSS","M","?","?","?","?","R","$","?","T","M","?","E","R","M"],"build_version":"2019-01-23","purchased_purges":5,"victory":false,"max_hp_per_floor":[75,75,75,75,75,75,75,75,75,75,75,75,75,75,75,75,75,75,37,37,37,37,37,37,37,37,37,37,37,37,37,37,37,37,37,37,37,37,37,37,37,37,37,37,37,37,37,37],"card_choices":[{"not_picked":["Armaments","Pommel Strike"],"picked":"Flex","floor":1.0},{"not_picked":["Whirlwind","Wild Strike"],"picked":"Fiend Fire","floor":5.0},{"not_picked":["Whirlwind","Rupture"],"picked":"Spot Weakness","floor":7.0},{"not_picked":["Armaments","Body Slam","Anger"],"picked":"SKIP","floor":8.0},{"not_picked":["Infernal Blade","Twin Strike"],"picked":"Disarm","floor":11.0},{"not_picked":["Inflame","Sentinel"],"picked":"Evolve","floor":13.0},{"not_picked":["Body Slam","Wild Strike","Havoc"],"picked":"SKIP","floor":14.0},{"not_picked":["Bludgeon","Impervious"],"picked":"Offering","floor":16.0},{"not_picked":["Corruption","Rupture"],"picked":"Spot Weakness","floor":18.0},{"not_picked":["Sword Boomerang","Armaments+1"],"picked":"Shockwave+1","floor":20.0},{"not_picked":["Clash","Perfected Strike"],"picked":"Sword Boomerang","floor":24.0},{"not_picked":["Anger","Armaments","Metallicize"],"picked":"Burning Pact+1","floor":29.0},{"not_picked":["Armaments","Sword Boomerang","Clash"],"picked":"Dual Wield","floor":31.0},{"not_picked":["Bludgeon","Juggernaut","Dark Embrace"],"picked":"Reaper","floor":33.0},{"not_picked":["Combust","Rupture","Heavy Blade+1"],"picked":"Spot Weakness+1","floor":35},{"not_picked":["Swift Strike","Jack Of All Trades","Transmutation"],"picked":"Master of Strategy","floor":37},{"not_picked":["Warcry","Whirlwind","Body Slam+1"],"picked":"Dropkick","floor":39},{"not_picked":["Uppercut","Anger","Ghostly Armor+1"],"picked":"Evolve","floor":42},{"not_picked":["Headbutt+1","Body Slam","Heavy Blade+1","Armaments"],"picked":"SKIP","floor":44},{"not_picked":["Clash","Havoc","Twin Strike+1"],"picked":"Burning Pact+1","floor":46}],"player_experience":3746226,"relics_obtained":[{"floor":9.0,"key":"Letter Opener"},{"floor":11.0,"key":"Ornamental Fan"},{"floor":13.0,"key":"Sundial"},{"floor":26.0,"key":"Question Card"},{"floor":42,"key":"Peace Pipe"},{"floor":46,"key":"Bottled Tornado"}],"event_choices":[{"cards_removed":["Strike_R"],"damage_healed":0.0,"max_hp_gain":0.0,"max_hp_loss":0.0,"gold_gain":0.0,"event_name":"Golden Wing","player_choice":"Card Removal","floor":2.0,"gold_loss":0.0,"damage_taken":7.0},{"damage_healed":0.0,"max_hp_gain":0.0,"max_hp_loss":0.0,"gold_gain":0.0,"cards_transformed":["Flex"],"event_name":"Living Wall","player_choice":"Change","floor":3.0,"gold_loss":0.0,"damage_taken":0.0,"cards_obtained":["Reaper"]},{"damage_healed":0.0,"max_hp_gain":0.0,"max_hp_loss":0.0,"gold_gain":0.0,"event_name":"Match and Keep!","player_choice":"2 cards matched","floor":6.0,"gold_loss":0.0,"damage_taken":0.0,"cards_obtained":["Reaper","Spot Weakness"]},{"damage_healed":0.0,"max_hp_gain":0.0,"max_hp_loss":38.0,"gold_gain":0.0,"event_name":"Ghosts","player_choice":"Became a Ghost","floor":19.0,"gold_loss":0.0,"damage_taken":0.0,"cards_obtained":["Ghostly","Ghostly","Ghostly"]},{"damage_healed":0.0,"max_hp_gain":0.0,"max_hp_loss":0.0,"gold_gain":0.0,"event_name":"Vampires","player_choice":"Ignored","floor":21.0,"gold_loss":0.0,"damage_taken":0.0},{"damage_healed":0.0,"max_hp_gain":0.0,"max_hp_loss":0.0,"gold_gain":0.0,"event_name":"Lab","player_choice":"Got Potions","floor":30.0,"gold_loss":0.0,"damage_taken":0.0},{"damage_healed":0,"gold_gain":999,"player_choice":"Gold","damage_taken":0,"max_hp_gain":0,"max_hp_loss":0,"event_name":"MindBloom","floor":36,"gold_loss":0,"cards_obtained":["Normality","Normality"]},{"damage_healed":0,"gold_gain":0,"player_choice":"Memory 3","damage_taken":10,"max_hp_gain":0,"max_hp_loss":0,"event_name":"SensoryStone","floor":37,"gold_loss":0},{"cards_removed":["Normality"],"damage_healed":0,"gold_gain":0,"player_choice":"Purged","damage_taken":0,"max_hp_gain":0,"max_hp_loss":0,"event_name":"Purifier","floor":38,"gold_loss":0},{"damage_healed":0,"gold_gain":0,"player_choice":"Fight","damage_taken":0,"max_hp_gain":0,"max_hp_loss":0,"event_name":"Mysterious Sphere","floor":42,"gold_loss":0}],"is_beta":false,"boss_relics":[{"not_picked":["Lizard Tail","Empty Cage"],"picked":"Runic Dome"},{"not_picked":["Velvet Choker","Orrery"],"picked":"Philosopher\u0027s Stone"}],"items_purged_floors":[4,22,28,41,45],"is_endless":false,"potions_floor_spawned":[13,14,16,18,24,33,42],"killed_by":"Sphere and 2 Shapes","ascension_level":20}