{"gold_per_floor":[117,117,97,120,45,89,89,133,133,133,133],"floor_reached":11,"playtime":199,"items_purged":["Strike_G"],"score":208,"play_id":"cb4c0423-df27-472a-8904-ae88e333331d","local_time":"20181117224338","is_ascension_mode":true,"campfire_choices":[{"data":"Noxious Fumes","floor":7,"key":"SMITH"},{"floor":10,"key":"REST"}],"neow_cost":"NONE","seed_source_timestamp":1511590575346310,"circlet_count":0,"master_deck":["AscendersBane","Defend_G","Defend_G","Defend_G","Defend_G","Defend_G","Strike_G","Strike_G","Strike_G","Strike_G","Survivor","Neutralize","Backflip","Noxious Fumes+1","Escape Plan"],"relics":["Ring of the Snake","NeowsBlessing","Golden Idol","Ice Cream","WingedGreaves","Question Card"],"potions_floor_usage":[11],"damage_taken":[{"damage":0,"enemies":"Jaw Worm","floor":1,"turns":1},{"damage":0,"enemies":"Small Slimes","floor":4,"turns":1},{"damage":0,"enemies":"3 Sentries","floor":6,"turns":1},{"damage":27,"enemies":"Lagavulin","floor":8,"turns":9},{"damage":35,"enemies":"Gremlin Nob","floor":11,"turns":4}],"seed_played":"-2316278668031993449","potions_obtained":[{"floor":3,"key":"LiquidBronze"},{"floor":8,"key":"SkillPotion"}],"is_trial":false,"path_per_floor":["M","?","?","M","$","E","R","E","T","R","E"],"character_chosen":"THE_SILENT","items_purchased":[],"campfire_rested":1,"item_purchase_floors":[],"current_hp_per_floor":[59,36,36,36,36,36,36,9,9,28,0],"gold":133,"neow_bonus":"THREE_ENEMY_KILL","is_prod":false,"is_daily":false,"chose_seed":false,"campfire_upgraded":1,"win_rate":0,"timestamp":1542465818,"path_taken":["M","?","?","?","?","E","R","E","T","R","E"],"build_version":"2018-11-15","purchased_purges":1,"victory":false,"max_hp_per_floor":[66,66,66,66,66,66,66,66,66,66,66],"card_choices":[{"not_picked":["Slice","Flechettes"],"picked":"Backflip","floor":1},{"not_picked":["Dodge and Roll","Cloak And Dagger","PiercingWail"],"picked":"SKIP","floor":4},{"not_picked":["Escape Plan","All Out Attack"],"picked":"Noxious Fumes","floor":6},{"not_picked":["Prepared","PiercingWail"],"picked":"Escape Plan","floor":8}],"player_experience":516808,"relics_obtained":[{"floor":6,"key":"Ice Cream"},{"floor":8,"key":"WingedGreaves"},{"floor":9,"key":"Question Card"}],"event_choices":[{"damage_healed":0,"gold_gain":0,"player_choice":"Take Damage","damage_taken":23,"relics_obtained":["Golden Idol"],"max_hp_gain":0,"max_hp_loss":0,"event_name":"Golden Idol","floor":2,"gold_loss":0},{"damage_healed":0,"gold_gain":0,"player_choice":"Bought 1 Potion","damage_taken":0,"max_hp_gain":0,"max_hp_loss":0,"event_name":"The Woman in Blue","floor":3,"gold_loss":0}],"is_beta":true,"boss_relics":[],"items_purged_floors":[5],"is_endless":false,"potions_floor_spawned":[8],"killed_by":"Gremlin Nob","ascension_level":20}