{"gold_per_floor":[109,109,24,24,37,69,69,102,102,118,118,118,144,116],"floor_reached":14,"playtime":161,"items_purged":[],"score":242,"play_id":"3ddc688e-ae85-4639-8163-0d7d46297c08","local_time":"20190722222616","is_ascension_mode":true,"campfire_choices":[{"data":"Deadly Poison","floor":7.0,"key":"SMITH"},{"data":"Calculated Gamble","floor":11.0,"key":"SMITH"}],"neow_cost":"NONE","seed_source_timestamp":332730169773800,"circlet_count":0,"master_deck":["AscendersBane","Strike_G","Strike_G","Strike_G","Strike_G","Defend_G","Defend_G","Defend_G","Defend_G","Defend_G","Survivor","Neutralize","Tactician","Escape Plan","Deadly Poison+1","Calculated Gamble+1"],"special_seed":0,"relics":["Ring of the Snake","NeowsBlessing","Gremlin Horn","Anchor","Matryoshka","Question Card","MawBank"],"potions_floor_usage":[],"damage_taken":[{"damage":0.0,"enemies":"Jaw Worm","floor":1.0,"turns":1.0},{"damage":0.0,"enemies":"Small Slimes","floor":5.0,"turns":1.0},{"damage":0.0,"enemies":"3 Sentries","floor":6.0,"turns":2.0},{"damage":46.0,"enemies":"Gremlin Nob","floor":8.0,"turns":5.0},{"damage":0.0,"enemies":"2 Louse","floor":10.0,"turns":2.0},{"damage":11,"enemies":"Looter","floor":14,"turns":2}],"seed_played":"-3133004475191607997","potions_obtained":[{"floor":1.0,"key":"SteroidPotion"}],"is_trial":false,"path_per_floor":["M","?","$","?","M","E","R","E","T","M","R","?","T","M"],"character_chosen":"THE_SILENT","items_purchased":["Tactician"],"campfire_rested":0,"item_purchase_floors":[3],"current_hp_per_floor":[59,52,52,57,57,57,57,11,11,11,11,11,11,0],"gold":116,"neow_bonus":"THREE_ENEMY_KILL","is_prod":false,"is_daily":false,"chose_seed":false,"campfire_upgraded":2,"win_rate":0,"timestamp":1563805576,"path_taken":["M","?","$","?","M","E","R","E","T","M","R","?","?","M"],"build_version":"2019-07-17","purchased_purges":0,"victory":false,"max_hp_per_floor":[66,66,66,71,71,71,71,71,71,71,71,71,71,71],"card_choices":[{"not_picked":["Finisher","Setup","Quick Slash"],"picked":"SKIP","floor":1.0},{"not_picked":["Deflect","Tactician"],"picked":"Escape Plan","floor":5.0},{"not_picked":["Outmaneuver","PiercingWail"],"picked":"Deadly Poison","floor":6.0},{"not_picked":["Deadly Poison","Dash"],"picked":"Calculated Gamble","floor":8.0},{"not_picked":["Caltrops","Infinite Blades","Deflect"],"picked":"SKIP","floor":10.0}],"player_experience":667760,"relics_obtained":[{"floor":6.0,"key":"Gremlin Horn"},{"floor":8.0,"key":"Anchor"},{"floor":9.0,"key":"Matryoshka"},{"floor":13.0,"key":"Question Card"},{"floor":13.0,"key":"MawBank"}],"event_choices":[{"cards_removed":["Strike_G"],"damage_healed":0.0,"max_hp_gain":0.0,"max_hp_loss":0.0,"gold_gain":0.0,"event_name":"Golden Wing","player_choice":"Card Removal","floor":2.0,"gold_loss":0.0,"damage_taken":7.0},{"damage_healed":0.0,"max_hp_gain":5.0,"max_hp_loss":0.0,"gold_gain":0.0,"event_name":"Big Fish","player_choice":"Donut","floor":4.0,"gold_loss":0.0,"damage_taken":0.0},{"damage_healed":0.0,"max_hp_gain":0.0,"max_hp_loss":0.0,"gold_gain":0.0,"event_name":"Shining Light","player_choice":"Ignored","floor":12.0,"gold_loss":0.0,"damage_taken":0.0}],"is_beta":false,"boss_relics":[],"items_purged_floors":[],"is_endless":false,"potions_floor_spawned":[1],"killed_by":"Looter","ascension_level":20}