{"gold_per_floor":[109,5,5,5,80,110,110,142,165,193,213,213,226,244,244,317,317,329,343,358,369,136,136,153,153,153,165,182,199,199,210,210,285,285,298,318,342,217,197,197,224,224,248,277,289,289,139,159,159,159,159,159,159,104,131,131],"floor_reached":57,"playtime":2545,"items_purged":["Strike_R","Strike_R","Strike_R","Strike_R"],"score":3068,"play_id":"f6136c64-457d-4339-a984-de4586c1e48f","local_time":"20190803015800","is_ascension_mode":true,"campfire_choices":[{"data":"True Grit","floor":12.0,"key":"SMITH"},{"data":"Rampage","floor":15.0,"key":"SMITH"},{"data":"Offering","floor":23.0,"key":"SMITH"},{"data":"Shrug It Off","floor":25.0,"key":"SMITH"},{"floor":32.0,"key":"REST"},{"data":"Evolve","floor":40.0,"key":"SMITH"},{"floor":49.0,"key":"RECALL"},{"data":"Dark Embrace","floor":53.0,"key":"SMITH"}],"neow_cost":"NONE","seed_source_timestamp":454895055655538,"circlet_count":0,"master_deck":["AscendersBane","Defend_R","Defend_R","Defend_R","Defend_R","Rampage+1","True Grit+1","Fiend Fire+1","Feed+1","Hemokinesis+1","Second Wind","Offering+1","Shrug It Off+1","Body Slam+1","Ghostly Armor","Juggernaut","Evolve+1","Pommel Strike+1","Dark Embrace+1"],"special_seed":0,"relics":["Black Blood","NeowsBlessing","Juzu Bracelet","Molten Egg 2","Kunai","Centennial Puzzle","Orichalcum","Tiny Chest","Philosopher\u0027s Stone","Boot","Strawberry","Bag of Preparation","Sundial","Bronze Scales"],"potions_floor_usage":[55,56],"damage_taken":[{"damage":0.0,"enemies":"2 Louse","floor":1.0,"turns":1.0},{"damage":0.0,"enemies":"3 Sentries","floor":6.0,"turns":2.0},{"damage":0.0,"enemies":"Lagavulin","floor":8.0,"turns":2.0},{"damage":32.0,"enemies":"3 Sentries","floor":10.0,"turns":11.0},{"damage":0.0,"enemies":"Jaw Worm","floor":11.0,"turns":2.0},{"damage":4.0,"enemies":"Small Slimes","floor":13.0,"turns":3.0},{"damage":5.0,"enemies":"Red Slaver","floor":14.0,"turns":3.0},{"damage":56.0,"enemies":"The Guardian","floor":16.0,"turns":8.0},{"damage":24.0,"enemies":"3 Byrds","floor":18.0,"turns":6.0},{"damage":22.0,"enemies":"2 Thieves","floor":19.0,"turns":3.0},{"damage":22.0,"enemies":"Snake Plant","floor":20.0,"turns":3.0},{"damage":20.0,"enemies":"3 Cultists","floor":21.0,"turns":5.0},{"damage":29.0,"enemies":"Centurion and Healer","floor":24.0,"turns":6.0},{"damage":6.0,"enemies":"Snake Plant","floor":27.0,"turns":2.0},{"damage":28.0,"enemies":"3 Cultists","floor":28.0,"turns":5.0},{"damage":9.0,"enemies":"Centurion and Healer","floor":29.0,"turns":8.0},{"damage":15.0,"enemies":"Snake Plant","floor":31.0,"turns":3.0},{"damage":46.0,"enemies":"Collector","floor":33.0,"turns":5.0},{"damage":6.0,"enemies":"3 Darklings","floor":35.0,"turns":6.0},{"damage":6.0,"enemies":"Orb Walker","floor":36.0,"turns":1.0},{"damage":33.0,"enemies":"Giant Head","floor":41.0,"turns":8.0},{"damage":52.0,"enemies":"Reptomancer","floor":44.0,"turns":6.0},{"damage":4.0,"enemies":"Maw","floor":45.0,"turns":4.0},{"damage":6.0,"enemies":"Spire Growth","floor":48.0,"turns":2.0},{"damage":8.0,"enemies":"Awakened One","floor":50.0,"turns":2.0},{"damage":29.0,"enemies":"Time Eater","floor":51.0,"turns":6.0},{"damage":19,"enemies":"Shield and Spear","floor":55,"turns":3},{"damage":28,"enemies":"The Heart","floor":56,"turns":5}],"seed_played":"7013878388432429454","potions_obtained":[{"floor":1.0,"key":"AttackPotion"},{"floor":10.0,"key":"LiquidBronze"},{"floor":16.0,"key":"Strength Potion"},{"floor":24.0,"key":"BloodPotion"},{"floor":30.0,"key":"Swift Potion"},{"floor":30.0,"key":"Poison Potion"},{"floor":33.0,"key":"PowerPotion"},{"floor":35.0,"key":"Weak Potion"},{"floor":48.0,"key":"SkillPotion"}],"is_trial":false,"path_per_floor":["M","$","?","?","?","E","?","E","T","E","M","R","M","M","R","B",null,"M","M","M","M","$","R","M","R","T","M","M","M","?","M","R","B",null,"M","M","T","$","?","R","E","?","T","E","M","?","$","M","R","B","B",null,"R","$","E","B",null],"character_chosen":"IRONCLAD","items_purchased":["True Grit","Tiny Chest","Dexterity Potion"],"campfire_rested":1,"item_purchase_floors":[2,22,54],"current_hp_per_floor":[74,74,79,61,50,56,56,66,66,44,50,50,56,61,61,11,75,65,53,41,31,31,31,16,16,16,46,28,29,29,28,60,24,87,91,95,95,95,95,95,79,79,79,37,43,43,43,47,47,53,34,98,98,98,93,75],"gold":131,"neow_bonus":"THREE_ENEMY_KILL","is_prod":false,"is_daily":false,"chose_seed":false,"campfire_upgraded":6,"win_rate":0,"timestamp":1564765080,"path_taken":["M","$","?","?","?","E","?","E","T","E","M","R","M","M","R","BOSS","M","M","M","M","$","R","M","R","T","M","M","M","?","M","R","BOSS","M","M","?","$","?","R","E","?","T","E","M","?","$","M","R","BOSS","BOSS","R","$","E","BOSS"],"build_version":"2019-07-17","purchased_purges":4,"victory":true,"max_hp_per_floor":[75,75,80,80,80,80,80,84,84,88,88,88,92,96,96,96,96,100,100,100,100,100,100,104,104,104,104,104,104,104,108,108,108,108,108,108,108,108,108,108,115,115,115,115,115,115,115,115,115,119,119,119,119,119,123,123],"card_choices":[{"not_picked":["Entrench","Metallicize"],"picked":"Rampage","floor":1.0},{"not_picked":["Intimidate","True Grit"],"picked":"Fiend Fire","floor":6.0},{"not_picked":["Clash+1","Fire Breathing"],"picked":"Hemokinesis+1","floor":8.0},{"not_picked":["Headbutt+1","Anger+1"],"picked":"Second Wind","floor":10.0},{"not_picked":["Sever Soul+1","Corruption","Anger+1"],"picked":"SKIP","floor":11.0},{"not_picked":["Clash+1","Twin Strike+1","Wild Strike+1"],"picked":"SKIP","floor":13.0},{"not_picked":["Sword Boomerang+1","Brutality","Heavy Blade+1"],"picked":"SKIP","floor":14.0},{"not_picked":["Bludgeon+1","Demon Form"],"picked":"Offering","floor":16.0},{"not_picked":["True Grit","Rage+1","Bloodletting"],"picked":"SKIP","floor":18.0},{"not_picked":["Flex","Flame Barrier"],"picked":"Shrug It Off","floor":19.0},{"not_picked":["Thunderclap+1","Disarm"],"picked":"Body Slam+1","floor":20.0},{"not_picked":["Ghostly Armor","Body Slam+1","Corruption+1"],"picked":"SKIP","floor":21.0},{"not_picked":["Body Slam+1","Corruption+1"],"picked":"Ghostly Armor","floor":21.0},{"not_picked":["Shockwave","Anger+1","Iron Wave+1"],"picked":"SKIP","floor":24.0},{"not_picked":["Iron Wave+1","Rupture","Thunderclap+1"],"picked":"SKIP","floor":27.0},{"not_picked":["Carnage+1","Clash+1","Thunderclap+1"],"picked":"SKIP","floor":28.0},{"not_picked":["Clash+1","Wild Strike+1","Sword Boomerang+1"],"picked":"SKIP","floor":29.0},{"not_picked":["Anger+1","Wild Strike+1","True Grit"],"picked":"SKIP","floor":31.0},{"not_picked":["Impervious","Limit Break"],"picked":"Juggernaut","floor":33.0},{"not_picked":["Sword Boomerang+1","Wild Strike+1","Corruption+1"],"picked":"SKIP","floor":35.0},{"not_picked":["Twin Strike+1","Shrug It Off"],"picked":"Evolve","floor":36.0},{"not_picked":["Perfected Strike+1","Iron Wave+1"],"picked":"Pommel Strike+1","floor":41.0},{"not_picked":["Thunderclap+1","Sword Boomerang+1","Cleave+1"],"picked":"SKIP","floor":44.0},{"not_picked":["Clothesline+1","Warcry","Cleave+1"],"picked":"SKIP","floor":45.0},{"not_picked":["Barricade","Combust","Dropkick+1"],"picked":"SKIP","floor":48.0},{"not_picked":["Anger+1","Heavy Blade+1","Combust"],"picked":"SKIP","floor":55}],"player_experience":740271,"relics_obtained":[{"floor":6.0,"key":"Molten Egg 2"},{"floor":8.0,"key":"Kunai"},{"floor":9.0,"key":"Centennial Puzzle"},{"floor":10.0,"key":"Orichalcum"},{"floor":37.0,"key":"Boot"},{"floor":41.0,"key":"Strawberry"},{"floor":43.0,"key":"Bag of Preparation"},{"floor":44.0,"key":"Sundial"},{"floor":55,"key":"Bronze Scales"}],"event_choices":[{"damage_healed":0.0,"max_hp_gain":5.0,"max_hp_loss":0.0,"gold_gain":0.0,"event_name":"Big Fish","player_choice":"Donut","floor":3.0,"gold_loss":0.0,"damage_taken":0.0},{"damage_healed":0.0,"max_hp_gain":0.0,"max_hp_loss":0.0,"gold_gain":0.0,"event_name":"Scrap Ooze","player_choice":"Success","floor":4.0,"gold_loss":0.0,"damage_taken":18.0,"relics_obtained":["Juzu Bracelet"]},{"damage_healed":0.0,"max_hp_gain":0.0,"max_hp_loss":0.0,"gold_gain":75.0,"event_name":"World of Goop","player_choice":"Gather Gold","floor":5.0,"gold_loss":0.0,"damage_taken":11.0},{"damage_healed":0.0,"max_hp_gain":0.0,"max_hp_loss":0.0,"gold_gain":0.0,"event_name":"Match and Keep!","player_choice":"1 cards matched","floor":7.0,"gold_loss":0.0,"damage_taken":0.0,"cards_obtained":["Feed"]},{"damage_healed":0.0,"max_hp_gain":0.0,"max_hp_loss":0.0,"gold_gain":0.0,"event_name":"Lab","player_choice":"Got Potions","floor":30.0,"gold_loss":0.0,"damage_taken":0.0},{"damage_healed":0.0,"max_hp_gain":0.0,"max_hp_loss":0.0,"gold_gain":0.0,"event_name":"The Woman in Blue","player_choice":"Bought 1 Potion","floor":39.0,"gold_loss":0.0,"damage_taken":0.0},{"damage_healed":0.0,"max_hp_gain":0.0,"max_hp_loss":0.0,"gold_gain":0.0,"cards_transformed":["Strike_R"],"event_name":"Transmorgrifier","player_choice":"Transformed","floor":42.0,"gold_loss":0.0,"damage_taken":0.0,"cards_obtained":["Dark Embrace"]},{"cards_removed":["Bash"],"damage_healed":0.0,"max_hp_gain":0.0,"max_hp_loss":0.0,"gold_gain":0.0,"event_name":"Falling","player_choice":"Removed Attack","floor":46.0,"gold_loss":0.0,"damage_taken":0.0}],"is_beta":false,"boss_relics":[{"not_picked":["Black Star","Ectoplasm"],"picked":"Black Blood"},{"not_picked":["Sozu","Tiny House"],"picked":"Philosopher\u0027s Stone"}],"items_purged_floors":[2,22,38,47],"is_endless":false,"potions_floor_spawned":[1,10,11,14,16,24,31,33,35,36,48],"ascension_level":20}