{"gold_per_floor":[119,44,60,60,76,76,76,76,100,119,139,139,139,159,159,261,261,273,273,290,290,300,300,200,200,269,12,24,24,56,71,71,173,173,191,191,205,205,205,232,246,1,26,26,38,38,38,55,55,55,55,55,10,37,37],"floor_reached":56,"playtime":1842,"items_purged":["Strike_R","Strike_R","Strike_R","Strike_R"],"score":1267,"play_id":"477e8928-b572-4cd7-b565-9f5a2aa0b0d8","local_time":"20181216143627","is_ascension_mode":false,"campfire_choices":[{"data":"Shockwave","floor":6.0,"key":"SMITH"},{"data":"Double Tap","floor":8.0,"key":"SMITH"},{"data":"Bash","floor":12.0,"key":"SMITH"},{"data":"Dropkick","floor":15.0,"key":"SMITH"},{"data":"Feed","floor":23.0,"key":"SMITH"},{"floor":25.0,"key":"RECALL"},{"data":"Burning Pact","floor":29.0,"key":"SMITH"},{"data":"Barricade","floor":32.0,"key":"SMITH"},{"data":"Purity","floor":44,"key":"SMITH"},{"data":"Feed","floor":49,"key":"SMITH"},{"data":"Transmutation","floor":52,"key":"SMITH"}],"neow_cost":"TEN_PERCENT_HP_LOSS","seed_source_timestamp":8119274741987,"circlet_count":0,"master_deck":["Strike_R","Defend_R","Defend_R","Defend_R+1","Bash+1","Double Tap+1","Shockwave+1","Dropkick+1","Dropkick+1","Feed+1","Burning Pact+1","Armaments+1","Barricade+1","Feed+1","Transmutation+1","Purity+1","Berserk","Second Wind","Madness","Madness","Finesse","Second Wind+1"],"special_seed":0,"relics":["Burning Blood","Pear","Omamori","Runic Pyramid","Letter Opener","Membership Card","Art of War","Philosopher\u0027s Stone","Happy Flower","PreservedInsect","Champion Belt","Ginger"],"potions_floor_usage":[55,55,55,55,55,55],"damage_taken":[{"damage":6.0,"enemies":"Cultist","floor":1.0,"turns":3.0},{"damage":1.0,"enemies":"Jaw Worm","floor":3.0,"turns":4.0},{"damage":5.0,"enemies":"Small Slimes","floor":5.0,"turns":4.0},{"damage":4.0,"enemies":"Exordium Wildlife","floor":10.0,"turns":5.0},{"damage":15.0,"enemies":"Gremlin Gang","floor":11.0,"turns":3.0},{"damage":1.0,"enemies":"Blue Slaver","floor":14.0,"turns":3.0},{"damage":56.0,"enemies":"The Guardian","floor":16.0,"turns":8.0},{"damage":5.0,"enemies":"Shell Parasite","floor":18.0,"turns":4.0},{"damage":34.0,"enemies":"2 Thieves","floor":20.0,"turns":4.0},{"damage":7.0,"enemies":"Centurion and Healer","floor":22.0,"turns":5.0},{"damage":7.0,"enemies":"Shelled Parasite and Fungi","floor":28.0,"turns":4.0},{"damage":13.0,"enemies":"Book of Stabbing","floor":30.0,"turns":4.0},{"damage":8.0,"enemies":"Snake Plant","floor":31.0,"turns":3.0},{"damage":6.0,"enemies":"Collector","floor":33.0,"turns":3.0},{"damage":7.0,"enemies":"3 Darklings","floor":35.0,"turns":3.0},{"damage":2.0,"enemies":"Orb Walker","floor":37.0,"turns":3.0},{"damage":16,"enemies":"Nemesis","floor":40,"turns":7},{"damage":0,"enemies":"Jaw Worm Horde","floor":41,"turns":3},{"damage":14,"enemies":"Transient","floor":45,"turns":5},{"damage":10,"enemies":"Spire Growth","floor":48,"turns":3},{"damage":76,"enemies":"Donu and Deca","floor":50,"turns":7},{"damage":52,"enemies":"Shield and Spear","floor":54,"turns":5},{"damage":78,"enemies":"The Heart","floor":55,"turns":7}],"seed_played":"-3507692000439992387","potions_obtained":[{"floor":3.0,"key":"SpeedPotion"},{"floor":11.0,"key":"Ancient Potion"},{"floor":14.0,"key":"Dexterity Potion"},{"floor":37.0,"key":"EntropicBrew"}],"is_trial":false,"path_per_floor":["M","$","M","$","M","R","?","R","T","M","M","R","?","M","R","B",null,"M","?","M","?","M","R","$","R","T","$","M","R","E","M","R","B",null,"M","?","M","?","?","E","M","$","T","R","M","?","T","M","R","B",null,"R","$","E","B",null],"character_chosen":"IRONCLAD","items_purchased":["Membership Card","Purity","Berserk","Second Wind","Finesse"],"campfire_rested":0,"item_purchase_floors":[27,42,42,42,53],"current_hp_per_floor":[72,72,72,72,72,72,79,79,79,81,72,72,56,61,61,11,82,85,85,60,60,62,62,62,62,62,62,65,65,62,64,64,68,107,110,110,115,105,105,99,113,113,113,113,105,89,89,89,89,27,139,139,139,101,43],"gold":37,"neow_bonus":"THREE_RARE_CARDS","is_prod":false,"is_daily":false,"chose_seed":true,"campfire_upgraded":10,"win_rate":0,"timestamp":1544942187,"path_taken":["M","$","M","$","?","R","?","R","T","M","M","R","?","M","R","BOSS","M","?","M","?","M","R","$","R","T","?","?","R","E","M","R","BOSS","M","?","M","?","?","E","M","$","T","R","M","?","?","M","R","BOSS","R","$","E","BOSS"],"build_version":"2018-12-13","purchased_purges":4,"victory":true,"max_hp_per_floor":[72,72,72,72,72,72,82,82,82,82,82,82,82,82,82,82,82,85,85,88,88,91,91,91,91,91,91,95,95,99,103,103,107,107,111,111,115,115,115,119,127,127,127,127,127,127,127,131,131,139,139,139,139,147,147],"card_choices":[{"not_picked":["Brutality","Exhume"],"picked":"Double Tap","floor":0.0},{"not_picked":["Twin Strike","Pommel Strike","Iron Wave"],"picked":"SKIP","floor":1.0},{"not_picked":["Clash","Thunderclap"],"picked":"Shockwave","floor":3.0},{"not_picked":["Fire Breathing","Heavy Blade"],"picked":"Dropkick","floor":5.0},{"not_picked":["Armaments","Demon Form"],"picked":"Dropkick","floor":10.0},{"not_picked":["Body Slam","Sword Boomerang","Thunderclap"],"picked":"SKIP","floor":11.0},{"not_picked":["Clash","Headbutt","Entrench"],"picked":"SKIP","floor":14.0},{"not_picked":["Offering","Bludgeon"],"picked":"Feed","floor":16.0},{"not_picked":["Shrug It Off+1","Reckless Charge+1","Combust"],"picked":"SKIP","floor":18.0},{"not_picked":["True Grit","Seeing Red","Disarm"],"picked":"SKIP","floor":20.0},{"not_picked":["Clash","Twin Strike"],"picked":"Armaments+1","floor":22.0},{"not_picked":["Wild Strike","Intimidate","Armaments"],"picked":"SKIP","floor":28.0},{"not_picked":["Reaper","Seeing Red+1"],"picked":"Barricade","floor":30.0},{"not_picked":["Clash","Whirlwind+1","Disarm+1"],"picked":"SKIP","floor":31.0},{"not_picked":["Demon Form","Immolate"],"picked":"Feed","floor":33.0},{"not_picked":["Disarm","Shockwave","Body Slam"],"picked":"SKIP","floor":35.0},{"not_picked":["Fire Breathing","Warcry+1","Combust"],"picked":"SKIP","floor":37.0},{"not_picked":["Flash of Steel","Blind"],"picked":"Transmutation","floor":38.0},{"not_picked":["Flex+1","Sword Boomerang+1","Intimidate"],"picked":"SKIP","floor":40},{"not_picked":["Twin Strike+1","Rupture","Havoc+1"],"picked":"SKIP","floor":41},{"not_picked":["Infernal Blade","Corruption","Shockwave"],"picked":"SKIP","floor":45},{"not_picked":["Disarm+1","Anger+1","Seeing Red"],"picked":"SKIP","floor":48},{"not_picked":["Anger+1","Warcry"],"picked":"Second Wind+1","floor":54}],"player_experience":1280709,"relics_obtained":[{"floor":9.0,"key":"Omamori"},{"floor":30.0,"key":"Art of War"},{"floor":40,"key":"Happy Flower"},{"floor":43,"key":"PreservedInsect"},{"floor":47,"key":"Champion Belt"},{"floor":54,"key":"Ginger"}],"event_choices":[{"damage_healed":0.0,"max_hp_gain":0.0,"max_hp_loss":0.0,"gold_gain":0.0,"event_name":"Scrap Ooze","player_choice":"Success","floor":7.0,"gold_loss":0.0,"damage_taken":3.0,"relics_obtained":["Pear"]},{"damage_healed":0.0,"max_hp_gain":0.0,"max_hp_loss":0.0,"gold_gain":0.0,"event_name":"Shining Light","player_choice":"Entered Light","floor":13.0,"gold_loss":0.0,"damage_taken":16.0,"cards_upgraded":["Dropkick","Defend_R"]},{"damage_healed":0.0,"max_hp_gain":0.0,"max_hp_loss":0.0,"gold_gain":0.0,"event_name":"The Library","player_choice":"Read","floor":19.0,"gold_loss":0.0,"damage_taken":0.0,"cards_obtained":["Burning Pact"]},{"damage_healed":0.0,"max_hp_gain":0.0,"max_hp_loss":0.0,"gold_gain":0.0,"event_name":"Addict","player_choice":"Stole Relic","floor":21.0,"gold_loss":0.0,"damage_taken":0.0,"relics_obtained":["Letter Opener"],"cards_obtained":["Shame"]},{"cards_removed":["Defend_R"],"damage_healed":0.0,"max_hp_gain":0.0,"max_hp_loss":0.0,"gold_gain":0.0,"event_name":"Falling","player_choice":"Removed Skill","floor":36.0,"gold_loss":0.0,"damage_taken":0.0},{"damage_healed":0.0,"max_hp_gain":0.0,"max_hp_loss":0.0,"gold_gain":0.0,"event_name":"SensoryStone","player_choice":"Memory 3","floor":38.0,"gold_loss":0.0,"damage_taken":10.0},{"damage_healed":0,"gold_gain":0,"player_choice":"Ignored","damage_taken":0,"max_hp_gain":0,"max_hp_loss":0,"event_name":"Mysterious Sphere","floor":39,"gold_loss":0},{"damage_healed":0,"gold_gain":0,"player_choice":"Embrace Madness","damage_taken":16,"max_hp_gain":0,"max_hp_loss":0,"event_name":"Winding Halls","floor":46,"gold_loss":0,"cards_obtained":["Madness","Madness"]}],"is_beta":false,"boss_relics":[{"not_picked":["Coffee Dripper","Runic Dome"],"picked":"Runic Pyramid"},{"not_picked":["Runic Cube","Eternal Feather"],"picked":"Philosopher\u0027s Stone"}],"items_purged_floors":[2,24,27,42],"is_endless":false,"potions_floor_spawned":[3,11,14,28,31,33,37,45],"ascension_level":0}