{"gold_per_floor":[111,36,36,55,65,90,90,108,108,133,172,172,186,205,205,205],"floor_reached":16,"playtime":729,"items_purged":[],"score":228,"play_id":"fd8b944d-fe60-4f59-b79c-d731cfc58572","local_time":"20190727182237","is_ascension_mode":true,"campfire_choices":[{"floor":15,"key":"REST"}],"neow_cost":"NONE","seed_source_timestamp":204914752476489,"circlet_count":0,"master_deck":["AscendersBane","Strike_G","Strike_G","Strike_G","Strike_G","Defend_G","Defend_G","Defend_G","Defend_G","Defend_G","Survivor","Neutralize","Bouncing Flask","Dagger Throw","Quick Slash","Dagger Spray","Dagger Throw","Poisoned Stab","Well Laid Plans+1","Dodge and Roll","A Thousand Cuts"],"relics":["Sozu","Orichalcum","Golden Idol","Mango"],"potions_floor_usage":[],"damage_taken":[{"damage":6,"enemies":"Jaw Worm","floor":1,"turns":7},{"damage":1,"enemies":"2 Louse","floor":4,"turns":3},{"damage":0,"enemies":"Cultist","floor":5,"turns":3},{"damage":7,"enemies":"Lagavulin","floor":6,"turns":7},{"damage":6,"enemies":"3 Louse","floor":8,"turns":4},{"damage":12,"enemies":"Gremlin Gang","floor":10,"turns":5},{"damage":22,"enemies":"Gremlin Nob","floor":11,"turns":4},{"damage":7,"enemies":"Exordium Wildlife","floor":13,"turns":4},{"damage":9,"enemies":"3 Louse","floor":14,"turns":3},{"damage":27,"enemies":"The Guardian","floor":16,"turns":5}],"seed_played":"889844947827284574","potions_obtained":[],"is_trial":false,"path_per_floor":["M","?","?","M","M","E","?","M","T","M","E","?","M","M","R","B"],"character_chosen":"THE_SILENT","items_purchased":[],"campfire_rested":1,"item_purchase_floors":[],"current_hp_per_floor":[53,53,53,52,52,45,45,39,39,27,19,19,12,3,25,0],"gold":205,"neow_bonus":"BOSS_RELIC","is_prod":false,"is_daily":false,"chose_seed":false,"campfire_upgraded":0,"win_rate":0,"timestamp":1564244557,"path_taken":["M","?","?","M","M","E","?","M","T","M","E","?","M","M","R","BOSS"],"build_version":"2019-07-17","purchased_purges":0,"victory":false,"max_hp_per_floor":[66,66,66,66,66,66,60,60,60,60,74,74,74,74,74,74],"card_choices":[{"not_picked":["Prepared","Deadly Poison"],"picked":"Bouncing Flask","floor":1},{"not_picked":["PiercingWail","Caltrops"],"picked":"Dagger Throw","floor":4},{"not_picked":["Leg Sweep","Calculated Gamble"],"picked":"Quick Slash","floor":5},{"not_picked":["Blade Dance","Deflect"],"picked":"Dagger Spray","floor":6},{"not_picked":["All Out Attack","Bane"],"picked":"Dagger Throw","floor":8},{"not_picked":["Cloak And Dagger","Underhanded Strike"],"picked":"Poisoned Stab","floor":10},{"not_picked":["Masterful Stab","Deflect"],"picked":"Well Laid Plans","floor":11},{"not_picked":["Slice","Dagger Throw"],"picked":"Dodge and Roll","floor":13},{"not_picked":["Quick Slash","Blade Dance"],"picked":"A Thousand Cuts","floor":14}],"player_experience":775456,"relics_obtained":[{"floor":6,"key":"Orichalcum"},{"floor":11,"key":"Mango"}],"event_choices":[{"cards_removed":["Strike_G"],"damage_healed":0,"gold_gain":0,"player_choice":"Card Removal","damage_taken":0,"max_hp_gain":0,"max_hp_loss":0,"event_name":"The Cleric","floor":2,"gold_loss":75},{"damage_healed":0,"gold_gain":0,"player_choice":"Ignored","damage_taken":0,"max_hp_gain":0,"max_hp_loss":0,"event_name":"Liars Game","floor":3,"gold_loss":0},{"damage_healed":0,"gold_gain":0,"player_choice":"Lose Max HP","damage_taken":0,"relics_obtained":["Golden Idol"],"max_hp_gain":0,"max_hp_loss":6,"event_name":"Golden Idol","floor":7,"gold_loss":0},{"damage_healed":0,"gold_gain":0,"player_choice":"Forge","damage_taken":0,"max_hp_gain":0,"max_hp_loss":0,"event_name":"Accursed Blacksmith","floor":12,"gold_loss":0,"cards_upgraded":["Well Laid Plans"]}],"is_beta":false,"boss_relics":[],"items_purged_floors":[],"is_endless":false,"potions_floor_spawned":[6,8,10,13],"killed_by":"The Guardian","ascension_level":20}