{"gold_per_floor":[119,130,150,150,7,7,39,39,118,149,161,175,175,175,175,175],"floor_reached":16,"playtime":477,"items_purged":["Strike_G"],"score":193,"play_id":"70218129-e439-45e9-accf-7e90f8fd68f2","local_time":"20190219163326","is_ascension_mode":true,"campfire_choices":[{"data":"A Thousand Cuts","floor":6.0,"key":"SMITH"},{"data":"Calculated Gamble","floor":8.0,"key":"SMITH"},{"data":"Well Laid Plans","floor":13,"key":"SMITH"},{"data":"Neutralize","floor":15,"key":"SMITH"}],"neow_cost":"TEN_PERCENT_HP_LOSS","seed_source_timestamp":160592094534851,"circlet_count":0,"master_deck":["AscendersBane","Defend_G","Defend_G","Defend_G","Defend_G","Defend_G","Strike_G","Strike_G","Survivor","Neutralize+1","A Thousand Cuts+1","Backstab","Calculated Gamble+1","Masterful Stab","Doppelganger","Well Laid Plans+1","Grand Finale","Tactician+1","Eviscerate"],"special_seed":0,"relics":["Ring of the Snake","Boot","Sundial","Frozen Egg 2"],"potions_floor_usage":[10,12,16],"damage_taken":[{"damage":4.0,"enemies":"Jaw Worm","floor":1.0,"turns":4.0},{"damage":0.0,"enemies":"Cultist","floor":2.0,"turns":4.0},{"damage":0.0,"enemies":"Small Slimes","floor":3.0,"turns":2.0},{"damage":26.0,"enemies":"Gremlin Nob","floor":7.0,"turns":5.0},{"damage":10,"enemies":"3 Sentries","floor":10,"turns":5},{"damage":0,"enemies":"Red Slaver","floor":11,"turns":3},{"damage":3,"enemies":"Lots of Slimes","floor":12,"turns":3},{"damage":16,"enemies":"The Guardian","floor":16,"turns":8}],"seed_played":"-4181638326697411467","potions_obtained":[{"floor":1.0,"key":"PowerPotion"},{"floor":11,"key":"Energy Potion"},{"floor":12,"key":"GamblersBrew"}],"is_trial":false,"path_per_floor":["M","M","M","?","$","R","E","R","T","E","M","M","R","?","R","B"],"character_chosen":"THE_SILENT","items_purchased":["Well Laid Plans"],"campfire_rested":0,"item_purchase_floors":[5],"current_hp_per_floor":[55,55,55,55,55,55,29,29,29,19,19,16,16,16,16,0],"gold":175,"neow_bonus":"TRANSFORM_TWO_CARDS","is_prod":false,"is_daily":false,"chose_seed":false,"campfire_upgraded":4,"win_rate":0,"timestamp":1550565206,"path_taken":["M","M","M","?","$","R","E","R","T","E","M","?","R","?","R","BOSS"],"build_version":"2019-01-23","purchased_purges":1,"victory":false,"max_hp_per_floor":[60,60,60,60,60,60,60,60,60,60,60,60,60,60,60,60],"card_choices":[{"not_picked":["Acrobatics","Deflect"],"picked":"Calculated Gamble","floor":1.0},{"not_picked":["Setup","Choke"],"picked":"Masterful Stab","floor":2.0},{"not_picked":["Accuracy","Deflect","Dagger Spray"],"picked":"SKIP","floor":3.0},{"not_picked":["Underhanded Strike","Dagger Spray","Slice"],"picked":"SKIP","floor":7.0},{"not_picked":["Bouncing Flask","Deadly Poison"],"picked":"Grand Finale","floor":10},{"not_picked":["Distraction","PiercingWail"],"picked":"Tactician","floor":11},{"not_picked":["Infinite Blades+1","Dagger Spray"],"picked":"Eviscerate","floor":12}],"player_experience":842810,"relics_obtained":[{"floor":7.0,"key":"Boot"},{"floor":9.0,"key":"Sundial"},{"floor":10,"key":"Frozen Egg 2"}],"event_choices":[{"damage_healed":0.0,"max_hp_gain":0.0,"max_hp_loss":0.0,"gold_gain":0.0,"event_name":"Match and Keep!","player_choice":"1 cards matched","floor":4.0,"gold_loss":0.0,"damage_taken":0.0,"cards_obtained":["Doppelganger"]},{"damage_healed":0,"gold_gain":0,"player_choice":"Upgraded","damage_taken":0,"max_hp_gain":0,"max_hp_loss":0,"event_name":"Upgrade Shrine","floor":14,"gold_loss":0,"cards_upgraded":["Tactician"]}],"is_beta":false,"boss_relics":[],"items_purged_floors":[5],"is_endless":false,"potions_floor_spawned":[1,11,12],"killed_by":"The Guardian","ascension_level":15}