{"gold_per_floor":[117,133,19,35,35,35,49,49,73,73,73,73,91,124,124,198,198,216,5,18,30,48,48,68,68,68,68,79,89,89,106,106,183,183,194,294,77,91,91,102,129,148,217,217,229,240,137,147,147,147,147,147,147,97,129,129],"floor_reached":57,"playtime":4438,"items_purged":["Strike_R","Strike_R","Strike_R","Strike_R+1","Defend_R"],"score":3030,"play_id":"807b1ec4-a816-4ba4-9630-85e63e387e89","local_time":"20190126202203","is_ascension_mode":true,"campfire_choices":[{"data":"Inflame","floor":6.0,"key":"SMITH"},{"data":"Evolve","floor":8.0,"key":"SMITH"},{"data":"Bash","floor":10.0,"key":"SMITH"},{"data":"Barricade","floor":15.0,"key":"SMITH"},{"data":"Entrench","floor":23.0,"key":"SMITH"},{"data":"Second Wind","floor":25.0,"key":"SMITH"},{"data":"Power Through","floor":30.0,"key":"SMITH"},{"data":"Juggernaut","floor":32.0,"key":"SMITH"},{"floor":44.0,"key":"RECALL"},{"data":"Juggernaut","floor":49.0,"key":"SMITH"},{"data":"Limit Break","floor":53.0,"key":"SMITH"}],"neow_cost":"NONE","seed_source_timestamp":38060401365611,"circlet_count":0,"master_deck":["AscendersBane","Defend_R+1","Defend_R","Defend_R","Bash+1","Inflame+1","Evolve+1","Power Through+1","Barricade+1","Offering","Entrench+1","Battle Trance","Second Wind+1","Juggernaut+1","Impervious","Limit Break+1","Power Through+1","Juggernaut+1","Warcry+1","Warcry+1"],"special_seed":0,"relics":["Black Blood","NeowsBlessing","Boot","Thread and Needle","Smiling Mask","Orrery","Bag of Preparation","Paper Frog","Girya","Centennial Puzzle","Anchor","Mercury Hourglass","FossilizedHelix"],"potions_floor_usage":[56],"damage_taken":[{"damage":0.0,"enemies":"Small Slimes","floor":1.0,"turns":1.0},{"damage":0.0,"enemies":"2 Louse","floor":2.0,"turns":1.0},{"damage":2.0,"enemies":"Jaw Worm","floor":4.0,"turns":2.0},{"damage":13.0,"enemies":"Red Slaver","floor":7.0,"turns":4.0},{"damage":1.0,"enemies":"Gremlin Gang","floor":13.0,"turns":4.0},{"damage":25.0,"enemies":"Gremlin Nob","floor":14.0,"turns":4.0},{"damage":0.0,"enemies":"The Guardian","floor":16.0,"turns":18.0},{"damage":10.0,"enemies":"Shell Parasite","floor":18.0,"turns":11.0},{"damage":9.0,"enemies":"theJungle:Flameango_and_Byrd","floor":20.0,"turns":12.0},{"damage":6.0,"enemies":"theJungle:2_Snecko_Cultists","floor":21.0,"turns":8.0},{"damage":6.0,"enemies":"theJungle:Snecko_Cultist_And_Trap","floor":22.0,"turns":12.0},{"damage":6.0,"enemies":"theJungle:Lyon","floor":24.0,"turns":8.0},{"damage":10.0,"enemies":"theJungle:JungleHuntersEncounter","floor":28.0,"turns":13.0},{"damage":6.0,"enemies":"theJungle:Snecko_Cultist_And_Trap","floor":29.0,"turns":7.0},{"damage":8.0,"enemies":"theJungle:2_Snecko_Cultists","floor":31.0,"turns":8.0},{"damage":6.0,"enemies":"theJungle:QueenSpyder","floor":33.0,"turns":23.0},{"damage":6.0,"enemies":"3 Shapes","floor":35.0,"turns":7.0},{"damage":6.0,"enemies":"Mind Bloom Boss Battle","floor":36.0,"turns":11.0},{"damage":6.0,"enemies":"Orb Walker","floor":38.0,"turns":8.0},{"damage":6.0,"enemies":"Maw","floor":40.0,"turns":16.0},{"damage":6.0,"enemies":"Giant Head","floor":41.0,"turns":21.0},{"damage":6.0,"enemies":"Sphere and 2 Shapes","floor":42.0,"turns":8.0},{"damage":44.0,"enemies":"Transient","floor":45.0,"turns":6.0},{"damage":6.0,"enemies":"Writhing Mass","floor":46.0,"turns":18.0},{"damage":10.0,"enemies":"3 Darklings","floor":48.0,"turns":8.0},{"damage":6.0,"enemies":"Awakened One","floor":50.0,"turns":32.0},{"damage":6.0,"enemies":"Time Eater","floor":51.0,"turns":14.0},{"damage":6,"enemies":"Shield and Spear","floor":55,"turns":36},{"damage":0,"enemies":"The Heart","floor":56,"turns":12}],"seed_played":"3145977529374717554","potions_obtained":[{"floor":1.0,"key":"Energy Potion"},{"floor":13.0,"key":"Strength Potion"},{"floor":14.0,"key":"Strength Potion"},{"floor":16.0,"key":"SteroidPotion"},{"floor":20.0,"key":"BloodPotion"},{"floor":22.0,"key":"Poison Potion"},{"floor":35.0,"key":"Fruit Juice"},{"floor":36.0,"key":"GamblersBrew"},{"floor":41.0,"key":"Fruit Juice"}],"is_trial":false,"path_per_floor":["M","M","$","M","?","R","M","R","T","R","?","T","M","E","R","B",null,"M","$","M","M","M","R","M","R","T","T","M","M","R","M","R","B",null,"M","?","$","M","?","M","E","M","T","R","M","M","$","M","R","B","B",null,"R","$","E","B",null],"character_chosen":"IRONCLAD","items_purchased":["Evolve","Bag of Preparation","Centennial Puzzle","SpeedPotion"],"campfire_rested":0,"item_purchase_floors":[3,19,37,47],"current_hp_per_floor":[74,75,75,75,80,80,73,73,73,73,49,49,54,35,35,41,70,66,66,63,71,71,71,71,71,71,71,67,67,67,65,65,65,76,85,85,85,85,85,85,90,90,90,90,56,60,60,60,60,64,68,85,85,85,89,90],"gold":129,"neow_bonus":"THREE_ENEMY_KILL","is_prod":false,"is_daily":false,"chose_seed":false,"campfire_upgraded":10,"win_rate":0,"timestamp":1548505323,"path_taken":["M","M","$","M","?","R","M","R","T","R","?","?","M","E","R","BOSS","M","$","M","M","M","R","M","R","T","?","?","M","R","?","R","BOSS","M","?","$","M","?","?","E","M","T","R","M","M","$","M","R","BOSS","BOSS","R","$","E","BOSS"],"build_version":"2019-01-23","purchased_purges":5,"victory":true,"max_hp_per_floor":[75,75,75,75,80,80,80,80,80,80,80,80,80,80,80,80,80,80,80,80,80,80,80,80,80,80,80,80,80,80,80,80,80,80,85,85,85,85,85,85,90,90,90,90,90,90,90,90,90,90,90,90,90,90,90,90],"card_choices":[{"not_picked":["Reckless Charge","Cleave"],"picked":"Inflame","floor":1.0},{"not_picked":["Clothesline","Infernal Blade","Iron Wave"],"picked":"SKIP","floor":2.0},{"not_picked":["Rage","Warcry","Cleave"],"picked":"SKIP","floor":4.0},{"not_picked":["Rampage","Rupture","Body Slam"],"picked":"SKIP","floor":7.0},{"not_picked":["Burning Pact","Pommel Strike"],"picked":"Power Through","floor":13.0},{"not_picked":["Sever Soul","Sentinel"],"picked":"Barricade","floor":14.0},{"not_picked":["Double Tap","Barricade"],"picked":"Offering","floor":16.0},{"not_picked":["Evolve","Dual Wield"],"picked":"Entrench","floor":17.0},{"not_picked":["Burning Pact","Headbutt"],"picked":"Battle Trance","floor":17.0},{"not_picked":["Cleave","Havoc"],"picked":"Second Wind","floor":17.0},{"not_picked":["Thunderclap","Disarm","Pommel Strike"],"picked":"SKIP","floor":18.0},{"not_picked":["Cleave","Clothesline","Armaments"],"picked":"SKIP","floor":20.0},{"not_picked":["Headbutt","Ghostly Armor","True Grit"],"picked":"SKIP","floor":21.0},{"not_picked":["Wild Strike","Havoc"],"picked":"Juggernaut","floor":22.0},{"not_picked":["Shrug It Off","Searing Blow","Evolve"],"picked":"SKIP","floor":24.0},{"not_picked":["Sever Soul","Perfected Strike","Armaments"],"picked":"SKIP","floor":28.0},{"not_picked":["Clothesline","Sword Boomerang","Ghostly Armor"],"picked":"SKIP","floor":29.0},{"not_picked":["Dual Wield","Pommel Strike"],"picked":"Impervious","floor":31.0},{"not_picked":["Fiend Fire","Double Tap"],"picked":"Limit Break","floor":33.0},{"not_picked":["Anger+1","Heavy Blade","Second Wind+1"],"picked":"SKIP","floor":35.0},{"not_picked":["Sword Boomerang","Body Slam"],"picked":"Power Through+1","floor":38.0},{"not_picked":["Hemokinesis","Heavy Blade"],"picked":"Juggernaut","floor":40.0},{"not_picked":["Reckless Charge","Uppercut+1","Whirlwind"],"picked":"SKIP","floor":41.0},{"not_picked":["Whirlwind","Bloodletting+1","Perfected Strike"],"picked":"SKIP","floor":42.0},{"not_picked":["Metallicize+1","Iron Wave+1","Corruption"],"picked":"SKIP","floor":45.0},{"not_picked":["Hemokinesis+1","Anger+1"],"picked":"Warcry+1","floor":46.0},{"not_picked":["Warcry","Wild Strike","Twin Strike"],"picked":"SKIP","floor":48.0},{"not_picked":["Ghostly Armor","Flex"],"picked":"Warcry+1","floor":55}],"player_experience":2288515,"relics_obtained":[{"floor":9.0,"key":"Boot"},{"floor":12.0,"key":"Thread and Needle"},{"floor":14.0,"key":"Smiling Mask"},{"floor":26.0,"key":"Paper Frog"},{"floor":36.0,"key":"Girya"},{"floor":41.0,"key":"Anchor"},{"floor":43.0,"key":"Mercury Hourglass"},{"floor":55,"key":"FossilizedHelix"}],"event_choices":[{"damage_healed":0.0,"max_hp_gain":5.0,"max_hp_loss":0.0,"gold_gain":0.0,"event_name":"Big Fish","player_choice":"Donut","floor":5.0,"gold_loss":0.0,"damage_taken":0.0},{"damage_healed":0.0,"max_hp_gain":0.0,"max_hp_loss":0.0,"gold_gain":0.0,"event_name":"Shining Light","player_choice":"Entered Light","floor":11.0,"gold_loss":0.0,"damage_taken":24.0,"cards_upgraded":["Defend_R","Strike_R"]},{"damage_healed":0.0,"max_hp_gain":0.0,"max_hp_loss":0.0,"gold_gain":0.0,"event_name":"MindBloom","player_choice":"Fight","floor":36.0,"gold_loss":0.0,"damage_taken":0.0},{"cards_removed":["Strike_R"],"damage_healed":0.0,"max_hp_gain":0.0,"max_hp_loss":0.0,"gold_gain":0.0,"event_name":"Wheel of Change","player_choice":"Card Removal","floor":39.0,"gold_loss":0.0,"damage_taken":0.0}],"is_beta":false,"boss_relics":[{"not_picked":["Mark of Pain","Tiny House"],"picked":"Orrery"},{"not_picked":["Pandora\u0027s Box","Calling Bell"],"picked":"Black Blood"}],"items_purged_floors":[3,19,37,47,54],"is_endless":false,"potions_floor_spawned":[1,13,14,16,20,22,24,35,36,41],"ascension_level":20}