{"gold_per_floor":[115,115,40,53,68,68,82,102,102,102],"floor_reached":10,"playtime":371,"items_purged":["Defend_R"],"score":120,"play_id":"fbc414a5-6311-4729-b098-110444d0359b","local_time":"20181219223041","is_ascension_mode":true,"campfire_choices":[{"data":"Bash","floor":6.0,"key":"SMITH"}],"neow_cost":"PERCENT_DAMAGE","seed_source_timestamp":7874080723518,"circlet_count":0,"master_deck":["AscendersBane","Strike_R","Strike_R","Defend_R","Defend_R","Defend_R","Bash+1","Burning Pact","Limit Break","Disarm"],"special_seed":0,"relics":["Burning Blood","Orichalcum"],"potions_floor_usage":[8,8],"damage_taken":[{"damage":4.0,"enemies":"Small Slimes","floor":1.0,"turns":4.0},{"damage":12.0,"enemies":"Cultist","floor":4.0,"turns":5.0},{"damage":1.0,"enemies":"2 Louse","floor":5.0,"turns":3.0},{"damage":5,"enemies":"Gremlin Gang","floor":7,"turns":7},{"damage":48,"enemies":"Large Slime","floor":8,"turns":14},{"damage":12,"enemies":"Lots of Slimes","floor":10,"turns":2}],"seed_played":"2658178303559235776","potions_obtained":[{"floor":4.0,"key":"GamblersBrew"},{"floor":7,"key":"Block Potion"}],"is_trial":false,"path_per_floor":["M","?","$","M","M","R","M","M","T","M"],"character_chosen":"IRONCLAD","items_purchased":[],"campfire_rested":0,"item_purchase_floors":[],"current_hp_per_floor":[52,52,52,46,51,51,52,10,10,0],"gold":102,"neow_bonus":"REMOVE_TWO","is_prod":false,"is_daily":false,"chose_seed":false,"campfire_upgraded":1,"win_rate":0,"timestamp":1545229841,"path_taken":["M","?","$","M","M","R","M","?","T","M"],"build_version":"2018-12-13","purchased_purges":1,"victory":false,"max_hp_per_floor":[75,75,75,75,75,75,75,75,75,75],"card_choices":[{"not_picked":["Clothesline","Twin Strike"],"picked":"Burning Pact","floor":1.0},{"not_picked":["Perfected Strike","Iron Wave","Wild Strike"],"picked":"SKIP","floor":4.0},{"not_picked":["Body Slam","Warcry","Thunderclap"],"picked":"SKIP","floor":5.0},{"not_picked":["Thunderclap","Pommel Strike"],"picked":"Limit Break","floor":7},{"not_picked":["Anger","Combust"],"picked":"Disarm","floor":8}],"player_experience":1391780,"relics_obtained":[{"floor":9,"key":"Orichalcum"}],"event_choices":[{"cards_removed":["Strike_R"],"damage_healed":0.0,"max_hp_gain":0.0,"max_hp_loss":0.0,"gold_gain":0.0,"event_name":"Bonfire Elementals","player_choice":"Offered Basic","floor":2.0,"gold_loss":0.0,"damage_taken":0.0}],"is_beta":false,"boss_relics":[],"items_purged_floors":[3],"is_endless":false,"potions_floor_spawned":[4,7],"killed_by":"Lots of Slimes","ascension_level":20}