{"gold_per_floor":[118,130,143,143,156,156,156,187,187,8,8,43,43,53,53,125,125,143,43],"floor_reached":19,"playtime":413,"items_purged":["Strike_B"],"score":354,"play_id":"26e72d7f-9a60-4fe0-abd2-a4b9d4f997b5","local_time":"20190301164126","is_ascension_mode":true,"campfire_choices":[{"data":"Zap","floor":6,"key":"SMITH"},{"data":"Streamline","floor":11,"key":"SMITH"},{"data":"Turbo","floor":13,"key":"SMITH"},{"data":"Loop","floor":15,"key":"SMITH"}],"neow_cost":"NONE","seed_source_timestamp":90536458469308,"circlet_count":0,"master_deck":["AscendersBane","Strike_B","Strike_B","Strike_B","Defend_B","Defend_B","Defend_B","Defend_B","Zap+1","Dualcast","Streamline+1","Skim","Blizzard","Loop+1","Conserve Battery","Ball Lightning","Leap","Turbo+1","Skim","Defragment+1","Go for the Eyes","Core Surge"],"special_seed":0,"relics":["Cracked Core","NeowsBlessing","Sundial","Frozen Egg 2","Kunai","Runic Dome"],"potions_floor_usage":[14,16],"damage_taken":[{"damage":0.0,"enemies":"Small Slimes","floor":1.0,"turns":1.0},{"damage":0.0,"enemies":"Cultist","floor":2.0,"turns":1.0},{"damage":0.0,"enemies":"2 Louse","floor":3.0,"turns":1.0},{"damage":6,"enemies":"Red Slaver","floor":5,"turns":3},{"damage":23,"enemies":"Lagavulin","floor":8,"turns":6},{"damage":34,"enemies":"Gremlin Nob","floor":12,"turns":4},{"damage":11,"enemies":"Lots of Slimes","floor":14,"turns":4},{"damage":9,"enemies":"Hexaghost","floor":16,"turns":6},{"damage":41,"enemies":"3 Byrds","floor":18,"turns":4},{"damage":24,"enemies":"2 Thieves","floor":19,"turns":3}],"seed_played":"2860589729716752516","potions_obtained":[{"floor":2.0,"key":"Fire Potion"},{"floor":14,"key":"AttackPotion"},{"floor":16,"key":"Dexterity Potion"},{"floor":18,"key":"Energy Potion"}],"is_trial":false,"path_per_floor":["M","M","M","?","M","R","?","E","T","$","R","E","R","M","R","B",null,"M","M"],"character_chosen":"DEFECT","items_purchased":["Turbo","Skim"],"campfire_rested":0,"item_purchase_floors":[10,10],"current_hp_per_floor":[64,64,64,64,58,58,81,58,58,58,58,24,24,13,13,4,62,21,0],"gold":43,"neow_bonus":"THREE_ENEMY_KILL","is_prod":false,"is_daily":false,"chose_seed":false,"campfire_upgraded":4,"win_rate":0,"timestamp":1551429686,"path_taken":["M","M","M","?","?","R","?","E","T","$","R","E","R","M","R","BOSS","M","M"],"build_version":"2019-01-23","purchased_purges":1,"victory":false,"max_hp_per_floor":[71,71,71,71,71,71,81,81,81,81,81,81,81,81,81,81,81,81,81],"card_choices":[{"not_picked":["Leap","Rebound"],"picked":"Streamline","floor":1.0},{"not_picked":["Coolheaded","Go for the Eyes"],"picked":"Skim","floor":2.0},{"not_picked":["Fusion","Rebound"],"picked":"Blizzard","floor":3.0},{"not_picked":["Stack","Streamline"],"picked":"Ball Lightning","floor":5},{"not_picked":["Streamline","Rainbow"],"picked":"Leap","floor":8},{"not_picked":["Coolheaded","Leap"],"picked":"Defragment+1","floor":12},{"not_picked":["Leap","Gash"],"picked":"Go for the Eyes","floor":14},{"not_picked":["Thunder Strike","Meteor Strike"],"picked":"Core Surge","floor":16},{"not_picked":["Leap","Compile Driver","Barrage"],"picked":"SKIP","floor":18}],"player_experience":1054971,"relics_obtained":[{"floor":8,"key":"Sundial"},{"floor":9,"key":"Frozen Egg 2"},{"floor":12,"key":"Kunai"}],"event_choices":[{"damage_healed":0,"gold_gain":0,"player_choice":"3 cards matched","damage_taken":0,"max_hp_gain":0,"max_hp_loss":0,"event_name":"Match and Keep!","floor":4,"gold_loss":0,"cards_obtained":["Loop","Conserve Battery","Reboot"]},{"cards_removed":["Reboot"],"damage_healed":13,"gold_gain":0,"player_choice":"Offered Rare","damage_taken":0,"max_hp_gain":10,"max_hp_loss":0,"event_name":"Bonfire Elementals","floor":7,"gold_loss":0}],"is_beta":false,"boss_relics":[{"not_picked":["Black Star","Busted Crown"],"picked":"Runic Dome"}],"items_purged_floors":[10],"is_endless":false,"potions_floor_spawned":[2,14,16,18],"killed_by":"2 Thieves","ascension_level":20}