{"gold_per_floor":[118,131,131,55,55,86,86,102,102,136,136,148,148,73,73,73],"floor_reached":16,"playtime":327,"items_purged":["Strike_B"],"score":266,"play_id":"ced64b2a-e310-4d55-a9bb-665c83128ddd","local_time":"20190108205602","is_ascension_mode":true,"campfire_choices":[{"data":"Seek","floor":7.0,"key":"SMITH"},{"data":"Hologram","floor":11,"key":"SMITH"},{"data":"Consume","floor":13,"key":"SMITH"},{"data":"White Noise","floor":15,"key":"SMITH"}],"neow_cost":"NONE","seed_source_timestamp":33871746068984,"circlet_count":0,"master_deck":["AscendersBane","Strike_B","Strike_B","Defend_B","Defend_B","Defend_B","Defend_B","Zap+1","Dualcast+1","Ball Lightning","Seek+1","Hologram+1","White Noise+1","Consume+1"],"special_seed":0,"relics":["Cracked Core","NeowsBlessing","Omamori","Anchor"],"potions_floor_usage":[16],"damage_taken":[{"damage":0.0,"enemies":"2 Louse","floor":1.0,"turns":1.0},{"damage":0.0,"enemies":"Jaw Worm","floor":2.0,"turns":1.0},{"damage":0.0,"enemies":"Gremlin Nob","floor":6.0,"turns":1.0},{"damage":0.0,"enemies":"Cultist","floor":8.0,"turns":2.0},{"damage":27,"enemies":"3 Sentries","floor":10,"turns":5},{"damage":0,"enemies":"Red Slaver","floor":12,"turns":2},{"damage":2,"enemies":"Hexaghost","floor":16,"turns":7}],"seed_played":"6389560620071389917","potions_obtained":[{"floor":6.0,"key":"Ancient Potion"},{"floor":8.0,"key":"PowerPotion"}],"is_trial":false,"path_per_floor":["M","M","?","$","?","E","R","M","T","E","R","M","R","$","R","B"],"character_chosen":"DEFECT","items_purchased":["Seek"],"campfire_rested":0,"item_purchase_floors":[4],"current_hp_per_floor":[64,64,43,43,43,43,43,43,43,16,16,16,16,16,16,14],"gold":73,"neow_bonus":"THREE_ENEMY_KILL","is_prod":false,"is_daily":false,"chose_seed":false,"campfire_upgraded":4,"win_rate":0,"timestamp":1546952162,"path_taken":["M","M","?","$","?","E","R","?","T","E","R","M","R","?","R","BOSS"],"build_version":"2019-01-03v4","purchased_purges":1,"victory":false,"max_hp_per_floor":[71,71,71,71,71,71,71,71,71,71,71,71,71,71,71,71],"card_choices":[{"not_picked":["Leap","Turbo"],"picked":"Ball Lightning","floor":1.0},{"not_picked":["Cold Snap","Redo","Storm"],"picked":"SKIP","floor":2.0},{"not_picked":["Compile Driver","Heatsinks","Turbo"],"picked":"SKIP","floor":6.0},{"not_picked":["Storm","Compile Driver"],"picked":"Hologram","floor":8.0},{"not_picked":["Reinforced Body","Sunder"],"picked":"White Noise","floor":10},{"not_picked":["Sweeping Beam","Barrage"],"picked":"Consume","floor":12}],"player_experience":1865690,"relics_obtained":[{"floor":6.0,"key":"Omamori"},{"floor":10,"key":"Anchor"}],"event_choices":[{"damage_healed":0.0,"max_hp_gain":0.0,"max_hp_loss":0.0,"gold_gain":0.0,"event_name":"Shining Light","player_choice":"Entered Light","floor":3.0,"gold_loss":0.0,"damage_taken":21.0,"cards_upgraded":["Dualcast","Zap"]},{"cards_removed":["Strike_B"],"damage_healed":0.0,"max_hp_gain":0.0,"max_hp_loss":0.0,"gold_gain":0.0,"event_name":"Bonfire Elementals","player_choice":"Offered Basic","floor":5.0,"gold_loss":0.0,"damage_taken":0.0}],"is_beta":false,"boss_relics":[],"items_purged_floors":[14],"is_endless":false,"potions_floor_spawned":[6,8,10,12],"killed_by":"Hexaghost","ascension_level":20}