{"gold_per_floor":[116,116,134,2,17,17,47,125,149,149,161,161,180,77,77,155,155,173,173,73,73,73,73,129,4,4,15,15,15,15,65,65,140,140,154,166,63,63,82,5,32,42,42,0,59,71,112,136,148,160,172,184,196,11,36,36],"floor_reached":61,"playtime":1877,"items_purged":["Strike_G","Strike_G","Strike_G+1"],"score":2863,"play_id":"ee08c00d-a511-4480-bac5-bb62ab873327","local_time":"20190806230210","is_ascension_mode":true,"campfire_choices":[{"data":"Neutralize","floor":6.0,"key":"SMITH"},{"data":"Catalyst","floor":12.0,"key":"SMITH"},{"data":"Crippling Poison","floor":15.0,"key":"SMITH"},{"data":"Burst","floor":23.0,"key":"SMITH"},{"data":"Calculated Gamble","floor":28.0,"key":"SMITH"},{"data":"Acrobatics","floor":30.0,"key":"SMITH"},{"data":"Footwork","floor":32.0,"key":"SMITH"},{"floor":53.0,"key":"RECALL"},{"data":"Deep Breath","floor":57.0,"key":"SMITH"}],"neow_cost":"NONE","seed_source_timestamp":36651765959842,"circlet_count":0,"master_deck":["AscendersBane","Defend_G","Defend_G","Defend_G","Defend_G+1","Defend_G","Survivor","Neutralize+1","After Image","Escape Plan","Catalyst+1","Crippling Poison+1","Footwork+1","Footwork","Acrobatics+1","Corpse Explosion","Deflect","Burst+1","PiercingWail","Calculated Gamble+1","Adrenaline","Deep Breath+1","Well Laid Plans","Escape Plan","Venomology","Catalyst","Catalyst"],"special_seed":0,"relics":["Ring of the Snake","NeowsBlessing","Lantern","Boot","Empty Cage","Darkstone Periapt","Tiny Chest","Potion Belt","Runic Dome","Juzu Bracelet","MawBank","Red Mask","Mango","Art of War","Bronze Scales"],"potions_floor_usage":[60,60,60,60],"damage_taken":[{"damage":0.0,"enemies":"Small Slimes","floor":1.0,"turns":2.0},{"damage":0.0,"enemies":"Cultist","floor":3.0,"turns":1.0},{"damage":0.0,"enemies":"2 Louse","floor":5.0,"turns":1.0},{"damage":31.0,"enemies":"Lagavulin","floor":7.0,"turns":9.0},{"damage":0.0,"enemies":"Looter","floor":11.0,"turns":4.0},{"damage":0.0,"enemies":"Large Slime","floor":13.0,"turns":6.0},{"damage":0.0,"enemies":"Hexaghost","floor":16.0,"turns":9.0},{"damage":7.0,"enemies":"2 Thieves","floor":18.0,"turns":4.0},{"damage":27.0,"enemies":"Gremlin Leader","floor":24.0,"turns":7.0},{"damage":10.0,"enemies":"Chosen","floor":27.0,"turns":5.0},{"damage":8.0,"enemies":"Collector","floor":33.0,"turns":9.0},{"damage":0.0,"enemies":"3 Shapes","floor":39.0,"turns":3.0},{"damage":0.0,"enemies":"Orb Walker","floor":40.0,"turns":3.0},{"damage":0.0,"enemies":"Sphere and 2 Shapes","floor":43.0,"turns":4.0},{"damage":26.0,"enemies":"Nemesis","floor":45.0,"turns":9.0},{"damage":12.0,"enemies":"Transient","floor":46.0,"turns":6.0},{"damage":11.0,"enemies":"2 Orb Walkers","floor":49.0,"turns":3.0},{"damage":0.0,"enemies":"Giant Head","floor":51.0,"turns":6.0},{"damage":0.0,"enemies":"3 Darklings","floor":52.0,"turns":2.0},{"damage":18.0,"enemies":"Time Eater","floor":54.0,"turns":7.0},{"damage":1.0,"enemies":"Donu and Deca","floor":55.0,"turns":4.0},{"damage":20.0,"enemies":"Shield and Spear","floor":59.0,"turns":5.0},{"damage":23,"enemies":"The Heart","floor":60,"turns":11}],"seed_played":"7810316321897896053","potions_obtained":[{"floor":7.0,"key":"AttackPotion"},{"floor":16.0,"key":"LiquidBronze"},{"floor":18.0,"key":"Regen Potion"},{"floor":24.0,"key":"Energy Potion"},{"floor":33.0,"key":"Explosive Potion"},{"floor":40.0,"key":"Regen Potion"},{"floor":43.0,"key":"EssenceOfSteel"},{"floor":45.0,"key":"Swift Potion"},{"floor":52.0,"key":"SmokeBomb"}],"is_trial":false,"path_per_floor":["M","?","M","$","M","R","E","T","T","?","M","R","M","$","R","B",null,"M","?","$","?","T","R","E","$","T","M","R","$","R","?","R","B",null,"M","M","$","?","M","$","E","M","T","?","?","$","E","M","R","B","B",null,"R","$","E","B",null],"character_chosen":"THE_SILENT","items_purchased":["Catalyst","AttackPotion","Acrobatics","Deep Breath","Well Laid Plans","EssenceOfSteel","Poison Potion","PowerPotion"],"campfire_rested":0,"item_purchase_floors":[4,4,14,41,44,58,58,58],"current_hp_per_floor":[59,59,59,59,59,59,28,28,28,8,8,8,8,8,8,8,52,45,45,45,45,45,45,33,33,33,23,23,23,23,23,23,15,66,66,66,66,66,66,66,40,43,43,43,46,46,46,46,46,28,27,67,67,67,47,24],"gold":36,"neow_bonus":"THREE_ENEMY_KILL","is_prod":false,"is_daily":false,"chose_seed":false,"campfire_upgraded":8,"win_rate":0,"timestamp":1565100130,"path_taken":["M","?","M","?","?","R","E","?","T","?","M","R","M","$","R","BOSS","BOSS","M","?","$","?","?","R","E","$","T","?","R","?","R","?","R","BOSS","M","M","$","?","M","$","E","M","T","?","?","?","E","M","R","BOSS","BOSS","R","$","E","BOSS"],"build_version":"2019-07-17","purchased_purges":3,"victory":true,"max_hp_per_floor":[66,66,66,66,66,66,66,66,66,66,66,66,66,66,66,66,66,66,66,66,66,66,66,66,66,66,66,66,66,66,66,66,66,66,66,66,66,66,66,66,66,66,66,66,80,80,80,80,80,80,80,80,80,80,80,80],"card_choices":[{"not_picked":["Dodge and Roll","Quick Slash","Slice"],"picked":"SKIP","floor":1.0},{"not_picked":["Underhanded Strike","Sucker Punch"],"picked":"Escape Plan","floor":3.0},{"not_picked":["Prepared","Outmaneuver","Blur"],"picked":"SKIP","floor":5.0},{"not_picked":["Underhanded Strike","Bane"],"picked":"Crippling Poison","floor":7.0},{"not_picked":["Deflect","Flying Knee"],"picked":"Footwork","floor":11.0},{"not_picked":["Wraith Form v2","Cloak And Dagger"],"picked":"Footwork","floor":13.0},{"not_picked":["After Image","Phantasmal Killer"],"picked":"Corpse Explosion","floor":16.0},{"not_picked":["Slice","Underhanded Strike","Deflect"],"picked":"SKIP","floor":18.0},{"not_picked":["Slice","Underhanded Strike"],"picked":"Deflect","floor":18.0},{"not_picked":["Tools of the Trade","Setup","PiercingWail"],"picked":"SKIP","floor":24.0},{"not_picked":["Tools of the Trade","Setup"],"picked":"PiercingWail","floor":24.0},{"not_picked":["Endless Agony+1","Caltrops"],"picked":"Calculated Gamble","floor":27.0},{"not_picked":["Tools of the Trade","Envenom"],"picked":"Adrenaline","floor":33.0},{"not_picked":["Caltrops+1","Deadly Poison+1","Quick Slash+1"],"picked":"SKIP","floor":39.0},{"not_picked":["Poisoned Stab","Flying Knee","Blade Dance"],"picked":"SKIP","floor":40.0},{"not_picked":["PiercingWail","Dagger Spray","Tools of the Trade"],"picked":"SKIP","floor":43.0},{"not_picked":["Terror","Bouncing Flask","Accuracy+1"],"picked":"SKIP","floor":45.0},{"not_picked":["Cloak And Dagger","Bane"],"picked":"Escape Plan","floor":46.0},{"not_picked":["Accuracy","Heel Hook+1"],"picked":"Venomology","floor":51.0},{"not_picked":["PiercingWail","Deflect"],"picked":"Catalyst","floor":52.0},{"not_picked":["Acrobatics","Dodge and Roll"],"picked":"Catalyst","floor":59.0}],"player_experience":781602,"relics_obtained":[{"floor":7.0,"key":"Lantern"},{"floor":9.0,"key":"Boot"},{"floor":22.0,"key":"Darkstone Periapt"},{"floor":24.0,"key":"Tiny Chest"},{"floor":26.0,"key":"Potion Belt"},{"floor":45.0,"key":"Juzu Bracelet"},{"floor":47.0,"key":"MawBank"},{"floor":49.0,"key":"Mango"},{"floor":51.0,"key":"Art of War"},{"floor":59.0,"key":"Bronze Scales"}],"event_choices":[{"damage_healed":0.0,"max_hp_gain":0.0,"max_hp_loss":0.0,"gold_gain":0.0,"event_name":"Match and Keep!","player_choice":"2 cards matched","floor":2.0,"gold_loss":0.0,"damage_taken":0.0,"cards_obtained":["After Image","Escape Plan"]},{"damage_healed":0.0,"max_hp_gain":0.0,"max_hp_loss":0.0,"gold_gain":0.0,"event_name":"Shining Light","player_choice":"Entered Light","floor":10.0,"gold_loss":0.0,"damage_taken":20.0,"cards_upgraded":["Defend_G","Strike_G"]},{"damage_healed":0.0,"max_hp_gain":0.0,"max_hp_loss":0.0,"gold_gain":0.0,"event_name":"The Mausoleum","player_choice":"Ignored","floor":19.0,"gold_loss":0.0,"damage_taken":0.0},{"damage_healed":0.0,"max_hp_gain":0.0,"max_hp_loss":0.0,"gold_gain":0.0,"event_name":"The Library","player_choice":"Read","floor":21.0,"gold_loss":0.0,"damage_taken":0.0,"cards_obtained":["Burst"]},{"damage_healed":0.0,"max_hp_gain":0.0,"max_hp_loss":0.0,"gold_gain":50.0,"event_name":"Nest","player_choice":"Stole From Cult","floor":31.0,"gold_loss":0.0,"damage_taken":0.0},{"cards_removed":["Escape Plan"],"damage_healed":0.0,"max_hp_gain":0.0,"max_hp_loss":0.0,"gold_gain":0.0,"event_name":"Falling","player_choice":"Removed Skill","floor":42.0,"gold_loss":0.0,"damage_taken":0.0},{"damage_healed":0.0,"max_hp_gain":0.0,"max_hp_loss":0.0,"gold_gain":0.0,"event_name":"Tomb of Lord Red Mask","player_choice":"Paid","floor":48.0,"gold_loss":54.0,"damage_taken":0.0,"relics_obtained":["Red Mask"]},{"damage_healed":0.0,"max_hp_gain":0.0,"max_hp_loss":0.0,"gold_gain":0.0,"event_name":"Mysterious Sphere","player_choice":"Fight","floor":49.0,"gold_loss":0.0,"damage_taken":0.0}],"is_beta":false,"boss_relics":[{"not_picked":["Ring of the Serpent","Black Star"],"picked":"Empty Cage"},{"not_picked":["Runic Pyramid","Orrery"],"picked":"Runic Dome"}],"items_purged_floors":[14,20,25],"is_endless":false,"potions_floor_spawned":[7,16,18,24,33,40,43,45,52],"ascension_level":20}