{"gold_per_floor":[364,384,384,184,209,240,240,253,253,266,266,266,34,59,59,158,158,179,54,0,16,40,81,81,81,81,119,119,133,133,158,158,158],"floor_reached":33,"playtime":1022,"items_purged":["Strike_G","Strike_G","Strike_G"],"score":574,"play_id":"18a22549-81bc-4a8b-8165-544332d7cab0","local_time":"20190208181028","is_ascension_mode":true,"campfire_choices":[{"floor":7,"key":"REST"},{"data":"Noxious Fumes","floor":11,"key":"SMITH"},{"data":"Deadly Poison","floor":15,"key":"SMITH"},{"data":"Wraith Form v2","floor":24,"key":"SMITH"},{"floor":32,"key":"DIG"}],"neow_cost":"PERCENT_DAMAGE","seed_source_timestamp":23654172931148,"circlet_count":0,"master_deck":["AscendersBane","Defend_G","Defend_G+1","Defend_G","Defend_G","Defend_G","Strike_G","Strike_G","Survivor","Neutralize+1","Poisoned Stab","Backflip","Noxious Fumes+1","Dash","PiercingWail","Deadly Poison+1","Wraith Form v2+1","Doppelganger","Corpse Explosion","Footwork+1","Ghostly","Ghostly+1","Ghostly"],"relics":["Ring of the Snake","Golden Idol","Shovel","StoneCalendar","Sozu","Turnip","Bag of Marbles","War Paint"],"potions_floor_usage":[16,22,29],"damage_taken":[{"damage":0,"enemies":"2 Louse","floor":1,"turns":4},{"damage":11,"enemies":"Small Slimes","floor":2,"turns":4},{"damage":0,"enemies":"Jaw Worm","floor":5,"turns":5},{"damage":27,"enemies":"Lagavulin","floor":6,"turns":7},{"damage":8,"enemies":"Large Slime","floor":8,"turns":7},{"damage":2,"enemies":"Looter","floor":10,"turns":4},{"damage":3,"enemies":"3 Louse","floor":14,"turns":3},{"damage":10,"enemies":"Hexaghost","floor":16,"turns":8},{"damage":0,"enemies":"Spheric Guardian","floor":18,"turns":4},{"damage":3,"enemies":"Shell Parasite","floor":21,"turns":6},{"damage":0,"enemies":"Sentry and Sphere","floor":22,"turns":5},{"damage":14,"enemies":"Book of Stabbing","floor":23,"turns":7},{"damage":16,"enemies":"Slavers","floor":27,"turns":5},{"damage":8,"enemies":"Shelled Parasite and Fungi","floor":29,"turns":6},{"damage":1,"enemies":"Centurion and Healer","floor":31,"turns":5},{"damage":5,"enemies":"Champ","floor":33,"turns":3}],"seed_played":"-6857099227863225177","potions_obtained":[{"floor":5,"key":"Energy Potion"},{"floor":16,"key":"Weak Potion"}],"is_trial":false,"path_per_floor":["M","M","?","$","M","E","R","M","T","M","R","?","$","M","R","B",null,"M","$","?","M","M","E","R","?","T","E","?","M","?","M","R","B"],"character_chosen":"THE_SILENT","items_purchased":["Noxious Fumes","Dash","Poison Potion","Wraith Form v2"],"campfire_rested":1,"item_purchase_floors":[4,4,13,13],"current_hp_per_floor":[44,33,33,33,33,6,24,16,16,14,14,14,14,11,11,1,45,45,45,45,42,42,28,28,28,28,12,12,4,4,3,3,0],"gold":158,"neow_bonus":"TWO_FIFTY_GOLD","is_prod":false,"is_daily":false,"chose_seed":false,"campfire_upgraded":3,"win_rate":0,"timestamp":1549620628,"path_taken":["M","M","?","$","M","E","R","M","T","M","R","?","?","M","R","BOSS","M","$","?","M","M","E","R","?","T","E","?","?","?","M","R","BOSS"],"build_version":"2019-01-23","purchased_purges":3,"victory":false,"max_hp_per_floor":[66,66,60,60,60,60,60,60,60,60,60,60,60,60,60,60,60,60,60,60,60,60,60,60,60,60,60,60,60,30,30,30,30],"card_choices":[{"not_picked":["Outmaneuver","Deflect"],"picked":"Poisoned Stab","floor":1},{"not_picked":["Dagger Throw","Bane"],"picked":"Backflip","floor":2},{"not_picked":["Bouncing Flask","Sucker Punch","Choke"],"picked":"SKIP","floor":5},{"not_picked":["Setup","Backflip"],"picked":"PiercingWail","floor":6},{"not_picked":["Underhanded Strike","Dodge and Roll","Backflip"],"picked":"SKIP","floor":8},{"not_picked":["Outmaneuver","Setup"],"picked":"Deadly Poison","floor":10},{"not_picked":["Choke","Infinite Blades"],"picked":"Doppelganger","floor":14},{"not_picked":["After Image","Phantasmal Killer"],"picked":"Corpse Explosion","floor":16},{"not_picked":["PiercingWail","Dagger Spray+1"],"picked":"Footwork+1","floor":18},{"not_picked":["Sucker Punch","Terror+1","Outmaneuver"],"picked":"SKIP","floor":21},{"not_picked":["Endless Agony","PiercingWail","Bane"],"picked":"SKIP","floor":22},{"not_picked":["Backflip","Dagger Spray","Deflect"],"picked":"SKIP","floor":23},{"not_picked":["Grand Finale","Crippling Poison","Poisoned Stab"],"picked":"SKIP","floor":27},{"not_picked":["Bane+1","Cloak And Dagger+1","Sucker Punch"],"picked":"SKIP","floor":29},{"not_picked":["Prepared","Dagger Throw","Deadly Poison"],"picked":"SKIP","floor":31}],"player_experience":1446197,"relics_obtained":[{"floor":6,"key":"Shovel"},{"floor":9,"key":"StoneCalendar"},{"floor":23,"key":"Turnip"},{"floor":27,"key":"Bag of Marbles"},{"floor":32,"key":"War Paint"}],"event_choices":[{"damage_healed":0,"gold_gain":0,"player_choice":"Lose Max HP","damage_taken":0,"relics_obtained":["Golden Idol"],"max_hp_gain":0,"max_hp_loss":6,"event_name":"Golden Idol","floor":3,"gold_loss":0},{"damage_healed":0,"gold_gain":0,"player_choice":"Ignored","damage_taken":0,"max_hp_gain":0,"max_hp_loss":0,"event_name":"Liars Game","floor":12,"gold_loss":0},{"damage_healed":0,"gold_gain":0,"player_choice":"Paid Fearfully","damage_taken":0,"max_hp_gain":0,"max_hp_loss":0,"event_name":"Masked Bandits","floor":20,"gold_loss":54},{"damage_healed":0,"gold_gain":0,"player_choice":"Ignored","damage_taken":0,"max_hp_gain":0,"max_hp_loss":0,"event_name":"The Mausoleum","floor":25,"gold_loss":0},{"damage_healed":0,"gold_gain":0,"player_choice":"Upgraded","damage_taken":0,"max_hp_gain":0,"max_hp_loss":0,"event_name":"Upgrade Shrine","floor":28,"gold_loss":0,"cards_upgraded":["Neutralize"]},{"damage_healed":0,"gold_gain":0,"player_choice":"Became a Ghost","damage_taken":0,"max_hp_gain":0,"max_hp_loss":30,"event_name":"Ghosts","floor":30,"gold_loss":0,"cards_obtained":["Ghostly","Ghostly","Ghostly"]}],"is_beta":false,"boss_relics":[{"not_picked":["Orrery","Runic Dome"],"picked":"Sozu"}],"items_purged_floors":[4,13,19],"is_endless":false,"potions_floor_spawned":[5,14,16,23,31],"killed_by":"Champ","ascension_level":20}