{"gold_per_floor":[117,142,66,78,153,153,153,166,192,209,209,209,209,169],"floor_reached":14,"playtime":239,"items_purged":[],"score":156,"play_id":"c1cf6b7c-d54b-4727-ad6f-207a485f5b78","local_time":"20190408172250","is_ascension_mode":true,"campfire_choices":[{"data":"Noxious Fumes","floor":6.0,"key":"SMITH"},{"data":"Well Laid Plans","floor":11.0,"key":"SMITH"},{"data":"Bouncing Flask","floor":13.0,"key":"SMITH"}],"neow_cost":"NONE","seed_source_timestamp":19991151078584,"circlet_count":0,"master_deck":["AscendersBane","Defend_G","Defend_G","Defend_G","Defend_G","Defend_G","Strike_G","Strike_G","Strike_G","Strike_G","Strike_G","Survivor","Neutralize","Tactician","Noxious Fumes+1","Bouncing Flask+1","Well Laid Plans+1"],"special_seed":0,"relics":["Ring of the Snake","NeowsBlessing","Vajra","Paper Crane"],"potions_floor_usage":[],"damage_taken":[{"damage":0.0,"enemies":"Cultist","floor":1.0,"turns":1.0},{"damage":0.0,"enemies":"2 Louse","floor":4.0,"turns":2.0},{"damage":0.0,"enemies":"Small Slimes","floor":8.0,"turns":1.0},{"damage":20.0,"enemies":"2 Fungi Beasts","floor":10.0,"turns":5.0},{"damage":9,"enemies":"Exordium Thugs","floor":14,"turns":3}],"seed_played":"4247254545208152838","potions_obtained":[{"floor":4.0,"key":"PowerPotion"},{"floor":7.0,"key":"PowerPotion"}],"is_trial":false,"path_per_floor":["M","T","$","M","?","R","?","M","T","M","R","?","R","M"],"character_chosen":"THE_SILENT","items_purchased":["Noxious Fumes"],"campfire_rested":0,"item_purchase_floors":[3],"current_hp_per_floor":[59,59,59,59,48,48,48,48,48,28,28,10,10,1],"gold":169,"neow_bonus":"THREE_ENEMY_KILL","is_prod":false,"is_daily":false,"chose_seed":false,"campfire_upgraded":3,"win_rate":0,"timestamp":1554715370,"path_taken":["M","?","$","?","?","R","?","M","T","?","R","?","R","M"],"build_version":"2019-01-23","purchased_purges":0,"victory":false,"max_hp_per_floor":[66,66,66,66,66,66,66,66,66,66,66,66,66,66],"card_choices":[{"not_picked":["Dodge and Roll","Cloak And Dagger"],"picked":"Tactician","floor":1.0},{"not_picked":["Escape Plan","Dodge and Roll"],"picked":"Bouncing Flask","floor":4.0},{"not_picked":["Flying Knee","Masterful Stab","Choke"],"picked":"SKIP","floor":8.0},{"not_picked":["Dodge and Roll","Sucker Punch"],"picked":"Well Laid Plans","floor":10.0}],"player_experience":4159606,"relics_obtained":[{"floor":9.0,"key":"Vajra"}],"event_choices":[{"damage_healed":0.0,"max_hp_gain":0.0,"max_hp_loss":0.0,"gold_gain":75.0,"event_name":"World of Goop","player_choice":"Gather Gold","floor":5.0,"gold_loss":0.0,"damage_taken":11.0},{"damage_healed":0.0,"max_hp_gain":0.0,"max_hp_loss":0.0,"gold_gain":0.0,"event_name":"Lab","player_choice":"Got Potions","floor":7.0,"gold_loss":0.0,"damage_taken":0.0},{"damage_healed":0.0,"max_hp_gain":0.0,"max_hp_loss":0.0,"gold_gain":0.0,"event_name":"Scrap Ooze","player_choice":"Success","floor":12.0,"gold_loss":0.0,"damage_taken":18.0,"relics_obtained":["Paper Crane"]}],"is_beta":false,"boss_relics":[],"items_purged_floors":[],"is_endless":false,"potions_floor_spawned":[4,10],"killed_by":"Exordium Thugs","ascension_level":20}