{"gold_per_floor":[367,517,592,517,529,529,546,546,546,565,565,598,5,55,55,55],"floor_reached":16,"playtime":435,"items_purged":["Doubt","Strike_B"],"score":196,"play_id":"9de3b2dd-63a1-433d-a057-141480a80583","local_time":"20181111131128","is_ascension_mode":true,"campfire_choices":[{"data":"Zap","floor":6.0,"key":"SMITH"},{"data":"Dualcast","floor":8.0,"key":"SMITH"},{"floor":11,"key":"REST"},{"floor":15,"key":"REST"}],"neow_cost":"TEN_PERCENT_HP_LOSS","seed_source_timestamp":8929434164172,"circlet_count":0,"master_deck":["AscendersBane","Strike_B","Strike_B","Strike_B","Defend_B","Defend_B","Defend_B","Defend_B","Zap+1","Dualcast+1","Leap","Tempest","Conserve Battery","Machine Learning","Glacier"],"special_seed":0,"relics":["Cracked Core","Mercury Hourglass","Bag of Marbles","ClockworkSouvenir","Frozen Egg 2"],"potions_floor_usage":[10,16],"damage_taken":[{"damage":7.0,"enemies":"Jaw Worm","floor":1.0,"turns":3.0},{"damage":0.0,"enemies":"2 Louse","floor":5.0,"turns":4.0},{"damage":5.0,"enemies":"Small Slimes","floor":7.0,"turns":3.0},{"damage":2,"enemies":"Gremlin Gang","floor":10,"turns":3},{"damage":20,"enemies":"3 Sentries","floor":12,"turns":6},{"damage":48,"enemies":"Hexaghost","floor":16,"turns":14}],"seed_played":"8694855505511959624","potions_obtained":[{"floor":1.0,"key":"Swift Potion"},{"floor":7.0,"key":"SkillPotion"}],"is_trial":false,"path_per_floor":["M","?","?","$","M","R","M","R","T","M","R","E","$","?","R","B"],"character_chosen":"DEFECT","items_purchased":["ClockworkSouvenir","Frozen Egg 2"],"campfire_rested":2,"item_purchase_floors":[13,13],"current_hp_per_floor":[57,57,46,46,46,46,41,41,41,39,58,38,38,38,57,9],"gold":55,"neow_bonus":"TWO_FIFTY_GOLD","is_prod":false,"is_daily":false,"chose_seed":false,"campfire_upgraded":2,"win_rate":0,"timestamp":1541913088,"path_taken":["M","?","?","$","M","R","M","R","T","M","R","E","$","?","R","BOSS"],"build_version":"2018-11-08","purchased_purges":2,"victory":false,"max_hp_per_floor":[64,64,64,64,64,64,64,64,64,64,64,64,64,64,64,64],"card_choices":[{"not_picked":["Turbo","Sweeping Beam"],"picked":"Leap","floor":1.0},{"not_picked":["Beam Cell","Aggregate"],"picked":"Tempest","floor":5.0},{"not_picked":["Stack","Redo"],"picked":"Conserve Battery","floor":7.0},{"not_picked":["Force Field","Hologram"],"picked":"Machine Learning","floor":10},{"not_picked":["Leap","Double Energy"],"picked":"Glacier","floor":12}],"player_experience":976231,"relics_obtained":[{"floor":9.0,"key":"Mercury Hourglass"},{"floor":12,"key":"Bag of Marbles"}],"event_choices":[{"damage_healed":0.0,"max_hp_gain":0.0,"max_hp_loss":0.0,"gold_gain":150.0,"event_name":"Liars Game","player_choice":"AGREE","floor":2.0,"gold_loss":0.0,"damage_taken":0.0,"cards_obtained":["Doubt"]},{"damage_healed":0.0,"max_hp_gain":0.0,"max_hp_loss":0.0,"gold_gain":75.0,"event_name":"World of Goop","player_choice":"Gather Gold","floor":3.0,"gold_loss":0.0,"damage_taken":11.0},{"damage_healed":0,"gold_gain":50,"player_choice":"Pray","damage_taken":0,"max_hp_gain":0,"max_hp_loss":0,"event_name":"Golden Shrine","floor":14,"gold_loss":0}],"is_beta":false,"boss_relics":[],"items_purged_floors":[4,13],"is_endless":false,"potions_floor_spawned":[1,7],"killed_by":"Hexaghost","ascension_level":20}