{"gold_per_floor":[114,134,134,154,2,22,22,36,36,36,36,36,52,83,83,158,158,158,58,0,0,0,0,0,0,0,0,0,0,0,0,0,0,0,0,0,0,0,0,0,0,0,0,0,0],"floor_reached":45,"playtime":2606,"items_purged":["Strike_G","Strike_G"],"score":958,"play_id":"430f6c73-de52-4b76-89b5-fbe956c314e3","local_time":"20190212181910","is_ascension_mode":true,"campfire_choices":[{"data":"Envenom","floor":7.0,"key":"SMITH"},{"data":"Noxious Fumes","floor":10.0,"key":"SMITH"},{"data":"Neutralize","floor":12.0,"key":"SMITH"},{"data":"Envenom","floor":15.0,"key":"SMITH"},{"data":"Footwork","floor":23.0,"key":"SMITH"},{"floor":25.0,"key":"REST"},{"data":"Cloak And Dagger","floor":29.0,"key":"SMITH"},{"floor":32.0,"key":"REST"},{"floor":40.0,"key":"REST"}],"neow_cost":"TEN_PERCENT_HP_LOSS","seed_source_timestamp":28508697065838,"circlet_count":0,"master_deck":["AscendersBane","Defend_G+1","Defend_G+1","Defend_G+1","Defend_G+1","Defend_G+1","Strike_G+1","Strike_G+1","Survivor+1","Neutralize+1","After Image+1","Poisoned Stab+1","Noxious Fumes+1","Envenom+1","Footwork+1","Blur+1","Envenom+1","After Image+1","Infinite Blades+1","Cloak And Dagger+1","Caltrops+1","Infinite Blades+1","Footwork+1","Night Terror+1","Catalyst+1","PanicButton+1","Magnetism+1","Finesse+1","Night Terror+1"],"special_seed":0,"relics":["Ring of the Snake","Regal Pillow","Juzu Bracelet","Ectoplasm","Pocketwatch","Mercury Hourglass","Cursed Key","Mark of the Bloom"],"potions_floor_usage":[],"damage_taken":[{"damage":3.0,"enemies":"Cultist","floor":1.0,"turns":6.0},{"damage":3.0,"enemies":"Jaw Worm","floor":2.0,"turns":5.0},{"damage":7.0,"enemies":"Small Slimes","floor":4.0,"turns":5.0},{"damage":0.0,"enemies":"Blue Slaver","floor":6.0,"turns":6.0},{"damage":2.0,"enemies":"2 Fungi Beasts","floor":8.0,"turns":5.0},{"damage":0.0,"enemies":"Red Slaver","floor":13.0,"turns":6.0},{"damage":2.0,"enemies":"Lagavulin","floor":14.0,"turns":7.0},{"damage":22.0,"enemies":"Slime Boss","floor":16.0,"turns":13.0},{"damage":8.0,"enemies":"Shell Parasite","floor":18.0,"turns":9.0},{"damage":4.0,"enemies":"2 Thieves","floor":20.0,"turns":5.0},{"damage":6.0,"enemies":"Sentry and Sphere","floor":22.0,"turns":9.0},{"damage":9.0,"enemies":"Snake Plant","floor":24.0,"turns":8.0},{"damage":16.0,"enemies":"Centurion and Healer","floor":28.0,"turns":6.0},{"damage":17.0,"enemies":"Gremlin Leader","floor":30.0,"turns":8.0},{"damage":0.0,"enemies":"Collector","floor":33.0,"turns":10.0},{"damage":43.0,"enemies":"3 Darklings","floor":35.0,"turns":6.0},{"damage":0.0,"enemies":"3 Shapes","floor":37.0,"turns":1.0},{"damage":17,"enemies":"Time Eater","floor":45,"turns":2}],"seed_played":"-7713278298452059532","potions_obtained":[{"floor":2.0,"key":"Ancient Potion"},{"floor":13.0,"key":"SteroidPotion"},{"floor":30.0,"key":"Ancient Potion"},{"floor":33.0,"key":"SteroidPotion"},{"floor":36.0,"key":"SmokeBomb"}],"is_trial":false,"path_per_floor":["M","M","?","M","$","M","R","M","T","R","?","R","M","E","R","B",null,"M","$","M","?","M","R","M","R","T","T","M","R","E","$","R","B",null,"M","?","M","?","?","R","?","?","T","?","B"],"character_chosen":"THE_SILENT","items_purchased":["Footwork"],"campfire_rested":3,"item_purchase_floors":[5],"current_hp_per_floor":[56,53,53,46,46,46,46,44,44,44,44,44,44,42,42,20,50,42,42,38,38,32,32,23,56,56,56,40,40,23,23,56,56,59,16,16,16,16,6,38,38,38,38,38,21],"gold":0,"neow_bonus":"THREE_RARE_CARDS","is_prod":false,"is_daily":false,"chose_seed":false,"campfire_upgraded":6,"win_rate":0,"timestamp":1549966750,"path_taken":["M","M","?","M","$","M","R","M","T","R","?","R","M","E","R","BOSS","M","$","M","?","M","R","M","R","T","?","M","R","E","$","R","BOSS","M","?","M","?","?","R","?","?","T","?","BOSS"],"build_version":"2019-01-23","purchased_purges":2,"victory":false,"max_hp_per_floor":[60,60,60,60,60,60,60,60,60,60,60,60,60,60,60,60,60,60,60,60,60,60,60,60,60,60,60,60,60,60,60,60,60,60,60,60,60,57,57,57,57,57,57,57,57],"card_choices":[{"not_picked":["Tools of the Trade","Doppelganger"],"picked":"After Image","floor":0.0},{"not_picked":["PiercingWail","Dagger Spray"],"picked":"Poisoned Stab","floor":1.0},{"not_picked":["Slice","Skewer"],"picked":"Noxious Fumes","floor":2.0},{"not_picked":["Endless Agony","Underhanded Strike","Prepared"],"picked":"SKIP","floor":4.0},{"not_picked":["Underhanded Strike","Accuracy"],"picked":"Blur","floor":6.0},{"not_picked":["PiercingWail","Underhanded Strike","Bane"],"picked":"SKIP","floor":8.0},{"not_picked":["Sucker Punch","Eviscerate","Flying Knee"],"picked":"SKIP","floor":13.0},{"not_picked":["Bouncing Flask","Deflect"],"picked":"Envenom","floor":14.0},{"not_picked":["Die Die Die","Phantasmal Killer"],"picked":"After Image","floor":16.0},{"not_picked":["Dodge and Roll","Underhanded Strike","Dagger Throw"],"picked":"SKIP","floor":18.0},{"not_picked":["Choke","Dash"],"picked":"Infinite Blades","floor":20.0},{"not_picked":["Dagger Spray","Choke"],"picked":"Cloak And Dagger","floor":22.0},{"not_picked":["Riddle With Holes","Flechettes"],"picked":"Caltrops","floor":24.0},{"not_picked":["Dagger Throw","Flechettes+1"],"picked":"Infinite Blades","floor":28.0},{"not_picked":["Catalyst","Heel Hook"],"picked":"Footwork","floor":30.0},{"not_picked":["Grand Finale","Wraith Form v2"],"picked":"Night Terror","floor":33.0},{"not_picked":["Sucker Punch","Deadly Poison"],"picked":"Catalyst+1","floor":35.0},{"not_picked":["Purity","Dramatic Entrance"],"picked":"PanicButton","floor":39.0},{"not_picked":["Chrysalis","Bandage Up"],"picked":"Magnetism","floor":39.0},{"not_picked":["Trip","Purity"],"picked":"Finesse","floor":39.0}],"player_experience":2650608,"relics_obtained":[{"floor":9.0,"key":"Regal Pillow"},{"floor":14.0,"key":"Juzu Bracelet"},{"floor":27.0,"key":"Pocketwatch"},{"floor":30.0,"key":"Mercury Hourglass"}],"event_choices":[{"damage_healed":0.0,"max_hp_gain":0.0,"max_hp_loss":0.0,"gold_gain":0.0,"cards_transformed":["Strike_G"],"event_name":"Living Wall","player_choice":"Change","floor":3.0,"gold_loss":0.0,"damage_taken":0.0,"cards_obtained":["Envenom"]},{"damage_healed":0.0,"max_hp_gain":0.0,"max_hp_loss":0.0,"gold_gain":0.0,"event_name":"Liars Game","player_choice":"Ignored","floor":11.0,"gold_loss":0.0,"damage_taken":0.0},{"damage_healed":0.0,"max_hp_gain":0.0,"max_hp_loss":0.0,"gold_gain":50.0,"event_name":"Nest","player_choice":"Stole From Cult","floor":21.0,"gold_loss":0.0,"damage_taken":0.0},{"damage_healed":0.0,"max_hp_gain":0.0,"max_hp_loss":0.0,"gold_gain":0.0,"event_name":"Lab","player_choice":"Got Potions","floor":36.0,"gold_loss":0.0,"damage_taken":0.0},{"damage_healed":0.0,"max_hp_gain":0.0,"max_hp_loss":3.0,"gold_gain":0.0,"event_name":"Winding Halls","player_choice":"Max HP","floor":38.0,"gold_loss":0.0,"damage_taken":0.0},{"damage_healed":0.0,"max_hp_gain":0.0,"max_hp_loss":0.0,"gold_gain":0.0,"event_name":"SensoryStone","player_choice":"Memory 3","floor":39.0,"gold_loss":0.0,"damage_taken":10.0},{"damage_healed":0.0,"max_hp_gain":0.0,"max_hp_loss":0.0,"gold_gain":0.0,"event_name":"MindBloom","player_choice":"Upgrade","floor":41.0,"gold_loss":0.0,"damage_taken":0.0,"cards_upgraded":["Defend_G","Defend_G","Defend_G","Defend_G","Defend_G","Strike_G","Strike_G","Survivor","After Image","Poisoned Stab","Blur","After Image","Infinite Blades","Caltrops","Infinite Blades","Footwork","Night Terror","PanicButton","Magnetism","Finesse"],"relics_obtained":["Mark of the Bloom"]},{"damage_healed":0.0,"max_hp_gain":0.0,"max_hp_loss":0.0,"gold_gain":0.0,"event_name":"Duplicator","player_choice":"Copied","floor":42.0,"gold_loss":0.0,"damage_taken":0.0,"cards_obtained":["Night Terror"]},{"damage_healed":0,"gold_gain":0,"player_choice":"Took Portal","damage_taken":0,"max_hp_gain":0,"max_hp_loss":0,"event_name":"SecretPortal","floor":44,"gold_loss":0}],"is_beta":false,"boss_relics":[{"not_picked":["Pandora\u0027s Box","Calling Bell"],"picked":"Ectoplasm"},{"not_picked":["Astrolabe","Black Star"],"picked":"Cursed Key"}],"items_purged_floors":[5,19],"is_endless":false,"potions_floor_spawned":[2,13,14,16,18,30,33],"killed_by":"Time Eater","ascension_level":20}