{"gold_per_floor":[361,378,378,145,169,208,0,0,0,20,20,20,20,33,33,158,158,179,22,22,22,40,40,40,40,121,121,135,156,169,17,17,146,146,171,171,171,191,91,91,91,91,91,105,105,105,124,48,48,48],"floor_reached":51,"playtime":3595,"items_purged":["Defend_G","Strike_G"],"score":725,"play_id":"c04c444f-369c-46b1-b59a-743ed15f33d8","local_time":"20181020123207","is_ascension_mode":false,"campfire_choices":[{"data":"Well Laid Plans","floor":8.0,"key":"SMITH"},{"data":"Noxious Fumes","floor":11.0,"key":"SMITH"},{"data":"Malaise","floor":15.0,"key":"SMITH"},{"data":"Malaise","floor":23.0,"key":"SMITH"},{"data":"Noxious Fumes","floor":25.0,"key":"SMITH"},{"data":"Neutralize","floor":32.0,"key":"SMITH"},{"data":"Catalyst","floor":40.0,"key":"SMITH"},{"data":"Noxious Fumes","floor":45.0,"key":"SMITH"},{"data":"Footwork","floor":49,"key":"SMITH"}],"neow_cost":"PERCENT_DAMAGE","seed_source_timestamp":4784958367765,"circlet_count":0,"master_deck":["Defend_G","Defend_G","Defend_G","Defend_G","Survivor","Neutralize+1","Predator","Footwork+1","Sucker Punch","Well Laid Plans+1","Noxious Fumes+1","Malaise+1","Malaise+1","Dodge and Roll","Die Die Die","Dagger Throw+1","Expertise+1","Malaise+1","PiercingWail+1","Well Laid Plans+1","Noxious Fumes+1","Deadly Poison+1","Backflip+1","Venomology","Venomology","Noxious Fumes+1","Catalyst+1","Footwork+1","Footwork+1"],"special_seed":0,"relics":["Ring of the Snake","Golden Idol","Blood Vial","Potion Belt","Dodecahedron","Astrolabe","Bag of Preparation","Tiny Chest","Bottled Lightning","Velvet Choker","Singing Bowl"],"potions_floor_usage":[47,50,50,50,50,50],"damage_taken":[{"damage":3.0,"enemies":"Small Slimes","floor":1.0,"turns":3.0},{"damage":0.0,"enemies":"Jaw Worm","floor":2.0,"turns":5.0},{"damage":0.0,"enemies":"Cultist","floor":5.0,"turns":4.0},{"damage":27.0,"enemies":"3 Sentries","floor":6.0,"turns":10.0},{"damage":4.0,"enemies":"Large Slime","floor":10.0,"turns":8.0},{"damage":4.0,"enemies":"2 Fungi Beasts","floor":14.0,"turns":3.0},{"damage":1.0,"enemies":"Hexaghost","floor":16.0,"turns":11.0},{"damage":0.0,"enemies":"Chosen","floor":18.0,"turns":7.0},{"damage":0.0,"enemies":"Shell Parasite","floor":22.0,"turns":7.0},{"damage":0.0,"enemies":"Centurion and Healer","floor":28.0,"turns":8.0},{"damage":0.0,"enemies":"Shelled Parasite and Fungi","floor":29.0,"turns":7.0},{"damage":0.0,"enemies":"Chosen and Byrds","floor":30.0,"turns":8.0},{"damage":30.0,"enemies":"Collector","floor":33.0,"turns":12.0},{"damage":0.0,"enemies":"3 Shapes","floor":35.0,"turns":6.0},{"damage":0.0,"enemies":"Orb Walker","floor":38.0,"turns":5.0},{"damage":0.0,"enemies":"Reptomancer","floor":41.0,"turns":1.0},{"damage":2.0,"enemies":"Maw","floor":44.0,"turns":7.0},{"damage":0.0,"enemies":"3 Darklings","floor":46.0,"turns":2.0},{"damage":0,"enemies":"4 Shapes","floor":47,"turns":6},{"damage":0,"enemies":"Time Eater","floor":50,"turns":10}],"seed_played":"-7203048270422191442","potions_obtained":[{"floor":5.0,"key":"SneckoOil"},{"floor":6.0,"key":"Weak Potion"},{"floor":20.0,"key":"SpeedPotion"},{"floor":20.0,"key":"SmokeBomb"},{"floor":20.0,"key":"SmokeBomb"},{"floor":22.0,"key":"SpeedPotion"},{"floor":47,"key":"Strength Potion"}],"is_trial":false,"path_per_floor":["M","M","?","$","M","E","$","R","T","M","R","?","?","M","R","B",null,"M","$","?","$","M","R","?","R","T","T","M","M","M","$","R","B",null,"M","?","?","M","$","R","E","?","T","M","R","M","M","$","R","B"],"character_chosen":"THE_SILENT","items_purchased":["Footwork","Blood Vial","Noxious Fumes","Malaise","Bag of Preparation","Venomology","Footwork"],"campfire_rested":0,"item_purchase_floors":[4,4,7,7,19,31,48],"current_hp_per_floor":[46,46,29,29,31,6,6,6,6,4,4,4,4,2,2,3,70,70,70,70,70,70,70,70,70,70,70,70,70,70,70,70,40,70,70,70,66,66,66,66,66,66,66,64,64,66,68,68,68,68],"gold":48,"neow_bonus":"TWO_FIFTY_GOLD","is_prod":false,"is_daily":false,"chose_seed":false,"campfire_upgraded":9,"win_rate":0,"timestamp":1540009927,"path_taken":["M","M","?","$","M","E","$","R","T","M","R","?","?","M","R","BOSS","M","$","?","$","M","R","?","R","T","?","?","M","M","$","R","BOSS","M","?","?","M","$","R","E","?","T","M","R","?","M","$","R","BOSS"],"build_version":"2018-10-18","purchased_purges":2,"victory":true,"max_hp_per_floor":[70,70,70,70,70,70,70,70,70,70,70,70,70,70,70,70,70,70,70,70,70,70,70,70,70,70,70,70,70,70,70,70,70,70,70,70,66,66,66,66,66,66,66,66,66,66,68,68,68,68],"card_choices":[{"not_picked":["Dagger Spray","Sucker Punch","Dodge and Roll"],"picked":"SKIP","floor":1.0},{"not_picked":["Backstab","Skewer"],"picked":"Predator","floor":2.0},{"not_picked":["Slice","Blade Dance"],"picked":"Sucker Punch","floor":5.0},{"not_picked":["Crippling Poison","All Out Attack"],"picked":"Well Laid Plans","floor":6.0},{"not_picked":["Flying Knee","Deadly Poison"],"picked":"Malaise","floor":10.0},{"not_picked":["Cloak And Dagger","Predator"],"picked":"Dodge and Roll","floor":14.0},{"not_picked":["After Image","Phantasmal Killer"],"picked":"Die Die Die","floor":16.0},{"not_picked":["Infinite Blades","Finisher"],"picked":"PiercingWail+1","floor":18.0},{"not_picked":["PiercingWail+1","Blade Dance"],"picked":"Well Laid Plans+1","floor":22.0},{"not_picked":["Slice","Underhanded Strike"],"picked":"Deadly Poison+1","floor":28.0},{"not_picked":["Skewer","Deadly Poison+1"],"picked":"Backflip+1","floor":29.0},{"not_picked":["Poisoned Stab","PiercingWail","Bane"],"picked":"SKIP","floor":30.0},{"not_picked":["Grand Finale","Bullet Time"],"picked":"Venomology","floor":33.0},{"not_picked":["Cloak And Dagger+1","Predator"],"picked":"Noxious Fumes","floor":35.0},{"not_picked":["Outmaneuver+1","All Out Attack"],"picked":"Catalyst","floor":38.0},{"not_picked":["Deadly Poison","Bane"],"picked":"Footwork+1","floor":44.0},{"not_picked":["Setup","Flying Knee+1","Acrobatics"],"picked":"Singing Bowl","floor":47}],"player_experience":391290,"relics_obtained":[{"floor":6.0,"key":"Potion Belt"},{"floor":9.0,"key":"Dodecahedron"},{"floor":26.0,"key":"Tiny Chest"},{"floor":27.0,"key":"Bottled Lightning"},{"floor":43.0,"key":"Singing Bowl"}],"event_choices":[{"damage_healed":0.0,"max_hp_gain":0.0,"max_hp_loss":0.0,"gold_gain":0.0,"event_name":"Golden Idol","player_choice":"Take Damage","floor":3.0,"gold_loss":0.0,"damage_taken":17.0,"relics_obtained":["Golden Idol"]},{"damage_healed":0.0,"max_hp_gain":0.0,"max_hp_loss":0.0,"gold_gain":0.0,"event_name":"Living Wall","player_choice":"Grow","floor":12.0,"gold_loss":0.0,"damage_taken":0.0,"cards_upgraded":["Footwork"]},{"damage_healed":0.0,"max_hp_gain":0.0,"max_hp_loss":0.0,"gold_gain":0.0,"event_name":"Shining Light","player_choice":"Ignored","floor":13.0,"gold_loss":0.0,"damage_taken":0.0},{"damage_healed":0.0,"max_hp_gain":0.0,"max_hp_loss":0.0,"gold_gain":0.0,"event_name":"The Lab","player_choice":"Got Potions","floor":20.0,"gold_loss":0.0,"damage_taken":0.0},{"damage_healed":0.0,"max_hp_gain":0.0,"max_hp_loss":0.0,"gold_gain":0.0,"event_name":"The Library","player_choice":"Read","floor":24.0,"gold_loss":0.0,"damage_taken":0.0,"cards_obtained":["Noxious Fumes"]},{"cards_removed":["Strike_G"],"damage_healed":0.0,"max_hp_gain":0.0,"max_hp_loss":0.0,"gold_gain":0.0,"event_name":"Bonfire Elementals","player_choice":"Offered Basic","floor":36.0,"gold_loss":0.0,"damage_taken":0.0},{"damage_healed":0.0,"max_hp_gain":0.0,"max_hp_loss":4.0,"gold_gain":0.0,"event_name":"Winding Halls","player_choice":"Max HP","floor":37.0,"gold_loss":0.0,"damage_taken":0.0},{"damage_healed":0.0,"max_hp_gain":0.0,"max_hp_loss":0.0,"gold_gain":0.0,"event_name":"Mysterious Sphere","player_choice":"Ignored","floor":42.0,"gold_loss":0.0,"damage_taken":0.0}],"is_beta":false,"boss_relics":[{"not_picked":["Ring of the Serpent","Snecko Eye"],"picked":"Astrolabe"},{"not_picked":["HoveringKite","Tiny House"],"picked":"Velvet Choker"}],"items_purged_floors":[31,39],"is_endless":false,"potions_floor_spawned":[5,6,22,28,38,41,46,47],"ascension_level":0}