{"gold_per_floor":[118,41,41,55,55,90,101,115,167,167,13,13],"floor_reached":12,"playtime":2443,"items_purged":[],"score":82,"play_id":"167db043-ef27-4e1c-93c7-ed96cea1094b","local_time":"20190805183339","is_ascension_mode":true,"campfire_choices":[{"floor":10,"key":"RECALL"}],"neow_cost":"NONE","seed_source_timestamp":1310366290109984,"circlet_count":0,"master_deck":["Strike_G","Strike_G+1","Strike_G","Strike_G","Strike_G","Defend_G","Defend_G","Defend_G+1","Defend_G","Defend_G","Survivor","Neutralize","Well Laid Plans","Terror+1","Blur"],"special_seed":0,"relics":["Ring of the Snake","Singing Bowl","Vajra"],"potions_floor_usage":[12],"damage_taken":[{"damage":0,"enemies":"Cultist","floor":1,"turns":4},{"damage":0,"enemies":"Small Slimes","floor":4,"turns":4},{"damage":35,"enemies":"Gremlin Nob","floor":6,"turns":5},{"damage":0,"enemies":"2 Louse","floor":7,"turns":3},{"damage":19,"enemies":"Large Slime","floor":8,"turns":10},{"damage":15,"enemies":"Gremlin Gang","floor":12,"turns":3}],"seed_played":"-5730979876724693648","potions_obtained":[{"floor":1,"key":"Swift Potion"},{"floor":7,"key":"Swift Potion"}],"is_trial":false,"path_per_floor":["M","$","?","M","?","E","M","M","T","R","$","M"],"character_chosen":"THE_SILENT","items_purchased":["Well Laid Plans","Vajra"],"campfire_rested":0,"item_purchase_floors":[2,11],"current_hp_per_floor":[77,77,62,62,62,29,31,12,12,12,12,0],"gold":13,"neow_bonus":"TEN_PERCENT_HP_BONUS","is_prod":false,"is_daily":false,"chose_seed":false,"campfire_upgraded":0,"win_rate":0,"timestamp":1565022819,"path_taken":["M","$","?","M","?","E","M","?","T","R","$","M"],"build_version":"2019-07-17","purchased_purges":0,"victory":false,"max_hp_per_floor":[77,77,77,77,77,79,81,81,81,81,81,81],"card_choices":[{"not_picked":["Riddle With Holes","Cloak And Dagger","All Out Attack"],"picked":"SKIP","floor":1},{"not_picked":["Dagger Spray","Distraction"],"picked":"Terror","floor":4},{"not_picked":["Deadly Poison","Dagger Throw","Well Laid Plans"],"picked":"Singing Bowl","floor":6},{"not_picked":["Crippling Poison","Deflect","Terror"],"picked":"Singing Bowl","floor":7},{"not_picked":["Choke","Heel Hook"],"picked":"Blur","floor":8}],"player_experience":149297,"relics_obtained":[{"floor":6,"key":"Singing Bowl"}],"event_choices":[{"damage_healed":0,"gold_gain":0,"player_choice":"Entered Light","damage_taken":15,"max_hp_gain":0,"max_hp_loss":0,"event_name":"Shining Light","floor":3,"gold_loss":0,"cards_upgraded":["Strike_G","Defend_G"]},{"damage_healed":0,"gold_gain":0,"player_choice":"Upgraded","damage_taken":0,"max_hp_gain":0,"max_hp_loss":0,"event_name":"Upgrade Shrine","floor":5,"gold_loss":0,"cards_upgraded":["Terror"]}],"is_beta":false,"boss_relics":[],"items_purged_floors":[],"is_endless":false,"potions_floor_spawned":[1,7],"killed_by":"Gremlin Gang","ascension_level":1}