{"gold_per_floor":[119,138,138,190,190,190,220,220,220,238,253,253,272,283,283,360,360,372,382,382,432,84,84,118,118,118,118],"floor_reached":27,"playtime":554,"items_purged":["Doom and Gloom"],"score":612,"play_id":"a742266f-0a8e-4705-b823-9c4308ef4105","local_time":"20190301211808","is_ascension_mode":true,"campfire_choices":[{"data":"Defragment","floor":6.0,"key":"SMITH"},{"data":"Zap","floor":8.0,"key":"SMITH"},{"data":"Sunder","floor":12.0,"key":"SMITH"},{"data":"Coolheaded","floor":15.0,"key":"SMITH"},{"data":"Turbo","floor":23.0,"key":"SMITH"}],"neow_cost":"NONE","seed_source_timestamp":106571092704790,"circlet_count":0,"master_deck":["AscendersBane","Zap+1","Dualcast","Defragment+1","Stack","Reinforced Body","Turbo+1","Sunder+1","Coolheaded+1","Ball Lightning+1","Echo Form","All For One+1","BootSequence","Conserve Battery","Machine Learning","Storm","Rainbow","Hologram","Steam+1","Heatsinks","Consume"],"special_seed":0,"relics":["Cracked Core","NeowsBlessing","Smiling Mask","Cables","Pear","Pandora\u0027s Box","Chemical X","Whetstone","FaceOfCleric","Orichalcum"],"potions_floor_usage":[24],"damage_taken":[{"damage":0.0,"enemies":"Jaw Worm","floor":1.0,"turns":1.0},{"damage":0.0,"enemies":"Small Slimes","floor":2.0,"turns":1.0},{"damage":0.0,"enemies":"3 Sentries","floor":7.0,"turns":1.0},{"damage":10.0,"enemies":"2 Louse","floor":10.0,"turns":4.0},{"damage":2.0,"enemies":"Large Slime","floor":11.0,"turns":4.0},{"damage":5.0,"enemies":"Lots of Slimes","floor":13.0,"turns":4.0},{"damage":0.0,"enemies":"3 Louse","floor":14.0,"turns":2.0},{"damage":0.0,"enemies":"The Guardian","floor":16.0,"turns":8.0},{"damage":7.0,"enemies":"Spheric Guardian","floor":18.0,"turns":3.0},{"damage":16.0,"enemies":"Shell Parasite","floor":19.0,"turns":3.0},{"damage":11.0,"enemies":"Colosseum Slavers","floor":20.0,"turns":3.0},{"damage":14,"enemies":"Book of Stabbing","floor":24,"turns":4},{"damage":25,"enemies":"Slavers","floor":27,"turns":2}],"seed_played":"6267466023840901501","potions_obtained":[{"floor":10.0,"key":"Fire Potion"},{"floor":11.0,"key":"Swift Potion"},{"floor":16.0,"key":"SpeedPotion"}],"is_trial":false,"path_per_floor":["M","M","?","T","?","R","E","R","T","M","M","R","M","M","R","B",null,"M","M","?","?","$","R","E","?","T","E"],"character_chosen":"DEFECT","items_purchased":["Heatsinks","Chemical X"],"campfire_rested":0,"item_purchase_floors":[22,22],"current_hp_per_floor":[64,64,43,43,36,36,36,36,46,36,34,34,29,29,29,29,68,61,45,34,34,34,34,20,20,20,0],"gold":118,"neow_bonus":"THREE_ENEMY_KILL","is_prod":false,"is_daily":false,"chose_seed":false,"campfire_upgraded":5,"win_rate":0,"timestamp":1551446288,"path_taken":["M","M","?","?","?","R","E","R","T","M","M","R","M","M","R","BOSS","M","M","?","?","$","R","E","?","T","E"],"build_version":"2019-01-23","purchased_purges":1,"victory":false,"max_hp_per_floor":[71,71,71,71,71,71,71,71,81,81,81,81,81,81,81,81,81,81,81,81,81,81,81,81,81,81,81],"card_choices":[{"not_picked":["Redo","Steam"],"picked":"Defragment","floor":1.0},{"not_picked":["Leap","Barrage"],"picked":"Stack","floor":2.0},{"not_picked":["Storm","Force Field"],"picked":"Reinforced Body","floor":7.0},{"not_picked":["Sweeping Beam","BootSequence"],"picked":"Turbo","floor":10.0},{"not_picked":["Genetic Algorithm","Conserve Battery"],"picked":"Sunder","floor":11.0},{"not_picked":["Double Energy","Steam"],"picked":"Coolheaded","floor":13.0},{"not_picked":["Go for the Eyes","Leap"],"picked":"Ball Lightning","floor":14.0},{"not_picked":["Amplify","Biased Cognition"],"picked":"Echo Form","floor":16.0},{"not_picked":["Gash","Heatsinks"],"picked":"Hologram","floor":18.0},{"not_picked":["Storm","Darkness"],"picked":"Steam+1","floor":19.0},{"not_picked":["Stack","Scrape"],"picked":"Consume","floor":24}],"player_experience":1058105,"relics_obtained":[{"floor":4.0,"key":"Smiling Mask"},{"floor":7.0,"key":"Cables"},{"floor":9.0,"key":"Pear"},{"floor":24,"key":"Whetstone"},{"floor":26,"key":"Orichalcum"}],"event_choices":[{"damage_healed":0.0,"max_hp_gain":0.0,"max_hp_loss":0.0,"gold_gain":0.0,"event_name":"Shining Light","player_choice":"Entered Light","floor":3.0,"gold_loss":0.0,"damage_taken":21.0,"cards_upgraded":["Defend_B","Defend_B"]},{"cards_removed":["Strike_B"],"damage_healed":0.0,"max_hp_gain":0.0,"max_hp_loss":0.0,"gold_gain":0.0,"event_name":"Golden Wing","player_choice":"Card Removal","floor":5.0,"gold_loss":0.0,"damage_taken":7.0},{"damage_healed":0.0,"max_hp_gain":0.0,"max_hp_loss":0.0,"gold_gain":0.0,"event_name":"Colosseum","player_choice":"Fight","floor":20.0,"gold_loss":0.0,"damage_taken":0.0},{"damage_healed":0.0,"max_hp_gain":0.0,"max_hp_loss":0.0,"gold_gain":0.0,"event_name":"Colosseum","player_choice":"Fled From Nobs","floor":20.0,"gold_loss":0.0,"damage_taken":0.0},{"damage_healed":0.0,"max_hp_gain":0.0,"max_hp_loss":0.0,"gold_gain":50.0,"event_name":"Nest","player_choice":"Stole From Cult","floor":21.0,"gold_loss":0.0,"damage_taken":0.0},{"damage_healed":0,"gold_gain":0,"player_choice":"Trade","damage_taken":0,"relics_obtained":["FaceOfCleric"],"max_hp_gain":0,"max_hp_loss":0,"event_name":"FaceTrader","floor":25,"gold_loss":0}],"is_beta":false,"boss_relics":[{"not_picked":["Coffee Dripper","Cursed Key"],"picked":"Pandora\u0027s Box"}],"items_purged_floors":[22],"is_endless":false,"potions_floor_spawned":[10,11,16,18,20],"killed_by":"Slavers","ascension_level":20}