{"gold_per_floor":[119,119,44,56,69,69,84,95,141,160,160,11,28,45,45,140,140,160,259,278,278,293,293,303,34,34,47,47,60,60,60,60,164,164,179,189,189,199,199,199,136,152,152,171,78,78,93,111,111,111],"floor_reached":51,"playtime":2135,"items_purged":["Defend_G","Decay","Defend_G","Strike_G"],"score":697,"play_id":"7c2b7676-9588-4de2-a11f-23caa318a3f4","local_time":"20181022160309","is_ascension_mode":false,"campfire_choices":[{"data":"Poisoned Stab","floor":6.0,"key":"SMITH"},{"data":"Catalyst","floor":11.0,"key":"SMITH"},{"data":"Catalyst","floor":15.0,"key":"SMITH"},{"data":"Well Laid Plans","floor":23.0,"key":"SMITH"},{"data":"Wraith Form v2","floor":28,"key":"SMITH"},{"data":"Noxious Fumes","floor":30,"key":"SMITH"},{"data":"Deadly Poison","floor":32,"key":"SMITH"},{"data":"Footwork","floor":40,"key":"SMITH"},{"data":"Malaise","floor":46,"key":"SMITH"},{"floor":49,"key":"REST"}],"neow_cost":"NONE","seed_source_timestamp":28202470041890,"circlet_count":0,"master_deck":["Defend_G","Defend_G","Strike_G","Strike_G","Strike_G","Survivor","Neutralize","Wraith Form v2+1","Catalyst+1","Poisoned Stab+1","Well Laid Plans+1","Catalyst+1","Noxious Fumes+1","Deadly Poison+1","Glass Knife","Bouncing Flask","Footwork+1","Well Laid Plans+1","Unload","Malaise+1","Bouncing Flask+1","Footwork+1","Expertise+1","Footwork+1","Footwork","Backflip"],"special_seed":0,"relics":["Ring of the Snake","Pantograph","Orichalcum","Cursed Key","Membership Card","WristBlade"],"potions_floor_usage":[36,50],"damage_taken":[{"damage":0.0,"enemies":"2 Louse","floor":1.0,"turns":3.0},{"damage":5.0,"enemies":"Jaw Worm","floor":4.0,"turns":7.0},{"damage":1.0,"enemies":"Cultist","floor":5.0,"turns":4.0},{"damage":8.0,"enemies":"Large Slime","floor":7.0,"turns":8.0},{"damage":6.0,"enemies":"Exordium Wildlife","floor":8.0,"turns":3.0},{"damage":0.0,"enemies":"Gremlin Gang","floor":10.0,"turns":7.0},{"damage":8.0,"enemies":"Lots of Slimes","floor":13.0,"turns":3.0},{"damage":3.0,"enemies":"2 Fungi Beasts","floor":14.0,"turns":3.0},{"damage":42.0,"enemies":"Slime Boss","floor":16.0,"turns":10.0},{"damage":4.0,"enemies":"Spheric Guardian","floor":18.0,"turns":5.0},{"damage":0.0,"enemies":"3 Byrds","floor":20.0,"turns":4.0},{"damage":16.0,"enemies":"Snecko","floor":22.0,"turns":4.0},{"damage":0.0,"enemies":"Snake Plant","floor":24.0,"turns":3.0},{"damage":0,"enemies":"Shelled Parasite and Fungi","floor":27,"turns":3},{"damage":0,"enemies":"Cultist and Chosen","floor":29,"turns":5},{"damage":34,"enemies":"Automaton","floor":33,"turns":7},{"damage":0,"enemies":"3 Darklings","floor":35,"turns":5},{"damage":7,"enemies":"3 Shapes","floor":36,"turns":4},{"damage":0,"enemies":"Maw","floor":38,"turns":5},{"damage":9,"enemies":"Sphere and 2 Shapes","floor":42,"turns":5},{"damage":10,"enemies":"4 Shapes","floor":44,"turns":6},{"damage":2,"enemies":"3 Darklings","floor":47,"turns":6},{"damage":9,"enemies":"Sphere and 2 Shapes","floor":48,"turns":6},{"damage":35,"enemies":"Time Eater","floor":50,"turns":6}],"seed_played":"8783090113792531334","potions_obtained":[{"floor":1.0,"key":"Regen Potion"},{"floor":13.0,"key":"SkillPotion"},{"floor":14.0,"key":"GamblersBrew"},{"floor":18.0,"key":"AttackPotion"},{"floor":29,"key":"EntropicBrew"},{"floor":33,"key":"GamblersBrew"},{"floor":36,"key":"AttackPotion"}],"is_trial":false,"path_per_floor":["M","?","$","M","M","R","M","M","T","M","R","$","M","M","R","B",null,"M","?","M","?","M","R","M","$","T","M","R","M","R","?","R","B",null,"M","M","?","M","?","R","$","M","T","M","$","R","M","M","R","B"],"character_chosen":"THE_SILENT","items_purchased":["Catalyst","Noxious Fumes","Membership Card","Footwork","Footwork"],"campfire_rested":1,"item_purchase_floors":[12,12,25,25,45],"current_hp_per_floor":[70,58,58,53,52,52,44,38,38,38,38,38,30,27,27,10,70,66,66,66,66,50,50,50,50,50,50,50,50,50,50,50,36,70,70,70,70,70,70,70,70,61,61,51,51,51,49,40,61,35],"gold":111,"neow_bonus":"TRANSFORM_CARD","is_prod":false,"is_daily":false,"chose_seed":false,"campfire_upgraded":9,"win_rate":0,"timestamp":1540195389,"path_taken":["M","?","$","M","M","R","M","M","T","M","R","$","M","?","R","BOSS","M","?","?","?","?","R","M","?","T","M","R","M","R","?","R","BOSS","M","M","?","M","?","R","?","M","T","M","$","R","M","M","R","BOSS"],"build_version":"2018-10-18","purchased_purges":4,"victory":true,"max_hp_per_floor":[70,70,70,70,70,70,70,70,70,70,70,70,70,70,70,70,70,70,70,70,70,70,70,70,70,70,70,70,70,70,70,70,70,70,70,70,70,70,70,70,70,70,70,70,70,70,70,70,70,70],"card_choices":[{"not_picked":["Flying Knee","Riddle With Holes"],"picked":"Catalyst","floor":1.0},{"not_picked":["Flying Knee","Dodge and Roll","Quick Slash"],"picked":"SKIP","floor":4.0},{"not_picked":["Dagger Spray","Cloak And Dagger"],"picked":"Poisoned Stab","floor":5.0},{"not_picked":["Flying Knee","Dagger Spray","Bane"],"picked":"SKIP","floor":7.0},{"not_picked":["Slice","Heel Hook","Storm of Steel"],"picked":"SKIP","floor":8.0},{"not_picked":["Dagger Throw","Poisoned Stab"],"picked":"Well Laid Plans","floor":10.0},{"not_picked":["Acrobatics","Eviscerate","Poisoned Stab"],"picked":"SKIP","floor":13.0},{"not_picked":["Setup","Cloak And Dagger"],"picked":"Deadly Poison","floor":14.0},{"not_picked":["Venomology","Tools of the Trade"],"picked":"Glass Knife","floor":16.0},{"not_picked":["Underhanded Strike","Blade Dance","Tactician+1"],"picked":"SKIP","floor":18.0},{"not_picked":["Sucker Punch","Poisoned Stab+1","Slice"],"picked":"SKIP","floor":20.0},{"not_picked":["Sucker Punch","Poisoned Stab+1","Slice"],"picked":"SKIP","floor":20.0},{"not_picked":["Dash+1","Outmaneuver+1","Dagger Spray"],"picked":"SKIP","floor":22.0},{"not_picked":["Blade Dance","Doppelganger"],"picked":"Bouncing Flask","floor":24.0},{"not_picked":["Skewer","Dodge and Roll","Dagger Spray+1"],"picked":"SKIP","floor":27},{"not_picked":["Blade Dance+1","Leg Sweep"],"picked":"Well Laid Plans+1","floor":29},{"not_picked":["Doppelganger","Envenom"],"picked":"Malaise","floor":33},{"not_picked":["Backstab+1","Tactician+1","Outmaneuver"],"picked":"SKIP","floor":35},{"not_picked":["Bane+1","Deadly Poison"],"picked":"Bouncing Flask+1","floor":36},{"not_picked":["Backflip","Deflect"],"picked":"Footwork+1","floor":38},{"not_picked":["Concentrate","Dodge and Roll"],"picked":"Expertise+1","floor":42},{"not_picked":["Dagger Spray","PiercingWail+1"],"picked":"Footwork+1","floor":44},{"not_picked":["Dodge and Roll","Prepared+1"],"picked":"Backflip","floor":47},{"not_picked":["Flechettes+1","Terror","Poisoned Stab+1"],"picked":"SKIP","floor":48}],"player_experience":512126,"relics_obtained":[{"floor":9.0,"key":"Orichalcum"}],"event_choices":[{"damage_healed":0.0,"max_hp_gain":0.0,"max_hp_loss":0.0,"gold_gain":0.0,"event_name":"Scrap Ooze","player_choice":"Success","floor":2.0,"gold_loss":0.0,"damage_taken":12.0,"relics_obtained":["Pantograph"]},{"damage_healed":0.0,"max_hp_gain":0.0,"max_hp_loss":0.0,"gold_gain":99.0,"event_name":"Nest","player_choice":"Stole From Cult","floor":19.0,"gold_loss":0.0,"damage_taken":0.0},{"damage_healed":0.0,"max_hp_gain":0.0,"max_hp_loss":0.0,"gold_gain":0.0,"event_name":"Wheel of Change","player_choice":"Cursed","floor":21.0,"gold_loss":0.0,"damage_taken":0.0,"cards_obtained":["Decay"]},{"damage_healed":0,"gold_gain":0,"player_choice":"1 cards matched","damage_taken":0,"max_hp_gain":0,"max_hp_loss":0,"event_name":"Match and Keep!","floor":31,"gold_loss":0,"cards_obtained":["Unload"]},{"cards_removed":["Defend_G"],"damage_healed":0,"gold_gain":0,"player_choice":"Removed Skill","damage_taken":0,"max_hp_gain":0,"max_hp_loss":0,"event_name":"Falling","floor":37,"gold_loss":0},{"damage_healed":0,"gold_gain":0,"player_choice":"Ignored","damage_taken":0,"max_hp_gain":0,"max_hp_loss":0,"event_name":"Mysterious Sphere","floor":39,"gold_loss":0}],"is_beta":false,"boss_relics":[{"not_picked":["Ring of the Serpent","Tiny House"],"picked":"Cursed Key"},{"not_picked":["HoveringKite","Busted Crown"],"picked":"WristBlade"}],"items_purged_floors":[3,25,41,45],"is_endless":false,"potions_floor_spawned":[1,13,14,18,29,33,36,38],"ascension_level":0}