{"gold_per_floor":[109,109,121,121,46,75,75,110,110,130,19,19,54,109,109,185,185,203,118,118,38,88,88,122,122,122,122,5,23,56,67,67,141,141,152,164,114,133,21,48,48,48,72,72,82,92,92,92,92,92,92],"floor_reached":52,"playtime":1572,"items_purged":["Pain","Strike_G","Strike_G","Neutralize","Grand Finale"],"score":2268,"play_id":"d34662dd-41b6-48ef-8176-dd610d9f82a0","local_time":"20190808142109","is_ascension_mode":true,"campfire_choices":[{"data":"Predator","floor":7.0,"key":"SMITH"},{"data":"Catalyst","floor":12.0,"key":"SMITH"},{"data":"Tactician","floor":15.0,"key":"SMITH"},{"data":"Acrobatics","floor":23.0,"key":"SMITH"},{"data":"Reflex","floor":32.0,"key":"SMITH"},{"data":"Calculated Gamble","floor":42.0,"key":"SMITH"},{"data":"Flechettes","floor":44.0,"key":"SMITH"},{"data":"Well Laid Plans","floor":47.0,"key":"SMITH"},{"floor":49.0,"key":"RECALL"}],"neow_cost":"NONE","seed_source_timestamp":178274561824891,"circlet_count":0,"master_deck":["AscendersBane","Survivor","Predator+1","Heel Hook","Corpse Explosion","Catalyst+1","PiercingWail","Tactician+1","Acrobatics+1","Well Laid Plans+1","Escape Plan","Reflex+1","Backflip+1","Calculated Gamble+1","Flechettes+1"],"special_seed":0,"relics":["Eternal Feather","WarpedTongs","Ninja Scroll","Strawberry","The Courier","Meat on the Bone","Dream Catcher","Calling Bell","PreservedInsect","Pantograph","Torii","Centennial Puzzle","Blue Candle","Nilry\u0027s Codex","Smiling Mask","Bird Faced Urn","Pandora\u0027s Box","Pear","Mercury Hourglass","Happy Flower"],"potions_floor_usage":[51],"damage_taken":[{"damage":2.0,"enemies":"2 Louse","floor":1.0,"turns":4.0},{"damage":4.0,"enemies":"Cultist","floor":3.0,"turns":5.0},{"damage":34.0,"enemies":"3 Sentries","floor":6.0,"turns":10.0},{"damage":24.0,"enemies":"Lagavulin","floor":8.0,"turns":9.0},{"damage":0.0,"enemies":"Small Slimes","floor":10.0,"turns":2.0},{"damage":4.0,"enemies":"3 Sentries","floor":13.0,"turns":4.0},{"damage":29.0,"enemies":"Gremlin Nob","floor":14.0,"turns":4.0},{"damage":23.0,"enemies":"Hexaghost","floor":16.0,"turns":9.0},{"damage":19.0,"enemies":"Shell Parasite","floor":18.0,"turns":6.0},{"damage":3.0,"enemies":"Gremlin Leader","floor":24.0,"turns":5.0},{"damage":12.0,"enemies":"Chosen","floor":29.0,"turns":4.0},{"damage":21.0,"enemies":"Book of Stabbing","floor":30.0,"turns":3.0},{"damage":1.0,"enemies":"Sentry and Sphere","floor":31.0,"turns":3.0},{"damage":31.0,"enemies":"Champ","floor":33.0,"turns":9.0},{"damage":4.0,"enemies":"3 Shapes","floor":35.0,"turns":1.0},{"damage":1.0,"enemies":"3 Darklings","floor":36.0,"turns":1.0},{"damage":8.0,"enemies":"Maw","floor":38.0,"turns":3.0},{"damage":1.0,"enemies":"Nemesis","floor":40.0,"turns":1.0},{"damage":1.0,"enemies":"Jaw Worm Horde","floor":45.0,"turns":1.0},{"damage":1.0,"enemies":"Spire Growth","floor":46.0,"turns":2.0},{"damage":1.0,"enemies":"Maw","floor":48.0,"turns":2.0},{"damage":1.0,"enemies":"Donu and Deca","floor":50.0,"turns":1.0},{"damage":1,"enemies":"Time Eater","floor":51,"turns":5}],"seed_played":"6689343651815223985","potions_obtained":[{"floor":10.0,"key":"Swift Potion"},{"floor":14.0,"key":"AttackPotion"},{"floor":16.0,"key":"FearPotion"},{"floor":24.0,"key":"Regen Potion"},{"floor":30.0,"key":"Regen Potion"},{"floor":33.0,"key":"GamblersBrew"},{"floor":40.0,"key":"Weak Potion"}],"is_trial":false,"path_per_floor":["M","?","M","?","$","E","R","E","T","M","$","R","E","?","R","B",null,"M","?","?","$","?","R","E","?","T","?","$","M","E","M","R","B",null,"M","M","$","M","$","E","T","R","T","R","M","M","R","M","R","B","B",null],"character_chosen":"THE_SILENT","items_purchased":["Catalyst","Acrobatics","Well Laid Plans","Reflex","Flechettes"],"campfire_rested":0,"item_purchase_floors":[11,21,21,28,39],"current_hp_per_floor":[57,57,53,48,48,21,30,6,6,18,18,27,35,18,27,16,59,40,40,40,40,40,52,49,28,28,28,28,42,33,46,58,42,65,63,64,64,58,58,69,69,78,78,83,83,83,83,82,83,83,83],"gold":92,"neow_bonus":"BOSS_RELIC","is_prod":false,"is_daily":false,"chose_seed":false,"campfire_upgraded":8,"win_rate":0,"timestamp":1565241669,"path_taken":["M","?","?","?","$","E","R","E","T","M","$","R","E","?","R","BOSS","M","?","?","$","?","R","E","?","T","?","$","M","E","?","R","BOSS","M","M","$","M","?","E","?","R","T","R","M","M","R","M","R","BOSS","BOSS"],"build_version":"2019-07-17","purchased_purges":5,"victory":true,"max_hp_per_floor":[66,66,66,66,66,73,73,73,73,73,73,73,73,73,73,73,73,73,73,73,73,73,73,73,73,73,73,73,73,73,73,73,73,73,73,73,73,73,73,83,83,83,83,83,83,83,83,83,83,83,83],"card_choices":[{"not_picked":["Sucker Punch","Prepared"],"picked":"Predator","floor":1.0},{"not_picked":["Underhanded Strike","Sucker Punch"],"picked":"Heel Hook","floor":3.0},{"not_picked":["Blur","Dagger Throw","Outmaneuver"],"picked":"SKIP","floor":6.0},{"not_picked":["Bane","Cloak And Dagger","Sucker Punch"],"picked":"SKIP","floor":8.0},{"not_picked":["Poisoned Stab","Dodge and Roll"],"picked":"Corpse Explosion","floor":10.0},{"not_picked":["Backflip","Bane"],"picked":"PiercingWail","floor":13.0},{"not_picked":["Quick Slash","Prepared"],"picked":"Tactician","floor":14.0},{"not_picked":["Phantasmal Killer","Glass Knife"],"picked":"Grand Finale","floor":16.0},{"not_picked":["Dash","Blade Dance","Dagger Spray"],"picked":"SKIP","floor":18.0},{"not_picked":["Deflect","Catalyst"],"picked":"Escape Plan","floor":24.0},{"not_picked":["Outmaneuver+1","Well Laid Plans","Dagger Throw"],"picked":"SKIP","floor":29.0},{"not_picked":["Bouncing Flask+1","Phantasmal Killer","Deadly Poison"],"picked":"SKIP","floor":30.0},{"not_picked":["Terror","Deadly Poison+1"],"picked":"Backflip+1","floor":31.0},{"not_picked":["Prepared","Infinite Blades","PiercingWail"],"picked":"SKIP","floor":35.0},{"not_picked":["Quick Slash","Deflect"],"picked":"Calculated Gamble","floor":36.0},{"not_picked":["Prepared+1","Deadly Poison","Backflip+1"],"picked":"SKIP","floor":38.0},{"not_picked":["Blade Dance","Underhanded Strike","Dodge and Roll"],"picked":"SKIP","floor":40.0},{"not_picked":["Well Laid Plans+1","All Out Attack","Escape Plan"],"picked":"SKIP","floor":45.0},{"not_picked":["Quick Slash","Backstab","Flying Knee+1"],"picked":"SKIP","floor":46.0},{"not_picked":["Dash+1","Blade Dance+1","Flying Knee"],"picked":"SKIP","floor":48.0}],"player_experience":816402,"relics_obtained":[{"floor":6.0,"key":"Strawberry"},{"floor":8.0,"key":"The Courier"},{"floor":9.0,"key":"Meat on the Bone"},{"floor":14.0,"key":"Dream Catcher"},{"floor":17.0,"key":"PreservedInsect"},{"floor":17.0,"key":"Pantograph"},{"floor":17.0,"key":"Torii"},{"floor":24.0,"key":"Blue Candle"},{"floor":25.0,"key":"Nilry\u0027s Codex"},{"floor":26.0,"key":"Smiling Mask"},{"floor":30.0,"key":"Bird Faced Urn"},{"floor":40.0,"key":"Pear"},{"floor":41.0,"key":"Mercury Hourglass"},{"floor":43.0,"key":"Happy Flower"}],"event_choices":[{"damage_healed":0.0,"max_hp_gain":0.0,"max_hp_loss":0.0,"gold_gain":0.0,"event_name":"Accursed Blacksmith","player_choice":"Rummage","floor":2.0,"gold_loss":0.0,"damage_taken":0.0,"relics_obtained":["WarpedTongs"],"cards_obtained":["Pain"]},{"damage_healed":0.0,"max_hp_gain":0.0,"max_hp_loss":0.0,"gold_gain":0.0,"event_name":"Scrap Ooze","player_choice":"Success","floor":4.0,"gold_loss":0.0,"damage_taken":5.0,"relics_obtained":["Ninja Scroll"]},{"damage_healed":0.0,"max_hp_gain":0.0,"max_hp_loss":0.0,"gold_gain":0.0,"event_name":"Dead Adventurer","player_choice":"Searched \u00271\u0027 times","floor":14.0,"gold_loss":0.0,"damage_taken":0.0},{"damage_healed":0.0,"max_hp_gain":0.0,"max_hp_loss":0.0,"gold_gain":0.0,"event_name":"Addict","player_choice":"Obtained Relic","floor":19.0,"gold_loss":85.0,"damage_taken":0.0,"relics_obtained":["Centennial Puzzle"]},{"damage_healed":0.0,"max_hp_gain":0.0,"max_hp_loss":0.0,"gold_gain":0.0,"event_name":"Vampires","player_choice":"Ignored","floor":20.0,"gold_loss":0.0,"damage_taken":0.0},{"damage_healed":0.0,"max_hp_gain":0.0,"max_hp_loss":0.0,"gold_gain":50.0,"event_name":"Nest","player_choice":"Stole From Cult","floor":22.0,"gold_loss":0.0,"damage_taken":0.0},{"damage_healed":0.0,"max_hp_gain":0.0,"max_hp_loss":0.0,"gold_gain":0.0,"event_name":"Cursed Tome","player_choice":"Obtained Book","floor":25.0,"gold_loss":0.0,"damage_taken":21.0},{"damage_healed":0.0,"max_hp_gain":0.0,"max_hp_loss":0.0,"gold_gain":0.0,"event_name":"The Mausoleum","player_choice":"Ignored","floor":27.0,"gold_loss":0.0,"damage_taken":0.0}],"is_beta":false,"boss_relics":[{"not_picked":["Tiny House","Orrery"],"picked":"Calling Bell"},{"not_picked":["Snecko Eye","WristBlade"],"picked":"Pandora\u0027s Box"}],"items_purged_floors":[5,11,28,37,39],"is_endless":false,"potions_floor_spawned":[10,14,16,24,30,33,40,45,48],"ascension_level":20}