{"gold_per_floor":[363,374,138,157,177,202,202,202,202,202,233,251,27,27,27,99,99,119,131,31,44,59,59,92,92,92,92,92,92,103,121,121,121],"floor_reached":33,"playtime":1489,"items_purged":["Strike_B","Strike_B"],"score":554,"play_id":"8c6232d3-4028-4f03-9440-a1193127d50a","local_time":"20190108191903","is_ascension_mode":true,"campfire_choices":[{"data":"Sunder","floor":7.0,"key":"SMITH"},{"floor":10.0,"key":"REST"},{"floor":15.0,"key":"REST"},{"data":"Defragment","floor":23.0,"key":"SMITH"},{"floor":25.0,"key":"REST"},{"data":"Coolheaded","floor":28.0,"key":"SMITH"},{"data":"Dualcast","floor":32.0,"key":"SMITH"}],"neow_cost":"TEN_PERCENT_HP_LOSS","seed_source_timestamp":26741802056005,"circlet_count":0,"master_deck":["AscendersBane","Defend_B","Defend_B","Defend_B","Defend_B","Zap","Dualcast+1","Sunder+1","Defragment+1","Chill","Coolheaded+1","Conserve Battery","Undo","Core Surge","Melter","Shrug It Off","Backflip","Ghostly","Ghostly","Ghostly","Finesse"],"special_seed":0,"relics":["Cracked Core","Bag of Preparation","Matryoshka","Ancient Tea Set","Thread and Needle","Bag of Marbles","PrismaticShard","Runic Dome","Pen Nib","Shuriken","Bottled Flame"],"potions_floor_usage":[],"damage_taken":[{"damage":0.0,"enemies":"2 Louse","floor":1.0,"turns":2.0},{"damage":0.0,"enemies":"Small Slimes","floor":2.0,"turns":2.0},{"damage":1.0,"enemies":"Cultist","floor":4.0,"turns":3.0},{"damage":10.0,"enemies":"Gremlin Gang","floor":5.0,"turns":3.0},{"damage":37.0,"enemies":"Lagavulin","floor":6.0,"turns":7.0},{"damage":2.0,"enemies":"Gremlin Nob","floor":11.0,"turns":3.0},{"damage":0.0,"enemies":"Looter","floor":12.0,"turns":3.0},{"damage":24.0,"enemies":"Slime Boss","floor":16.0,"turns":10.0},{"damage":0.0,"enemies":"2 Thieves","floor":18.0,"turns":4.0},{"damage":0.0,"enemies":"Spheric Guardian","floor":19.0,"turns":3.0},{"damage":0.0,"enemies":"Snecko","floor":21.0,"turns":6.0},{"damage":0.0,"enemies":"3 Cultists","floor":22.0,"turns":7.0},{"damage":46.0,"enemies":"Gremlin Leader","floor":24.0,"turns":7.0},{"damage":0.0,"enemies":"Centurion and Healer","floor":30.0,"turns":4.0},{"damage":0.0,"enemies":"Snake Plant","floor":31.0,"turns":6.0},{"damage":29,"enemies":"Collector","floor":33,"turns":12}],"seed_played":"8891426519964004061","potions_obtained":[{"floor":1.0,"key":"SneckoOil"},{"floor":5.0,"key":"Explosive Potion"},{"floor":12.0,"key":"Strength Potion"},{"floor":16.0,"key":"Explosive Potion"},{"floor":18.0,"key":"Explosive Potion"},{"floor":30.0,"key":"Dexterity Potion"}],"is_trial":false,"path_per_floor":["M","M","$","M","M","E","R","?","T","R","E","M","$","?","R","B",null,"M","M","$","M","M","R","E","R","T","?","R","?","M","M","R","B"],"character_chosen":"DEFECT","items_purchased":["Bag of Preparation","PrismaticShard"],"campfire_rested":3,"item_purchase_floors":[3,13],"current_hp_per_floor":[64,64,64,63,53,16,16,16,16,35,33,33,33,26,45,21,53,53,53,53,53,53,53,7,26,26,26,26,26,26,26,26,0],"gold":121,"neow_bonus":"TWO_FIFTY_GOLD","is_prod":false,"is_daily":false,"chose_seed":false,"campfire_upgraded":4,"win_rate":0,"timestamp":1546946343,"path_taken":["M","M","$","M","M","E","R","?","T","R","E","M","$","?","R","BOSS","M","M","$","M","M","R","E","R","T","?","R","?","?","M","R","BOSS"],"build_version":"2019-01-03v4","purchased_purges":2,"victory":false,"max_hp_per_floor":[64,64,64,64,64,64,64,64,64,64,64,64,64,64,64,64,64,64,64,64,64,64,64,64,64,64,32,32,32,32,32,32,32],"card_choices":[{"not_picked":["Turbo","Ball Lightning"],"picked":"Sunder","floor":1.0},{"not_picked":["Genetic Algorithm","Hello World"],"picked":"Defragment","floor":2.0},{"not_picked":["Aggregate","Melter","Gash"],"picked":"SKIP","floor":4.0},{"not_picked":["Rebound","Leap"],"picked":"Chill","floor":5.0},{"not_picked":["Sweeping Beam","Blizzard"],"picked":"Coolheaded","floor":6.0},{"not_picked":["Redo","Sweeping Beam"],"picked":"Conserve Battery","floor":11.0},{"not_picked":["Redo","Chaos"],"picked":"Undo","floor":12.0},{"not_picked":["Electrodynamics","Berserk"],"picked":"Core Surge","floor":16.0},{"not_picked":["Quick Slash","Accuracy"],"picked":"Melter","floor":18.0},{"not_picked":["Leap","Cloak And Dagger"],"picked":"Shrug It Off","floor":19.0},{"not_picked":["Flechettes+1","Slice","Spot Weakness"],"picked":"SKIP","floor":21.0},{"not_picked":["Blade Dance","Lockon"],"picked":"Backflip","floor":22.0},{"not_picked":["Flying Knee","Bane","Barrage"],"picked":"SKIP","floor":24.0},{"not_picked":["All Out Attack","Pommel Strike","Steam Power"],"picked":"SKIP","floor":30.0},{"not_picked":["Rage","Perfected Strike"],"picked":"Finesse","floor":31.0}],"player_experience":1860741,"relics_obtained":[{"floor":6.0,"key":"Matryoshka"},{"floor":9.0,"key":"Ancient Tea Set"},{"floor":9.0,"key":"Thread and Needle"},{"floor":11.0,"key":"Bag of Marbles"},{"floor":24.0,"key":"Pen Nib"},{"floor":26.0,"key":"Shuriken"},{"floor":26.0,"key":"Bottled Flame"}],"event_choices":[{"damage_healed":0.0,"max_hp_gain":0.0,"max_hp_loss":0.0,"gold_gain":0.0,"event_name":"Scrap Ooze","player_choice":"Fled","floor":8.0,"gold_loss":0.0,"damage_taken":0.0},{"cards_removed":["Strike_B"],"damage_healed":0.0,"max_hp_gain":0.0,"max_hp_loss":0.0,"gold_gain":0.0,"event_name":"Golden Wing","player_choice":"Card Removal","floor":14.0,"gold_loss":0.0,"damage_taken":7.0},{"damage_healed":0.0,"max_hp_gain":0.0,"max_hp_loss":32.0,"gold_gain":0.0,"event_name":"Ghosts","player_choice":"Became a Ghost","floor":27.0,"gold_loss":0.0,"damage_taken":0.0,"cards_obtained":["Ghostly","Ghostly","Ghostly"]},{"cards_removed":["Strike_B"],"damage_healed":0.0,"max_hp_gain":0.0,"max_hp_loss":0.0,"gold_gain":0.0,"event_name":"Purifier","player_choice":"Purged","floor":29.0,"gold_loss":0.0,"damage_taken":0.0}],"is_beta":false,"boss_relics":[{"not_picked":["Pandora\u0027s Box","Calling Bell"],"picked":"Runic Dome"}],"items_purged_floors":[3,20],"is_endless":false,"potions_floor_spawned":[1,5,12,16,18,19,30],"killed_by":"Collector","ascension_level":20}