{"gold_per_floor":[418,126,143,143,158,158,433,433,508,508,524,151,151,169,169,243,243,260,260,27,77,111,143,159,186,186,202,202,22,22,39,39,112,112,130,176,48,60,106,132,147,147,172,172,84,114,214,214,214,214,214,214,214,27,54,54],"floor_reached":57,"playtime":2455,"items_purged":["Writhe","Regret","Strike_G","Grand Finale","Predator","Glass Knife"],"score":3443,"play_id":"266d259f-dab0-401c-85fb-7c8a289465c4","local_time":"20190416021514","is_ascension_mode":true,"campfire_choices":[{"data":"Noxious Fumes","floor":6.0,"key":"SMITH"},{"data":"Bouncing Flask","floor":8.0,"key":"SMITH"},{"data":"Impatience","floor":10.0,"key":"SMITH"},{"data":"Apotheosis","floor":15.0,"key":"SMITH"},{"data":"1","floor":28.0,"key":"LIFT"},{"data":"2","floor":32.0,"key":"LIFT"},{"data":"3","floor":42.0,"key":"LIFT"},{"floor":44.0,"key":"RECALL"},{"data":"Purity","floor":49,"key":"SMITH"},{"data":"Acrobatics","floor":53,"key":"SMITH"}],"neow_cost":"CURSE","seed_source_timestamp":51618179581952,"circlet_count":0,"master_deck":["AscendersBane","Survivor","Neutralize","Masterful Stab+1","Noxious Fumes+1","Bouncing Flask+1","Impatience+1","Concentrate","Tactician","Acrobatics+1","Apotheosis+1","Backflip","After Image+1","Calculated Gamble+1","Prepared+1","Expertise","Wraith Form v2+1","Blur","Doppelganger","Reflex","Grand Finale+1","Purity+1"],"special_seed":0,"relics":["Ring of the Snake","Old Coin","Frozen Egg 2","Membership Card","Runic Pyramid","ClockworkSouvenir","Tiny Chest","Red Mask","Dodecahedron","Lantern","Girya","TheAbacus","Pandora\u0027s Box","Turnip","Mercury Hourglass","Blood Vial","Bag of Marbles","Torii","Anchor","Whetstone"],"potions_floor_usage":[56],"damage_taken":[{"damage":6.0,"enemies":"Cultist","floor":1.0,"turns":5.0},{"damage":7.0,"enemies":"Small Slimes","floor":3.0,"turns":4.0},{"damage":0.0,"enemies":"2 Louse","floor":5.0,"turns":2.0},{"damage":4.0,"enemies":"Red Slaver","floor":11.0,"turns":3.0},{"damage":19.0,"enemies":"Exordium Thugs","floor":14.0,"turns":3.0},{"damage":0.0,"enemies":"Hexaghost","floor":16.0,"turns":7.0},{"damage":4.0,"enemies":"Shell Parasite","floor":18.0,"turns":4.0},{"damage":0.0,"enemies":"Masked Bandits","floor":22.0,"turns":3.0},{"damage":0.0,"enemies":"Gremlin Leader","floor":23.0,"turns":5.0},{"damage":0.0,"enemies":"Chosen","floor":24.0,"turns":3.0},{"damage":5.0,"enemies":"Slavers","floor":25.0,"turns":7.0},{"damage":0.0,"enemies":"Snake Plant","floor":27.0,"turns":3.0},{"damage":0.0,"enemies":"Cultist and Chosen","floor":31.0,"turns":2.0},{"damage":0.0,"enemies":"Automaton","floor":33.0,"turns":5.0},{"damage":0.0,"enemies":"Orb Walker","floor":35.0,"turns":2.0},{"damage":0.0,"enemies":"3 Darklings","floor":38.0,"turns":2.0},{"damage":0.0,"enemies":"2 Orb Walkers","floor":39.0,"turns":3.0},{"damage":0.0,"enemies":"Nemesis","floor":40.0,"turns":3.0},{"damage":0.0,"enemies":"Jaw Worm Horde","floor":41.0,"turns":2.0},{"damage":0.0,"enemies":"Giant Head","floor":46.0,"turns":2.0},{"damage":0.0,"enemies":"Mind Bloom Boss Battle","floor":47.0,"turns":3.0},{"damage":0,"enemies":"Time Eater","floor":50,"turns":5},{"damage":0,"enemies":"Awakened One","floor":51,"turns":3},{"damage":0,"enemies":"Shield and Spear","floor":55,"turns":2},{"damage":0,"enemies":"The Heart","floor":56,"turns":6}],"seed_played":"7317409438555568292","potions_obtained":[{"floor":3.0,"key":"Block Potion"},{"floor":11.0,"key":"GamblersBrew"},{"floor":16.0,"key":"SkillPotion"},{"floor":24.0,"key":"EssenceOfSteel"},{"floor":25.0,"key":"FearPotion"},{"floor":31.0,"key":"Dexterity Potion"},{"floor":38.0,"key":"Swift Potion"}],"is_trial":false,"path_per_floor":["M","$","M","?","M","R","?","R","T","R","M","$","?","M","R","B",null,"M","?","$","?","?","E","M","E","T","M","R","$","?","M","R","B",null,"M","T","$","M","?","E","M","R","T","R","$","E","?","?","R","B","B",null,"R","$","E","B",null],"character_chosen":"THE_SILENT","items_purchased":["Noxious Fumes","Bouncing Flask","Impatience","Membership Card","Apotheosis","ClockworkSouvenir","Tiny Chest","Grand Finale","TheAbacus","Purity","Anchor"],"campfire_rested":0,"item_purchase_floors":[2,2,2,12,12,20,20,29,29,37,54],"current_hp_per_floor":[53,53,46,51,51,51,51,51,51,51,47,47,40,21,21,21,59,55,35,35,35,35,35,35,30,30,30,30,30,30,30,30,30,65,65,65,65,65,65,65,65,65,65,65,65,67,69,69,69,71,73,75,75,75,76,76],"gold":54,"neow_bonus":"ONE_RARE_RELIC","is_prod":false,"is_daily":false,"chose_seed":false,"campfire_upgraded":6,"win_rate":0,"timestamp":1555352114,"path_taken":["M","$","?","?","M","R","?","R","T","R","?","$","?","M","R","BOSS","M","?","$","?","?","E","M","E","T","M","R","$","?","M","R","BOSS","M","?","$","M","?","E","M","R","T","R","$","E","?","?","R","BOSS","BOSS","R","$","E","BOSS"],"build_version":"2019-01-23","purchased_purges":6,"victory":true,"max_hp_per_floor":[66,66,66,71,71,71,71,71,71,71,71,71,71,71,71,71,71,71,76,76,76,76,76,76,76,76,76,76,76,76,76,76,76,76,76,76,76,76,76,76,76,76,76,76,76,76,76,76,76,76,76,76,76,76,76,76],"card_choices":[{"not_picked":["Poisoned Stab","Dodge and Roll"],"picked":"Masterful Stab","floor":1.0},{"not_picked":["Blade Dance","Sucker Punch"],"picked":"Concentrate","floor":3.0},{"not_picked":["Heel Hook","Dagger Spray"],"picked":"Tactician","floor":5.0},{"not_picked":["Bouncing Flask","Outmaneuver"],"picked":"Acrobatics","floor":11.0},{"not_picked":["Outmaneuver","All Out Attack"],"picked":"Backflip","floor":14.0},{"not_picked":["Envenom+1","Bullet Time"],"picked":"After Image+1","floor":16.0},{"not_picked":["Acrobatics","Riddle With Holes"],"picked":"Calculated Gamble","floor":18.0},{"not_picked":["Crippling Poison","Acrobatics+1","Backstab"],"picked":"SKIP","floor":23.0},{"not_picked":["Quick Slash","Deflect","Calculated Gamble"],"picked":"SKIP","floor":24.0},{"not_picked":["Dodge and Roll","Deadly Poison"],"picked":"Prepared+1","floor":25.0},{"not_picked":["Poisoned Stab","Flying Knee+1","Underhanded Strike"],"picked":"SKIP","floor":27.0},{"not_picked":["Cloak And Dagger+1","Acrobatics","Dagger Spray+1"],"picked":"SKIP","floor":31.0},{"not_picked":["Prepared","Acrobatics+1","Blade Dance+1"],"picked":"SKIP","floor":35.0},{"not_picked":["Riddle With Holes+1","PiercingWail+1","Acrobatics"],"picked":"SKIP","floor":38.0},{"not_picked":["Bane","Outmaneuver","Storm of Steel"],"picked":"SKIP","floor":40.0},{"not_picked":["Cloak And Dagger","Sucker Punch","Deadly Poison+1"],"picked":"SKIP","floor":41.0},{"not_picked":["Malaise","Quick Slash+1","Backflip"],"picked":"SKIP","floor":46.0},{"not_picked":["Riddle With Holes","All Out Attack","Dagger Spray"],"picked":"SKIP","floor":55}],"player_experience":4306830,"relics_obtained":[{"floor":9.0,"key":"Frozen Egg 2"},{"floor":22.0,"key":"Red Mask"},{"floor":23.0,"key":"Dodecahedron"},{"floor":25.0,"key":"Lantern"},{"floor":26.0,"key":"Girya"},{"floor":39.0,"key":"Turnip"},{"floor":40.0,"key":"Mercury Hourglass"},{"floor":43.0,"key":"Blood Vial"},{"floor":46.0,"key":"Bag of Marbles"},{"floor":47.0,"key":"Torii"},{"floor":55,"key":"Whetstone"}],"event_choices":[{"damage_healed":0.0,"max_hp_gain":5.0,"max_hp_loss":0.0,"gold_gain":0.0,"event_name":"Big Fish","player_choice":"Donut","floor":4.0,"gold_loss":0.0,"damage_taken":0.0},{"damage_healed":0.0,"max_hp_gain":0.0,"max_hp_loss":0.0,"gold_gain":275.0,"event_name":"Golden Shrine","player_choice":"Desecrate","floor":7.0,"gold_loss":0.0,"damage_taken":0.0,"cards_obtained":["Regret"]},{"cards_removed":["Strike_G"],"damage_healed":0.0,"max_hp_gain":0.0,"max_hp_loss":0.0,"gold_gain":0.0,"event_name":"Golden Wing","player_choice":"Card Removal","floor":13.0,"gold_loss":0.0,"damage_taken":7.0},{"damage_healed":0.0,"max_hp_gain":5.0,"max_hp_loss":0.0,"gold_gain":0.0,"event_name":"Forgotten Altar","player_choice":"Shed Blood","floor":19.0,"gold_loss":0.0,"damage_taken":25.0},{"damage_healed":0.0,"max_hp_gain":0.0,"max_hp_loss":0.0,"gold_gain":50.0,"event_name":"Nest","player_choice":"Stole From Cult","floor":21.0,"gold_loss":0.0,"damage_taken":0.0},{"damage_healed":0.0,"max_hp_gain":0.0,"max_hp_loss":0.0,"gold_gain":0.0,"event_name":"Masked Bandits","player_choice":"Fought Bandits","floor":22.0,"gold_loss":0.0,"damage_taken":0.0},{"damage_healed":0.0,"max_hp_gain":0.0,"max_hp_loss":0.0,"gold_gain":0.0,"event_name":"Upgrade Shrine","player_choice":"Upgraded","floor":30.0,"gold_loss":0.0,"damage_taken":0.0,"cards_upgraded":["Calculated Gamble"]},{"damage_healed":0.0,"max_hp_gain":0.0,"max_hp_loss":0.0,"gold_gain":0.0,"event_name":"Mysterious Sphere","player_choice":"Fight","floor":39.0,"gold_loss":0.0,"damage_taken":0.0},{"damage_healed":0.0,"max_hp_gain":0.0,"max_hp_loss":0.0,"gold_gain":0.0,"event_name":"MindBloom","player_choice":"Fight","floor":47.0,"gold_loss":0.0,"damage_taken":0.0},{"damage_healed":0,"gold_gain":0,"player_choice":"Memory 1","damage_taken":0,"max_hp_gain":0,"max_hp_loss":0,"event_name":"SensoryStone","floor":48,"gold_loss":0}],"is_beta":false,"boss_relics":[{"not_picked":["Runic Dome","Ectoplasm"],"picked":"Runic Pyramid"},{"not_picked":["Velvet Choker","White Beast Statue"],"picked":"Pandora\u0027s Box"}],"items_purged_floors":[2,12,20,37,45,54],"is_endless":false,"potions_floor_spawned":[3,11,16,24,25,31,38,39,46,47],"ascension_level":20}