{"gold_per_floor":[111,111,126,126,140,175,189,139,163,190,216,228,256,26,26,126,126,136,146,177,102,102],"floor_reached":22,"playtime":1773,"items_purged":[],"score":188,"play_id":"522069cb-183b-4cbe-8944-b3e1f6de8639","local_time":"20190803133818","is_ascension_mode":false,"campfire_choices":[{"floor":12,"key":"REST"},{"floor":15,"key":"REST"}],"neow_cost":"NONE","seed_source_timestamp":488907706372800,"circlet_count":0,"master_deck":["Defend_R+1","Defend_R","Defend_R+1","Bash","Ghostly Armor","Whirlwind","Pommel Strike","Armaments","Wild Strike","Cleave","Pommel Strike","Flame Barrier","Metamorphosis","Flex","Impervious","Hemokinesis+1","Clash+1","Sever Soul+1","Combust","Clothesline","Fire Breathing"],"relics":["Fusion Hammer","War Paint","MawBank","Astrolabe","Red Mask"],"potions_floor_usage":[],"damage_taken":[{"damage":10,"enemies":"Small Slimes","floor":1,"turns":3},{"damage":7,"enemies":"Jaw Worm","floor":3,"turns":4},{"damage":0,"enemies":"2 Louse","floor":5,"turns":1},{"damage":30,"enemies":"Lagavulin","floor":6,"turns":8},{"damage":0,"enemies":"2 Fungi Beasts","floor":7,"turns":1},{"damage":1,"enemies":"3 Louse","floor":10,"turns":2},{"damage":1,"enemies":"Exordium Wildlife","floor":11,"turns":3},{"damage":2,"enemies":"Blue Slaver","floor":13,"turns":3},{"damage":30,"enemies":"Slime Boss","floor":16,"turns":9},{"damage":13,"enemies":"Spheric Guardian","floor":18,"turns":4},{"damage":27,"enemies":"Chosen","floor":19,"turns":5},{"damage":22,"enemies":"Masked Bandits","floor":20,"turns":4},{"damage":18,"enemies":"Snake Plant","floor":22,"turns":1}],"seed_played":"2659640493769388263","potions_obtained":[{"floor":1,"key":"Ancient Potion"},{"floor":5,"key":"EssenceOfSteel"},{"floor":10,"key":"SteroidPotion"}],"is_trial":false,"path_per_floor":["M","?","M","$","M","E","M","?","T","M","M","R","M","$","R","B",null,"M","M","?","?","M"],"character_chosen":"IRONCLAD","items_purchased":["Metamorphosis","Flex"],"campfire_rested":2,"item_purchase_floors":[14,14],"current_hp_per_floor":[70,63,56,56,56,26,26,26,26,25,24,48,46,46,70,40,80,67,40,18,18,0],"gold":102,"neow_bonus":"BOSS_RELIC","is_prod":false,"is_daily":false,"chose_seed":false,"campfire_upgraded":0,"win_rate":0.0,"timestamp":1564861098,"path_taken":["M","?","M","$","M","E","M","?","T","M","M","R","M","?","R","BOSS","M","M","?","?","M"],"build_version":"2019-07-17","purchased_purges":0,"victory":false,"max_hp_per_floor":[80,80,80,80,80,80,80,80,80,80,80,80,80,80,80,80,80,80,80,80,80,80],"card_choices":[{"not_picked":["Headbutt","Clothesline"],"picked":"Ghostly Armor","floor":1},{"not_picked":["Clothesline","Cleave"],"picked":"Whirlwind","floor":3},{"not_picked":["Anger","Feel No Pain"],"picked":"Pommel Strike","floor":5},{"not_picked":["Headbutt","Second Wind"],"picked":"Armaments","floor":6},{"not_picked":["Shrug It Off","True Grit"],"picked":"Wild Strike","floor":7},{"not_picked":["Armaments","Twin Strike"],"picked":"Cleave","floor":10},{"not_picked":["True Grit","Thunderclap"],"picked":"Pommel Strike","floor":11},{"not_picked":["Rampage","Brutality"],"picked":"Flame Barrier","floor":13},{"not_picked":["Dark Embrace","Brutality"],"picked":"Impervious","floor":16},{"not_picked":["Pommel Strike+1","Wild Strike"],"picked":"Combust","floor":18},{"not_picked":["Perfected Strike","Headbutt"],"picked":"Clothesline","floor":19},{"not_picked":["Pommel Strike","Warcry"],"picked":"Fire Breathing","floor":20}],"player_experience":25306,"relics_obtained":[{"floor":6,"key":"War Paint"},{"floor":9,"key":"MawBank"},{"floor":20,"key":"Red Mask"}],"event_choices":[{"cards_removed":["Strike_R"],"damage_healed":0,"gold_gain":0,"player_choice":"Card Removal","damage_taken":7,"max_hp_gain":0,"max_hp_loss":0,"event_name":"Golden Wing","floor":2,"gold_loss":0},{"cards_removed":["Strike_R"],"damage_healed":0,"gold_gain":0,"player_choice":"Card Removal","damage_taken":0,"max_hp_gain":0,"max_hp_loss":0,"event_name":"The Cleric","floor":8,"gold_loss":50},{"damage_healed":0,"gold_gain":0,"player_choice":"Fought Bandits","damage_taken":0,"max_hp_gain":0,"max_hp_loss":0,"event_name":"Masked Bandits","floor":20,"gold_loss":0},{"cards_removed":["Defend_R"],"damage_healed":0,"gold_gain":0,"player_choice":"Gave Gold","damage_taken":0,"max_hp_gain":0,"max_hp_loss":0,"event_name":"Beggar","floor":21,"gold_loss":75}],"is_beta":false,"boss_relics":[{"not_picked":["Velvet Choker","Mark of Pain"],"picked":"Astrolabe"}],"items_purged_floors":[],"is_endless":false,"potions_floor_spawned":[1,5,10,11,13,18],"killed_by":"Snake Plant","ascension_level":0}