{"gold_per_floor":[367,377,377,155,172,172,184,184,184,184,184,200,233,251,251,251],"floor_reached":16,"playtime":399,"items_purged":["Strike_B"],"score":204,"play_id":"7b6d7901-a5c6-49a4-acf0-60683b387a78","local_time":"20190227183751","is_ascension_mode":true,"campfire_choices":[{"data":"Zap","floor":6,"key":"SMITH"},{"data":"Dualcast","floor":8,"key":"SMITH"},{"data":"Tempest","floor":15,"key":"SMITH"}],"neow_cost":"TEN_PERCENT_HP_LOSS","seed_source_timestamp":859377323032751,"circlet_count":0,"master_deck":["AscendersBane","Strike_B","Strike_B+1","Defend_B","Defend_B","Defend_B+1","Defend_B","Zap+1","Dualcast+1","Tempest+1","Cold Snap","Coolheaded","Heatsinks","White Noise","Glacier","Coolheaded","Ball Lightning"],"relics":["Cracked Core","Question Card","Turnip"],"potions_floor_usage":[],"damage_taken":[{"damage":4,"enemies":"2 Louse","floor":1,"turns":3},{"damage":2,"enemies":"Jaw Worm","floor":2,"turns":3},{"damage":0,"enemies":"Cultist","floor":5,"turns":3},{"damage":21,"enemies":"Exordium Wildlife","floor":7,"turns":7},{"damage":0,"enemies":"Blue Slaver","floor":12,"turns":3},{"damage":5,"enemies":"3 Sentries","floor":13,"turns":2},{"damage":4,"enemies":"3 Louse","floor":14,"turns":3},{"damage":3,"enemies":"Hexaghost","floor":16,"turns":9}],"seed_played":"7918863362715882967","potions_obtained":[{"floor":1,"key":"Dexterity Potion"},{"floor":7,"key":"Energy Potion"}],"is_trial":false,"path_per_floor":["M","M","?","$","M","R","M","R","T","?","?","M","E","M","R","B"],"character_chosen":"DEFECT","items_purchased":["Cold Snap","Coolheaded","Heatsinks"],"campfire_rested":0,"item_purchase_floors":[4,4,4],"current_hp_per_floor":[60,58,39,39,39,39,18,18,18,18,11,11,6,2,2,0],"gold":251,"neow_bonus":"TWO_FIFTY_GOLD","is_prod":false,"is_daily":false,"chose_seed":false,"campfire_upgraded":3,"win_rate":0,"timestamp":1551263871,"path_taken":["M","M","?","$","M","R","M","R","T","?","?","M","E","M","R","BOSS"],"build_version":"2019-01-23","purchased_purges":1,"victory":false,"max_hp_per_floor":[64,64,64,64,64,64,64,64,64,64,64,64,64,64,64,64],"card_choices":[{"not_picked":["FTL","Lockon"],"picked":"Tempest","floor":1},{"not_picked":["Beam Cell","Storm","Doom and Gloom"],"picked":"SKIP","floor":2},{"not_picked":["Stack","Redo"],"picked":"White Noise","floor":5},{"not_picked":["Skim","Streamline"],"picked":"Glacier","floor":7},{"not_picked":["Beam Cell","Steam Power","Hello World"],"picked":"Coolheaded","floor":12},{"not_picked":["Glacier","Stack","Heatsinks"],"picked":"Ball Lightning","floor":13},{"not_picked":["Go for the Eyes","Chaos","Stack","Ball Lightning"],"picked":"SKIP","floor":14}],"player_experience":1031809,"relics_obtained":[{"floor":9,"key":"Question Card"},{"floor":13,"key":"Turnip"}],"event_choices":[{"damage_healed":0,"gold_gain":0,"player_choice":"Entered Light","damage_taken":19,"max_hp_gain":0,"max_hp_loss":0,"event_name":"Shining Light","floor":3,"gold_loss":0,"cards_upgraded":["Strike_B","Defend_B"]},{"damage_healed":0,"gold_gain":0,"player_choice":"Ignored","damage_taken":0,"max_hp_gain":0,"max_hp_loss":0,"event_name":"Liars Game","floor":10,"gold_loss":0},{"cards_removed":["Strike_B"],"damage_healed":0,"gold_gain":0,"player_choice":"Card Removal","damage_taken":7,"max_hp_gain":0,"max_hp_loss":0,"event_name":"Golden Wing","floor":11,"gold_loss":0}],"is_beta":false,"boss_relics":[],"items_purged_floors":[4],"is_endless":false,"potions_floor_spawned":[1,7,14],"killed_by":"Hexaghost","ascension_level":20}