{"gold_per_floor":[111,111,238,238,259,294,294,310,369,82,82,141,141,141,141,217,217,237,237,257,257,270,270,170,196,196,71,71,71,71,104,104,187,187,200,217,217,67,85,85,99,99,99,99,99,354,366,384,384,384,384],"floor_reached":52,"playtime":4433,"items_purged":["Strike_G","Strike_G","Defend_G"],"score":2376,"play_id":"d0970429-100d-4263-9d53-1e8088a6f94f","local_time":"20190130150026","is_ascension_mode":true,"campfire_choices":[{"data":"Neutralize","floor":7.0,"key":"SMITH"},{"data":"Well Laid Plans","floor":11.0,"key":"SMITH"},{"data":"Deadly Poison","floor":13.0,"key":"SMITH"},{"data":"Tactician","floor":15.0,"key":"SMITH"},{"data":"Acrobatics","floor":23.0,"key":"SMITH"},{"data":"Malaise","floor":28.0,"key":"SMITH"},{"data":"Escape Plan","floor":32.0,"key":"SMITH"},{"data":"Night Terror","floor":40.0,"key":"SMITH"},{"data":"Footwork","floor":42.0,"key":"SMITH"},{"data":"Acrobatics","floor":49,"key":"SMITH"}],"neow_cost":"NONE","seed_source_timestamp":7434711470766,"circlet_count":0,"master_deck":["AscendersBane","Defend_G","Defend_G","Defend_G","Survivor","Neutralize+1","Adrenaline","Escape Plan+1","Well Laid Plans+1","Tactician+1","Deadly Poison+1","Malaise+1","Acrobatics+1","Night Terror+1","Footwork+1","Dagger Throw","Acrobatics+1"],"special_seed":0,"relics":["Ring of the Snake","AscMod:CursedFlame","AscMod:MegaStarOfAscension","AscMod:CursedBank","NeowsBlessing","Golden Idol","Spirit Poop","Centennial Puzzle","Paper Crane","Omamori","Happy Flower","Snake Skull","Sozu","Letter Opener","theJungle:SpiritDisease","Strawberry","Lizard Tail","Spirit Poop"],"potions_floor_usage":[],"damage_taken":[{"damage":0.0,"enemies":"Cultist","floor":1.0,"turns":1.0},{"damage":0.0,"enemies":"Jaw Worm","floor":5.0,"turns":1.0},{"damage":0.0,"enemies":"3 Sentries","floor":6.0,"turns":2.0},{"damage":0.0,"enemies":"Small Slimes","floor":8.0,"turns":4.0},{"damage":0.0,"enemies":"3 Sentries","floor":12.0,"turns":8.0},{"damage":18.0,"enemies":"The Guardian","floor":16.0,"turns":15.0},{"damage":4.0,"enemies":"theJungle:5_Spyders","floor":18.0,"turns":8.0},{"damage":3.0,"enemies":"Shell Parasite","floor":20.0,"turns":5.0},{"damage":8.0,"enemies":"theJungle:Lyon","floor":22.0,"turns":6.0},{"damage":6.0,"enemies":"theJungle:MamaSnecko","floor":25.0,"turns":9.0},{"damage":0.0,"enemies":"theJungle:2_Phrogs","floor":31.0,"turns":5.0},{"damage":1.0,"enemies":"theJungle:FunGuy","floor":33.0,"turns":9.0},{"damage":0.0,"enemies":"3 Darklings","floor":35.0,"turns":6.0},{"damage":0.0,"enemies":"Orb Walker","floor":36.0,"turns":3.0},{"damage":1.0,"enemies":"Spire Growth","floor":39.0,"turns":3.0},{"damage":0.0,"enemies":"Sphere and 2 Shapes","floor":41.0,"turns":4.0},{"damage":0,"enemies":"Transient","floor":47,"turns":6},{"damage":0,"enemies":"Maw","floor":48,"turns":4},{"damage":0,"enemies":"Time Eater","floor":50,"turns":20},{"damage":0,"enemies":"Awakened One","floor":51,"turns":3}],"seed_played":"-7040792635394436073","potions_obtained":[{"floor":6.0,"key":"Explosive Potion"},{"floor":8.0,"key":"AttackPotion"},{"floor":12.0,"key":"PowerPotion"}],"is_trial":false,"path_per_floor":["M","?","?","?","M","E","R","M","T","$","R","?","R","?","R","B",null,"M","?","M","?","M","R","$","E","T","$","R","?","?","E","R","B",null,"M","M","?","$","M","R","M","R","T","?","$","?","M","M","R","B","B",null],"character_chosen":"THE_SILENT","items_purchased":["Well Laid Plans","Tactician","Omamori"],"campfire_rested":0,"item_purchase_floors":[10,10,10],"current_hp_per_floor":[59,59,59,59,59,59,59,59,59,59,59,59,59,59,59,41,52,48,48,45,45,37,37,37,31,31,31,31,31,31,37,37,36,54,54,54,54,54,53,53,53,53,53,53,53,53,53,53,53,53,53],"gold":384,"neow_bonus":"THREE_ENEMY_KILL","is_prod":false,"is_daily":false,"chose_seed":false,"campfire_upgraded":10,"win_rate":0,"timestamp":1548831626,"path_taken":["M","?","?","?","?","E","R","M","T","$","R","?","R","?","R","BOSS","M","?","M","?","?","R","$","E","T","$","R","?","?","E","R","BOSS","M","M","?","$","M","R","M","R","T","?","$","?","?","M","R","BOSS","BOSS"],"build_version":"2019-01-23","purchased_purges":3,"victory":true,"max_hp_per_floor":[66,60,60,60,60,60,60,60,60,60,60,60,60,60,60,60,60,60,60,60,60,60,60,60,60,60,60,60,60,60,67,67,67,67,67,67,67,67,67,67,67,67,67,67,67,67,67,67,67,67,67],"card_choices":[{"not_picked":["Quick Slash","Masterful Stab","Deflect"],"picked":"SKIP","floor":1.0},{"not_picked":["Skewer","Flying Knee","Sucker Punch"],"picked":"SKIP","floor":5.0},{"not_picked":["Dodge and Roll","Accuracy"],"picked":"Adrenaline","floor":6.0},{"not_picked":["Underhanded Strike","Dodge and Roll"],"picked":"Escape Plan","floor":8.0},{"not_picked":["Cloak And Dagger","Outmaneuver"],"picked":"Deadly Poison","floor":12.0},{"not_picked":["Die Die Die","Bullet Time"],"picked":"Malaise","floor":16.0},{"not_picked":["Sucker Punch","Deadly Poison"],"picked":"Dagger Throw+1","floor":18.0},{"not_picked":["Outmaneuver","Bane","Slice"],"picked":"SKIP","floor":20.0},{"not_picked":["PiercingWail","Dagger Throw"],"picked":"Acrobatics","floor":22.0},{"not_picked":["Envenom","Sucker Punch","Deflect"],"picked":"SKIP","floor":25.0},{"not_picked":["Blade Dance","Choke","Corpse Explosion"],"picked":"SKIP","floor":31.0},{"not_picked":["Glass Knife","Storm of Steel"],"picked":"Night Terror","floor":33.0},{"not_picked":["Deflect","Bane+1","Sucker Punch"],"picked":"SKIP","floor":35.0},{"not_picked":["Choke","Riddle With Holes","Cloak And Dagger"],"picked":"SKIP","floor":36.0},{"not_picked":["Distraction","Flying Knee","Bane+1"],"picked":"SKIP","floor":39.0},{"not_picked":["Deflect","Infinite Blades"],"picked":"Footwork","floor":41.0},{"not_picked":["Concentrate","Expertise"],"picked":"Dagger Throw","floor":47},{"not_picked":["A Thousand Cuts","Endless Agony"],"picked":"Acrobatics","floor":48}],"player_experience":2400819,"relics_obtained":[{"floor":6.0,"key":"Centennial Puzzle"},{"floor":9.0,"key":"Paper Crane"},{"floor":12.0,"key":"Happy Flower"},{"floor":25.0,"key":"Letter Opener"},{"floor":31.0,"key":"Strawberry"},{"floor":43,"key":"Spirit Poop"}],"event_choices":[{"damage_healed":0.0,"max_hp_gain":0.0,"max_hp_loss":6.0,"gold_gain":0.0,"event_name":"Golden Idol","player_choice":"Lose Max HP","floor":2.0,"gold_loss":0.0,"damage_taken":0.0,"relics_obtained":["Golden Idol"]},{"damage_healed":0.0,"max_hp_gain":0.0,"max_hp_loss":0.0,"gold_gain":150.0,"event_name":"Liars Game","player_choice":"AGREE","floor":3.0,"gold_loss":0.0,"damage_taken":0.0,"cards_obtained":["Doubt"]},{"cards_removed":["Doubt"],"damage_healed":0.0,"max_hp_gain":0.0,"max_hp_loss":0.0,"gold_gain":0.0,"event_name":"Bonfire Elementals","player_choice":"Offered Curse","floor":4.0,"gold_loss":0.0,"damage_taken":0.0,"relics_obtained":["Spirit Poop"]},{"damage_healed":0.0,"max_hp_gain":0.0,"max_hp_loss":0.0,"gold_gain":0.0,"event_name":"Dead Adventurer","player_choice":"Searched \u00272\u0027 times","floor":12.0,"gold_loss":0.0,"damage_taken":0.0},{"damage_healed":0.0,"max_hp_gain":0.0,"max_hp_loss":0.0,"gold_gain":0.0,"event_name":"WeMeetAgain","player_choice":"Gave Potion","floor":14.0,"gold_loss":0.0,"damage_taken":0.0,"relics_obtained":["Snake Skull"]},{"cards_removed":["Strike_G"],"damage_healed":0.0,"max_hp_gain":0.0,"max_hp_loss":0.0,"gold_gain":0.0,"event_name":"Purifier","player_choice":"Purged","floor":21.0,"gold_loss":0.0,"damage_taken":0.0},{"damage_healed":0.0,"max_hp_gain":0.0,"max_hp_loss":0.0,"gold_gain":0.0,"event_name":"Mysterious Sphere","player_choice":"Ignored","floor":37.0,"gold_loss":0.0,"damage_taken":0.0},{"cards_removed":["Dagger Throw"],"damage_healed":0,"gold_gain":0,"player_choice":"Removed Attack","damage_taken":0,"max_hp_gain":0,"max_hp_loss":0,"event_name":"Falling","floor":44,"gold_loss":0},{"damage_healed":0,"gold_gain":300,"player_choice":"Gold","damage_taken":0,"max_hp_gain":0,"max_hp_loss":0,"event_name":"Wheel of Change","floor":46,"gold_loss":0}],"is_beta":false,"boss_relics":[{"not_picked":["Ectoplasm","Velvet Choker"],"picked":"Sozu"},{"not_picked":["Orrery","Philosopher\u0027s Stone"],"picked":"Lizard Tail"}],"items_purged_floors":[24,27,38],"is_endless":false,"potions_floor_spawned":[6,8,12,22,25,33,36,41,47],"ascension_level":25}