{"gold_per_floor":[109,184,184,204,219,219,232,3,3,3,15,15,43,62,62,62],"floor_reached":16,"playtime":471,"items_purged":[],"score":204,"play_id":"3741474b-6029-418f-b41d-208b4ff83c83","local_time":"20190209121314","is_ascension_mode":true,"campfire_choices":[{"data":"Neutralize","floor":6,"key":"SMITH"},{"data":"Footwork","floor":12,"key":"SMITH"},{"data":"Acrobatics","floor":15,"key":"SMITH"}],"neow_cost":"NONE","seed_source_timestamp":8372961752242,"circlet_count":0,"master_deck":["AscendersBane","Defend_G","Defend_G","Defend_G","Defend_G","Defend_G","Strike_G","Strike_G","Strike_G","Strike_G","Strike_G","Survivor","Neutralize+1","Deadly Poison","Underhanded Strike+1","All Out Attack+1","Flying Knee+1","Footwork+1","Acrobatics+1","Backflip"],"relics":["Ring of the Snake","NeowsBlessing","Molten Egg 2","TheAbacus","Mercury Hourglass","Frozen Egg 2"],"potions_floor_usage":[13,16,16],"damage_taken":[{"damage":0,"enemies":"Jaw Worm","floor":1,"turns":1},{"damage":0,"enemies":"2 Louse","floor":4,"turns":1},{"damage":0,"enemies":"Cultist","floor":5,"turns":1},{"damage":0,"enemies":"Exordium Wildlife","floor":7,"turns":4},{"damage":0,"enemies":"2 Fungi Beasts","floor":11,"turns":2},{"damage":18,"enemies":"Gremlin Nob","floor":13,"turns":4},{"damage":0,"enemies":"Large Slime","floor":14,"turns":5},{"damage":39,"enemies":"Slime Boss","floor":16,"turns":9}],"seed_played":"9111212515524634484","potions_obtained":[{"floor":4,"key":"Regen Potion"},{"floor":11,"key":"AttackPotion"},{"floor":13,"key":"SpeedPotion"}],"is_trial":false,"path_per_floor":["M","?","?","M","M","R","M","$","T","$","M","R","E","M","R","B"],"character_chosen":"THE_SILENT","items_purchased":["TheAbacus"],"campfire_rested":0,"item_purchase_floors":[8],"current_hp_per_floor":[59,48,37,37,37,37,37,37,37,37,37,37,19,19,19,0],"gold":62,"neow_bonus":"THREE_ENEMY_KILL","is_prod":false,"is_daily":false,"chose_seed":false,"campfire_upgraded":3,"win_rate":0,"timestamp":1549685594,"path_taken":["M","?","?","M","M","R","M","$","T","?","?","R","E","M","R","BOSS"],"build_version":"2019-01-23","purchased_purges":0,"victory":false,"max_hp_per_floor":[66,66,66,66,66,66,66,66,66,66,66,66,66,66,66,66],"card_choices":[{"not_picked":["Deflect","PiercingWail"],"picked":"Deadly Poison","floor":1},{"not_picked":["PiercingWail","Bouncing Flask"],"picked":"Underhanded Strike+1","floor":4},{"not_picked":["Deflect","Backstab+1"],"picked":"All Out Attack+1","floor":5},{"not_picked":["Riddle With Holes+1","Dodge and Roll"],"picked":"Flying Knee+1","floor":7},{"not_picked":["Setup","Deadly Poison"],"picked":"Footwork","floor":11},{"not_picked":["Noxious Fumes","Footwork"],"picked":"Acrobatics","floor":13},{"not_picked":["Cloak And Dagger","Deadly Poison"],"picked":"Backflip","floor":14}],"player_experience":1452758,"relics_obtained":[{"floor":9,"key":"Mercury Hourglass"},{"floor":13,"key":"Frozen Egg 2"}],"event_choices":[{"damage_healed":0,"gold_gain":75,"player_choice":"Gather Gold","damage_taken":11,"max_hp_gain":0,"max_hp_loss":0,"event_name":"World of Goop","floor":2,"gold_loss":0},{"damage_healed":0,"gold_gain":0,"player_choice":"Success","damage_taken":11,"relics_obtained":["Molten Egg 2"],"max_hp_gain":0,"max_hp_loss":0,"event_name":"Scrap Ooze","floor":3,"gold_loss":0}],"is_beta":false,"boss_relics":[],"items_purged_floors":[],"is_endless":false,"potions_floor_spawned":[4,11,13],"killed_by":"Slime Boss","ascension_level":20}