{"gold_per_floor":[359,359,243,65,84,84,140,165,243,256,256,131,164,174,174,248,248,261,536,133,150,163,163],"floor_reached":23,"playtime":2687,"items_purged":["Strike_G","Strike_G","Strike_G","Regret"],"score":398,"play_id":"5863935e-2471-4a5a-868a-e33b5d51c301","local_time":"20190305154405","is_ascension_mode":true,"campfire_choices":[{"data":"Noxious Fumes","floor":6.0,"key":"SMITH"},{"data":"Catalyst","floor":11.0,"key":"SMITH"},{"data":"Poisoned Stab","floor":15.0,"key":"SMITH"}],"neow_cost":"TEN_PERCENT_HP_LOSS","seed_source_timestamp":13723450913681,"circlet_count":0,"master_deck":["AscendersBane","Defend_G","Defend_G","Defend_G","Defend_G","Defend_G","Strike_G","Strike_G","Survivor","Neutralize+1","Expertise","Noxious Fumes+1","Dagger Throw","Poisoned Stab+1","Catalyst+1","Tactician","Infinite Blades","After Image","Impatience","Acrobatics"],"special_seed":0,"relics":["Ring of the Serpent","Centennial Puzzle","Meat on the Bone","Bag of Preparation","Lantern"],"potions_floor_usage":[23],"damage_taken":[{"damage":0.0,"enemies":"Jaw Worm","floor":1.0,"turns":6.0},{"damage":0.0,"enemies":"Cultist","floor":5.0,"turns":4.0},{"damage":30.0,"enemies":"3 Sentries","floor":7.0,"turns":9.0},{"damage":19.0,"enemies":"Gremlin Nob","floor":8.0,"turns":4.0},{"damage":0.0,"enemies":"2 Louse","floor":10.0,"turns":2.0},{"damage":5.0,"enemies":"Lagavulin","floor":13.0,"turns":5.0},{"damage":4.0,"enemies":"Lots of Slimes","floor":14.0,"turns":5.0},{"damage":32,"enemies":"Slime Boss","floor":16,"turns":8},{"damage":3,"enemies":"3 Byrds","floor":18,"turns":5},{"damage":20,"enemies":"Chosen","floor":21,"turns":5},{"damage":35,"enemies":"Shelled Parasite and Fungi","floor":22,"turns":6},{"damage":12,"enemies":"Book of Stabbing","floor":23,"turns":5}],"seed_played":"-2627602794739261452","potions_obtained":[{"floor":1.0,"key":"Fruit Juice"},{"floor":7.0,"key":"LiquidBronze"},{"floor":16,"key":"Explosive Potion"}],"is_trial":false,"path_per_floor":["M","?","$","$","M","R","?","E","T","M","R","$","E","M","R","B",null,"M","?","$","M","M","E"],"character_chosen":"THE_SILENT","items_purchased":["Expertise","Noxious Fumes","Impatience","Lantern"],"campfire_rested":0,"item_purchase_floors":[3,4,20,20],"current_hp_per_floor":[59,59,59,59,59,59,29,15,15,27,27,27,34,42,42,22,54,51,51,51,43,20,8],"gold":163,"neow_bonus":"TWO_FIFTY_GOLD","is_prod":false,"is_daily":false,"chose_seed":false,"campfire_upgraded":3,"win_rate":0,"timestamp":1551771845,"path_taken":["M","?","?","$","M","R","?","E","T","M","R","$","E","M","R","BOSS","M","?","$","M","?","E"],"build_version":"2019-01-23","purchased_purges":4,"victory":false,"max_hp_per_floor":[60,60,60,60,60,60,60,65,65,65,65,65,65,65,65,65,65,65,65,65,65,65,65],"card_choices":[{"not_picked":["Slice","Riddle With Holes","Outmaneuver"],"picked":"SKIP","floor":1.0},{"not_picked":["Sucker Punch","Cloak And Dagger"],"picked":"Dagger Throw","floor":5.0},{"not_picked":["Eviscerate","Acrobatics"],"picked":"Poisoned Stab","floor":7.0},{"not_picked":["All Out Attack","Prepared"],"picked":"Catalyst","floor":8.0},{"not_picked":["Calculated Gamble","Venomology"],"picked":"Tactician","floor":10.0},{"not_picked":["Predator","Storm of Steel","Deflect"],"picked":"SKIP","floor":13.0},{"not_picked":["Dodge and Roll","Dash"],"picked":"Infinite Blades","floor":14.0},{"not_picked":["Storm of Steel","Burst"],"picked":"After Image","floor":16},{"not_picked":["All Out Attack","Flying Knee","Eviscerate"],"picked":"SKIP","floor":18},{"not_picked":["Backstab","Dagger Throw"],"picked":"Acrobatics","floor":21},{"not_picked":["Dodge and Roll","Sucker Punch","Flying Knee"],"picked":"SKIP","floor":22}],"player_experience":3327860,"relics_obtained":[{"floor":7.0,"key":"Centennial Puzzle"},{"floor":8.0,"key":"Meat on the Bone"},{"floor":13.0,"key":"Bag of Preparation"}],"event_choices":[{"damage_healed":0.0,"max_hp_gain":0.0,"max_hp_loss":0.0,"gold_gain":0.0,"event_name":"Upgrade Shrine","player_choice":"Upgraded","floor":2.0,"gold_loss":0.0,"damage_taken":0.0,"cards_upgraded":["Neutralize"]},{"damage_healed":0.0,"max_hp_gain":0.0,"max_hp_loss":0.0,"gold_gain":0.0,"event_name":"Dead Adventurer","player_choice":"Searched \u00271\u0027 times","floor":7.0,"gold_loss":0.0,"damage_taken":0.0},{"damage_healed":0,"gold_gain":275,"player_choice":"Desecrate","damage_taken":0,"max_hp_gain":0,"max_hp_loss":0,"event_name":"Golden Shrine","floor":19,"gold_loss":0,"cards_obtained":["Regret"]}],"is_beta":false,"boss_relics":[{"not_picked":["Snecko Eye","Black Star"],"picked":"Ring of the Serpent"}],"items_purged_floors":[3,4,12,20],"is_endless":false,"potions_floor_spawned":[1,7,16,22],"killed_by":"Book of Stabbing","ascension_level":20}