{"gold_per_floor":[114,114,39,39,53,86,97,117,117,131,56,56,56,86,86,163,163,177,194,194,194,18,18,37,37,37,37,50,64,79,79,79,151,151,171,181,181,66,79,79,108,108,108,8,42,53,53,79,79,79,79,79,79,79,104,104],"floor_reached":57,"playtime":3041,"items_purged":["Strike_G","Defend_G","Defend_G"],"score":3079,"play_id":"c13ed34c-6e54-49ff-89ce-de8f3c062600","local_time":"20190305000211","is_ascension_mode":true,"campfire_choices":[{"data":"Glass Knife","floor":13.0,"key":"SMITH"},{"data":"Acrobatics","floor":15.0,"key":"SMITH"},{"data":"Flechettes","floor":23.0,"key":"SMITH"},{"data":"Well Laid Plans","floor":25.0,"key":"SMITH"},{"data":"Neutralize","floor":27.0,"key":"SMITH"},{"data":"Tactician","floor":32.0,"key":"SMITH"},{"data":"Reflex","floor":40.0,"key":"SMITH"},{"data":"A Thousand Cuts","floor":42.0,"key":"SMITH"},{"floor":49,"key":"RECALL"},{"data":"Grand Finale","floor":53,"key":"SMITH"}],"neow_cost":"NONE","seed_source_timestamp":49899866185894,"circlet_count":0,"master_deck":["AscendersBane","Defend_G+1","Defend_G","Defend_G","Survivor","Neutralize+1","Flechettes+1","Backflip","Acrobatics+1","After Image","Infinite Blades","Well Laid Plans+1","Tactician+1","PiercingWail+1","Adrenaline","Prepared+1","A Thousand Cuts+1","Reflex+1","Grand Finale+1"],"special_seed":0,"relics":["Ring of the Snake","NeowsBlessing","Anchor","Torii","The Courier","Kunai","Empty Cage","Bag of Preparation","Calipers","Shuriken","Runic Pyramid","Thread and Needle","Bottled Lightning","Mercury Hourglass","Gremlin Horn"],"potions_floor_usage":[56,56],"damage_taken":[{"damage":0.0,"enemies":"2 Louse","floor":1.0,"turns":1.0},{"damage":0.0,"enemies":"Jaw Worm","floor":5.0,"turns":1.0},{"damage":0.0,"enemies":"3 Sentries","floor":6.0,"turns":1.0},{"damage":0.0,"enemies":"Small Slimes","floor":7.0,"turns":3.0},{"damage":1.0,"enemies":"Exordium Thugs","floor":8.0,"turns":5.0},{"damage":0.0,"enemies":"Looter","floor":10.0,"turns":3.0},{"damage":2.0,"enemies":"Lagavulin","floor":14.0,"turns":7.0},{"damage":7.0,"enemies":"The Guardian","floor":16.0,"turns":17.0},{"damage":3.0,"enemies":"2 Thieves","floor":18.0,"turns":5.0},{"damage":2.0,"enemies":"Chosen","floor":19.0,"turns":6.0},{"damage":0.0,"enemies":"3 Cultists","floor":20.0,"turns":1.0},{"damage":0.0,"enemies":"Centurion and Healer","floor":24.0,"turns":7.0},{"damage":2.0,"enemies":"Snake Plant","floor":28.0,"turns":7.0},{"damage":10.0,"enemies":"Snecko","floor":29.0,"turns":9.0},{"damage":1.0,"enemies":"Chosen and Byrds","floor":30.0,"turns":7.0},{"damage":12.0,"enemies":"Collector","floor":33.0,"turns":10.0},{"damage":0.0,"enemies":"3 Shapes","floor":35.0,"turns":6.0},{"damage":0.0,"enemies":"3 Darklings","floor":36.0,"turns":5.0},{"damage":0.0,"enemies":"Writhing Mass","floor":39.0,"turns":6.0},{"damage":0.0,"enemies":"Giant Head","floor":41.0,"turns":3.0},{"damage":0.0,"enemies":"Reptomancer","floor":45.0,"turns":4.0},{"damage":0.0,"enemies":"Maw","floor":46.0,"turns":3.0},{"damage":0,"enemies":"Nemesis","floor":48,"turns":5},{"damage":0,"enemies":"Time Eater","floor":50,"turns":4},{"damage":1,"enemies":"Donu and Deca","floor":51,"turns":3},{"damage":7,"enemies":"Shield and Spear","floor":55,"turns":3},{"damage":41,"enemies":"The Heart","floor":56,"turns":8}],"seed_played":"-3683717090956067287","potions_obtained":[{"floor":1.0,"key":"PowerPotion"},{"floor":8.0,"key":"FearPotion"},{"floor":14.0,"key":"SmokeBomb"},{"floor":29.0,"key":"SmokeBomb"},{"floor":30.0,"key":"Poison Potion"},{"floor":33.0,"key":"Ancient Potion"},{"floor":36.0,"key":"PowerPotion"}],"is_trial":false,"path_per_floor":["M","?","$","?","M","E","M","M","T","M","?","?","R","E","R","B",null,"M","M","M","?","$","R","M","R","T","R","M","M","M","?","R","B",null,"M","M","?","$","M","R","E","R","T","$","E","M","?","E","R","B","B",null,"R","$","E","B",null],"character_chosen":"THE_SILENT","items_purchased":["Infinite Blades","Well Laid Plans","Energy Potion","Reflex"],"campfire_rested":0,"item_purchase_floors":[22,22,22,38],"current_hp_per_floor":[59,41,41,21,21,21,21,20,20,20,20,20,20,18,18,11,52,49,47,47,47,47,47,47,47,47,47,45,35,34,34,34,22,55,55,55,55,55,55,55,55,55,55,55,55,55,55,55,55,55,54,63,63,63,56,15],"gold":104,"neow_bonus":"THREE_ENEMY_KILL","is_prod":false,"is_daily":false,"chose_seed":false,"campfire_upgraded":9,"win_rate":0,"timestamp":1551715331,"path_taken":["M","?","$","?","M","E","M","M","T","?","?","?","R","E","R","BOSS","M","M","M","?","?","R","M","R","T","R","M","M","M","?","R","BOSS","M","?","?","?","?","R","E","R","T","$","E","M","?","E","R","BOSS","BOSS","R","$","E","BOSS"],"build_version":"2019-01-23","purchased_purges":3,"victory":true,"max_hp_per_floor":[66,66,66,66,66,66,66,66,66,66,66,66,66,66,66,66,66,66,66,66,66,66,66,66,66,66,66,66,66,66,66,66,66,66,66,66,66,66,66,66,66,66,66,66,66,66,66,66,66,66,66,66,66,66,66,66],"card_choices":[{"not_picked":["Calculated Gamble","Acrobatics"],"picked":"Flechettes","floor":1.0},{"not_picked":["Blade Dance","Bane","Underhanded Strike"],"picked":"SKIP","floor":5.0},{"not_picked":["Outmaneuver","Finisher"],"picked":"Glass Knife","floor":6.0},{"not_picked":["Outmaneuver","Distraction","PiercingWail"],"picked":"SKIP","floor":7.0},{"not_picked":["Riddle With Holes","Sucker Punch"],"picked":"Backflip","floor":8.0},{"not_picked":["Prepared","Deadly Poison"],"picked":"Acrobatics","floor":10.0},{"not_picked":["Dodge and Roll","Noxious Fumes","Choke"],"picked":"SKIP","floor":14.0},{"not_picked":["Adrenaline","Glass Knife"],"picked":"After Image","floor":16.0},{"not_picked":["Quick Slash","Poisoned Stab","Dagger Spray"],"picked":"SKIP","floor":18.0},{"not_picked":["Flying Knee","Catalyst","Acrobatics"],"picked":"SKIP","floor":19.0},{"not_picked":["Sucker Punch","Crippling Poison","Acrobatics"],"picked":"SKIP","floor":24.0},{"not_picked":["Slice","PiercingWail"],"picked":"Tactician","floor":28.0},{"not_picked":["Catalyst","Skewer","Bullet Time"],"picked":"SKIP","floor":29.0},{"not_picked":["Deadly Poison","Deflect"],"picked":"PiercingWail+1","floor":30.0},{"not_picked":["Night Terror","Die Die Die"],"picked":"Adrenaline","floor":33.0},{"not_picked":["Quick Slash+1","Slice","Sucker Punch+1"],"picked":"SKIP","floor":35.0},{"not_picked":["Infinite Blades","Blade Dance"],"picked":"Prepared+1","floor":36.0},{"not_picked":["Tactician+1","Quick Slash+1","Sucker Punch"],"picked":"SKIP","floor":39.0},{"not_picked":["Deflect","Blade Dance","Outmaneuver"],"picked":"SKIP","floor":41.0},{"not_picked":["Deflect","Finisher","Prepared"],"picked":"SKIP","floor":45.0},{"not_picked":["Expertise+1","Prepared","Bane+1"],"picked":"SKIP","floor":46.0},{"not_picked":["Finisher","Endless Agony","Sucker Punch"],"picked":"SKIP","floor":48},{"not_picked":["Concentrate","Underhanded Strike+1","Flechettes+1"],"picked":"SKIP","floor":55}],"player_experience":3316880,"relics_obtained":[{"floor":6.0,"key":"Torii"},{"floor":9.0,"key":"The Courier"},{"floor":14.0,"key":"Kunai"},{"floor":21.0,"key":"Bag of Preparation"},{"floor":26.0,"key":"Calipers"},{"floor":41.0,"key":"Thread and Needle"},{"floor":45.0,"key":"Bottled Lightning"},{"floor":48,"key":"Mercury Hourglass"},{"floor":55,"key":"Gremlin Horn"}],"event_choices":[{"damage_healed":0.0,"max_hp_gain":0.0,"max_hp_loss":0.0,"gold_gain":0.0,"event_name":"Scrap Ooze","player_choice":"Success","floor":2.0,"gold_loss":0.0,"damage_taken":18.0,"relics_obtained":["Anchor"]},{"damage_healed":0.0,"max_hp_gain":0.0,"max_hp_loss":0.0,"gold_gain":0.0,"event_name":"Shining Light","player_choice":"Entered Light","floor":4.0,"gold_loss":0.0,"damage_taken":20.0,"cards_upgraded":["Strike_G","Defend_G"]},{"cards_removed":["Strike_G"],"damage_healed":0.0,"max_hp_gain":0.0,"max_hp_loss":0.0,"gold_gain":0.0,"event_name":"The Cleric","player_choice":"Card Removal","floor":11.0,"gold_loss":75.0,"damage_taken":0.0},{"damage_healed":0.0,"max_hp_gain":0.0,"max_hp_loss":0.0,"gold_gain":0.0,"event_name":"Dead Adventurer","player_choice":"Searched \u00270\u0027 times","floor":12.0,"gold_loss":0.0,"damage_taken":0.0},{"damage_healed":0.0,"max_hp_gain":0.0,"max_hp_loss":0.0,"gold_gain":0.0,"event_name":"Wheel of Change","player_choice":"Relic","floor":21.0,"gold_loss":0.0,"damage_taken":0.0},{"damage_healed":0.0,"max_hp_gain":0.0,"max_hp_loss":0.0,"gold_gain":0.0,"event_name":"WeMeetAgain","player_choice":"Gave Potion","floor":31.0,"gold_loss":0.0,"damage_taken":0.0,"relics_obtained":["Shuriken"]},{"damage_healed":0.0,"max_hp_gain":0.0,"max_hp_loss":0.0,"gold_gain":0.0,"cards_transformed":["Strike_G"],"event_name":"Transmorgrifier","player_choice":"Transformed","floor":37.0,"gold_loss":0.0,"damage_taken":0.0,"cards_obtained":["A Thousand Cuts"]},{"damage_healed":0,"gold_gain":0,"cards_transformed":["Glass Knife"],"player_choice":"Transformed","damage_taken":0,"max_hp_gain":0,"max_hp_loss":0,"event_name":"Transmorgrifier","floor":47,"gold_loss":0,"cards_obtained":["Grand Finale"]}],"is_beta":false,"boss_relics":[{"not_picked":["White Beast Statue","Black Star"],"picked":"Empty Cage"},{"not_picked":["Lizard Tail","Astrolabe"],"picked":"Runic Pyramid"}],"items_purged_floors":[3,38,44],"is_endless":false,"potions_floor_spawned":[1,8,14,20,29,30,33,35,36,45,46,55],"ascension_level":20}