{"gold_per_floor":[111,111,111,111,111,142,142,159,159,159,11,44,60,75,75,180,180,198,198,214,314,327,327,352,367,439,452,482,499,499,513,513,616,616,635,317,331,331,206,225,225,274,274,284,302,326,340,340,340,340,340,340,39,64,64],"floor_reached":56,"playtime":3392,"items_purged":["Strike_B","Stack","Undo","Dualcast"],"score":1179,"play_id":"ad0eecf4-ab83-4d11-8c3c-9f28f695334d","local_time":"20190102154221","is_ascension_mode":false,"campfire_choices":[{"data":"Zap","floor":7.0,"key":"SMITH"},{"floor":10.0,"key":"REST"},{"floor":15.0,"key":"RECALL"},{"data":"BootSequence","floor":23,"key":"SMITH"},{"data":"Consume","floor":32,"key":"SMITH"},{"data":"Turbo","floor":41,"key":"SMITH"},{"data":"Good Instincts","floor":49,"key":"SMITH"},{"data":"Glacier","floor":52,"key":"SMITH"}],"neow_cost":"CURSE","seed_source_timestamp":7031681429658,"circlet_count":0,"master_deck":["Zap+1","Good Instincts+1","Dark Shackles+1","Self Repair+1","Storm+1","Glacier+1","Self Repair+1","Echo Form+1","Loop+1","Meteor Strike","BootSequence+1","Consume+1","Reinforced Body+1","White Noise+1","Double Energy+1","Defragment+1","Turbo+1","Defragment+1","Capacitor+1"],"special_seed":0,"relics":["Cracked Core","Bronze Scales","Letter Opener","Calipers","Frozen Egg 2","PreservedInsect","Pandora\u0027s Box","MutagenicStrength","Incense Burner","Shuriken","Ancient Tea Set","Molten Egg 2","Sozu","DataDisk","Nunchaku","Dodecahedron","Strawberry","Centennial Puzzle","Bottled Flame"],"potions_floor_usage":[16,16,21,44,55],"damage_taken":[{"damage":5.0,"enemies":"Small Slimes","floor":1.0,"turns":4.0},{"damage":14.0,"enemies":"Lagavulin","floor":6.0,"turns":8.0},{"damage":0.0,"enemies":"2 Louse","floor":8.0,"turns":1.0},{"damage":35.0,"enemies":"Gremlin Nob","floor":12.0,"turns":5.0},{"damage":6.0,"enemies":"Jaw Worm","floor":13.0,"turns":4.0},{"damage":2.0,"enemies":"Exordium Thugs","floor":14.0,"turns":4.0},{"damage":23,"enemies":"Slime Boss","floor":16,"turns":7},{"damage":0,"enemies":"Chosen","floor":18,"turns":4},{"damage":7,"enemies":"Spheric Guardian","floor":20,"turns":5},{"damage":34,"enemies":"Colosseum Slavers","floor":21,"turns":5},{"damage":48,"enemies":"Colosseum Nobs","floor":21,"turns":5},{"damage":13,"enemies":"Cultist and Chosen","floor":22,"turns":7},{"damage":14,"enemies":"Book of Stabbing","floor":24,"turns":4},{"damage":0,"enemies":"Centurion and Healer","floor":25,"turns":7},{"damage":4,"enemies":"Chosen and Byrds","floor":27,"turns":3},{"damage":22,"enemies":"Slavers","floor":28,"turns":3},{"damage":0,"enemies":"Sentry and Sphere","floor":29,"turns":5},{"damage":18,"enemies":"3 Cultists","floor":31,"turns":4},{"damage":4,"enemies":"Collector","floor":33,"turns":16},{"damage":27,"enemies":"3 Darklings","floor":35,"turns":4},{"damage":13,"enemies":"Orb Walker","floor":37,"turns":3},{"damage":23,"enemies":"Jaw Worm Horde","floor":40,"turns":4},{"damage":54,"enemies":"2 Orb Walkers","floor":42,"turns":4},{"damage":0,"enemies":"Spire Growth","floor":44,"turns":4},{"damage":5,"enemies":"Maw","floor":45,"turns":6},{"damage":15,"enemies":"Writhing Mass","floor":47,"turns":6},{"damage":37,"enemies":"Donu and Deca","floor":50,"turns":11},{"damage":24,"enemies":"Shield and Spear","floor":54,"turns":5},{"damage":72,"enemies":"The Heart","floor":55,"turns":9}],"seed_played":"8281105344749011463","potions_obtained":[{"floor":6.0,"key":"Regen Potion"},{"floor":8.0,"key":"LiquidBronze"},{"floor":12.0,"key":"AttackPotion"},{"floor":13.0,"key":"Swift Potion"},{"floor":18,"key":"SneckoOil"},{"floor":22,"key":"Regen Potion"},{"floor":27,"key":"Poison Potion"}],"is_trial":false,"path_per_floor":["M","?","?","?","T","E","R","M","T","R","$","E","M","M","R","B",null,"M","?","M","?","M","R","E","M","T","M","E","M","?","M","R","B",null,"M","$","M","?","$","M","R","?","T","M","M","T","M","?","R","B",null,"R","$","E","B",null],"character_chosen":"DEFECT","items_purchased":["Self Repair+1","DataDisk","Defragment+1","Centennial Puzzle"],"campfire_rested":1,"item_purchase_floors":[11,36,36,53],"current_hp_per_floor":[70,70,58,43,43,29,29,29,29,51,51,38,42,50,50,47,75,75,75,75,43,50,50,56,75,75,75,63,75,75,75,75,75,75,68,68,65,65,65,72,72,48,48,75,75,82,82,82,82,65,82,82,82,78,36],"gold":64,"neow_bonus":"RANDOM_COLORLESS_2","is_prod":false,"is_daily":false,"chose_seed":false,"campfire_upgraded":6,"win_rate":0,"timestamp":1546440141,"path_taken":["M","?","?","?","?","E","R","?","T","R","$","E","M","M","R","BOSS","M","?","M","?","M","R","E","M","T","M","E","M","?","M","R","BOSS","M","$","M","?","$","M","R","?","T","M","M","?","M","?","R","BOSS","R","$","E","BOSS"],"build_version":"2018-12-20","purchased_purges":4,"victory":true,"max_hp_per_floor":[75,75,75,75,75,75,75,75,75,75,75,75,75,75,75,75,75,75,75,75,75,75,75,75,75,75,75,75,75,75,75,75,75,75,75,75,75,75,75,75,75,75,75,75,75,82,82,82,82,82,82,82,82,82,82],"card_choices":[{"not_picked":["Lockon","Reprogram","Compile Driver"],"picked":"SKIP","floor":1.0},{"not_picked":["Chaos","Force Field","Cold Snap"],"picked":"SKIP","floor":6.0},{"not_picked":["Cold Snap","Steam Power","Leap"],"picked":"SKIP","floor":8.0},{"not_picked":["Beam Cell","Skim"],"picked":"Storm+1","floor":12.0},{"not_picked":["Sunder","Steam"],"picked":"Glacier","floor":13.0},{"not_picked":["Redo","Sweeping Beam"],"picked":"Self Repair+1","floor":14.0},{"not_picked":["Seek","Core Surge"],"picked":"Echo Form+1","floor":16},{"not_picked":["Sunder+1","Glacier+1"],"picked":"Reinforced Body+1","floor":18},{"not_picked":["Undo+1","Beam Cell","Redo"],"picked":"SKIP","floor":20},{"not_picked":["Hologram+1","Barrage+1"],"picked":"White Noise+1","floor":21},{"not_picked":["Auto Shields+1","Beam Cell+1"],"picked":"Double Energy+1","floor":22},{"not_picked":["Beam Cell+1","Recycle+1"],"picked":"Defragment+1","floor":24},{"not_picked":["Ball Lightning+1","Scrape","Glacier"],"picked":"SKIP","floor":25},{"not_picked":["Undo","Gash","Hologram"],"picked":"SKIP","floor":27},{"not_picked":["Stack","Blizzard","Multi-Cast"],"picked":"SKIP","floor":28},{"not_picked":["Barrage+1","Glacier+1"],"picked":"Turbo","floor":29},{"not_picked":["Darkness","Conserve Battery","Go for the Eyes+1"],"picked":"SKIP","floor":31},{"not_picked":["Conserve Battery","Barrage+1","Compile Driver+1"],"picked":"SKIP","floor":35},{"not_picked":["Auto Shields","Conserve Battery+1","Static Discharge+1"],"picked":"SKIP","floor":37},{"not_picked":["Go for the Eyes+1","Streamline+1","Steam Power+1"],"picked":"SKIP","floor":40},{"not_picked":["Conserve Battery","Aggregate+1"],"picked":"Capacitor+1","floor":42},{"not_picked":["Double Energy","Gash+1","Barrage+1"],"picked":"SKIP","floor":44},{"not_picked":["Rebound+1","Leap","Doom and Gloom+1"],"picked":"SKIP","floor":45},{"not_picked":["Turbo+1","Stack+1","Compile Driver+1"],"picked":"SKIP","floor":47},{"not_picked":["Lockon+1","Glacier","Beam Cell+1"],"picked":"SKIP","floor":54}],"player_experience":379237,"relics_obtained":[{"floor":5.0,"key":"Letter Opener"},{"floor":6.0,"key":"Calipers"},{"floor":9.0,"key":"Frozen Egg 2"},{"floor":12.0,"key":"PreservedInsect"},{"floor":21,"key":"Incense Burner"},{"floor":21,"key":"Shuriken"},{"floor":24,"key":"Ancient Tea Set"},{"floor":28,"key":"Molten Egg 2"},{"floor":42,"key":"Nunchaku"},{"floor":43,"key":"Dodecahedron"},{"floor":46,"key":"Strawberry"},{"floor":54,"key":"Bottled Flame"}],"event_choices":[{"cards_removed":["Normality"],"damage_healed":0.0,"max_hp_gain":0.0,"max_hp_loss":0.0,"gold_gain":0.0,"event_name":"Living Wall","player_choice":"Forget","floor":2.0,"gold_loss":0.0,"damage_taken":0.0},{"damage_healed":0.0,"max_hp_gain":0.0,"max_hp_loss":0.0,"gold_gain":0.0,"event_name":"Scrap Ooze","player_choice":"Success","floor":3.0,"gold_loss":0.0,"damage_taken":12.0,"relics_obtained":["Bronze Scales"]},{"damage_healed":0.0,"max_hp_gain":0.0,"max_hp_loss":0.0,"gold_gain":0.0,"event_name":"Shining Light","player_choice":"Entered Light","floor":4.0,"gold_loss":0.0,"damage_taken":15.0,"cards_upgraded":["Strike_B","Dark Shackles"]},{"damage_healed":0,"gold_gain":0,"player_choice":"Inject Mutagens","damage_taken":0,"relics_obtained":["MutagenicStrength"],"max_hp_gain":0,"max_hp_loss":0,"event_name":"Drug Dealer","floor":19,"gold_loss":0},{"damage_healed":0,"gold_gain":0,"player_choice":"Fight","damage_taken":0,"max_hp_gain":0,"max_hp_loss":0,"event_name":"Colosseum","floor":21,"gold_loss":0},{"damage_healed":0,"gold_gain":0,"player_choice":"Fought Nobs","damage_taken":0,"max_hp_gain":0,"max_hp_loss":0,"event_name":"Colosseum","floor":21,"gold_loss":0},{"damage_healed":0,"gold_gain":0,"player_choice":"Ignored","damage_taken":0,"max_hp_gain":0,"max_hp_loss":0,"event_name":"Ghosts","floor":30,"gold_loss":0},{"damage_healed":0,"gold_gain":0,"player_choice":"Ignored","damage_taken":0,"max_hp_gain":0,"max_hp_loss":0,"event_name":"Tomb of Lord Red Mask","floor":38,"gold_loss":0},{"damage_healed":0,"gold_gain":0,"player_choice":"Fight","damage_taken":0,"max_hp_gain":0,"max_hp_loss":0,"event_name":"Mysterious Sphere","floor":42,"gold_loss":0},{"cards_removed":["Compile Driver"],"damage_healed":0,"gold_gain":0,"player_choice":"Removed Attack","damage_taken":0,"max_hp_gain":0,"max_hp_loss":0,"event_name":"Falling","floor":48,"gold_loss":0}],"is_beta":false,"boss_relics":[{"not_picked":["Lizard Tail","Runic Dome"],"picked":"Pandora\u0027s Box"},{"not_picked":["FrozenCore","Inserter"],"picked":"Sozu"}],"items_purged_floors":[11,36,39,53],"is_endless":false,"potions_floor_spawned":[6,8,12,13,18,21,22,27,28,33,40,47],"ascension_level":0}