{"gold_per_floor":[10,26,40,58,74,74,34,34,34,44,44,44,59,59,59,161,161,173,27,27,27,27,27,37,37,37,48,74,74,93,93,93,189,189,200,100,110,123,133,133,144,144,221,221,238,31,41,54,54,54],"floor_reached":51,"playtime":1804,"items_purged":["Strike_B","Strike_B","Defend_B"],"score":688,"play_id":"d7ba8d61-1884-4a4c-95f7-5a6e52a175fd","local_time":"20190611141709","is_ascension_mode":false,"campfire_choices":[{"data":"Dualcast","floor":6.0,"key":"SMITH"},{"data":"Defragment","floor":8.0,"key":"SMITH"},{"data":"Capacitor","floor":12.0,"key":"SMITH"},{"data":"Zap","floor":15.0,"key":"SMITH"},{"data":"Capacitor","floor":23.0,"key":"SMITH"},{"data":"Skim","floor":25.0,"key":"SMITH"},{"data":"Buffer","floor":29.0,"key":"SMITH"},{"data":"Skim","floor":32.0,"key":"SMITH"},{"data":"Creative AI","floor":40,"key":"SMITH"},{"data":"Machine Learning","floor":42,"key":"SMITH"},{"data":"Coolheaded","floor":49,"key":"SMITH"}],"neow_cost":"NO_GOLD","seed_source_timestamp":11643344878024,"circlet_count":0,"master_deck":["Defend_B","Defend_B","Zap+1","Dualcast+1","Electrodynamics","Compile Driver","Skim+1","Skim+1","Chill","Machine Learning+1","Defragment+1","Capacitor+1","Hologram","Core Surge","Ball Lightning+1","Capacitor+1","Ghostly","Ghostly","Ghostly","Ghostly","Ghostly","Buffer+1","Creative AI+1","Loop+1","Coolheaded+1","Heatsinks","Glacier","Coolheaded+1"],"special_seed":0,"relics":["Cracked Core","Bottled Lightning","Velvet Choker","Bottled Flame","Ornamental Fan","Coffee Dripper","Pear"],"potions_floor_usage":[50],"damage_taken":[{"damage":1.0,"enemies":"Cultist","floor":1.0,"turns":3.0},{"damage":2.0,"enemies":"Small Slimes","floor":2.0,"turns":2.0},{"damage":1.0,"enemies":"Jaw Worm","floor":3.0,"turns":3.0},{"damage":1.0,"enemies":"2 Fungi Beasts","floor":4.0,"turns":3.0},{"damage":0.0,"enemies":"Exordium Wildlife","floor":5.0,"turns":3.0},{"damage":13.0,"enemies":"Lots of Slimes","floor":10.0,"turns":2.0},{"damage":7.0,"enemies":"Red Slaver","floor":13.0,"turns":4.0},{"damage":28.0,"enemies":"Hexaghost","floor":16.0,"turns":7.0},{"damage":0.0,"enemies":"3 Byrds","floor":18.0,"turns":3.0},{"damage":0.0,"enemies":"Chosen","floor":24.0,"turns":5.0},{"damage":0.0,"enemies":"Snecko","floor":27.0,"turns":4.0},{"damage":2.0,"enemies":"Slavers","floor":28.0,"turns":4.0},{"damage":0.0,"enemies":"Sentry and Sphere","floor":30.0,"turns":6.0},{"damage":27.0,"enemies":"Champ","floor":33.0,"turns":11.0},{"damage":0,"enemies":"3 Darklings","floor":35,"turns":6},{"damage":2,"enemies":"3 Shapes","floor":37,"turns":4},{"damage":0,"enemies":"Transient","floor":38,"turns":5},{"damage":0,"enemies":"Maw","floor":39,"turns":7},{"damage":2,"enemies":"4 Shapes","floor":41,"turns":2},{"damage":4,"enemies":"3 Darklings","floor":45,"turns":4},{"damage":0,"enemies":"Spire Growth","floor":47,"turns":6},{"damage":0,"enemies":"Maw","floor":48,"turns":8},{"damage":7,"enemies":"Time Eater","floor":50,"turns":11}],"seed_played":"2297793133082139873","potions_obtained":[{"floor":1.0,"key":"EssenceOfSteel"},{"floor":4.0,"key":"Swift Potion"},{"floor":16.0,"key":"PowerPotion"},{"floor":18.0,"key":"Poison Potion"},{"floor":38,"key":"Explosive Potion"},{"floor":39,"key":"GamblersBrew"}],"is_trial":false,"path_per_floor":["M","M","M","M","M","R","$","R","T","M","?","R","M","?","R","B",null,"M","$","?","?","?","R","M","R","T","M","E","R","M","$","R","B",null,"M","$","M","M","M","R","M","R","T","?","M","$","M","M","R","B",null],"character_chosen":"DEFECT","items_purchased":["Defragment","Capacitor","Heatsinks"],"campfire_rested":0,"item_purchase_floors":[7,19,46],"current_hp_per_floor":[74,72,71,70,70,70,70,70,70,57,57,57,50,55,55,27,80,80,80,40,40,40,40,40,40,40,40,38,38,38,38,38,11,40,40,40,38,38,38,38,36,36,46,46,42,42,42,42,42,35],"gold":54,"neow_bonus":"TRANSFORM_TWO_CARDS","is_prod":false,"is_daily":false,"chose_seed":false,"campfire_upgraded":11,"win_rate":0,"timestamp":1560233829,"path_taken":["M","?","M","M","M","R","?","R","T","M","?","R","M","?","R","BOSS","M","$","?","?","?","R","M","R","T","?","E","R","M","?","R","BOSS","M","$","?","M","M","R","M","R","T","?","?","?","M","M","R","BOSS"],"build_version":"2019-01-23","purchased_purges":3,"victory":true,"max_hp_per_floor":[75,75,75,75,75,75,75,75,75,75,75,75,75,80,80,80,80,80,80,40,40,40,40,40,40,40,40,40,40,40,40,40,40,40,40,40,40,40,40,40,40,40,50,50,50,50,50,50,50,50],"card_choices":[{"not_picked":["Cold Snap","Compile Driver"],"picked":"Skim","floor":1.0},{"not_picked":["Sweeping Beam","Coolheaded"],"picked":"Skim","floor":2.0},{"not_picked":["Steam","Reinforced Body","Barrage"],"picked":"SKIP","floor":3.0},{"not_picked":["Redo","Beam Cell"],"picked":"Chill","floor":4.0},{"not_picked":["Blizzard","Loop"],"picked":"Machine Learning","floor":5.0},{"not_picked":["Steam","Streamline"],"picked":"Capacitor","floor":10.0},{"not_picked":["Sweeping Beam","Steam"],"picked":"Hologram","floor":13.0},{"not_picked":["All For One","Buffer"],"picked":"Core Surge","floor":16.0},{"not_picked":["Blizzard+1","Redo+1"],"picked":"Ball Lightning+1","floor":18.0},{"not_picked":["Steam","Gash","Rebound"],"picked":"SKIP","floor":24.0},{"not_picked":["Barrage","Steam"],"picked":"Buffer","floor":27.0},{"not_picked":["Barrage+1","Rebound","Go for the Eyes"],"picked":"SKIP","floor":28.0},{"not_picked":["Steam+1","Turbo","Stack"],"picked":"SKIP","floor":30.0},{"not_picked":["Fission","Multi-Cast"],"picked":"Creative AI","floor":33.0},{"not_picked":["Aggregate","Capacitor"],"picked":"Loop+1","floor":35},{"not_picked":["Redo+1","Conserve Battery","Scrape"],"picked":"SKIP","floor":37},{"not_picked":["Go for the Eyes+1","Beam Cell+1","Stack+1"],"picked":"SKIP","floor":38},{"not_picked":["Scrape","Compile Driver","Streamline"],"picked":"SKIP","floor":39},{"not_picked":["Steam","Sunder+1","Chill+1"],"picked":"SKIP","floor":41},{"not_picked":["Coolheaded","Stack","Sweeping Beam"],"picked":"SKIP","floor":45},{"not_picked":["Stack","Sweeping Beam"],"picked":"Coolheaded","floor":45},{"not_picked":["Reprogram+1","Cold Snap"],"picked":"Glacier","floor":47},{"not_picked":["Fusion","Static Discharge"],"picked":"Coolheaded+1","floor":48}],"player_experience":5048914,"relics_obtained":[{"floor":9.0,"key":"Bottled Lightning"},{"floor":26.0,"key":"Bottled Flame"},{"floor":28.0,"key":"Ornamental Fan"},{"floor":43,"key":"Pear"}],"event_choices":[{"damage_healed":0.0,"max_hp_gain":0.0,"max_hp_loss":0.0,"gold_gain":0.0,"event_name":"Liars Game","player_choice":"Ignored","floor":11.0,"gold_loss":0.0,"damage_taken":0.0},{"damage_healed":0.0,"max_hp_gain":5.0,"max_hp_loss":0.0,"gold_gain":0.0,"event_name":"Big Fish","player_choice":"Donut","floor":14.0,"gold_loss":0.0,"damage_taken":0.0},{"damage_healed":0.0,"max_hp_gain":0.0,"max_hp_loss":40.0,"gold_gain":0.0,"event_name":"Ghosts","player_choice":"Became a Ghost","floor":20.0,"gold_loss":0.0,"damage_taken":0.0,"cards_obtained":["Ghostly","Ghostly","Ghostly","Ghostly","Ghostly"]},{"damage_healed":0.0,"max_hp_gain":0.0,"max_hp_loss":0.0,"gold_gain":0.0,"event_name":"Vampires","player_choice":"Ignored","floor":21.0,"gold_loss":0.0,"damage_taken":0.0},{"damage_healed":0.0,"max_hp_gain":0.0,"max_hp_loss":0.0,"gold_gain":0.0,"event_name":"NoteForYourself","player_choice":"Ignored","floor":22.0,"gold_loss":0.0,"damage_taken":0.0},{"cards_removed":["Strike_B"],"damage_healed":0,"gold_gain":0,"player_choice":"Purged","damage_taken":0,"max_hp_gain":0,"max_hp_loss":0,"event_name":"Purifier","floor":44,"gold_loss":0}],"is_beta":false,"boss_relics":[{"not_picked":["Inserter","Runic Dome"],"picked":"Velvet Choker"},{"not_picked":["Pandora\u0027s Box","Tiny House"],"picked":"Coffee Dripper"}],"items_purged_floors":[19,36,46],"is_endless":false,"potions_floor_spawned":[1,4,16,18,24,38,39,45,48],"ascension_level":0}