{"gold_per_floor":[117,132,57,57,57,57,68,96,171,182,195,195,195,13,13,13],"floor_reached":16,"playtime":539,"items_purged":["Strike_B"],"score":250,"play_id":"57c16dbc-c5d7-4a32-93ab-c265422f74d7","local_time":"20190222184849","is_ascension_mode":true,"campfire_choices":[{"data":"Zap","floor":6.0,"key":"SMITH"},{"data":"Loop","floor":13.0,"key":"SMITH"},{"data":"Apotheosis","floor":15.0,"key":"SMITH"}],"neow_cost":"PERCENT_DAMAGE","seed_source_timestamp":30420901141250,"circlet_count":0,"master_deck":["AscendersBane","Strike_B","Strike_B","Defend_B","Defend_B","Defend_B","Defend_B","Zap+1","Dualcast","White Noise","Glacier","Capacitor","Loop+1","Darkness","Apotheosis+1"],"special_seed":0,"relics":["Cracked Core","Ice Cream","PreservedInsect","Golden Idol"],"potions_floor_usage":[],"damage_taken":[{"damage":1.0,"enemies":"Cultist","floor":1.0,"turns":4.0},{"damage":2.0,"enemies":"2 Louse","floor":2.0,"turns":3.0},{"damage":1.0,"enemies":"Jaw Worm","floor":7.0,"turns":4.0},{"damage":0.0,"enemies":"Lagavulin","floor":8.0,"turns":9.0},{"damage":18.0,"enemies":"Gremlin Gang","floor":10.0,"turns":5.0},{"damage":0.0,"enemies":"Looter","floor":11.0,"turns":4.0},{"damage":26,"enemies":"Slime Boss","floor":16,"turns":3}],"seed_played":"-6066183810180179664","potions_obtained":[{"floor":1.0,"key":"Energy Potion"},{"floor":10.0,"key":"Ancient Potion"}],"is_trial":false,"path_per_floor":["M","M","$","?","?","R","M","E","T","M","M","?","R","$","R","B"],"character_chosen":"DEFECT","items_purchased":["Apotheosis"],"campfire_rested":0,"item_purchase_floors":[14],"current_hp_per_floor":[45,43,43,43,43,43,42,42,42,24,24,24,24,24,24,0],"gold":13,"neow_bonus":"ONE_RARE_RELIC","is_prod":false,"is_daily":false,"chose_seed":false,"campfire_upgraded":3,"win_rate":0,"timestamp":1550832529,"path_taken":["M","M","?","?","?","R","M","E","T","M","?","?","R","$","R","BOSS"],"build_version":"2019-01-23","purchased_purges":1,"victory":false,"max_hp_per_floor":[71,71,71,71,71,71,71,71,71,71,71,64,64,64,64,64],"card_choices":[{"not_picked":["Reprogram","Beam Cell"],"picked":"White Noise","floor":1.0},{"not_picked":["Go for the Eyes","Skim"],"picked":"Glacier","floor":2.0},{"not_picked":["Streamline","Stack"],"picked":"Loop","floor":7.0},{"not_picked":["Streamline","Hologram","Barrage"],"picked":"SKIP","floor":8.0},{"not_picked":["Compile Driver","FTL","Scrape"],"picked":"SKIP","floor":10.0},{"not_picked":["Go for the Eyes","Steam"],"picked":"Darkness","floor":11.0}],"player_experience":3050404,"relics_obtained":[{"floor":8.0,"key":"PreservedInsect"}],"event_choices":[{"damage_healed":0.0,"max_hp_gain":0.0,"max_hp_loss":0.0,"gold_gain":0.0,"event_name":"Liars Game","player_choice":"Ignored","floor":4.0,"gold_loss":0.0,"damage_taken":0.0},{"damage_healed":0.0,"max_hp_gain":0.0,"max_hp_loss":0.0,"gold_gain":0.0,"cards_transformed":["Strike_B"],"event_name":"Transmorgrifier","player_choice":"Transformed","floor":5.0,"gold_loss":0.0,"damage_taken":0.0,"cards_obtained":["Capacitor"]},{"damage_healed":0.0,"max_hp_gain":0.0,"max_hp_loss":7.0,"gold_gain":0.0,"event_name":"Golden Idol","player_choice":"Lose Max HP","floor":12.0,"gold_loss":0.0,"damage_taken":0.0,"relics_obtained":["Golden Idol"]}],"is_beta":false,"boss_relics":[],"items_purged_floors":[3],"is_endless":false,"potions_floor_spawned":[1,10],"killed_by":"Slime Boss","ascension_level":20}