{"gold_per_floor":[115,115,180,192,242,242,269,319,319,337,337,68,135,149,149,226,226,237,11,61,111,123,123,123],"floor_reached":24,"playtime":893,"items_purged":[],"score":492,"play_id":"c5352e67-1fe4-41ae-aa3f-649afb8ed81b","local_time":"20190127184743","is_ascension_mode":true,"campfire_choices":[{"data":"Sunder","floor":6.0,"key":"SMITH"},{"data":"Dualcast","floor":11.0,"key":"SMITH"},{"data":"Zap","floor":15.0,"key":"SMITH"},{"floor":23,"key":"REST"}],"neow_cost":"NONE","seed_source_timestamp":18424122777274,"circlet_count":0,"master_deck":["AscendersBane","Strike_B","Defend_B","Defend_B","Defend_B","Defend_B","Zap+1","Dualcast+1","Sunder+1","Genetic Algorithm","All For One","FTL","Biased Cognition","Echo Form","Streamline+1"],"special_seed":0,"relics":["Cracked Core","NeowsBlessing","SsserpentHead","Dodecahedron","Molten Egg 2","Shovel","Velvet Choker","OrangePellets"],"potions_floor_usage":[],"damage_taken":[{"damage":0.0,"enemies":"Jaw Worm","floor":1.0,"turns":1.0},{"damage":0.0,"enemies":"Cultist","floor":3.0,"turns":1.0},{"damage":0.0,"enemies":"2 Louse","floor":4.0,"turns":1.0},{"damage":8.0,"enemies":"Gremlin Nob","floor":7.0,"turns":3.0},{"damage":5.0,"enemies":"Exordium Wildlife","floor":10.0,"turns":3.0},{"damage":9.0,"enemies":"Exordium Thugs","floor":13.0,"turns":4.0},{"damage":3.0,"enemies":"3 Louse","floor":14.0,"turns":3.0},{"damage":0.0,"enemies":"Slime Boss","floor":16.0,"turns":6.0},{"damage":15,"enemies":"theJungle:5_Spyders","floor":18,"turns":5},{"damage":17,"enemies":"theJungle:MUSHROOMGANG","floor":22,"turns":4},{"damage":34,"enemies":"theJungle:2_Phrogs","floor":24,"turns":4}],"seed_played":"5199717821303229244","potions_obtained":[{"floor":1.0,"key":"SteroidPotion"},{"floor":3.0,"key":"Strength Potion"},{"floor":13.0,"key":"FearPotion"}],"is_trial":false,"path_per_floor":["M","?","M","M","?","R","E","?","T","M","R","$","M","M","R","B",null,"M","$","?","?","M","R","E"],"character_chosen":"DEFECT","items_purchased":["Shovel","OrangePellets"],"campfire_rested":1,"item_purchase_floors":[12,19],"current_hp_per_floor":[64,64,64,64,64,64,56,49,49,44,44,44,35,32,32,32,61,46,46,31,31,14,35,1],"gold":123,"neow_bonus":"THREE_ENEMY_KILL","is_prod":false,"is_daily":false,"chose_seed":false,"campfire_upgraded":3,"win_rate":0,"timestamp":1548586063,"path_taken":["M","?","?","M","?","R","E","?","T","M","R","?","?","M","R","BOSS","M","$","?","?","M","R","E"],"build_version":"2019-01-23","purchased_purges":0,"victory":false,"max_hp_per_floor":[71,71,71,71,71,71,71,71,71,71,71,71,71,71,71,71,71,71,71,71,71,71,71,71],"card_choices":[{"not_picked":["Auto Shields","Streamline"],"picked":"Sunder","floor":1.0},{"not_picked":["Doom and Gloom","Double Energy","Heatsinks"],"picked":"SKIP","floor":3.0},{"not_picked":["Turbo","Beam Cell"],"picked":"Genetic Algorithm","floor":4.0},{"not_picked":["Thunder Strike","Barrage"],"picked":"FTL","floor":7.0},{"not_picked":["Leap","Stack","Compile Driver+1"],"picked":"SKIP","floor":10.0},{"not_picked":["Doom and Gloom+1","Scrape+1","Tempest"],"picked":"SKIP","floor":13.0},{"not_picked":["Turbo","Heatsinks"],"picked":"Biased Cognition","floor":14.0},{"not_picked":["Multi-Cast","Amplify"],"picked":"Echo Form","floor":16.0},{"not_picked":["Cold Snap+1","Steam"],"picked":"Streamline+1","floor":18},{"not_picked":["Sweeping Beam+1","Beam Cell+1","Multi-Cast"],"picked":"SKIP","floor":22}],"player_experience":2327966,"relics_obtained":[{"floor":7.0,"key":"Dodecahedron"},{"floor":9.0,"key":"Molten Egg 2"}],"event_choices":[{"damage_healed":0.0,"max_hp_gain":0.0,"max_hp_loss":0.0,"gold_gain":0.0,"event_name":"FaceTrader","player_choice":"Trade","floor":2.0,"gold_loss":0.0,"damage_taken":0.0,"relics_obtained":["SsserpentHead"]},{"damage_healed":0.0,"max_hp_gain":0.0,"max_hp_loss":0.0,"gold_gain":0.0,"cards_transformed":["Strike_B"],"event_name":"Living Wall","player_choice":"Change","floor":5.0,"gold_loss":0.0,"damage_taken":0.0,"cards_obtained":["All For One"]},{"cards_removed":["Strike_B"],"damage_healed":0.0,"max_hp_gain":0.0,"max_hp_loss":0.0,"gold_gain":0.0,"event_name":"Golden Wing","player_choice":"Card Removal","floor":8.0,"gold_loss":0.0,"damage_taken":7.0},{"damage_healed":0,"gold_gain":0,"player_choice":"Gold","damage_taken":0,"max_hp_gain":0,"max_hp_loss":0,"event_name":"Wheel of Change","floor":21,"gold_loss":0}],"is_beta":false,"boss_relics":[{"not_picked":["Empty Cage","Pandora\u0027s Box"],"picked":"Velvet Choker"}],"items_purged_floors":[],"is_endless":false,"potions_floor_spawned":[1,3,4,13],"killed_by":"theJungle:2_Phrogs","ascension_level":20}