{"gold_per_floor":[362,377,391,316,19,19,19,19,43,57,75,90,90,103,103,181,181,195,195,215,32,32],"floor_reached":22,"playtime":668,"items_purged":["Strike_G","Strike_G"],"score":356,"play_id":"df611c29-9348-48c8-802e-eb5fb2f10806","local_time":"20181227130047","is_ascension_mode":true,"campfire_choices":[{"data":"Bouncing Flask","floor":6,"key":"SMITH"},{"data":"Catalyst","floor":13,"key":"SMITH"},{"data":"Neutralize","floor":15,"key":"SMITH"}],"neow_cost":"PERCENT_DAMAGE","seed_source_timestamp":4340818456701,"circlet_count":0,"master_deck":["AscendersBane","Defend_G","Defend_G+1","Defend_G","Defend_G","Defend_G","Strike_G","Strike_G","Survivor","Neutralize+1","Caltrops","Escape Plan+1","Bouncing Flask+1","All Out Attack","Catalyst+1","Adrenaline","Wraith Form v2"],"relics":["Ring of the Snake","Lee\u0027s Waffle","FaceOfCleric","War Paint","Sozu"],"potions_floor_usage":[16],"damage_taken":[{"damage":5,"enemies":"Jaw Worm","floor":1,"turns":8},{"damage":2,"enemies":"Small Slimes","floor":2,"turns":5},{"damage":1,"enemies":"Cultist","floor":3,"turns":4},{"damage":0,"enemies":"Looter","floor":10,"turns":3},{"damage":6,"enemies":"Red Slaver","floor":11,"turns":6},{"damage":0,"enemies":"Exordium Wildlife","floor":12,"turns":2},{"damage":5,"enemies":"Large Slime","floor":14,"turns":6},{"damage":64,"enemies":"Slime Boss","floor":16,"turns":11},{"damage":0,"enemies":"3 Byrds","floor":18,"turns":2},{"damage":45,"enemies":"Chosen","floor":20,"turns":5},{"damage":0,"enemies":"Snake Plant","floor":22,"turns":5}],"seed_played":"1209448915703485446","potions_obtained":[{"floor":2,"key":"Energy Potion"},{"floor":3,"key":"SkillPotion"},{"floor":16,"key":"Strength Potion"}],"is_trial":false,"path_per_floor":["M","M","M","?","$","R","?","$","T","M","M","M","R","M","R","B",null,"M","?","M","$","M"],"character_chosen":"THE_SILENT","items_purchased":["Lee\u0027s Waffle","Wraith Form v2"],"campfire_rested":0,"item_purchase_floors":[5,21],"current_hp_per_floor":[39,37,36,36,73,73,73,73,73,74,69,70,70,66,66,3,59,60,60,16,16,16],"gold":32,"neow_bonus":"TWO_FIFTY_GOLD","is_prod":false,"is_daily":false,"chose_seed":false,"campfire_upgraded":3,"win_rate":0,"timestamp":1545886847,"path_taken":["M","M","M","?","$","R","?","$","T","M","M","M","R","?","R","BOSS","M","?","M","$","?"],"build_version":"2018-12-20","purchased_purges":2,"victory":false,"max_hp_per_floor":[66,66,66,66,73,73,73,73,73,74,75,76,76,77,77,78,78,79,79,80,80,80],"card_choices":[{"not_picked":["Flying Knee","Setup"],"picked":"Caltrops","floor":1},{"not_picked":["Slice","Outmaneuver"],"picked":"Escape Plan","floor":2},{"not_picked":["Outmaneuver","Bane"],"picked":"Bouncing Flask","floor":3},{"not_picked":["PiercingWail","Slice","Dagger Spray"],"picked":"SKIP","floor":10},{"not_picked":["All Out Attack","Poisoned Stab","Bane"],"picked":"SKIP","floor":11},{"not_picked":["Poisoned Stab","Bane"],"picked":"All Out Attack","floor":11},{"not_picked":["Cloak And Dagger","Outmaneuver"],"picked":"Catalyst","floor":12},{"not_picked":["Crippling Poison","Poisoned Stab","Deflect"],"picked":"SKIP","floor":14},{"not_picked":["Night Terror","Die Die Die"],"picked":"Adrenaline","floor":16},{"not_picked":["Dagger Throw","Riddle With Holes","Eviscerate"],"picked":"SKIP","floor":18},{"not_picked":["Prepared","Poisoned Stab","Slice"],"picked":"SKIP","floor":20}],"player_experience":1513493,"relics_obtained":[{"floor":9,"key":"War Paint"}],"event_choices":[{"cards_removed":["Strike_G"],"damage_healed":0,"gold_gain":0,"player_choice":"Card Removal","damage_taken":0,"max_hp_gain":0,"max_hp_loss":0,"event_name":"The Cleric","floor":4,"gold_loss":75},{"damage_healed":0,"gold_gain":0,"player_choice":"Trade","damage_taken":0,"relics_obtained":["FaceOfCleric"],"max_hp_gain":0,"max_hp_loss":0,"event_name":"FaceTrader","floor":7,"gold_loss":0},{"damage_healed":0,"gold_gain":0,"player_choice":"Got Potions","damage_taken":0,"max_hp_gain":0,"max_hp_loss":0,"event_name":"Lab","floor":19,"gold_loss":0}],"is_beta":false,"boss_relics":[{"not_picked":["Fusion Hammer","Snecko Eye"],"picked":"Sozu"}],"items_purged_floors":[5,21],"is_endless":false,"potions_floor_spawned":[2,3,16],"killed_by":"Snake Plant","ascension_level":20}