{"gold_per_floor":[112,27,27,52,127,161,161,196,221,221,221,245,288,213,213,213],"floor_reached":16,"playtime":375,"items_purged":["Strike_G"],"score":282,"play_id":"0e2504ed-8841-4cfc-bfae-edd32b322d62","local_time":"20190716221607","is_ascension_mode":true,"campfire_choices":[{"data":"Masterful Stab","floor":7,"key":"SMITH"},{"data":"Tactician","floor":11,"key":"SMITH"},{"data":"Neutralize","floor":15,"key":"SMITH"}],"neow_cost":"NONE","seed_source_timestamp":14571942216366,"circlet_count":0,"master_deck":["AscendersBane","Strike_G+1","Strike_G","Strike_G","Strike_G+1","Defend_G","Defend_G","Defend_G","Defend_G","Defend_G","Survivor","Neutralize+1","Tactician+1","Masterful Stab+1","Acrobatics+1","Footwork","Backflip"],"relics":["Ring of the Snake","NeowsBlessing","Golden Idol","Boot","Whetstone","Centennial Puzzle","Meat on the Bone"],"potions_floor_usage":[8,8,16,16],"damage_taken":[{"damage":0,"enemies":"Small Slimes","floor":1,"turns":1},{"damage":0,"enemies":"Jaw Worm","floor":4,"turns":1},{"damage":0,"enemies":"3 Sentries","floor":6,"turns":2},{"damage":1,"enemies":"Gremlin Nob","floor":8,"turns":4},{"damage":0,"enemies":"2 Louse","floor":12,"turns":1},{"damage":13,"enemies":"Lagavulin","floor":13,"turns":6},{"damage":0,"enemies":"Hexaghost","floor":16,"turns":9}],"seed_played":"-2782027545014364264","potions_obtained":[{"floor":1,"key":"Fire Potion"},{"floor":4,"key":"PowerPotion"},{"floor":8,"key":"Strength Potion"},{"floor":12,"key":"SpeedPotion"}],"is_trial":false,"path_per_floor":["M","$","?","M","?","E","R","E","T","?","R","M","E","$","R","B"],"character_chosen":"THE_SILENT","items_purchased":["Tactician"],"campfire_rested":0,"item_purchase_floors":[2],"current_hp_per_floor":[59,59,59,59,48,48,48,47,47,47,47,47,34,34,34,34],"gold":213,"neow_bonus":"THREE_ENEMY_KILL","is_prod":false,"is_daily":false,"chose_seed":false,"campfire_upgraded":3,"win_rate":0,"timestamp":1563286567,"path_taken":["M","$","?","M","?","E","R","E","T","?","R","?","E","$","R","BOSS"],"build_version":"2019-07-05","purchased_purges":1,"victory":false,"max_hp_per_floor":[66,66,60,60,60,60,60,60,60,60,60,60,60,60,60,60],"card_choices":[{"not_picked":["Eviscerate","Deflect","Distraction"],"picked":"SKIP","floor":1},{"not_picked":["Finisher","Poisoned Stab"],"picked":"Masterful Stab","floor":4},{"not_picked":["Tactician","Calculated Gamble"],"picked":"Acrobatics","floor":6},{"not_picked":["Bane","Riddle With Holes","Eviscerate"],"picked":"SKIP","floor":8},{"not_picked":["PiercingWail","Cloak And Dagger"],"picked":"Footwork","floor":12},{"not_picked":["Tactician","Dagger Spray"],"picked":"Backflip","floor":13}],"player_experience":5735103,"relics_obtained":[{"floor":6,"key":"Boot"},{"floor":8,"key":"Whetstone"},{"floor":9,"key":"Centennial Puzzle"},{"floor":13,"key":"Meat on the Bone"}],"event_choices":[{"damage_healed":0,"gold_gain":0,"player_choice":"Lose Max HP","damage_taken":0,"relics_obtained":["Golden Idol"],"max_hp_gain":0,"max_hp_loss":6,"event_name":"Golden Idol","floor":3,"gold_loss":0},{"damage_healed":0,"gold_gain":75,"player_choice":"Gather Gold","damage_taken":11,"max_hp_gain":0,"max_hp_loss":0,"event_name":"World of Goop","floor":5,"gold_loss":0},{"damage_healed":0,"gold_gain":0,"player_choice":"Forge","damage_taken":0,"max_hp_gain":0,"max_hp_loss":0,"event_name":"Accursed Blacksmith","floor":10,"gold_loss":0,"cards_upgraded":["Acrobatics"]}],"is_beta":false,"boss_relics":[],"items_purged_floors":[14],"is_endless":false,"potions_floor_spawned":[1,4,8,12],"killed_by":"Hexaghost","ascension_level":20}