{"gold_per_floor":[218,218,234,44,54,54,54,66,102,124,154,194,206,245,257,269],"floor_reached":16,"playtime":489,"items_purged":["Strike_G"],"score":193,"play_id":"81a8f5a2-673d-4c6b-910e-79979cfc7312","local_time":"20190220140751","is_ascension_mode":true,"campfire_choices":[{"data":"Flechettes","floor":6,"key":"SMITH"},{"data":"Noxious Fumes","floor":8,"key":"SMITH"},{"data":"Neutralize","floor":13,"key":"SMITH"},{"floor":15,"key":"REST"}],"neow_cost":"NONE","seed_source_timestamp":238257674752076,"circlet_count":0,"master_deck":["AscendersBane","Defend_G","Defend_G","Defend_G","Defend_G","Defend_G","Strike_G","Strike_G","Strike_G","Strike_G","Survivor","Neutralize+1","Cloak And Dagger","Flechettes+1","Noxious Fumes+1","Acrobatics"],"relics":["Ring of the Snake","MawBank","Question Card","Unceasing Top"],"potions_floor_usage":[12,14,14],"damage_taken":[{"damage":0,"enemies":"Small Slimes","floor":1,"turns":4},{"damage":4,"enemies":"2 Louse","floor":3,"turns":3},{"damage":0,"enemies":"Cultist","floor":5,"turns":4},{"damage":0,"enemies":"Blue Slaver","floor":10,"turns":4},{"damage":1,"enemies":"Exordium Wildlife","floor":11,"turns":4},{"damage":8,"enemies":"Lagavulin","floor":12,"turns":8},{"damage":25,"enemies":"Gremlin Nob","floor":14,"turns":5},{"damage":40,"enemies":"Slime Boss","floor":16,"turns":7}],"seed_played":"8532528139304338739","potions_obtained":[{"floor":3,"key":"EssenceOfSteel"},{"floor":11,"key":"Swift Potion"},{"floor":12,"key":"SpeedPotion"}],"is_trial":false,"path_per_floor":["M","?","M","$","M","R","?","R","T","M","M","E","R","E","R","B"],"character_chosen":"THE_SILENT","items_purchased":["Flechettes","Noxious Fumes"],"campfire_rested":1,"item_purchase_floors":[4,4],"current_hp_per_floor":[59,59,55,55,55,55,44,44,44,44,43,35,35,10,29,0],"gold":269,"neow_bonus":"HUNDRED_GOLD","is_prod":false,"is_daily":false,"chose_seed":false,"campfire_upgraded":3,"win_rate":0,"timestamp":1550642871,"path_taken":["M","?","M","$","M","R","?","R","T","M","M","E","R","E","R","BOSS"],"build_version":"2019-01-23","purchased_purges":1,"victory":false,"max_hp_per_floor":[66,66,66,66,66,66,66,66,66,66,66,66,66,66,66,66],"card_choices":[{"not_picked":["Prepared","Outmaneuver","Deflect"],"picked":"SKIP","floor":1},{"not_picked":["Dagger Spray","Distraction"],"picked":"Cloak And Dagger","floor":3},{"not_picked":["Backflip","Outmaneuver"],"picked":"Acrobatics","floor":5},{"not_picked":["Poisoned Stab","Dagger Throw","Skewer"],"picked":"SKIP","floor":10},{"not_picked":["Deflect","Cloak And Dagger","Finisher"],"picked":"SKIP","floor":11},{"not_picked":["All Out Attack","Distraction","Choke"],"picked":"SKIP","floor":12},{"not_picked":["Flying Knee","Bouncing Flask","Deflect","Dagger Throw"],"picked":"SKIP","floor":14}],"player_experience":856262,"relics_obtained":[{"floor":12,"key":"Question Card"},{"floor":14,"key":"Unceasing Top"}],"event_choices":[{"damage_healed":0,"gold_gain":0,"player_choice":"Ignored","damage_taken":0,"max_hp_gain":0,"max_hp_loss":0,"event_name":"Liars Game","floor":2,"gold_loss":0},{"damage_healed":0,"gold_gain":0,"player_choice":"Success","damage_taken":11,"relics_obtained":["MawBank"],"max_hp_gain":0,"max_hp_loss":0,"event_name":"Scrap Ooze","floor":7,"gold_loss":0}],"is_beta":false,"boss_relics":[],"items_purged_floors":[4],"is_endless":false,"potions_floor_spawned":[3,11,12],"killed_by":"Slime Boss","ascension_level":15}