{"path_per_floor":["M","?","M","?","?","E","M","R","T","M","E","R","M","M","R"],"character_chosen":"THE_SILENT","items_purchased":[],"gold_per_floor":[118,118,134,209,309,343,357,357,383,396,430,430,450,460,460,460],"floor_reached":16,"campfire_rested":1,"playtime":625,"item_purchase_floors":[],"current_hp_per_floor":[63,63,63,52,52,52,44,44,44,41,15,15,15,2,23,0],"items_purged":[],"gold":460,"score":192,"play_id":"04c5dbd2-1395-4f1e-a2f5-d99e821d5648","local_time":"20180530231034","is_prod":false,"is_daily":false,"chose_seed":false,"is_ascension_mode":true,"campfire_upgraded":2,"win_rate":0,"timestamp":1527693034,"campfire_choices":[{"data":"Setup","floor":8,"key":"SMITH"},{"data":"Neutralize","floor":12,"key":"SMITH"},{"floor":15,"key":"REST"}],"path_taken":["M","?","?","?","?","E","M","R","T","M","E","R","M","M","R","BOSS"],"build_version":"2018-05-29","seed_source_timestamp":54661418711664,"purchased_purges":0,"victory":false,"master_deck":["Defend_G","Defend_G","Defend_G","Defend_G","Strike_G","Strike_G","Strike_G","Strike_G","Strike_G","Survivor","Neutralize+1","Reflex","Well Laid Plans","Deflect","Setup+1"],"max_hp_per_floor":[70,70,70,70,70,70,70,70,70,70,70,70,70,70,70,70],"relics":["Ring of the Snake","NeowsBlessing","Boot","Orichalcum","Bottled Lightning"],"card_choices":[{"not_picked":["Dodge and Roll","Underhanded Strike","Deadly Poison"],"picked":"SKIP","floor":1},{"not_picked":["Sucker Punch","PiercingWail"],"picked":"Well Laid Plans","floor":3},{"not_picked":["Underhanded Strike","Dagger Spray"],"picked":"Deflect","floor":6},{"not_picked":["Blur","Quick Slash"],"picked":"Setup","floor":7},{"not_picked":["Choke","Distraction","Footwork"],"picked":"SKIP","floor":10},{"not_picked":["Poisoned Stab","Deflect","Outmaneuver"],"picked":"SKIP","floor":11},{"not_picked":["Skewer","Setup","Noxious Fumes"],"picked":"SKIP","floor":13},{"not_picked":["Skewer","Finisher","Choke"],"picked":"SKIP","floor":14}],"player_experience":513302,"potions_floor_usage":[11,11,16,16,16],"damage_taken":[{"damage":0,"enemies":"Cultist","floor":1,"turns":1},{"damage":0,"enemies":"2 Louse","floor":3,"turns":1},{"damage":0,"enemies":"3 Sentries","floor":6,"turns":1},{"damage":8,"enemies":"Small Slimes","floor":7,"turns":4},{"damage":3,"enemies":"3 Louse","floor":10,"turns":6},{"damage":26,"enemies":"Lagavulin","floor":11,"turns":9},{"damage":0,"enemies":"Looter","floor":13,"turns":4},{"damage":13,"enemies":"Lots of Slimes","floor":14,"turns":6},{"damage":24,"enemies":"Hexaghost","floor":16,"turns":13}],"relics_obtained":[{"floor":6,"key":"Boot"},{"floor":9,"key":"Orichalcum"},{"floor":11,"key":"Bottled Lightning"}],"event_choices":[{"event_name":"Living Wall","player_choice":"Change","floor":2,"damage_taken":0},{"event_name":"World of Goop","player_choice":"Gather Gold","floor":4,"damage_taken":0},{"event_name":"Wheel of Change","player_choice":"Gold","floor":5,"damage_taken":0}],"boss_relics":[],"items_purged_floors":[],"potions_floor_spawned":[3,6,10,13,14],"seed_played":"803381137201859223","killed_by":"Hexaghost","ascension_level":8,"potions_obtained":[{"floor":3,"key":"SteroidPotion"},{"floor":6,"key":"SkillPotion"},{"floor":10,"key":"SpeedPotion"},{"floor":13,"key":"EssenceOfSteel"},{"floor":14,"key":"LiquidBronze"}],"is_trial":false}