{"gold_per_floor":[115,115,265,30,49,84,84,109,109,127,127,47,47,66,66,66],"floor_reached":16,"playtime":255,"items_purged":["Doubt","Strike_B"],"score":266,"play_id":"b744ff04-baf6-4d4e-8f32-aa5e4bd3daf6","local_time":"20190101011802","is_ascension_mode":true,"campfire_choices":[{"data":"Zap","floor":7.0,"key":"SMITH"},{"data":"Go for the Eyes","floor":13,"key":"SMITH"},{"data":"Beam Cell","floor":15,"key":"SMITH"}],"neow_cost":"NONE","seed_source_timestamp":51284029408608,"circlet_count":0,"master_deck":["AscendersBane","Strike_B","Strike_B","Strike_B","Defend_B","Defend_B+1","Defend_B","Defend_B","Zap+1","Dualcast+1","Go for the Eyes+1","All For One","Beam Cell+1","Electrodynamics","Self Repair","Gash","Self Repair"],"special_seed":0,"relics":["Cracked Core","NeowsBlessing","Mercury Hourglass","Centennial Puzzle","The Courier"],"potions_floor_usage":[16],"damage_taken":[{"damage":0.0,"enemies":"Small Slimes","floor":1.0,"turns":1.0},{"damage":0.0,"enemies":"Jaw Worm","floor":5.0,"turns":1.0},{"damage":0.0,"enemies":"3 Sentries","floor":6.0,"turns":1.0},{"damage":25.0,"enemies":"Lagavulin","floor":8.0,"turns":4.0},{"damage":0.0,"enemies":"Cultist","floor":10.0,"turns":2.0},{"damage":0,"enemies":"Exordium Wildlife","floor":14,"turns":2},{"damage":22,"enemies":"The Guardian","floor":16,"turns":6}],"seed_played":"-2267977982908177145","potions_obtained":[{"floor":1.0,"key":"EssenceOfSteel"},{"floor":5.0,"key":"Weak Potion"},{"floor":14,"key":"Weak Potion"}],"is_trial":false,"path_per_floor":["M","?","?","$","M","E","R","E","T","M","?","$","R","M","R","B"],"character_chosen":"DEFECT","items_purchased":["All For One"],"campfire_rested":0,"item_purchase_floors":[4],"current_hp_per_floor":[64,43,43,43,43,43,43,18,18,18,18,18,18,25,25,3],"gold":66,"neow_bonus":"THREE_ENEMY_KILL","is_prod":false,"is_daily":false,"chose_seed":false,"campfire_upgraded":3,"win_rate":0,"timestamp":1546276682,"path_taken":["M","?","?","$","M","E","R","E","T","M","?","$","R","M","R","BOSS"],"build_version":"2018-12-20","purchased_purges":2,"victory":false,"max_hp_per_floor":[71,71,71,71,71,71,71,71,71,71,71,71,71,71,71,71],"card_choices":[{"not_picked":["Steam","Barrage"],"picked":"Go for the Eyes","floor":1.0},{"not_picked":["Amplify","Ball Lightning"],"picked":"Beam Cell","floor":5.0},{"not_picked":["Beam Cell","Steam"],"picked":"Electrodynamics","floor":6.0},{"not_picked":["Recycle","Loop"],"picked":"Self Repair","floor":8.0},{"not_picked":["Heatsinks","Fusion"],"picked":"Gash","floor":10.0},{"not_picked":["Heatsinks","Darkness"],"picked":"Self Repair","floor":14}],"player_experience":1630664,"relics_obtained":[{"floor":6.0,"key":"Mercury Hourglass"},{"floor":8.0,"key":"Centennial Puzzle"},{"floor":9.0,"key":"The Courier"}],"event_choices":[{"damage_healed":0.0,"max_hp_gain":0.0,"max_hp_loss":0.0,"gold_gain":0.0,"event_name":"Shining Light","player_choice":"Entered Light","floor":2.0,"gold_loss":0.0,"damage_taken":21.0,"cards_upgraded":["Dualcast","Defend_B"]},{"damage_healed":0.0,"max_hp_gain":0.0,"max_hp_loss":0.0,"gold_gain":150.0,"event_name":"Liars Game","player_choice":"AGREE","floor":3.0,"gold_loss":0.0,"damage_taken":0.0,"cards_obtained":["Doubt"]},{"damage_healed":0,"gold_gain":0,"player_choice":"Searched \u00270\u0027 times","damage_taken":0,"max_hp_gain":0,"max_hp_loss":0,"event_name":"Dead Adventurer","floor":11,"gold_loss":0}],"is_beta":false,"boss_relics":[],"items_purged_floors":[4,12],"is_endless":false,"potions_floor_spawned":[1,5,14],"killed_by":"The Guardian","ascension_level":20}