{"gold_per_floor":[118,148,166,183,108,108,140,140,165,165,65,79,91,101,101,180,180,193,0,0,12,12,30,30,80,80,80,80],"floor_reached":28,"playtime":768,"items_purged":["Defend_B","Strike_B"],"score":436,"play_id":"797d7c3a-9746-4c5a-9aa4-e41cbb0113db","local_time":"20190118213826","is_ascension_mode":true,"campfire_choices":[{"data":"Coolheaded","floor":6,"key":"SMITH"},{"data":"Dualcast","floor":8,"key":"SMITH"},{"data":"Zap","floor":10,"key":"SMITH"},{"data":"Hologram","floor":15,"key":"SMITH"},{"floor":24,"key":"REST"},{"data":"Skim","floor":27,"key":"SMITH"}],"neow_cost":"NONE","seed_source_timestamp":34590961706172,"circlet_count":0,"master_deck":["AscendersBane","Strike_B","Strike_B","Defend_B","Defend_B","Defend_B","Zap+1","Dualcast+1","Ball Lightning","Coolheaded+1","Gash","Skim+1","Hologram+1","Gash","Echo Form"],"relics":["Cracked Core","Tiny Chest","Dodecahedron","Potion Belt","Busted Crown","Ornamental Fan"],"potions_floor_usage":[7,23],"damage_taken":[{"damage":2,"enemies":"Jaw Worm","floor":1,"turns":4},{"damage":2,"enemies":"Cultist","floor":3,"turns":4},{"damage":1,"enemies":"2 Louse","floor":4,"turns":2},{"damage":27,"enemies":"3 Sentries","floor":7,"turns":6},{"damage":0,"enemies":"Large Slime","floor":12,"turns":4},{"damage":10,"enemies":"2 Fungi Beasts","floor":13,"turns":3},{"damage":1,"enemies":"Blue Slaver","floor":14,"turns":3},{"damage":5,"enemies":"Hexaghost","floor":16,"turns":6},{"damage":20,"enemies":"2 Thieves","floor":18,"turns":4},{"damage":16,"enemies":"Chosen","floor":21,"turns":4},{"damage":17,"enemies":"Shelled Parasite and Fungi","floor":23,"turns":5},{"damage":13,"enemies":"Centurion and Healer","floor":28,"turns":2}],"seed_played":"8984110015675971218","potions_obtained":[{"floor":1,"key":"EssenceOfSteel"},{"floor":3,"key":"Explosive Potion"},{"floor":14,"key":"GamblersBrew"},{"floor":21,"key":"Weak Potion"}],"is_trial":false,"path_per_floor":["M","?","M","M","$","R","E","R","T","R","$","M","M","M","R","B",null,"M","?","?","M","$","M","R","?","T","R","M"],"character_chosen":"DEFECT","items_purchased":[],"campfire_rested":1,"item_purchase_floors":[],"current_hp_per_floor":[62,62,60,59,59,59,32,32,32,32,32,32,22,21,21,16,57,37,37,37,21,21,4,25,25,25,25,12],"gold":80,"neow_bonus":"REMOVE_CARD","is_prod":false,"is_daily":false,"chose_seed":false,"campfire_upgraded":5,"win_rate":0,"timestamp":1547818706,"path_taken":["M","?","M","M","$","R","E","R","T","R","?","M","M","M","R","BOSS","M","?","?","M","$","M","R","?","T","R","M"],"build_version":"2019-01-17","purchased_purges":2,"victory":false,"max_hp_per_floor":[71,71,71,71,71,71,71,71,71,71,71,71,71,71,71,71,71,71,71,71,71,71,71,71,71,71,71,71],"card_choices":[{"not_picked":["Chaos","Barrage","Static Discharge"],"picked":"SKIP","floor":1},{"not_picked":["Tempest","Leap"],"picked":"Ball Lightning","floor":3},{"not_picked":["Steam","Stack"],"picked":"Coolheaded","floor":4},{"not_picked":["Darkness","Beam Cell"],"picked":"Gash","floor":7},{"not_picked":["Consume","Barrage"],"picked":"Skim","floor":12},{"not_picked":["Barrage","Loop"],"picked":"Hologram","floor":13},{"not_picked":["Chill","Coolheaded"],"picked":"Gash","floor":14},{"not_picked":["Rainbow","Machine Learning"],"picked":"Echo Form","floor":16},{"not_picked":["Fusion"],"picked":"SKIP","floor":18},{"not_picked":["Streamline"],"picked":"SKIP","floor":21},{"not_picked":["BootSequence+1"],"picked":"SKIP","floor":23}],"player_experience":2014770,"relics_obtained":[{"floor":7,"key":"Dodecahedron"},{"floor":9,"key":"Potion Belt"},{"floor":26,"key":"Ornamental Fan"}],"event_choices":[{"damage_healed":0,"gold_gain":0,"player_choice":"Gave Potion","damage_taken":0,"relics_obtained":["Tiny Chest"],"max_hp_gain":0,"max_hp_loss":0,"event_name":"WeMeetAgain","floor":2,"gold_loss":0},{"damage_healed":0,"gold_gain":0,"player_choice":"Paid Fearfully","damage_taken":0,"max_hp_gain":0,"max_hp_loss":0,"event_name":"Masked Bandits","floor":19,"gold_loss":193},{"damage_healed":0,"gold_gain":0,"player_choice":"Ignored","damage_taken":0,"max_hp_gain":0,"max_hp_loss":0,"event_name":"Cursed Tome","floor":20,"gold_loss":0},{"damage_healed":0,"gold_gain":50,"player_choice":"Stole From Cult","damage_taken":0,"max_hp_gain":0,"max_hp_loss":0,"event_name":"Nest","floor":25,"gold_loss":0}],"is_beta":false,"boss_relics":[{"not_picked":["White Beast Statue","Lizard Tail"],"picked":"Busted Crown"}],"items_purged_floors":[5,11],"is_endless":false,"potions_floor_spawned":[1,3,14,21],"killed_by":"Centurion and Healer","ascension_level":20}