{"gold_per_floor":[110,128,128,53,70,70,102,102,102,132,132,132,132,189,189,266,266,285,67,77,77,77,77,77,77,77,23,23,50,50,83,83,154,154,166,218,218,233,253,285,305,305,305,42,60,76,88,88,88,88,88,88,88,49,83,83],"floor_reached":56,"playtime":2405,"items_purged":["Strike_G","Poisoned Stab+1"],"score":1888,"play_id":"a970c614-f045-4cdf-8dbc-a5cfe392c1ba","local_time":"20190214212124","is_ascension_mode":true,"campfire_choices":[{"data":"Noxious Fumes","floor":6.0,"key":"SMITH"},{"data":"Bouncing Flask","floor":8.0,"key":"SMITH"},{"data":"Neutralize","floor":11.0,"key":"SMITH"},{"data":"Deadly Poison","floor":13.0,"key":"SMITH"},{"floor":15.0,"key":"REST"},{"data":"Venomology","floor":25.0,"key":"SMITH"},{"data":"Grand Finale","floor":28.0,"key":"SMITH"},{"data":"Reflex","floor":30.0,"key":"SMITH"},{"floor":32.0,"key":"RECALL"},{"data":"Outmaneuver","floor":42.0,"key":"SMITH"},{"data":"Corpse Explosion","floor":49.0,"key":"SMITH"},{"data":"Heel Hook","floor":53.0,"key":"SMITH"}],"neow_cost":"TEN_PERCENT_HP_LOSS","seed_source_timestamp":42671174395998,"circlet_count":0,"master_deck":["AscendersBane","Survivor","Neutralize+1","Noxious Fumes+1","Infinite Blades","Deadly Poison+1","Bouncing Flask+1","Grand Finale+1","Wraith Form v2+1","Venomology+1","Outmaneuver+1","Noxious Fumes+1","Expertise+1","Heel Hook+1","Corpse Explosion+1","Wraith Form v2+1","Acrobatics+1","Reflex+1","Grand Finale+1","Grand Finale+1","Catalyst+1","Tactician","Acrobatics"],"special_seed":0,"relics":["Ring of the Snake","Incense Burner","StoneCalendar","Du-Vu Doll","Frozen Egg 2","Shuriken","Pandora\u0027s Box","DollysMirror","Mummified Hand","Kunai","Happy Flower","Runic Pyramid","Calipers","Whetstone","Bag of Preparation","Blue Candle"],"potions_floor_usage":[],"damage_taken":[{"damage":1.0,"enemies":"Jaw Worm","floor":1.0,"turns":5.0},{"damage":3.0,"enemies":"Small Slimes","floor":2.0,"turns":5.0},{"damage":3.0,"enemies":"2 Louse","floor":5.0,"turns":3.0},{"damage":21.0,"enemies":"3 Sentries","floor":7.0,"turns":7.0},{"damage":15.0,"enemies":"Lagavulin","floor":10.0,"turns":5.0},{"damage":6.0,"enemies":"Lagavulin Event","floor":14.0,"turns":5.0},{"damage":17.0,"enemies":"The Guardian","floor":16.0,"turns":8.0},{"damage":16.0,"enemies":"3 Byrds","floor":18.0,"turns":3.0},{"damage":0.0,"enemies":"Spheric Guardian","floor":20.0,"turns":2.0},{"damage":3.0,"enemies":"Book of Stabbing","floor":29.0,"turns":4.0},{"damage":0.0,"enemies":"Gremlin Leader","floor":31.0,"turns":4.0},{"damage":20.0,"enemies":"Automaton","floor":33.0,"turns":5.0},{"damage":0.0,"enemies":"Orb Walker","floor":35.0,"turns":2.0},{"damage":5.0,"enemies":"2 Orb Walkers","floor":36.0,"turns":3.0},{"damage":3.0,"enemies":"3 Darklings","floor":38.0,"turns":3.0},{"damage":2.0,"enemies":"Transient","floor":39.0,"turns":6.0},{"damage":2.0,"enemies":"Nemesis","floor":40.0,"turns":5.0},{"damage":0.0,"enemies":"Spire Growth","floor":41.0,"turns":3.0},{"damage":6.0,"enemies":"Writhing Mass","floor":45.0,"turns":3.0},{"damage":1.0,"enemies":"Maw","floor":46.0,"turns":4.0},{"damage":5.0,"enemies":"4 Shapes","floor":47.0,"turns":4.0},{"damage":4.0,"enemies":"Time Eater","floor":50.0,"turns":7.0},{"damage":6.0,"enemies":"Donu and Deca","floor":51.0,"turns":4.0},{"damage":6.0,"enemies":"Shield and Spear","floor":55.0,"turns":3.0},{"damage":49,"enemies":"The Heart","floor":56,"turns":5}],"seed_played":"-524066387794754304","potions_obtained":[{"floor":1.0,"key":"FearPotion"},{"floor":10.0,"key":"FairyPotion"},{"floor":14.0,"key":"Block Potion"},{"floor":33.0,"key":"SmokeBomb"},{"floor":40.0,"key":"FearPotion"}],"is_trial":false,"path_per_floor":["M","M","?","$","M","R","E","R","T","E","R","?","R","?","R","B",null,"M","$","M","$","?","$","?","R","T","$","R","E","R","E","R","B",null,"M","?","?","M","M","E","M","R","T","$","M","M","M","$","R","B","B",null,"R","$","E","B"],"character_chosen":"THE_SILENT","items_purchased":["DollysMirror","AttackPotion","Bag of Preparation","Tactician"],"campfire_rested":1,"item_purchase_floors":[19,27,44,54],"current_hp_per_floor":[58,55,44,44,41,41,20,20,20,5,5,5,5,6,24,7,47,31,31,31,31,31,31,31,31,31,31,31,28,28,28,28,8,47,47,42,42,39,37,49,49,49,49,49,43,42,37,37,37,33,39,55,55,55,49,0],"gold":83,"neow_bonus":"REMOVE_TWO","is_prod":false,"is_daily":false,"chose_seed":false,"campfire_upgraded":10,"win_rate":0,"timestamp":1550150484,"path_taken":["M","M","?","$","M","R","E","R","T","E","R","?","R","?","R","BOSS","M","$","M","$","?","?","?","R","T","$","R","E","R","E","R","BOSS","M","?","?","?","?","E","M","R","T","$","M","M","M","$","R","BOSS","BOSS","R","$","E","BOSS"],"build_version":"2019-01-23","purchased_purges":2,"victory":false,"max_hp_per_floor":[60,60,60,60,60,60,60,60,60,60,60,60,60,60,60,60,60,60,60,60,60,60,60,60,60,60,60,60,60,60,60,60,60,60,60,60,60,60,60,60,60,60,60,60,60,60,60,60,60,60,60,60,60,60,60,60],"card_choices":[{"not_picked":["Infinite Blades","Underhanded Strike"],"picked":"Noxious Fumes","floor":1.0},{"not_picked":["PiercingWail","Choke"],"picked":"Infinite Blades","floor":2.0},{"not_picked":["Underhanded Strike","Dagger Throw"],"picked":"Deadly Poison","floor":5.0},{"not_picked":["Acrobatics","Underhanded Strike"],"picked":"Bouncing Flask","floor":7.0},{"not_picked":["Calculated Gamble","Eviscerate"],"picked":"Grand Finale","floor":10.0},{"not_picked":["Glass Knife","Corpse Explosion"],"picked":"Wraith Form v2+1","floor":16.0},{"not_picked":["Dash","Quick Slash","Predator"],"picked":"SKIP","floor":18.0},{"not_picked":["Cloak And Dagger","Flying Knee+1"],"picked":"Acrobatics+1","floor":20.0},{"not_picked":["Dagger Spray","Eviscerate"],"picked":"Reflex","floor":29.0},{"not_picked":["Masterful Stab","All Out Attack","Cloak And Dagger+1"],"picked":"SKIP","floor":31.0},{"not_picked":["Deflect","Endless Agony","Slice"],"picked":"SKIP","floor":35.0},{"not_picked":["PiercingWail","Prepared"],"picked":"Grand Finale","floor":36.0},{"not_picked":["Bane","Blade Dance","Underhanded Strike"],"picked":"SKIP","floor":38.0},{"not_picked":["Bouncing Flask","Cloak And Dagger","Unload"],"picked":"SKIP","floor":39.0},{"not_picked":["Deflect+1","Outmaneuver","Masterful Stab+1"],"picked":"SKIP","floor":40.0},{"not_picked":["Crippling Poison","Caltrops+1","Riddle With Holes"],"picked":"SKIP","floor":41.0},{"not_picked":["Crippling Poison","Caltrops+1","Riddle With Holes"],"picked":"SKIP","floor":41.0},{"not_picked":["Masterful Stab","Backflip","Blade Dance"],"picked":"SKIP","floor":45.0},{"not_picked":["Bullet Time","Quick Slash+1","Masterful Stab"],"picked":"SKIP","floor":46.0},{"not_picked":["Bane","Catalyst+1","Dagger Spray"],"picked":"SKIP","floor":47.0},{"not_picked":["Bane","Dagger Spray"],"picked":"Catalyst+1","floor":47.0},{"not_picked":["Leg Sweep","Die Die Die"],"picked":"Acrobatics","floor":55.0}],"player_experience":2741064,"relics_obtained":[{"floor":7.0,"key":"StoneCalendar"},{"floor":9.0,"key":"Du-Vu Doll"},{"floor":10.0,"key":"Frozen Egg 2"},{"floor":14.0,"key":"Shuriken"},{"floor":26.0,"key":"Mummified Hand"},{"floor":29.0,"key":"Kunai"},{"floor":31.0,"key":"Happy Flower"},{"floor":36.0,"key":"Calipers"},{"floor":40.0,"key":"Whetstone"},{"floor":55.0,"key":"Blue Candle"}],"event_choices":[{"damage_healed":0.0,"max_hp_gain":0.0,"max_hp_loss":0.0,"gold_gain":0.0,"event_name":"Scrap Ooze","player_choice":"Success","floor":3.0,"gold_loss":0.0,"damage_taken":11.0,"relics_obtained":["Incense Burner"]},{"damage_healed":0.0,"max_hp_gain":0.0,"max_hp_loss":0.0,"gold_gain":0.0,"event_name":"Liars Game","player_choice":"Ignored","floor":12.0,"gold_loss":0.0,"damage_taken":0.0},{"damage_healed":0.0,"max_hp_gain":0.0,"max_hp_loss":0.0,"gold_gain":0.0,"event_name":"Dead Adventurer","player_choice":"Searched \u00271\u0027 times","floor":14.0,"gold_loss":0.0,"damage_taken":0.0},{"damage_healed":0.0,"max_hp_gain":0.0,"max_hp_loss":0.0,"gold_gain":0.0,"event_name":"Upgrade Shrine","player_choice":"Upgraded","floor":22.0,"gold_loss":0.0,"damage_taken":0.0,"cards_upgraded":["Expertise"]},{"damage_healed":0.0,"max_hp_gain":0.0,"max_hp_loss":0.0,"gold_gain":0.0,"event_name":"The Mausoleum","player_choice":"Ignored","floor":24.0,"gold_loss":0.0,"damage_taken":0.0},{"damage_healed":0.0,"max_hp_gain":0.0,"max_hp_loss":0.0,"gold_gain":0.0,"event_name":"Mysterious Sphere","player_choice":"Fight","floor":36.0,"gold_loss":0.0,"damage_taken":0.0},{"damage_healed":0.0,"max_hp_gain":0.0,"max_hp_loss":0.0,"gold_gain":0.0,"event_name":"Duplicator","player_choice":"Copied","floor":37.0,"gold_loss":0.0,"damage_taken":0.0,"cards_obtained":["Grand Finale"]}],"is_beta":false,"boss_relics":[{"not_picked":["Philosopher\u0027s Stone","HoveringKite"],"picked":"Pandora\u0027s Box"},{"not_picked":["Calling Bell","Snecko Eye"],"picked":"Runic Pyramid"}],"items_purged_floors":[4,44],"is_endless":false,"potions_floor_spawned":[1,10,14,18,33,38,40,41,45],"killed_by":"The Heart","ascension_level":20}