{"gold_per_floor":[360,44,63,63,63,63,79,418,418,418],"floor_reached":10,"playtime":457,"items_purged":[],"score":132,"play_id":"d5025956-826d-4dba-963b-29ed6536e29c","local_time":"20181129170730","is_ascension_mode":true,"campfire_choices":[{"data":"Predator","floor":6,"key":"SMITH"}],"neow_cost":"PERCENT_DAMAGE","seed_source_timestamp":24569234366413,"circlet_count":0,"master_deck":["AscendersBane","Defend_G","Defend_G","Defend_G","Defend_G","Defend_G","Strike_G","Strike_G","Strike_G","Strike_G","Survivor","Neutralize","Acrobatics","Well Laid Plans","Predator+1","Poisoned Stab"],"relics":["Ring of the Snake","OrangePellets","Golden Idol","Old Coin","FossilizedHelix"],"potions_floor_usage":[8,8],"damage_taken":[{"damage":0,"enemies":"Jaw Worm","floor":1,"turns":5},{"damage":0,"enemies":"Small Slimes","floor":3,"turns":4},{"damage":4,"enemies":"Cultist","floor":7,"turns":3},{"damage":27,"enemies":"3 Sentries","floor":8,"turns":18},{"damage":0,"enemies":"Gremlin Nob","floor":10,"turns":3}],"seed_played":"-6547490566959067333","potions_obtained":[{"floor":3,"key":"Swift Potion"},{"floor":7,"key":"Block Potion"},{"floor":8,"key":"Ancient Potion"}],"is_trial":false,"path_per_floor":["M","$","M","?","?","R","M","E","T","E"],"character_chosen":"THE_SILENT","items_purchased":["Well Laid Plans","OrangePellets"],"campfire_rested":0,"item_purchase_floors":[2,2],"current_hp_per_floor":[44,44,44,44,37,37,33,6,6,6],"gold":418,"neow_bonus":"TWO_FIFTY_GOLD","is_prod":false,"is_daily":false,"chose_seed":true,"campfire_upgraded":1,"win_rate":0,"timestamp":1543482450,"path_taken":["M","$","M","?","?","R","M","E","T","E"],"build_version":"2018-11-15","purchased_purges":0,"victory":false,"max_hp_per_floor":[66,66,66,60,60,60,60,60,60,60],"card_choices":[{"not_picked":["PiercingWail","Slice"],"picked":"Acrobatics","floor":1},{"not_picked":["Cloak And Dagger","PiercingWail"],"picked":"Predator","floor":3},{"not_picked":["Dagger Spray","Flying Knee","Slice"],"picked":"SKIP","floor":7},{"not_picked":["Blur","Distraction"],"picked":"Poisoned Stab","floor":8}],"player_experience":130903,"relics_obtained":[{"floor":8,"key":"Old Coin"},{"floor":9,"key":"FossilizedHelix"}],"event_choices":[{"damage_healed":0,"gold_gain":0,"player_choice":"Lose Max HP","damage_taken":0,"relics_obtained":["Golden Idol"],"max_hp_gain":0,"max_hp_loss":6,"event_name":"Golden Idol","floor":4,"gold_loss":0},{"cards_removed":["Strike_G"],"damage_healed":0,"gold_gain":0,"player_choice":"Card Removal","damage_taken":7,"max_hp_gain":0,"max_hp_loss":0,"event_name":"Golden Wing","floor":5,"gold_loss":0}],"is_beta":false,"boss_relics":[],"items_purged_floors":[],"is_endless":false,"potions_floor_spawned":[3,7,8],"killed_by":"Gremlin Nob","ascension_level":20}