{"gold_per_floor":[363,373,298,313,88,88,116,133,159,159,234,234,258,276,276,276],"floor_reached":16,"playtime":410,"items_purged":["Normality","Strike_B"],"score":204,"play_id":"e0bb3063-041a-44d0-b1df-ce555a9fa2df","local_time":"20190225193049","is_ascension_mode":true,"campfire_choices":[{"data":"Loop","floor":6.0,"key":"SMITH"},{"data":"Darkness","floor":10,"key":"SMITH"},{"data":"Defragment","floor":15,"key":"SMITH"}],"neow_cost":"CURSE","seed_source_timestamp":25872359766526,"circlet_count":0,"master_deck":["AscendersBane","Strike_B","Strike_B","Strike_B","Defend_B","Defend_B","Defend_B","Defend_B","Zap","Dualcast","Chaos","Conserve Battery","Darkness+1","Undo","Loop+1","Creative AI","Redo","Capacitor","Defragment+1"],"special_seed":0,"relics":["Cracked Core","Bag of Marbles","Lantern","Golden Idol"],"potions_floor_usage":[13],"damage_taken":[{"damage":0.0,"enemies":"2 Louse","floor":1.0,"turns":2.0},{"damage":4.0,"enemies":"Small Slimes","floor":2.0,"turns":4.0},{"damage":5.0,"enemies":"Jaw Worm","floor":4.0,"turns":4.0},{"damage":17.0,"enemies":"3 Sentries","floor":7.0,"turns":9.0},{"damage":7,"enemies":"Exordium Thugs","floor":8,"turns":4},{"damage":10,"enemies":"Large Slime","floor":13,"turns":6},{"damage":8,"enemies":"Exordium Wildlife","floor":14,"turns":3},{"damage":34,"enemies":"The Guardian","floor":16,"turns":2}],"seed_played":"-437964792889132105","potions_obtained":[{"floor":2.0,"key":"Fire Potion"},{"floor":4.0,"key":"Strength Potion"},{"floor":13,"key":"Energy Potion"}],"is_trial":false,"path_per_floor":["M","M","$","M","$","R","E","M","T","R","?","?","M","M","R","B"],"character_chosen":"DEFECT","items_purchased":["Undo","Loop"],"campfire_rested":0,"item_purchase_floors":[5,5],"current_hp_per_floor":[64,60,60,55,55,55,38,31,31,31,20,20,10,2,2,0],"gold":276,"neow_bonus":"TWO_FIFTY_GOLD","is_prod":false,"is_daily":false,"chose_seed":false,"campfire_upgraded":3,"win_rate":0,"timestamp":1551094249,"path_taken":["M","M","$","M","$","R","E","M","T","R","?","?","M","M","R","BOSS"],"build_version":"2019-01-23","purchased_purges":2,"victory":false,"max_hp_per_floor":[71,71,71,71,71,71,71,71,71,71,71,64,64,64,64,64],"card_choices":[{"not_picked":["Rip and Tear","BootSequence"],"picked":"Chaos","floor":1.0},{"not_picked":["Compile Driver","Redo"],"picked":"Conserve Battery","floor":2.0},{"not_picked":["Steam Power","Rebound"],"picked":"Darkness","floor":4.0},{"not_picked":["Fusion","Ball Lightning"],"picked":"Creative AI","floor":7.0},{"not_picked":["Reprogram","Sweeping Beam"],"picked":"Redo","floor":8},{"not_picked":["Stack","Ball Lightning"],"picked":"Capacitor","floor":13},{"not_picked":["Barrage","Ball Lightning"],"picked":"Defragment","floor":14}],"player_experience":3135011,"relics_obtained":[{"floor":7.0,"key":"Bag of Marbles"},{"floor":9,"key":"Lantern"}],"event_choices":[{"damage_healed":0,"gold_gain":75,"player_choice":"Gather Gold","damage_taken":11,"max_hp_gain":0,"max_hp_loss":0,"event_name":"World of Goop","floor":11,"gold_loss":0},{"damage_healed":0,"gold_gain":0,"player_choice":"Lose Max HP","damage_taken":0,"relics_obtained":["Golden Idol"],"max_hp_gain":0,"max_hp_loss":7,"event_name":"Golden Idol","floor":12,"gold_loss":0}],"is_beta":false,"boss_relics":[],"items_purged_floors":[3,5],"is_endless":false,"potions_floor_spawned":[2,4,13,14],"killed_by":"The Guardian","ascension_level":20}