{"gold_per_floor":[364,378,303,303,313,313,339,339,339,339,358,14,0],"floor_reached":13,"playtime":298,"items_purged":["Strike_G","Strike_G"],"score":166,"play_id":"f2ac49cd-89c4-44f5-a995-1b167fc8e8c0","local_time":"20181118162123","is_ascension_mode":true,"campfire_choices":[{"data":"Skewer","floor":6,"key":"SMITH"},{"data":"Outmaneuver","floor":8,"key":"SMITH"},{"data":"Deadly Poison","floor":10,"key":"SMITH"}],"neow_cost":"PERCENT_DAMAGE","seed_source_timestamp":1574956850333302,"circlet_count":0,"master_deck":["AscendersBane","Defend_G","Defend_G","Defend_G","Defend_G","Defend_G","Strike_G","Strike_G","Survivor","Neutralize","Deadly Poison+1","Backstab","Skewer+1","Outmaneuver+1","Well Laid Plans","Malaise"],"relics":["Ring of the Snake","Pocketwatch","Tough Bandages"],"potions_floor_usage":[7],"damage_taken":[{"damage":4,"enemies":"Small Slimes","floor":1,"turns":4},{"damage":1,"enemies":"Cultist","floor":2,"turns":4},{"damage":0,"enemies":"2 Louse","floor":5,"turns":3},{"damage":26,"enemies":"Gremlin Nob","floor":7,"turns":4},{"damage":10,"enemies":"Large Slime","floor":11,"turns":6},{"damage":0,"enemies":"Exordium Thugs","floor":13,"turns":2}],"seed_played":"-8915037732510405973","potions_obtained":[{"floor":2,"key":"SteroidPotion"}],"is_trial":false,"path_per_floor":["M","M","$","?","M","R","E","R","T","R","M","$","M"],"character_chosen":"THE_SILENT","items_purchased":["Well Laid Plans","Malaise"],"campfire_rested":0,"item_purchase_floors":[12,12],"current_hp_per_floor":[40,39,39,39,39,39,13,13,13,13,3,3,3],"gold":0,"neow_bonus":"TWO_FIFTY_GOLD","is_prod":false,"is_daily":false,"chose_seed":false,"campfire_upgraded":3,"win_rate":0,"timestamp":1542529283,"path_taken":["M","M","$","?","?","R","E","R","T","R","M","$","M"],"build_version":"2018-11-15","purchased_purges":2,"victory":false,"max_hp_per_floor":[66,66,66,66,66,66,66,66,66,66,66,66,66],"card_choices":[{"not_picked":["Dagger Spray","Quick Slash"],"picked":"Deadly Poison","floor":1},{"not_picked":["Quick Slash","Poisoned Stab"],"picked":"Backstab","floor":2},{"not_picked":["PiercingWail","Poisoned Stab"],"picked":"Skewer","floor":5},{"not_picked":["Backflip","Choke"],"picked":"Outmaneuver","floor":7},{"not_picked":["Finisher","Blur","Outmaneuver"],"picked":"SKIP","floor":11}],"player_experience":533800,"relics_obtained":[{"floor":7,"key":"Pocketwatch"},{"floor":9,"key":"Tough Bandages"}],"event_choices":[{"cards_removed":["Strike_G"],"damage_healed":0,"gold_gain":0,"player_choice":"Offered Basic","damage_taken":0,"max_hp_gain":0,"max_hp_loss":0,"event_name":"Bonfire Elementals","floor":4,"gold_loss":0}],"is_beta":true,"boss_relics":[],"items_purged_floors":[3,12],"is_endless":false,"potions_floor_spawned":[2],"killed_by":"Exordium Thugs","ascension_level":20}