{"gold_per_floor":[115,132,132,149,161,161,175,175,175,192,224,224,224,236,236,308,308,308,308,325,325,35,35,35,360,439,439,471,486,486,514,514,591,591,605,625,625,400,500,500,528,528,528,562,283,298,298,323,323,323,323],"floor_reached":52,"playtime":2221,"items_purged":["Turbo","Barrage"],"score":2267,"play_id":"7dc144b9-81a2-4dec-a779-95af0c2ba27f","local_time":"20190224033733","is_ascension_mode":true,"campfire_choices":[{"data":"Hologram","floor":6,"key":"SMITH"},{"data":"Self Repair","floor":8,"key":"SMITH"},{"data":"Glacier","floor":13,"key":"SMITH"},{"data":"Streamline","floor":15,"key":"SMITH"},{"data":"Echo Form","floor":23,"key":"SMITH"},{"floor":27,"key":"REST"},{"floor":30,"key":"REST"},{"data":"All For One","floor":32,"key":"SMITH"},{"data":"Sunder","floor":40,"key":"SMITH"},{"data":"Storm","floor":42,"key":"SMITH"},{"data":"Discovery","floor":49,"key":"SMITH"}],"neow_cost":"NONE","seed_source_timestamp":544323077907670,"circlet_count":0,"master_deck":["AscendersBane","Zap","Dualcast","Hologram+1","Self Repair+1","Glacier+1","Echo Form+1","Streamline+1","Creative AI","Electrodynamics","Chill","All For One+1","Force Field+1","Echo Form","Creative AI","Fusion","Go for the Eyes","Creative AI","Coolheaded","Storm+1","Sunder+1","Glacier","Discovery+1","Thunder Strike+1","Consume+1","Second Wind"],"relics":["Snecko Eye","WarpedTongs","Question Card","Potion Belt","Blue Candle","Philosopher\u0027s Stone","Nilry\u0027s Codex","Membership Card","DataDisk","Old Coin","Emotion Chip","Ice Cream","Pandora\u0027s Box","PrismaticShard","Bronze Scales","Dead Branch","Centennial Puzzle","Molten Egg 2","Letter Opener","Frozen Egg 2","Calipers","Anchor"],"potions_floor_usage":[18,50],"damage_taken":[{"damage":6,"enemies":"2 Louse","floor":1,"turns":2},{"damage":0,"enemies":"Cultist","floor":2,"turns":3},{"damage":21,"enemies":"Small Slimes","floor":4,"turns":4},{"damage":13,"enemies":"Looter","floor":5,"turns":4},{"damage":8,"enemies":"Large Slime","floor":7,"turns":6},{"damage":7,"enemies":"Blue Slaver","floor":10,"turns":6},{"damage":14,"enemies":"Lagavulin","floor":11,"turns":9},{"damage":10,"enemies":"Red Slaver","floor":14,"turns":5},{"damage":8,"enemies":"Hexaghost","floor":16,"turns":8},{"damage":0,"enemies":"2 Thieves","floor":18,"turns":1},{"damage":10,"enemies":"Shell Parasite","floor":20,"turns":7},{"damage":16,"enemies":"Gremlin Leader","floor":25,"turns":4},{"damage":27,"enemies":"Book of Stabbing","floor":28,"turns":4},{"damage":28,"enemies":"Snecko","floor":29,"turns":4},{"damage":0,"enemies":"Gremlin Leader","floor":31,"turns":5},{"damage":0,"enemies":"Champ","floor":33,"turns":8},{"damage":4,"enemies":"Orb Walker","floor":35,"turns":4},{"damage":14,"enemies":"3 Shapes","floor":36,"turns":7},{"damage":0,"enemies":"Mind Bloom Boss Battle","floor":39,"turns":2},{"damage":7,"enemies":"Giant Head","floor":41,"turns":4},{"damage":20,"enemies":"Reptomancer","floor":44,"turns":4},{"damage":0,"enemies":"Transient","floor":46,"turns":6},{"damage":0,"enemies":"Giant Head","floor":48,"turns":4},{"damage":11,"enemies":"Awakened One","floor":50,"turns":7},{"damage":9,"enemies":"Donu and Deca","floor":51,"turns":6}],"seed_played":"-4588736817588313215","potions_obtained":[{"floor":2,"key":"Ancient Potion"},{"floor":5,"key":"EssenceOfSteel"},{"floor":7,"key":"SmokeBomb"},{"floor":14,"key":"Ancient Potion"},{"floor":29,"key":"Block Potion"},{"floor":36,"key":"PowerPotion"}],"is_trial":false,"path_per_floor":["M","M","?","M","M","R","M","R","T","M","E","T","R","M","R","B",null,"M","?","M","?","$","R","?","E","T","R","E","M","R","E","R","B",null,"M","M","?","$","?","R","E","R","T","E","$","M","T","E","R","B","B",null],"character_chosen":"DEFECT","items_purchased":["Membership Card","DataDisk","PrismaticShard","Bronze Scales","Thunder Strike+1","Frozen Egg 2"],"campfire_rested":2,"item_purchase_floors":[22,22,38,38,45,45],"current_hp_per_floor":[58,58,58,37,34,34,33,33,33,36,32,32,32,22,22,24,59,59,59,69,48,48,48,48,32,32,53,36,18,39,49,49,59,68,71,71,67,67,67,67,67,67,67,67,67,67,67,67,67,56,47],"gold":323,"neow_bonus":"BOSS_RELIC","is_prod":false,"is_daily":false,"chose_seed":false,"campfire_upgraded":9,"win_rate":0,"timestamp":1550950653,"path_taken":["M","M","?","M","M","R","M","R","T","?","E","?","R","M","R","BOSS","M","?","?","?","$","R","?","E","T","R","E","M","R","E","R","BOSS","M","M","?","$","?","R","E","R","T","E","$","M","?","E","R","BOSS","BOSS"],"build_version":"2019-01-23","purchased_purges":2,"victory":true,"max_hp_per_floor":[71,71,71,71,71,71,71,71,71,71,71,71,71,71,71,71,71,71,71,71,71,71,71,71,71,71,71,71,71,71,71,71,71,71,71,71,67,67,67,67,67,67,67,67,67,67,67,67,67,67,67],"card_choices":[{"not_picked":["Rebound","Leap"],"picked":"Hologram","floor":1},{"not_picked":["Heatsinks","Stack","Darkness"],"picked":"SKIP","floor":2},{"not_picked":["Compile Driver","Hello World"],"picked":"Self Repair","floor":4},{"not_picked":["Steam","Rebound"],"picked":"Glacier","floor":5},{"not_picked":["Chill","Compile Driver","Leap"],"picked":"SKIP","floor":7},{"not_picked":["Rebound","Steam","Double Energy","Lockon"],"picked":"SKIP","floor":10},{"not_picked":["Rebound","Steam","Double Energy","Lockon"],"picked":"SKIP","floor":10},{"not_picked":["Conserve Battery","Go for the Eyes","Chill"],"picked":"Echo Form","floor":11},{"not_picked":["Genetic Algorithm","Skim","Rebound"],"picked":"Streamline","floor":14},{"not_picked":["Reboot","Hyperbeam","Seek"],"picked":"Creative AI","floor":16},{"not_picked":["Go for the Eyes","Genetic Algorithm","Streamline+1","Steam Power"],"picked":"SKIP","floor":20},{"not_picked":["Steam+1","Steam Power","Rip and Tear","Cold Snap"],"picked":"SKIP","floor":25},{"not_picked":["Glacier","Stack+1","Streamline"],"picked":"All For One","floor":28},{"not_picked":["White Noise+1","Stack","Darkness","Streamline"],"picked":"SKIP","floor":29},{"not_picked":["Fusion","Capacitor","Genetic Algorithm"],"picked":"Force Field+1","floor":31},{"not_picked":["Buffer","Core Surge","Multi-Cast"],"picked":"Echo Form","floor":33},{"not_picked":["Hologram","Cold Snap","Beam Cell"],"picked":"Coolheaded","floor":35},{"not_picked":["Steam","Go for the Eyes","Ball Lightning"],"picked":"Storm","floor":36},{"not_picked":["Escape Plan","Bloodletting+1","Caltrops"],"picked":"Sunder","floor":39},{"not_picked":["Dagger Spray+1","Seek","Armaments"],"picked":"Glacier","floor":41},{"not_picked":["Armaments","Dagger Spray+1","PiercingWail"],"picked":"Discovery","floor":44},{"not_picked":["Glass Knife+1","Battle Trance","Conserve Battery"],"picked":"Consume+1","floor":46},{"not_picked":["Escape Plan","Leap","Beam Cell+1"],"picked":"Second Wind","floor":48}],"player_experience":964960,"relics_obtained":[{"floor":9,"key":"Question Card"},{"floor":11,"key":"Potion Belt"},{"floor":12,"key":"Blue Candle"},{"floor":21,"key":"Nilry\u0027s Codex"},{"floor":25,"key":"Old Coin"},{"floor":28,"key":"Emotion Chip"},{"floor":31,"key":"Ice Cream"},{"floor":39,"key":"Dead Branch"},{"floor":41,"key":"Centennial Puzzle"},{"floor":43,"key":"Molten Egg 2"},{"floor":44,"key":"Letter Opener"},{"floor":47,"key":"Calipers"},{"floor":48,"key":"Anchor"}],"event_choices":[{"damage_healed":0,"gold_gain":0,"player_choice":"Rummage","damage_taken":0,"relics_obtained":["WarpedTongs"],"max_hp_gain":0,"max_hp_loss":0,"event_name":"Accursed Blacksmith","floor":3,"gold_loss":0,"cards_obtained":["Pain"]},{"cards_removed":["Pain"],"damage_healed":0,"gold_gain":0,"player_choice":"Removed Curses","damage_taken":0,"max_hp_gain":0,"max_hp_loss":0,"event_name":"Fountain of Cleansing","floor":19,"gold_loss":0},{"damage_healed":0,"gold_gain":0,"player_choice":"Obtained Book","damage_taken":21,"max_hp_gain":0,"max_hp_loss":0,"event_name":"Cursed Tome","floor":21,"gold_loss":0},{"damage_healed":0,"gold_gain":0,"cards_transformed":["Strike_B","Strike_B"],"player_choice":"Became Test Subject","damage_taken":0,"max_hp_gain":0,"max_hp_loss":0,"event_name":"Drug Dealer","floor":24,"gold_loss":0,"cards_obtained":["Electrodynamics","Chill"]},{"damage_healed":0,"gold_gain":0,"player_choice":"Max HP","damage_taken":0,"max_hp_gain":0,"max_hp_loss":4,"event_name":"Winding Halls","floor":37,"gold_loss":0},{"damage_healed":0,"gold_gain":0,"player_choice":"Fight","damage_taken":0,"max_hp_gain":0,"max_hp_loss":0,"event_name":"MindBloom","floor":39,"gold_loss":0}],"is_beta":false,"boss_relics":[{"not_picked":["Ectoplasm","Inserter"],"picked":"Philosopher\u0027s Stone"},{"not_picked":["Black Star","Sozu"],"picked":"Pandora\u0027s Box"}],"items_purged_floors":[38,45],"is_endless":false,"potions_floor_spawned":[2,5,7,14,18,29,36,44,48],"ascension_level":20}