{"gold_per_floor":[18,18,34,34,34,34,54,73,119,119,139,155,168,168,168,168],"floor_reached":16,"playtime":735,"items_purged":[],"score":188,"play_id":"8656a2de-4fde-4265-8f66-6f3c8506fac3","local_time":"20190713175005","is_ascension_mode":true,"campfire_choices":[{"floor":6,"key":"REST"},{"floor":10,"key":"REST"},{"data":"Armaments","floor":15,"key":"SMITH"}],"neow_cost":"NO_GOLD","seed_source_timestamp":331966209047300,"circlet_count":0,"master_deck":["AscendersBane","Strike_R","Strike_R","Strike_R","Strike_R","Defend_R","Defend_R","Defend_R","Defend_R","Bash","Juggernaut","Armaments+1","Corruption","Whirlwind","Iron Wave","Iron Wave"],"relics":["Burning Blood","Golden Idol","Vajra","Art of War"],"potions_floor_usage":[11],"damage_taken":[{"damage":2,"enemies":"Cultist","floor":1,"turns":4},{"damage":0,"enemies":"2 Louse","floor":3,"turns":3},{"damage":14,"enemies":"Jaw Worm","floor":7,"turns":3},{"damage":6,"enemies":"Blue Slaver","floor":8,"turns":5},{"damage":19,"enemies":"Gremlin Gang","floor":11,"turns":4},{"damage":7,"enemies":"Large Slime","floor":12,"turns":5},{"damage":9,"enemies":"Red Slaver","floor":13,"turns":5},{"damage":29,"enemies":"Hexaghost","floor":16,"turns":7}],"seed_played":"633250356660648106","potions_obtained":[{"floor":1,"key":"Swift Potion"},{"floor":11,"key":"Energy Potion"},{"floor":12,"key":"Fire Potion"}],"is_trial":false,"path_per_floor":["M","?","M","?","?","R","M","M","T","R","M","M","M","?","R","B"],"character_chosen":"IRONCLAD","items_purchased":[],"campfire_rested":2,"item_purchase_floors":[],"current_hp_per_floor":[72,46,52,17,10,32,24,24,24,46,33,32,29,29,29,0],"gold":168,"neow_bonus":"THREE_RARE_CARDS","is_prod":false,"is_daily":false,"chose_seed":false,"campfire_upgraded":1,"win_rate":0,"timestamp":1563033005,"path_taken":["M","?","M","?","?","R","M","M","T","R","?","?","M","?","R","BOSS"],"build_version":"2019-07-05","purchased_purges":0,"victory":false,"max_hp_per_floor":[75,75,75,75,75,75,75,75,75,75,75,75,75,75,75,75],"card_choices":[{"not_picked":["Exhume","Fiend Fire"],"picked":"Juggernaut","floor":0},{"not_picked":["Infernal Blade","Pommel Strike"],"picked":"Armaments","floor":1},{"not_picked":["Heavy Blade","Pummel"],"picked":"Corruption","floor":3},{"not_picked":["Anger","Armaments","Flex"],"picked":"SKIP","floor":7},{"not_picked":["Anger","Armaments","Flex"],"picked":"SKIP","floor":7},{"not_picked":["Flex","Seeing Red"],"picked":"Whirlwind","floor":8},{"not_picked":["Sword Boomerang","Clash","Whirlwind"],"picked":"SKIP","floor":11},{"not_picked":["Searing Blow","Barricade"],"picked":"Iron Wave","floor":12},{"not_picked":["Blood for Blood","Sentinel"],"picked":"Iron Wave","floor":13}],"player_experience":693821,"relics_obtained":[{"floor":9,"key":"Art of War"}],"event_choices":[{"damage_healed":0,"gold_gain":0,"player_choice":"Take Damage","damage_taken":26,"relics_obtained":["Golden Idol"],"max_hp_gain":0,"max_hp_loss":0,"event_name":"Golden Idol","floor":2,"gold_loss":0},{"damage_healed":0,"gold_gain":0,"player_choice":"Success","damage_taken":35,"relics_obtained":["Vajra"],"max_hp_gain":0,"max_hp_loss":0,"event_name":"Scrap Ooze","floor":4,"gold_loss":0},{"cards_removed":["Strike_R"],"damage_healed":0,"gold_gain":0,"player_choice":"Card Removal","damage_taken":7,"max_hp_gain":0,"max_hp_loss":0,"event_name":"Golden Wing","floor":5,"gold_loss":0},{"damage_healed":0,"gold_gain":0,"player_choice":"0 cards matched","damage_taken":0,"max_hp_gain":0,"max_hp_loss":0,"event_name":"Match and Keep!","floor":14,"gold_loss":0,"cards_obtained":[]}],"is_beta":false,"boss_relics":[],"items_purged_floors":[],"is_endless":false,"potions_floor_spawned":[1,11,12],"killed_by":"Hexaghost","ascension_level":20}