{"gold_per_floor":[110,121,121,196,46,46,56,56,103,103],"floor_reached":10,"playtime":219,"items_purged":["Defend_G"],"score":112,"play_id":"c3e61bcc-4465-4231-a121-6c79990f897d","local_time":"20190420143329","is_ascension_mode":true,"campfire_choices":[{"data":"Well Laid Plans","floor":6,"key":"SMITH"},{"data":"Catalyst","floor":8,"key":"SMITH"}],"neow_cost":"PERCENT_DAMAGE","seed_source_timestamp":9005485560038,"circlet_count":0,"master_deck":["AscendersBane","Defend_G","Defend_G","Defend_G","Defend_G","Strike_G","Strike_G","Strike_G","Strike_G","Survivor","Neutralize","Tools of the Trade","Catalyst+1","Well Laid Plans+1","Well Laid Plans"],"relics":["Ring of the Snake"],"potions_floor_usage":[10],"damage_taken":[{"damage":12,"enemies":"2 Louse","floor":1,"turns":4},{"damage":4,"enemies":"Small Slimes","floor":2,"turns":6},{"damage":0,"enemies":"Jaw Worm","floor":7,"turns":7},{"damage":0,"enemies":"Lots of Slimes","floor":10,"turns":1}],"seed_played":"-1244586139420509910","potions_obtained":[{"floor":2,"key":"AttackPotion"}],"is_trial":false,"path_per_floor":["M","M","?","?","$","R","M","R","T","M"],"character_chosen":"THE_SILENT","items_purchased":["Well Laid Plans"],"campfire_rested":0,"item_purchase_floors":[5],"current_hp_per_floor":[32,28,21,10,10,10,10,10,10,10],"gold":103,"neow_bonus":"THREE_RARE_CARDS","is_prod":false,"is_daily":false,"chose_seed":false,"campfire_upgraded":2,"win_rate":0,"timestamp":1555742009,"path_taken":["M","M","?","?","?","R","?","R","T","?"],"build_version":"2019-01-23","purchased_purges":1,"victory":false,"max_hp_per_floor":[66,66,66,66,66,66,66,66,66,66],"card_choices":[{"not_picked":["Unload","Bullet Time"],"picked":"Tools of the Trade","floor":0},{"not_picked":["Cloak And Dagger","Bouncing Flask"],"picked":"Catalyst","floor":1},{"not_picked":["Acrobatics","Bane","Slice"],"picked":"SKIP","floor":2},{"not_picked":["Quick Slash","Dodge and Roll"],"picked":"Well Laid Plans","floor":7}],"player_experience":4419608,"relics_obtained":[],"event_choices":[{"cards_removed":["Strike_G"],"damage_healed":0,"gold_gain":0,"player_choice":"Card Removal","damage_taken":7,"max_hp_gain":0,"max_hp_loss":0,"event_name":"Golden Wing","floor":3,"gold_loss":0},{"damage_healed":0,"gold_gain":75,"player_choice":"Gather Gold","damage_taken":11,"max_hp_gain":0,"max_hp_loss":0,"event_name":"World of Goop","floor":4,"gold_loss":0}],"is_beta":false,"boss_relics":[],"items_purged_floors":[5],"is_endless":false,"potions_floor_spawned":[2],"killed_by":"Lots of Slimes","ascension_level":20}