{"gold_per_floor":[118,118,193,42,42,42,68,87,87,87,98,112,25,45,45,122,122,140,40,57,57,57],"floor_reached":22,"playtime":885,"items_purged":["Strike_G","Strike_G"],"score":418,"play_id":"566c4465-843b-4e36-9346-598abbc75865","local_time":"20190214231503","is_ascension_mode":true,"campfire_choices":[{"data":"Noxious Fumes","floor":6,"key":"SMITH"},{"data":"Neutralize","floor":10,"key":"SMITH"},{"data":"Well Laid Plans","floor":15,"key":"SMITH"}],"neow_cost":"NONE","seed_source_timestamp":51225130496323,"circlet_count":0,"master_deck":["AscendersBane","Defend_G","Defend_G","Defend_G","Defend_G","Defend_G","Strike_G","Strike_G","Survivor","Neutralize+1","Cloak And Dagger","Noxious Fumes+1","Accuracy","Cloak And Dagger","Infinite Blades","Well Laid Plans+1","Cloak And Dagger","Deadly Poison+1"],"relics":["Ring of the Snake","NeowsBlessing","Calipers","The Specimen","Ice Cream","Coffee Dripper"],"potions_floor_usage":[16,16,16,16],"damage_taken":[{"damage":0,"enemies":"Cultist","floor":1,"turns":1},{"damage":0,"enemies":"Gremlin Nob","floor":7,"turns":1},{"damage":0,"enemies":"Small Slimes","floor":8,"turns":1},{"damage":0,"enemies":"2 Louse","floor":11,"turns":3},{"damage":12,"enemies":"Exordium Wildlife","floor":12,"turns":7},{"damage":6,"enemies":"Red Slaver","floor":14,"turns":4},{"damage":22,"enemies":"Slime Boss","floor":16,"turns":11},{"damage":12,"enemies":"Shell Parasite","floor":18,"turns":7},{"damage":11,"enemies":"Spheric Guardian","floor":20,"turns":6}],"seed_played":"3697463615045063476","potions_obtained":[{"floor":8,"key":"EntropicBrew"},{"floor":14,"key":"Energy Potion"},{"floor":20,"key":"PowerPotion"}],"is_trial":false,"path_per_floor":["M","T","?","$","?","R","E","M","T","R","M","M","$","M","R","B",null,"M","$","M","$","?"],"character_chosen":"THE_SILENT","items_purchased":["Noxious Fumes","Well Laid Plans"],"campfire_rested":0,"item_purchase_floors":[4,13],"current_hp_per_floor":[59,59,48,48,41,41,41,41,41,41,41,29,29,23,23,1,50,38,38,27,27,27],"gold":57,"neow_bonus":"THREE_ENEMY_KILL","is_prod":false,"is_daily":false,"chose_seed":false,"campfire_upgraded":3,"win_rate":0,"timestamp":1550157303,"path_taken":["M","?","?","$","?","R","E","M","T","R","M","M","$","M","R","BOSS","M","$","M","$","?"],"build_version":"2019-01-23","purchased_purges":2,"victory":false,"max_hp_per_floor":[66,66,66,66,66,66,66,66,66,66,66,66,66,66,66,66,66,66,66,66,66,66],"card_choices":[{"not_picked":["PiercingWail","Leg Sweep"],"picked":"Cloak And Dagger","floor":1},{"not_picked":["Quick Slash","All Out Attack"],"picked":"Accuracy","floor":7},{"not_picked":["Expertise","Heel Hook","Blade Dance"],"picked":"SKIP","floor":8},{"not_picked":["Underhanded Strike","Sucker Punch"],"picked":"Cloak And Dagger","floor":11},{"not_picked":["PiercingWail","Deflect"],"picked":"Infinite Blades","floor":12},{"not_picked":["Outmaneuver","Flying Knee"],"picked":"Cloak And Dagger","floor":14},{"not_picked":["Dagger Spray","Escape Plan"],"picked":"Deadly Poison+1","floor":18},{"not_picked":["Choke+1","Slice","Poisoned Stab"],"picked":"SKIP","floor":20}],"player_experience":2747922,"relics_obtained":[{"floor":2,"key":"Calipers"},{"floor":7,"key":"The Specimen"},{"floor":9,"key":"Ice Cream"}],"event_choices":[{"damage_healed":0,"gold_gain":75,"player_choice":"Gather Gold","damage_taken":11,"max_hp_gain":0,"max_hp_loss":0,"event_name":"World of Goop","floor":3,"gold_loss":0},{"cards_removed":["Strike_G"],"damage_healed":0,"gold_gain":0,"player_choice":"Card Removal","damage_taken":7,"max_hp_gain":0,"max_hp_loss":0,"event_name":"Golden Wing","floor":5,"gold_loss":0}],"is_beta":false,"boss_relics":[{"not_picked":["Ectoplasm","Tiny House"],"picked":"Coffee Dripper"}],"items_purged_floors":[4,19],"is_endless":false,"potions_floor_spawned":[8,14,20],"ascension_level":20}