{"gold_per_floor":[114,289,289,14,14,50,74,74,74,74,107,125,160,191,191,317,317,341,341,139,151,186,198,35,35,35,35,53,71,104,125,125,255,255,279,297,321,335,400,400,431,130,156,196,237,12,12,35,35,35],"floor_reached":51,"playtime":1357,"items_purged":["Doubt","Reflex","Escape Plan","PiercingWail+1","Acrobatics"],"score":1431,"play_id":"c8972619-31ac-4fff-b23e-feb974c668fc","local_time":"20181019192045","daily_mods":["SealedDeck","Vintage","Heirloom"],"is_ascension_mode":false,"campfire_choices":[{"data":"Terror","floor":8.0,"key":"SMITH"},{"data":"Concentrate","floor":10.0,"key":"SMITH"},{"data":"Choke","floor":15.0,"key":"SMITH"},{"data":"Reflex","floor":23,"key":"SMITH"},{"data":"Tactician","floor":25,"key":"SMITH"},{"data":"Grand Finale","floor":32,"key":"SMITH"},{"data":"Sucker Punch+1","floor":40,"key":"PURGE"},{"data":"Choke+1","floor":47,"key":"PURGE"},{"data":"Expertise","floor":49,"key":"SMITH"}],"neow_cost":"","seed_source_timestamp":0,"circlet_count":0,"master_deck":["Terror+1","Reflex+1","Expertise+1","Concentrate+1","Tactician+1","Grand Finale+1","Escape Plan+1"],"special_seed":0,"relics":["Ring of the Snake","Peace Pipe","WingedGreaves","Golden Idol","Membership Card","Smiling Mask","Lantern","Matryoshka","Blood Vial","Boot","Kunai","Dream Catcher","The Specimen","Philosopher\u0027s Stone","Shuriken","MawBank","Happy Flower","Dodecahedron","Pen Nib","Darkstone Periapt","Molten Egg 2","Blue Candle","PreservedInsect","Ancient Tea Set","Runic Pyramid","Mercury Hourglass","Whetstone","Vajra","Potion Belt","Pocketwatch","Art of War","War Paint","Bronze Scales","Frozen Eye","Strawberry","Oddly Smooth Stone","Pear","Orichalcum","OrangePellets","Bag of Preparation","Pantograph"],"potions_floor_usage":[],"damage_taken":[{"damage":0.0,"enemies":"Small Slimes","floor":1.0,"turns":1.0},{"damage":0.0,"enemies":"Lagavulin","floor":6.0,"turns":2.0},{"damage":0.0,"enemies":"2 Louse","floor":7.0,"turns":1.0},{"damage":0.0,"enemies":"Gremlin Nob","floor":11.0,"turns":1.0},{"damage":0.0,"enemies":"Jaw Worm","floor":12.0,"turns":1.0},{"damage":0.0,"enemies":"3 Sentries","floor":13.0,"turns":1.0},{"damage":0.0,"enemies":"Lagavulin","floor":14.0,"turns":1.0},{"damage":0.0,"enemies":"Slime Boss","floor":16.0,"turns":1.0},{"damage":0.0,"enemies":"2 Thieves","floor":18.0,"turns":1.0},{"damage":0,"enemies":"Chosen","floor":22,"turns":1},{"damage":0,"enemies":"Sentry and Sphere","floor":28,"turns":1},{"damage":0,"enemies":"3 Cultists","floor":29,"turns":1},{"damage":0,"enemies":"Slavers","floor":30,"turns":1},{"damage":0,"enemies":"Cultist and Chosen","floor":31,"turns":1},{"damage":0,"enemies":"Automaton","floor":33,"turns":1},{"damage":0,"enemies":"3 Shapes","floor":35,"turns":1},{"damage":0,"enemies":"3 Darklings","floor":36,"turns":1},{"damage":0,"enemies":"Jaw Worm Horde","floor":37,"turns":1},{"damage":0,"enemies":"Maw","floor":38,"turns":1},{"damage":0,"enemies":"2 Orb Walkers","floor":39,"turns":1},{"damage":0,"enemies":"Nemesis","floor":41,"turns":1},{"damage":0,"enemies":"Reptomancer","floor":44,"turns":1},{"damage":0,"enemies":"Nemesis","floor":45,"turns":1},{"damage":0,"enemies":"Spire Growth","floor":48,"turns":1},{"damage":0,"enemies":"Time Eater","floor":50,"turns":1}],"seed_played":"4055882470096507142","potions_obtained":[{"floor":7.0,"key":"Ancient Potion"},{"floor":12.0,"key":"GhostInAJar"},{"floor":14.0,"key":"Swift Potion"},{"floor":44,"key":"GamblersBrew"},{"floor":45,"key":"FearPotion"}],"is_trial":true,"path_per_floor":["M","?","?","$","?","E","M","R","T","R","E","M","E","E","R","B",null,"M","?","$","?","M","R","$","R","T","?","M","M","E","M","R","B",null,"M","M","M","M","?","R","E","$","T","E","E","$","R","M","R","B"],"character_chosen":"THE_SILENT","items_purchased":["Membership Card","Grand Finale","MawBank","Dodecahedron","War Paint","Bronze Scales","Frozen Eye","OrangePellets","Bag of Preparation"],"campfire_rested":0,"item_purchase_floors":[4,20,20,24,42,42,42,46,46],"current_hp_per_floor":[70,70,53,53,53,53,53,53,53,53,53,55,57,59,59,61,70,70,57,57,57,59,59,59,59,59,59,61,63,65,67,67,69,75,75,75,75,75,75,75,75,75,82,92,92,92,92,92,92,92],"gold":35,"neow_bonus":"","is_prod":false,"is_daily":false,"chose_seed":false,"campfire_upgraded":7,"win_rate":0,"timestamp":1539948045,"path_taken":["M","?","?","$","?","E","M","R","T","R","E","M","E","E","R","BOSS","M","?","$","?","?","R","?","R","T","?","?","M","E","M","R","BOSS","M","?","M","M","?","R","E","$","T","E","E","$","R","M","R","BOSS"],"build_version":"2018-10-18","purchased_purges":5,"victory":true,"max_hp_per_floor":[70,70,70,70,70,70,70,70,70,70,70,70,70,70,70,70,70,70,75,75,75,75,75,75,75,75,75,75,75,75,75,75,75,75,75,75,75,75,75,75,75,75,82,92,92,92,92,92,92,92],"card_choices":[{"not_picked":["Tactician","Riddle With Holes","Acrobatics"],"picked":"SKIP","floor":6.0},{"not_picked":["Concentrate","Terror","Dash"],"picked":"SKIP","floor":11.0},{"not_picked":["Doppelganger","Underhanded Strike","Deadly Poison"],"picked":"SKIP","floor":13.0},{"not_picked":["Deadly Poison","Skewer","Well Laid Plans"],"picked":"SKIP","floor":14.0},{"not_picked":["Prepared","Blade Dance","Dagger Spray+1"],"picked":"SKIP","floor":30},{"not_picked":["Crippling Poison","Eviscerate+1","Dodge and Roll+1"],"picked":"SKIP","floor":41},{"not_picked":["Distraction","Backflip+1","Doppelganger"],"picked":"SKIP","floor":44},{"not_picked":["Dagger Throw+1","Quick Slash+1","Underhanded Strike+1"],"picked":"SKIP","floor":45}],"player_experience":337301,"relics_obtained":[{"floor":1.0,"key":"WingedGreaves"},{"floor":6.0,"key":"Smiling Mask"},{"floor":7.0,"key":"Lantern"},{"floor":9.0,"key":"Matryoshka"},{"floor":11.0,"key":"Blood Vial"},{"floor":12.0,"key":"Boot"},{"floor":13.0,"key":"Kunai"},{"floor":14.0,"key":"Dream Catcher"},{"floor":16.0,"key":"The Specimen"},{"floor":18.0,"key":"Shuriken"},{"floor":22,"key":"Happy Flower"},{"floor":26,"key":"Pen Nib"},{"floor":26,"key":"Darkstone Periapt"},{"floor":28,"key":"Molten Egg 2"},{"floor":29,"key":"Blue Candle"},{"floor":30,"key":"PreservedInsect"},{"floor":33,"key":"Ancient Tea Set"},{"floor":35,"key":"Mercury Hourglass"},{"floor":36,"key":"Whetstone"},{"floor":37,"key":"Vajra"},{"floor":38,"key":"Potion Belt"},{"floor":39,"key":"Pocketwatch"},{"floor":41,"key":"Art of War"},{"floor":43,"key":"Strawberry"},{"floor":43,"key":"Oddly Smooth Stone"},{"floor":44,"key":"Pear"},{"floor":45,"key":"Orichalcum"},{"floor":48,"key":"Pantograph"}],"event_choices":[{"damage_healed":0.0,"max_hp_gain":0.0,"max_hp_loss":0.0,"gold_gain":175.0,"event_name":"Liars Game","player_choice":"AGREE","floor":2.0,"gold_loss":0.0,"damage_taken":0.0,"cards_obtained":["Doubt"]},{"damage_healed":0.0,"max_hp_gain":0.0,"max_hp_loss":0.0,"gold_gain":0.0,"event_name":"Golden Idol","player_choice":"Take Damage","floor":3.0,"gold_loss":0.0,"damage_taken":17.0,"relics_obtained":["Golden Idol"]},{"damage_healed":0.0,"max_hp_gain":0.0,"max_hp_loss":0.0,"gold_gain":0.0,"event_name":"Match and Keep!","player_choice":"1 cards matched","floor":5.0,"gold_loss":0.0,"damage_taken":0.0,"cards_obtained":["Escape Plan"]},{"damage_healed":0.0,"max_hp_gain":5.0,"max_hp_loss":0.0,"gold_gain":0.0,"event_name":"Forgotten Altar","player_choice":"Shed Blood","floor":19.0,"gold_loss":0.0,"damage_taken":18.0},{"damage_healed":0,"gold_gain":0,"player_choice":"Copied","damage_taken":0,"max_hp_gain":0,"max_hp_loss":0,"event_name":"Duplicator","floor":21,"gold_loss":0,"cards_obtained":["Escape Plan"]},{"damage_healed":0,"gold_gain":0,"player_choice":"Ignored","damage_taken":0,"max_hp_gain":0,"max_hp_loss":0,"event_name":"Beggar","floor":27,"gold_loss":0},{"damage_healed":0,"gold_gain":0,"player_choice":"Fight","damage_taken":0,"max_hp_gain":0,"max_hp_loss":0,"event_name":"Mysterious Sphere","floor":39,"gold_loss":0}],"is_beta":false,"boss_relics":[{"not_picked":["WristBlade","Eternal Feather"],"picked":"Philosopher\u0027s Stone"},{"not_picked":["Orrery","Pandora\u0027s Box"],"picked":"Runic Pyramid"}],"items_purged_floors":[4,20,24,42,46],"is_endless":false,"potions_floor_spawned":[7,12,14,18,28,29,35,37,44,45],"ascension_level":0}