{"gold_per_floor":[109,184,53,70,50,60,60,86,86,101,133,133,158,175,175,254,254,269,282,110,110,22,22,32,32,57,75,75,92,106,136,148,231,243,267,324,351,363,375,418,430,469,481,493,505,544,570,599,611,623,635,647,659,40,69,69],"floor_reached":56,"playtime":2385,"items_purged":["Strike_G+1"],"score":2325,"play_id":"c3501040-b056-4ac5-aef5-c77ac9018eb5","local_time":"20190317175422","is_ascension_mode":true,"campfire_choices":[{"data":"Catalyst","floor":7,"key":"SMITH"},{"data":"Noxious Fumes","floor":12,"key":"SMITH"},{"data":"Bouncing Flask","floor":15,"key":"SMITH"},{"data":"Well Laid Plans","floor":23,"key":"SMITH"},{"data":"Deadly Poison","floor":25,"key":"SMITH"},{"data":"Ghostly","floor":28,"key":"SMITH"},{"data":"Ghostly","floor":32,"key":"SMITH"},{"data":"Burst","floor":41,"key":"SMITH"},{"data":"Calculated Gamble","floor":44,"key":"SMITH"},{"floor":49,"key":"RECALL"},{"floor":53,"key":"REST"}],"neow_cost":"NONE","seed_source_timestamp":33903897382585,"circlet_count":0,"master_deck":["AscendersBane","Defend_G+1","Defend_G+1","Defend_G+1","Defend_G+1","Defend_G+1","Strike_G+1","Strike_G+1","Strike_G+1","Strike_G+1","Survivor+1","Neutralize+1","Backstab+1","Deadly Poison+1","Catalyst+1","Noxious Fumes+1","Bouncing Flask+1","Adrenaline+1","Ghostly+1","Ghostly+1","Ghostly+1","Well Laid Plans+1","Burst+1","Calculated Gamble+1"],"relics":["Ring of the Snake","War Paint","Blue Candle","Happy Flower","PreservedInsect","Snake Skull","Sozu","Bag of Preparation","MawBank","Runic Pyramid","Nunchaku","Centennial Puzzle","Darkstone Periapt","Whetstone","Mark of the Bloom","Ancient Tea Set","Lantern","Toolbox","Strawberry","Kunai"],"potions_floor_usage":[8,11,16,56],"damage_taken":[{"damage":0,"enemies":"2 Louse","floor":1,"turns":3},{"damage":0,"enemies":"Jaw Worm","floor":4,"turns":3},{"damage":0,"enemies":"Cultist","floor":6,"turns":3},{"damage":11,"enemies":"Gremlin Nob","floor":8,"turns":3},{"damage":0,"enemies":"Blue Slaver","floor":10,"turns":3},{"damage":7,"enemies":"3 Sentries","floor":11,"turns":8},{"damage":2,"enemies":"Lagavulin","floor":13,"turns":4},{"damage":0,"enemies":"3 Louse","floor":14,"turns":3},{"damage":12,"enemies":"Slime Boss","floor":16,"turns":6},{"damage":6,"enemies":"Spheric Guardian","floor":18,"turns":3},{"damage":0,"enemies":"Chosen","floor":19,"turns":2},{"damage":0,"enemies":"Shelled Parasite and Fungi","floor":24,"turns":4},{"damage":0,"enemies":"Snake Plant","floor":27,"turns":3},{"damage":0,"enemies":"Sentry and Sphere","floor":29,"turns":4},{"damage":0,"enemies":"Centurion and Healer","floor":30,"turns":5},{"damage":0,"enemies":"Book of Stabbing","floor":31,"turns":4},{"damage":0,"enemies":"Champ","floor":33,"turns":8},{"damage":0,"enemies":"3 Shapes","floor":35,"turns":4},{"damage":0,"enemies":"2 Orb Walkers","floor":36,"turns":5},{"damage":0,"enemies":"Orb Walker","floor":37,"turns":3},{"damage":0,"enemies":"Giant Head","floor":40,"turns":5},{"damage":5,"enemies":"Reptomancer","floor":42,"turns":5},{"damage":0,"enemies":"Nemesis","floor":46,"turns":3},{"damage":0,"enemies":"3 Darklings","floor":47,"turns":5},{"damage":0,"enemies":"Transient","floor":48,"turns":6},{"damage":21,"enemies":"Awakened One","floor":50,"turns":18},{"damage":0,"enemies":"Donu and Deca","floor":51,"turns":10},{"damage":3,"enemies":"Shield and Spear","floor":55,"turns":7},{"damage":5,"enemies":"The Heart","floor":56,"turns":5}],"seed_played":"-4689073228702771646","potions_obtained":[{"floor":4,"key":"Poison Potion"},{"floor":5,"key":"LiquidBronze"},{"floor":8,"key":"PowerPotion"},{"floor":11,"key":"Fire Potion"},{"floor":16,"key":"Fire Potion"}],"is_trial":false,"path_per_floor":["M","?","$","M","?","M","R","E","T","M","E","R","E","M","R","B",null,"M","M","$","?","$","R","M","R","T","M","R","M","M","E","R","B",null,"M","?","M","?","?","E","R","E","T","R","?","E","M","M","R","B","B",null,"R","$","E","B"],"character_chosen":"THE_SILENT","items_purchased":["Deadly Poison","Catalyst","Bag of Preparation","Well Laid Plans","Lantern","Toolbox","Strawberry"],"campfire_rested":1,"item_purchase_floors":[3,3,20,22,54,54,54],"current_hp_per_floor":[59,48,48,48,48,48,48,37,37,37,30,30,28,28,28,16,54,48,48,48,33,33,33,33,33,33,33,33,33,33,33,33,33,33,33,33,33,33,33,33,33,28,28,28,28,28,28,28,28,7,7,7,7,7,4,0],"gold":69,"neow_bonus":"RANDOM_COMMON_RELIC","is_prod":false,"is_daily":false,"chose_seed":false,"campfire_upgraded":9,"win_rate":0,"timestamp":1552816462,"path_taken":["M","?","$","M","?","M","R","E","T","M","E","R","E","M","R","BOSS","M","M","$","?","$","R","M","R","T","M","R","M","M","E","R","BOSS","M","?","M","?","?","E","R","E","T","R","?","E","M","M","R","BOSS","BOSS","R","$","E","BOSS"],"build_version":"2019-01-23","purchased_purges":1,"victory":false,"max_hp_per_floor":[66,66,66,66,66,66,66,66,66,66,66,66,66,66,66,66,66,66,66,66,33,33,33,33,33,33,33,33,33,33,33,33,33,33,33,33,33,33,33,33,33,33,33,33,33,33,33,33,33,33,33,33,33,40,40,40],"card_choices":[{"not_picked":["Acrobatics","Choke"],"picked":"Backstab","floor":1},{"not_picked":["Backflip","Outmaneuver"],"picked":"Noxious Fumes","floor":4},{"not_picked":["Choke","Dagger Spray","PiercingWail"],"picked":"SKIP","floor":6},{"not_picked":["Noxious Fumes","Blade Dance","Choke"],"picked":"SKIP","floor":8},{"not_picked":["Dagger Throw","Bane"],"picked":"Bouncing Flask","floor":10},{"not_picked":["Endless Agony","Terror","Distraction"],"picked":"SKIP","floor":11},{"not_picked":["PiercingWail","Noxious Fumes","Die Die Die"],"picked":"SKIP","floor":13},{"not_picked":["Cloak And Dagger","Dagger Throw","Flying Knee"],"picked":"SKIP","floor":14},{"not_picked":["Storm of Steel","Envenom"],"picked":"Adrenaline","floor":16},{"not_picked":["Cloak And Dagger","Dagger Throw","Quick Slash"],"picked":"SKIP","floor":18},{"not_picked":["Deflect","Flying Knee","Choke"],"picked":"SKIP","floor":19},{"not_picked":["Blur","Quick Slash","Bane"],"picked":"SKIP","floor":24},{"not_picked":["Sucker Punch","Quick Slash","Underhanded Strike+1"],"picked":"SKIP","floor":27},{"not_picked":["Flying Knee","Finisher","Blade Dance"],"picked":"SKIP","floor":29},{"not_picked":["Tactician","Dodge and Roll","Flying Knee"],"picked":"SKIP","floor":30},{"not_picked":["Outmaneuver","Storm of Steel","Finisher"],"picked":"SKIP","floor":31},{"not_picked":["Unload","Corpse Explosion"],"picked":"Burst","floor":33},{"not_picked":["Bane+1","All Out Attack","Masterful Stab"],"picked":"SKIP","floor":35},{"not_picked":["Underhanded Strike","Slice+1"],"picked":"Calculated Gamble","floor":36},{"not_picked":["Deadly Poison","Deflect","Sucker Punch"],"picked":"SKIP","floor":37},{"not_picked":["Deadly Poison","Endless Agony+1","Well Laid Plans"],"picked":"SKIP","floor":40},{"not_picked":["Underhanded Strike","Blur+1","Dodge and Roll+1"],"picked":"SKIP","floor":42},{"not_picked":["Flechettes","Sucker Punch","Bane"],"picked":"SKIP","floor":46},{"not_picked":["Leg Sweep+1","Dagger Throw","Sucker Punch"],"picked":"SKIP","floor":47},{"not_picked":["Deadly Poison+1","Slice","Dagger Throw"],"picked":"SKIP","floor":48},{"not_picked":["Terror+1","Deadly Poison+1","Envenom"],"picked":"SKIP","floor":55}],"player_experience":3654087,"relics_obtained":[{"floor":8,"key":"Blue Candle"},{"floor":9,"key":"Happy Flower"},{"floor":11,"key":"PreservedInsect"},{"floor":13,"key":"Snake Skull"},{"floor":31,"key":"MawBank"},{"floor":36,"key":"Nunchaku"},{"floor":40,"key":"Centennial Puzzle"},{"floor":42,"key":"Darkstone Periapt"},{"floor":43,"key":"Whetstone"},{"floor":46,"key":"Ancient Tea Set"},{"floor":55,"key":"Kunai"}],"event_choices":[{"damage_healed":0,"gold_gain":75,"player_choice":"Gather Gold","damage_taken":11,"max_hp_gain":0,"max_hp_loss":0,"event_name":"World of Goop","floor":2,"gold_loss":0},{"damage_healed":0,"gold_gain":0,"player_choice":"Bought 1 Potion","damage_taken":0,"max_hp_gain":0,"max_hp_loss":0,"event_name":"The Woman in Blue","floor":5,"gold_loss":0},{"damage_healed":0,"gold_gain":0,"player_choice":"Became a Ghost","damage_taken":0,"max_hp_gain":0,"max_hp_loss":33,"event_name":"Ghosts","floor":21,"gold_loss":0,"cards_obtained":["Ghostly","Ghostly","Ghostly"]},{"damage_healed":0,"gold_gain":0,"player_choice":"Fight","damage_taken":0,"max_hp_gain":0,"max_hp_loss":0,"event_name":"Mysterious Sphere","floor":36,"gold_loss":0},{"damage_healed":0,"gold_gain":0,"player_choice":"Ignored","damage_taken":0,"max_hp_gain":0,"max_hp_loss":0,"event_name":"Tomb of Lord Red Mask","floor":38,"gold_loss":0},{"damage_healed":0,"gold_gain":0,"player_choice":"Memory 1","damage_taken":0,"max_hp_gain":0,"max_hp_loss":0,"event_name":"SensoryStone","floor":39,"gold_loss":0},{"damage_healed":0,"gold_gain":0,"player_choice":"Upgrade","damage_taken":0,"relics_obtained":["Mark of the Bloom"],"max_hp_gain":0,"max_hp_loss":0,"event_name":"MindBloom","floor":45,"gold_loss":0,"cards_upgraded":["Defend_G","Defend_G","Defend_G","Strike_G","Strike_G","Strike_G","Survivor","Neutralize","Backstab","Adrenaline","Ghostly"]}],"is_beta":false,"boss_relics":[{"not_picked":["Tiny House","Ring of the Serpent"],"picked":"Sozu"},{"not_picked":["Astrolabe","Fusion Hammer"],"picked":"Runic Pyramid"}],"items_purged_floors":[54],"is_endless":false,"potions_floor_spawned":[4,6,8,11,16,24,29,30,31,35,40,42],"killed_by":"The Heart","ascension_level":20}