{"gold_per_floor":[413,413,433,21,96,96,21,36,36,36,51,51,51,51,51,144,144,167,67,67,67,23,23,23],"floor_reached":24,"playtime":440,"items_purged":["Strike_B","Strike_B"],"score":333,"play_id":"06c52e91-5e1c-4f73-917d-8af57e8eeed3","local_time":"20181012000953","is_ascension_mode":true,"campfire_choices":[{"data":"Zap","floor":6,"key":"SMITH"},{"data":"Defragment","floor":10,"key":"SMITH"},{"data":"Dualcast","floor":15,"key":"SMITH"},{"data":"Capacitor","floor":23,"key":"SMITH"}],"neow_cost":"TEN_PERCENT_HP_LOSS","seed_source_timestamp":87746601926718,"circlet_count":0,"master_deck":["Strike_B","Strike_B","Defend_B","Defend_B","Defend_B","Zap+1","Dualcast+1","AscendersBane","Steam","Sweeping Beam","Seek","Defragment+1","Ball Lightning","Conserve Battery","Electrodynamics","Self Repair","Capacitor+1"],"special_seed":0,"relics":["Cracked Core","Old Coin","Omamori","Juzu Bracelet","Symbiotic Virus","Golden Idol","Ornamental Fan","Runic Dome"],"potions_floor_usage":[24],"damage_taken":[{"damage":1.0,"enemies":"Small Slimes","floor":1.0,"turns":3.0},{"damage":0,"enemies":"Cultist","floor":3,"turns":3},{"damage":1,"enemies":"Jaw Worm","floor":8,"turns":3},{"damage":8,"enemies":"Blue Slaver","floor":11,"turns":2},{"damage":22,"enemies":"Hexaghost","floor":16,"turns":8},{"damage":6,"enemies":"3 Byrds","floor":18,"turns":3},{"damage":45,"enemies":"Book of Stabbing","floor":24,"turns":4}],"seed_played":"-1885963619657331702","potions_obtained":[{"floor":8,"key":"Ancient Potion"},{"floor":16,"key":"PowerPotion"}],"is_trial":false,"path_per_floor":["M","?","M","$","?","R","$","M","T","R","M","?","?","?","R","B",null,"M","$","?","?","$","R"],"character_chosen":"DEFECT","items_purchased":["Omamori","Juzu Bracelet","Ball Lightning","Capacitor"],"campfire_rested":0,"item_purchase_floors":[4,4,4,22],"current_hp_per_floor":[63,63,63,63,52,52,52,51,51,51,43,43,43,32,32,10,46,40,40,40,40,40,40,0],"gold":23,"neow_bonus":"ONE_RARE_RELIC","is_prod":false,"is_daily":false,"chose_seed":false,"campfire_upgraded":4,"win_rate":0,"timestamp":1539274193,"path_taken":["M","?","M","$","?","R","$","M","T","R","M","?","?","?","R","BOSS","M","$","?","?","?","R","E"],"build_version":"2018-10-04v2","purchased_purges":2,"victory":false,"max_hp_per_floor":[64,64,64,64,64,64,64,64,64,64,64,58,58,58,58,58,58,58,58,58,58,58,58,58],"card_choices":[{"not_picked":["Rip and Tear","Compile Driver"],"picked":"Steam","floor":1.0},{"not_picked":["Fusion","Sweeping Beam"],"picked":"Defragment","floor":3},{"not_picked":["Static Discharge","Auto Shields","Reprogram"],"picked":"SKIP","floor":8},{"not_picked":["Steam","Turbo"],"picked":"Conserve Battery","floor":11},{"not_picked":["Hyperbeam","Biased Cognition"],"picked":"Electrodynamics","floor":16},{"not_picked":["Beam Cell","Redo","Cold Snap"],"picked":"SKIP","floor":18}],"player_experience":286120,"relics_obtained":[{"floor":9,"key":"Symbiotic Virus"}],"event_choices":[{"event_name":"Match and Keep!","player_choice":"2 cards matched","floor":2,"damage_taken":0},{"event_name":"World of Goop","player_choice":"Gather Gold","floor":5,"damage_taken":0},{"event_name":"Golden Idol","player_choice":"Lose Max HP","floor":12,"damage_taken":0},{"event_name":"Bonfire Elementals","player_choice":"BASIC","floor":13,"damage_taken":0},{"event_name":"Scrap Ooze","player_choice":"success","floor":14,"damage_taken":11},{"event_name":"The Library","player_choice":"Read","floor":20,"damage_taken":0},{"event_name":"Cursed Tome","player_choice":"Ignored","floor":21,"damage_taken":0}],"is_beta":false,"boss_relics":[{"not_picked":["Snecko Eye","Velvet Choker"],"picked":"Runic Dome"}],"items_purged_floors":[7,19],"is_endless":false,"potions_floor_spawned":[8,16],"killed_by":"Book of Stabbing","ascension_level":17}