{"gold_per_floor":[109,126,126,144,154,154,188,208,208,208],"floor_reached":10,"playtime":218,"items_purged":[],"score":140,"play_id":"366b247f-96ad-4e88-a066-765f03deac57","local_time":"20190302170847","is_ascension_mode":true,"campfire_choices":[{"data":"Dualcast","floor":6,"key":"SMITH"}],"neow_cost":"NONE","seed_source_timestamp":178795450333324,"circlet_count":0,"master_deck":["AscendersBane","Strike_B","Strike_B","Strike_B","Strike_B","Defend_B","Defend_B","Defend_B","Defend_B","Zap+1","Dualcast+1","Ball Lightning","Glacier","Coolheaded","White Noise","Compile Driver","Hologram"],"relics":["Cracked Core","NeowsBlessing","Shovel"],"potions_floor_usage":[],"damage_taken":[{"damage":0,"enemies":"Small Slimes","floor":1,"turns":1},{"damage":0,"enemies":"Cultist","floor":2,"turns":1},{"damage":0,"enemies":"2 Louse","floor":4,"turns":1},{"damage":7,"enemies":"Looter","floor":5,"turns":3},{"damage":37,"enemies":"Gremlin Nob","floor":7,"turns":4},{"damage":0,"enemies":"Large Slime","floor":8,"turns":4},{"damage":19,"enemies":"3 Sentries","floor":10,"turns":5}],"seed_played":"-6693222658013236180","potions_obtained":[{"floor":5,"key":"Strength Potion"},{"floor":7,"key":"Strength Potion"}],"is_trial":false,"path_per_floor":["M","M","?","M","M","R","E","M","T","E"],"character_chosen":"DEFECT","items_purchased":[],"campfire_rested":0,"item_purchase_floors":[],"current_hp_per_floor":[64,64,64,64,57,57,20,20,20,1],"gold":208,"neow_bonus":"THREE_ENEMY_KILL","is_prod":false,"is_daily":false,"chose_seed":false,"campfire_upgraded":1,"win_rate":0,"timestamp":1551517727,"path_taken":["M","M","?","M","M","R","E","M","T","E"],"build_version":"2019-01-23","purchased_purges":0,"victory":false,"max_hp_per_floor":[71,71,71,71,71,71,71,71,71,71],"card_choices":[{"not_picked":["Cold Snap","Rebound"],"picked":"Ball Lightning","floor":1},{"not_picked":["Stack","Heatsinks"],"picked":"Glacier","floor":2},{"not_picked":["Redo","Hologram"],"picked":"Coolheaded","floor":4},{"not_picked":["Redo","Streamline"],"picked":"White Noise","floor":5},{"not_picked":["Steam Power","Leap"],"picked":"Compile Driver","floor":7},{"not_picked":["Cold Snap","Fusion"],"picked":"Hologram","floor":8}],"player_experience":1073957,"relics_obtained":[{"floor":7,"key":"Shovel"}],"event_choices":[{"damage_healed":0,"gold_gain":0,"player_choice":"Upgraded","damage_taken":0,"max_hp_gain":0,"max_hp_loss":0,"event_name":"Upgrade Shrine","floor":3,"gold_loss":0,"cards_upgraded":["Zap"]}],"is_beta":false,"boss_relics":[],"items_purged_floors":[],"is_endless":false,"potions_floor_spawned":[5,7],"killed_by":"3 Sentries","ascension_level":20}