{"gold_per_floor":[119,137,19,19,29,45,45,45,45,45,45,75,75,93,93,170,170,189,2,22,22,22,22,22],"floor_reached":24,"playtime":424,"items_purged":["Strike_B","Strike_B"],"score":368,"play_id":"7c101101-f38f-4d46-b034-56c66ff993cf","local_time":"20190703190302","is_ascension_mode":true,"campfire_choices":[{"data":"Loop","floor":7.0,"key":"SMITH"},{"data":"Dualcast","floor":11.0,"key":"SMITH"},{"data":"Zap","floor":13,"key":"SMITH"},{"data":"Hologram","floor":15,"key":"SMITH"},{"floor":23,"key":"REST"}],"neow_cost":"NONE","seed_source_timestamp":18509651458221,"circlet_count":0,"master_deck":["AscendersBane","Strike_B","Defend_B","Defend_B","Defend_B","Defend_B","Zap+1","Dualcast+1","Ball Lightning","Ball Lightning","Loop+1","Turbo","Hologram+1","Biased Cognition","Recycle","Conserve Battery"],"special_seed":0,"relics":["Cracked Core","NeowsBlessing","Pen Nib","Runic Pyramid","Frozen Egg 2"],"potions_floor_usage":[],"damage_taken":[{"damage":0.0,"enemies":"Cultist","floor":1.0,"turns":1.0},{"damage":0.0,"enemies":"Small Slimes","floor":2.0,"turns":1.0},{"damage":0.0,"enemies":"Jaw Worm","floor":5.0,"turns":1.0},{"damage":20.0,"enemies":"3 Louse","floor":6.0,"turns":4.0},{"damage":1,"enemies":"2 Fungi Beasts","floor":14,"turns":3},{"damage":26,"enemies":"The Guardian","floor":16,"turns":10},{"damage":24,"enemies":"Shell Parasite","floor":18,"turns":3},{"damage":24,"enemies":"3 Byrds","floor":20,"turns":4},{"damage":43,"enemies":"3 Cultists","floor":24,"turns":4}],"seed_played":"953242620290739267","potions_obtained":[{"floor":2.0,"key":"Energy Potion"},{"floor":16,"key":"FearPotion"}],"is_trial":false,"path_per_floor":["M","M","$","$","M","M","R","?","T","?","R","?","R","M","R","B",null,"M","$","M","?","$","R","M"],"character_chosen":"DEFECT","items_purchased":["Loop","Recycle"],"campfire_rested":1,"item_purchase_floors":[3,19],"current_hp_per_floor":[64,64,64,64,64,44,44,44,44,37,37,37,37,36,36,10,56,32,32,8,8,8,29,0],"gold":22,"neow_bonus":"THREE_ENEMY_KILL","is_prod":false,"is_daily":false,"chose_seed":false,"campfire_upgraded":4,"win_rate":0,"timestamp":1562151782,"path_taken":["M","M","$","?","M","?","R","?","T","?","R","?","R","M","R","BOSS","M","$","M","?","$","R","?"],"build_version":"2019-07-01","purchased_purges":2,"victory":false,"max_hp_per_floor":[71,71,71,71,71,71,71,71,71,71,71,71,71,71,71,71,71,71,71,71,71,71,71,71],"card_choices":[{"not_picked":["Leap","Conserve Battery"],"picked":"Ball Lightning","floor":1.0},{"not_picked":["Conserve Battery","Scrape"],"picked":"Ball Lightning","floor":2.0},{"not_picked":["Go for the Eyes","Gash"],"picked":"Turbo","floor":5.0},{"not_picked":["Steam","Turbo","Beam Cell"],"picked":"SKIP","floor":6.0},{"not_picked":["Streamline","Beam Cell"],"picked":"Hologram","floor":14},{"not_picked":["Hyperbeam","Reboot"],"picked":"Biased Cognition","floor":16},{"not_picked":["Hologram","Tempest","Streamline+1"],"picked":"SKIP","floor":18},{"not_picked":["Go for the Eyes","Sweeping Beam"],"picked":"Conserve Battery","floor":20}],"player_experience":5632005,"relics_obtained":[{"floor":9.0,"key":"Pen Nib"}],"event_choices":[{"damage_healed":0.0,"max_hp_gain":0.0,"max_hp_loss":0.0,"gold_gain":0.0,"event_name":"Liars Game","player_choice":"Ignored","floor":8.0,"gold_loss":0.0,"damage_taken":0.0},{"cards_removed":["Strike_B"],"damage_healed":0.0,"max_hp_gain":0.0,"max_hp_loss":0.0,"gold_gain":0.0,"event_name":"Golden Wing","player_choice":"Card Removal","floor":10.0,"gold_loss":0.0,"damage_taken":7.0},{"damage_healed":0,"gold_gain":30,"player_choice":"Searched \u00272\u0027 times","damage_taken":0,"max_hp_gain":0,"max_hp_loss":0,"event_name":"Dead Adventurer","floor":12,"gold_loss":0},{"damage_healed":0,"gold_gain":0,"player_choice":"Gave Potion","damage_taken":0,"relics_obtained":["Frozen Egg 2"],"max_hp_gain":0,"max_hp_loss":0,"event_name":"WeMeetAgain","floor":21,"gold_loss":0}],"is_beta":false,"boss_relics":[{"not_picked":["Cursed Key","Snecko Eye"],"picked":"Runic Pyramid"}],"items_purged_floors":[3,19],"is_endless":false,"potions_floor_spawned":[2,16,18],"killed_by":"3 Cultists","ascension_level":20}