{"gold_per_floor":[116,134,409,82,100,100,100,115,115,115,115,133,163,163,163,163],"floor_reached":16,"playtime":393,"items_purged":["Regret"],"score":200,"play_id":"55a34983-0251-4ddf-922a-744ed0f9a06b","local_time":"20190118145333","is_ascension_mode":true,"campfire_choices":[{"data":"Acrobatics","floor":6,"key":"SMITH"},{"data":"Prepared","floor":11,"key":"SMITH"},{"floor":15,"key":"RECALL"}],"neow_cost":"NONE","seed_source_timestamp":54185901796411,"circlet_count":0,"master_deck":["AscendersBane","Defend_G","Defend_G","Defend_G","Defend_G","Defend_G+1","Strike_G","Strike_G","Strike_G","Strike_G","Strike_G","Survivor","Neutralize+1","Acrobatics+1","Backflip","Prepared+1","Flying Knee"],"relics":["Ring of the Snake","NeowsBlessing","Membership Card","PreservedInsect","Shuriken","Gremlin Horn","Golden Idol"],"potions_floor_usage":[13,16],"damage_taken":[{"damage":0,"enemies":"2 Louse","floor":1,"turns":1},{"damage":0,"enemies":"Cultist","floor":2,"turns":1},{"damage":0,"enemies":"Jaw Worm","floor":5,"turns":1},{"damage":1,"enemies":"Blue Slaver","floor":8,"turns":7},{"damage":4,"enemies":"2 Fungi Beasts","floor":12,"turns":4},{"damage":1,"enemies":"Gremlin Nob","floor":13,"turns":4},{"damage":34,"enemies":"The Guardian","floor":16,"turns":14}],"seed_played":"-3800349420032028906","potions_obtained":[{"floor":1,"key":"GamblersBrew"},{"floor":8,"key":"Dexterity Potion"},{"floor":10,"key":"GhostInAJar"},{"floor":10,"key":"GhostInAJar"}],"is_trial":false,"path_per_floor":["M","M","?","$","M","R","?","M","T","?","R","M","E","?","R","B"],"character_chosen":"THE_SILENT","items_purchased":["Membership Card","PreservedInsect"],"campfire_rested":0,"item_purchase_floors":[4,4],"current_hp_per_floor":[59,59,59,59,59,59,39,38,38,38,38,34,33,33,33,0],"gold":163,"neow_bonus":"THREE_ENEMY_KILL","is_prod":false,"is_daily":false,"chose_seed":false,"campfire_upgraded":2,"win_rate":0,"timestamp":1547794413,"path_taken":["M","M","?","?","?","R","?","M","T","?","R","?","E","?","R","BOSS"],"build_version":"2019-01-16","purchased_purges":1,"victory":false,"max_hp_per_floor":[66,66,66,66,66,66,66,66,66,66,66,66,66,60,60,60],"card_choices":[{"not_picked":["Distraction","Sucker Punch","Dagger Spray"],"picked":"SKIP","floor":1},{"not_picked":["Bane","Noxious Fumes"],"picked":"Acrobatics","floor":2},{"not_picked":["Cloak And Dagger","Doppelganger"],"picked":"Backflip","floor":5},{"not_picked":["Backflip","PiercingWail"],"picked":"Prepared","floor":8},{"not_picked":["Sucker Punch","Dodge and Roll"],"picked":"Flying Knee","floor":12},{"not_picked":["Bane","All Out Attack","Dagger Spray"],"picked":"SKIP","floor":13}],"player_experience":1303309,"relics_obtained":[{"floor":9,"key":"Shuriken"},{"floor":13,"key":"Gremlin Horn"}],"event_choices":[{"damage_healed":0,"gold_gain":275,"player_choice":"Desecrate","damage_taken":0,"max_hp_gain":0,"max_hp_loss":0,"event_name":"Golden Shrine","floor":3,"gold_loss":0,"cards_obtained":["Regret"]},{"damage_healed":0,"gold_gain":0,"player_choice":"Entered Light","damage_taken":20,"max_hp_gain":0,"max_hp_loss":0,"event_name":"Shining Light","floor":7,"gold_loss":0,"cards_upgraded":["Neutralize","Defend_G"]},{"damage_healed":0,"gold_gain":0,"player_choice":"Got Potions","damage_taken":0,"max_hp_gain":0,"max_hp_loss":0,"event_name":"Lab","floor":10,"gold_loss":0},{"damage_healed":0,"gold_gain":0,"player_choice":"Lose Max HP","damage_taken":0,"relics_obtained":["Golden Idol"],"max_hp_gain":0,"max_hp_loss":6,"event_name":"Golden Idol","floor":14,"gold_loss":0}],"is_beta":true,"boss_relics":[],"items_purged_floors":[4],"is_endless":false,"potions_floor_spawned":[1,8],"killed_by":"The Guardian","ascension_level":20}