{"gold_per_floor":[119,119,130,130,18,54,11,11,41,41,65,65,79,119,119,119],"floor_reached":16,"playtime":359,"items_purged":["Strike_G"],"score":316,"play_id":"dbccbc8a-98dd-47f8-ba08-8bd255467fac","local_time":"20190109144354","is_ascension_mode":true,"campfire_choices":[{"data":"Deadly Poison","floor":8,"key":"SMITH"},{"data":"Neutralize","floor":12,"key":"SMITH"},{"data":"Reflex","floor":15,"key":"SMITH"}],"neow_cost":"NONE","seed_source_timestamp":9524857520520,"circlet_count":0,"master_deck":["AscendersBane","Defend_G","Defend_G","Defend_G+1","Defend_G","Defend_G","Strike_G","Strike_G","Strike_G","Strike_G","Survivor+1","Neutralize+1","Deadly Poison+1","Well Laid Plans","Footwork","Well Laid Plans","Reflex+1","Concentrate"],"special_seed":0,"relics":["Ring of the Snake","NeowsBlessing","Centennial Puzzle","Golden Idol","Matryoshka","Tiny Chest","War Paint","Blood Vial"],"potions_floor_usage":[10,16],"damage_taken":[{"damage":0.0,"enemies":"2 Louse","floor":1.0,"turns":1.0},{"damage":0,"enemies":"Jaw Worm","floor":3,"turns":1},{"damage":0,"enemies":"3 Sentries","floor":6,"turns":2},{"damage":0,"enemies":"Small Slimes","floor":11,"turns":4},{"damage":0,"enemies":"Red Slaver","floor":13,"turns":4},{"damage":0,"enemies":"Lagavulin","floor":14,"turns":10},{"damage":39,"enemies":"Hexaghost","floor":16,"turns":10}],"seed_played":"4840486310328052766","potions_obtained":[{"floor":3,"key":"AttackPotion"},{"floor":10,"key":"Fruit Juice"},{"floor":10,"key":"LiquidBronze"},{"floor":11,"key":"GhostInAJar"}],"is_trial":false,"path_per_floor":["M","?","M","?","$","E","$","R","T","?","M","R","M","E","R","B"],"character_chosen":"THE_SILENT","items_purchased":["Well Laid Plans","Footwork"],"campfire_rested":0,"item_purchase_floors":[5,7],"current_hp_per_floor":[59,48,48,48,48,48,48,48,48,53,53,53,53,53,53,16],"gold":119,"neow_bonus":"THREE_ENEMY_KILL","is_prod":false,"is_daily":false,"chose_seed":false,"campfire_upgraded":3,"win_rate":0,"timestamp":1547016234,"path_taken":["M","?","M","?","$","E","?","R","T","?","M","R","M","E","R","BOSS"],"build_version":"2019-01-03v4","purchased_purges":1,"victory":false,"max_hp_per_floor":[66,66,66,60,60,60,60,60,60,65,65,65,65,65,65,65],"card_choices":[{"not_picked":["Flying Knee","Slice"],"picked":"Deadly Poison","floor":1},{"not_picked":["Dodge and Roll","Blade Dance","Riddle With Holes"],"picked":"SKIP","floor":3},{"not_picked":["Outmaneuver","Dash","Choke"],"picked":"SKIP","floor":6},{"not_picked":["Concentrate","Outmaneuver"],"picked":"Well Laid Plans","floor":11},{"not_picked":["Sucker Punch","Blur"],"picked":"Reflex","floor":13},{"not_picked":["Backstab","Flechettes"],"picked":"Concentrate","floor":14}],"player_experience":1880933,"relics_obtained":[{"floor":6,"key":"Matryoshka"},{"floor":9,"key":"Tiny Chest"},{"floor":9,"key":"War Paint"},{"floor":14,"key":"Blood Vial"}],"event_choices":[{"damage_healed":0,"gold_gain":0,"player_choice":"Success","damage_taken":11,"relics_obtained":["Centennial Puzzle"],"max_hp_gain":0,"max_hp_loss":0,"event_name":"Scrap Ooze","floor":2,"gold_loss":0},{"damage_healed":0,"gold_gain":0,"player_choice":"Lose Max HP","damage_taken":0,"relics_obtained":["Golden Idol"],"max_hp_gain":0,"max_hp_loss":6,"event_name":"Golden Idol","floor":4,"gold_loss":0},{"damage_healed":0,"gold_gain":0,"player_choice":"Got Potions","damage_taken":0,"max_hp_gain":0,"max_hp_loss":0,"event_name":"Lab","floor":10,"gold_loss":0}],"is_beta":false,"boss_relics":[],"items_purged_floors":[5],"is_endless":false,"potions_floor_spawned":[3,11,13],"killed_by":"Hexaghost","ascension_level":20}