{"gold_per_floor":[111,186,186,186,206,234,234,254,254,288,288,299,312,65,65,137,137,150,160,160,160],"floor_reached":21,"playtime":514,"items_purged":["Strike_B"],"score":428,"play_id":"47806766-0eb1-442a-ac55-0f103787335d","local_time":"20181119195017","is_ascension_mode":true,"campfire_choices":[{"data":"Loop","floor":7.0,"key":"SMITH"},{"data":"Loop","floor":15.0,"key":"SMITH"}],"neow_cost":"NONE","seed_source_timestamp":1673654231764741,"circlet_count":0,"master_deck":["AscendersBane","Defend_B","Defend_B","Defend_B","Defend_B","Zap","Dualcast","Loop+1","Blizzard","Loop+1","Electrodynamics","Coolheaded","Echo Form","Creative AI","Writhe"],"special_seed":0,"relics":["Cracked Core","NeowsBlessing","Thread and Needle","Symbiotic Virus","Potion Belt","PreservedInsect","Empty Cage","Toxic Egg 2"],"potions_floor_usage":[],"damage_taken":[{"damage":0.0,"enemies":"Small Slimes","floor":1.0,"turns":1.0},{"damage":0.0,"enemies":"Jaw Worm","floor":5.0,"turns":1.0},{"damage":0.0,"enemies":"3 Sentries","floor":6.0,"turns":2.0},{"damage":0.0,"enemies":"Cultist","floor":8.0,"turns":3.0},{"damage":6.0,"enemies":"Lagavulin","floor":10.0,"turns":5.0},{"damage":7.0,"enemies":"Looter","floor":12.0,"turns":3.0},{"damage":0.0,"enemies":"Exordium Thugs","floor":13.0,"turns":4.0},{"damage":23.0,"enemies":"The Guardian","floor":16.0,"turns":12.0},{"damage":26,"enemies":"Chosen","floor":18,"turns":4},{"damage":0,"enemies":"Spheric Guardian","floor":19,"turns":3},{"damage":52,"enemies":"Colosseum Slavers","floor":21,"turns":3}],"seed_played":"-7110135488002690669","potions_obtained":[{"floor":1.0,"key":"EssenceOfSteel"},{"floor":5.0,"key":"SkillPotion"},{"floor":19,"key":"Dexterity Potion"}],"is_trial":false,"path_per_floor":["M","?","?","T","M","E","R","M","T","E","?","M","M","$","R","B",null,"M","M","?","?"],"character_chosen":"DEFECT","items_purchased":["PreservedInsect"],"campfire_rested":0,"item_purchase_floors":[14],"current_hp_per_floor":[64,53,58,58,58,58,58,58,58,52,45,38,38,38,38,15,61,35,35,35,0],"gold":160,"neow_bonus":"THREE_ENEMY_KILL","is_prod":false,"is_daily":false,"chose_seed":false,"campfire_upgraded":2,"win_rate":0,"timestamp":1542628217,"path_taken":["M","?","?","?","M","E","R","?","T","E","?","M","M","$","R","BOSS","M","M","?","?"],"build_version":"2018-11-15","purchased_purges":1,"victory":false,"max_hp_per_floor":[71,71,76,76,76,76,76,76,76,76,76,76,76,76,76,76,76,76,76,76,76],"card_choices":[{"not_picked":["Streamline","Melter"],"picked":"Loop","floor":1.0},{"not_picked":["Beam Cell","Go for the Eyes"],"picked":"Blizzard","floor":5.0},{"not_picked":["Steam Power","Redo"],"picked":"Loop","floor":6.0},{"not_picked":["Compile Driver","Gash"],"picked":"Electrodynamics","floor":8.0},{"not_picked":["Steam","Sweeping Beam"],"picked":"Coolheaded","floor":10.0},{"not_picked":["Fusion","Barrage","Rebound"],"picked":"SKIP","floor":12.0},{"not_picked":["Sweeping Beam","Static Discharge"],"picked":"Echo Form","floor":13.0},{"not_picked":["Machine Learning","Buffer"],"picked":"Creative AI","floor":16.0},{"not_picked":["Force Field","Aggregate","Conserve Battery"],"picked":"SKIP","floor":18},{"not_picked":["Leap","Compile Driver","Hello World"],"picked":"SKIP","floor":19}],"player_experience":563989,"relics_obtained":[{"floor":4.0,"key":"Thread and Needle"},{"floor":6.0,"key":"Symbiotic Virus"},{"floor":10.0,"key":"Potion Belt"}],"event_choices":[{"damage_healed":0.0,"max_hp_gain":0.0,"max_hp_loss":0.0,"gold_gain":75.0,"event_name":"World of Goop","player_choice":"Gather Gold","floor":2.0,"gold_loss":0.0,"damage_taken":11.0},{"damage_healed":0.0,"max_hp_gain":5.0,"max_hp_loss":0.0,"gold_gain":0.0,"event_name":"Big Fish","player_choice":"Donut","floor":3.0,"gold_loss":0.0,"damage_taken":0.0},{"cards_removed":["Strike_B"],"damage_healed":0.0,"max_hp_gain":0.0,"max_hp_loss":0.0,"gold_gain":0.0,"event_name":"Golden Wing","player_choice":"Card Removal","floor":11.0,"gold_loss":0.0,"damage_taken":7.0},{"damage_healed":0,"gold_gain":0,"player_choice":"Opened","damage_taken":0,"relics_obtained":["Toxic Egg 2"],"max_hp_gain":0,"max_hp_loss":0,"event_name":"The Mausoleum","floor":20,"gold_loss":0,"cards_obtained":["Writhe"]},{"damage_healed":0,"gold_gain":0,"player_choice":"Fight","damage_taken":0,"max_hp_gain":0,"max_hp_loss":0,"event_name":"Colosseum","floor":21,"gold_loss":0}],"is_beta":true,"boss_relics":[{"not_picked":["Busted Crown","Astrolabe"],"picked":"Empty Cage"}],"items_purged_floors":[14],"is_endless":false,"potions_floor_spawned":[1,5,8,19],"killed_by":"Colosseum Slavers","ascension_level":20}