{"gold_per_floor":[112,122,133,146,165,165,185,185,210,226,242,257,257,107,107,205,205,219,219,119,119,72,72,97,97,166,122,122,138,18,18,18,18],"floor_reached":33,"playtime":1619,"items_purged":["Strike_B","Strike_B+1"],"score":482,"play_id":"3dc0f87f-7f84-4f61-80c0-8850298313db","local_time":"20181231164826","is_ascension_mode":true,"campfire_choices":[{"data":"Genetic Algorithm","floor":6,"key":"SMITH"},{"data":"Zap","floor":8,"key":"SMITH"},{"data":"Capacitor","floor":15,"key":"SMITH"},{"data":"Biased Cognition","floor":23,"key":"SMITH"},{"data":"Self Repair","floor":25,"key":"SMITH"},{"data":"Capacitor","floor":28,"key":"SMITH"},{"data":"Skim","floor":32,"key":"SMITH"}],"neow_cost":"NONE","seed_source_timestamp":19361627561866,"circlet_count":0,"master_deck":["AscendersBane","Strike_B+1","Defend_B+1","Defend_B+1","Defend_B+1","Defend_B+1","Zap+1","Dualcast","Meteor Strike","Self Repair+1","Genetic Algorithm+1","Skim+1","Core Surge","Conserve Battery","Chill","Go for the Eyes","Capacitor+1","Biased Cognition+1","Conserve Battery","Turbo","Ball Lightning","Capacitor+1","Defragment+1","Recycle"],"relics":["FrozenCore","Golden Idol","Dodecahedron"],"potions_floor_usage":[5,10,16,18,22],"damage_taken":[{"damage":0,"enemies":"Cultist","floor":1,"turns":3},{"damage":4,"enemies":"2 Louse","floor":2,"turns":2},{"damage":7,"enemies":"Jaw Worm","floor":3,"turns":4},{"damage":7,"enemies":"3 Louse","floor":4,"turns":6},{"damage":21,"enemies":"Lots of Slimes","floor":5,"turns":7},{"damage":12,"enemies":"Red Slaver","floor":7,"turns":5},{"damage":27,"enemies":"Large Slime","floor":10,"turns":7},{"damage":8,"enemies":"Lots of Slimes","floor":11,"turns":5},{"damage":9,"enemies":"Looter","floor":12,"turns":4},{"damage":16,"enemies":"The Guardian","floor":16,"turns":16},{"damage":44,"enemies":"Chosen","floor":18,"turns":11},{"damage":2,"enemies":"2 Thieves","floor":22,"turns":5},{"damage":8,"enemies":"Centurion and Healer","floor":24,"turns":17},{"damage":6,"enemies":"Snecko","floor":29,"turns":7},{"damage":25,"enemies":"Automaton","floor":33,"turns":10}],"seed_played":"-8485372249909203401","potions_obtained":[{"floor":3,"key":"Regen Potion"},{"floor":4,"key":"PowerPotion"},{"floor":7,"key":"Block Potion"},{"floor":11,"key":"Fire Potion"},{"floor":18,"key":"SkillPotion"},{"floor":24,"key":"Ancient Potion"}],"is_trial":false,"path_per_floor":["M","M","M","M","M","R","M","R","T","M","M","M","?","$","R","B",null,"M","?","$","?","M","R","M","R","T","$","R","M","$","?","R","B"],"character_chosen":"DEFECT","items_purchased":["Capacitor","Capacitor","Defragment","Recycle"],"campfire_rested":0,"item_purchase_floors":[14,27,30,30],"current_hp_per_floor":[64,60,60,60,61,61,56,56,56,36,35,33,33,33,33,24,54,17,17,17,17,22,22,21,21,21,21,21,25,25,25,25,0],"gold":18,"neow_bonus":"ONE_RANDOM_RARE_CARD","is_prod":false,"is_daily":false,"chose_seed":false,"campfire_upgraded":7,"win_rate":0,"timestamp":1546246106,"path_taken":["M","?","M","M","M","R","M","R","T","M","M","M","?","$","R","BOSS","M","?","$","?","M","R","?","R","T","$","R","M","?","?","R","BOSS"],"build_version":"2018-12-20","purchased_purges":2,"victory":false,"max_hp_per_floor":[71,71,71,71,71,71,71,71,71,71,71,71,64,64,64,64,64,64,64,64,64,64,64,64,64,64,64,64,64,64,64,64,64],"card_choices":[{"not_picked":["Beam Cell","Sweeping Beam","Lockon"],"picked":"SKIP","floor":1},{"not_picked":["Leap","Conserve Battery"],"picked":"Self Repair","floor":2},{"not_picked":["Turbo","Conserve Battery"],"picked":"Genetic Algorithm","floor":3},{"not_picked":["Stack","Aggregate"],"picked":"Skim","floor":4},{"not_picked":["Hologram","Sunder"],"picked":"Core Surge","floor":5},{"not_picked":["Fusion","Turbo"],"picked":"Conserve Battery","floor":7},{"not_picked":["Turbo","Barrage"],"picked":"Chill","floor":10},{"not_picked":["Blizzard","Steam"],"picked":"Go for the Eyes","floor":11},{"not_picked":["Stack","Aggregate","Doom and Gloom"],"picked":"SKIP","floor":12},{"not_picked":["Core Surge","Buffer"],"picked":"Biased Cognition","floor":16},{"not_picked":["Steam Power","Stack"],"picked":"Conserve Battery","floor":18},{"not_picked":["Coolheaded","Consume"],"picked":"Turbo","floor":22},{"not_picked":["Auto Shields","Stack"],"picked":"Ball Lightning","floor":24},{"not_picked":["Melter+1","Streamline","Ball Lightning+1"],"picked":"SKIP","floor":29}],"player_experience":1624613,"relics_obtained":[{"floor":26,"key":"Dodecahedron"}],"event_choices":[{"damage_healed":0,"gold_gain":0,"player_choice":"Lose Max HP","damage_taken":0,"relics_obtained":["Golden Idol"],"max_hp_gain":0,"max_hp_loss":7,"event_name":"Golden Idol","floor":13,"gold_loss":0},{"damage_healed":0,"gold_gain":0,"player_choice":"Simplicity","damage_taken":0,"max_hp_gain":0,"max_hp_loss":0,"event_name":"Back to Basics","floor":19,"gold_loss":0,"cards_upgraded":["Strike_B","Strike_B","Strike_B","Defend_B","Defend_B","Defend_B","Defend_B"]},{"cards_removed":["Strike_B"],"damage_healed":0,"gold_gain":0,"player_choice":"Purged","damage_taken":0,"max_hp_gain":0,"max_hp_loss":0,"event_name":"Purifier","floor":21,"gold_loss":0},{"damage_healed":0,"gold_gain":0,"player_choice":"Forge","damage_taken":0,"max_hp_gain":0,"max_hp_loss":0,"event_name":"Accursed Blacksmith","floor":31,"gold_loss":0,"cards_upgraded":["Defragment"]}],"is_beta":false,"boss_relics":[{"not_picked":["Fusion Hammer","Philosopher\u0027s Stone"],"picked":"FrozenCore"}],"items_purged_floors":[14,20],"is_endless":false,"potions_floor_spawned":[3,4,7,11,18,24],"killed_by":"Automaton","ascension_level":20}