{"gold_per_floor":[110,90,15,34,54,54,88,88,88,122,122,22,41,75,75,75],"floor_reached":16,"playtime":372,"items_purged":["Strike_R","Strike_R"],"score":236,"play_id":"8140b856-5beb-45aa-b0a2-ce2531fbd6be","local_time":"20190413171950","is_ascension_mode":true,"campfire_choices":[{"data":"Wild Strike","floor":6.0,"key":"SMITH"},{"data":"Second Wind","floor":8.0,"key":"SMITH"},{"data":"Sword Boomerang","floor":15,"key":"SMITH"}],"neow_cost":"NONE","seed_source_timestamp":19838847187025,"circlet_count":0,"master_deck":["AscendersBane","Strike_R","Strike_R","Strike_R","Defend_R","Defend_R","Defend_R","Defend_R","Bash","Second Wind+1","Evolve","Wild Strike+1","Body Slam","Demon Form+1","Sword Boomerang+1"],"special_seed":0,"relics":["Burning Blood","NeowsBlessing","Pear","Lantern","Frozen Egg 2","Golden Idol","Question Card"],"potions_floor_usage":[14,14],"damage_taken":[{"damage":0.0,"enemies":"2 Louse","floor":1.0,"turns":1.0},{"damage":0.0,"enemies":"Cultist","floor":4.0,"turns":1.0},{"damage":0.0,"enemies":"Jaw Worm","floor":5.0,"turns":1.0},{"damage":10.0,"enemies":"3 Sentries","floor":7.0,"turns":8.0},{"damage":36.0,"enemies":"Gremlin Nob","floor":10.0,"turns":4.0},{"damage":33,"enemies":"Exordium Thugs","floor":13,"turns":6},{"damage":28,"enemies":"3 Sentries","floor":14,"turns":10},{"damage":31,"enemies":"The Guardian","floor":16,"turns":2}],"seed_played":"8742013656232311475","potions_obtained":[{"floor":1.0,"key":"Regen Potion"},{"floor":2.0,"key":"PowerPotion"},{"floor":13,"key":"BloodPotion"}],"is_trial":false,"path_per_floor":["M","?","$","M","M","R","E","R","T","E","?","$","M","E","R","B"],"character_chosen":"IRONCLAD","items_purchased":[],"campfire_rested":0,"item_purchase_floors":[],"current_hp_per_floor":[74,74,74,75,75,75,81,81,81,51,51,51,24,24,24,0],"gold":75,"neow_bonus":"THREE_ENEMY_KILL","is_prod":false,"is_daily":false,"chose_seed":false,"campfire_upgraded":3,"win_rate":0,"timestamp":1555147190,"path_taken":["M","?","?","M","M","R","E","R","T","E","?","$","M","E","R","BOSS"],"build_version":"2019-01-23","purchased_purges":2,"victory":false,"max_hp_per_floor":[75,75,75,75,75,75,85,85,85,85,77,77,77,77,77,77],"card_choices":[{"not_picked":["Metallicize","Havoc"],"picked":"Second Wind","floor":1.0},{"not_picked":["Wild Strike","Uppercut"],"picked":"Evolve","floor":4.0},{"not_picked":["Warcry","Pommel Strike"],"picked":"Wild Strike","floor":5.0},{"not_picked":["Havoc","Perfected Strike"],"picked":"Body Slam","floor":7.0},{"not_picked":["Pummel","Cleave"],"picked":"Demon Form","floor":10.0},{"not_picked":["Heavy Blade","Cleave"],"picked":"Sword Boomerang","floor":13},{"not_picked":["Infernal Blade","Thunderclap","Headbutt"],"picked":"SKIP","floor":14}],"player_experience":4250695,"relics_obtained":[{"floor":7.0,"key":"Pear"},{"floor":9.0,"key":"Lantern"},{"floor":10.0,"key":"Frozen Egg 2"},{"floor":14,"key":"Question Card"}],"event_choices":[{"damage_healed":0.0,"max_hp_gain":0.0,"max_hp_loss":0.0,"gold_gain":0.0,"event_name":"The Woman in Blue","player_choice":"Bought 1 Potion","floor":2.0,"gold_loss":0.0,"damage_taken":0.0},{"damage_healed":0.0,"max_hp_gain":0.0,"max_hp_loss":8.0,"gold_gain":0.0,"event_name":"Golden Idol","player_choice":"Lose Max HP","floor":11.0,"gold_loss":0.0,"damage_taken":0.0,"relics_obtained":["Golden Idol"]}],"is_beta":false,"boss_relics":[],"items_purged_floors":[3,12],"is_endless":false,"potions_floor_spawned":[1,7,13],"killed_by":"The Guardian","ascension_level":20}