{"gold_per_floor":[114,39,39,50,50,50,80,96,121,121,138,138,45,58,58,130,130,143,143,155,61],"floor_reached":21,"playtime":394,"items_purged":[],"score":508,"play_id":"cea1022d-2933-4ad2-8dfc-34d2635b08e3","local_time":"20190611195923","is_ascension_mode":true,"campfire_choices":[{"data":"Heatsinks","floor":6.0,"key":"SMITH"},{"data":"Recycle","floor":10.0,"key":"SMITH"},{"data":"Buffer","floor":12.0,"key":"SMITH"},{"data":"Sunder","floor":15.0,"key":"SMITH"}],"neow_cost":"NONE","seed_source_timestamp":323474822010,"circlet_count":0,"master_deck":["AscendersBane","Strike_B+1","Strike_B+1","Defend_B","Defend_B","Defend_B","Defend_B","Zap","Dualcast","Heatsinks+1","Recycle+1","Glacier","Sunder+1","Storm","Conserve Battery","Electrodynamics","Genetic Algorithm","Biased Cognition","Turbo","Chaos"],"special_seed":0,"relics":["Cracked Core","NeowsBlessing","Orichalcum","Whetstone","Snecko Eye"],"potions_floor_usage":[],"damage_taken":[{"damage":0.0,"enemies":"2 Louse","floor":1.0,"turns":1.0},{"damage":0.0,"enemies":"Cultist","floor":4.0,"turns":1.0},{"damage":0.0,"enemies":"Gremlin Nob","floor":7.0,"turns":1.0},{"damage":2.0,"enemies":"Jaw Worm","floor":8.0,"turns":4.0},{"damage":9.0,"enemies":"Red Slaver","floor":11.0,"turns":5.0},{"damage":6.0,"enemies":"Looter","floor":14.0,"turns":4.0},{"damage":0.0,"enemies":"Slime Boss","floor":16.0,"turns":8.0},{"damage":22.0,"enemies":"2 Thieves","floor":18.0,"turns":3.0},{"damage":32,"enemies":"3 Byrds","floor":20,"turns":3}],"seed_played":"-4082877412081837251","potions_obtained":[{"floor":7.0,"key":"AttackPotion"},{"floor":8.0,"key":"Ancient Potion"}],"is_trial":false,"path_per_floor":["M","?","?","M","?","R","E","M","T","R","M","R","$","M","R","B",null,"M","?","M","$"],"character_chosen":"DEFECT","items_purchased":["Storm","Conserve Battery","Turbo","Chaos"],"campfire_rested":0,"item_purchase_floors":[13,13,21,21],"current_hp_per_floor":[64,64,64,64,64,64,64,62,62,62,53,53,53,47,47,47,65,43,43,11,11],"gold":61,"neow_bonus":"THREE_ENEMY_KILL","is_prod":false,"is_daily":false,"chose_seed":false,"campfire_upgraded":4,"win_rate":0,"timestamp":1560250763,"path_taken":["M","?","?","?","?","R","E","M","T","R","M","R","$","M","R","BOSS","M","?","M","$"],"build_version":"2019-01-23","purchased_purges":0,"victory":false,"max_hp_per_floor":[71,71,71,71,71,71,71,71,71,71,71,71,71,71,71,71,71,71,71,71,71],"card_choices":[{"not_picked":["Hologram","Redo"],"picked":"Doom and Gloom","floor":1.0},{"not_picked":["Rip and Tear","Blizzard"],"picked":"Heatsinks","floor":4.0},{"not_picked":["Barrage","Core Surge"],"picked":"Recycle","floor":7.0},{"not_picked":["White Noise","Coolheaded"],"picked":"Glacier","floor":8.0},{"not_picked":["Conserve Battery","Stack"],"picked":"Sunder","floor":11.0},{"not_picked":["Scrape","Sweeping Beam","Steam"],"picked":"SKIP","floor":14.0},{"not_picked":["Core Surge","Fission"],"picked":"Electrodynamics","floor":16.0},{"not_picked":["Cold Snap","Beam Cell+1","Tempest"],"picked":"SKIP","floor":18.0},{"not_picked":["Gash+1","Steam+1","Blizzard"],"picked":"SKIP","floor":20}],"player_experience":581910,"relics_obtained":[{"floor":7.0,"key":"Orichalcum"},{"floor":9.0,"key":"Whetstone"}],"event_choices":[{"cards_removed":["Strike_B"],"damage_healed":0.0,"max_hp_gain":0.0,"max_hp_loss":0.0,"gold_gain":0.0,"event_name":"The Cleric","player_choice":"Card Removal","floor":2.0,"gold_loss":75.0,"damage_taken":0.0},{"damage_healed":0.0,"max_hp_gain":0.0,"max_hp_loss":0.0,"gold_gain":0.0,"event_name":"Accursed Blacksmith","player_choice":"Forge","floor":3.0,"gold_loss":0.0,"damage_taken":0.0,"cards_upgraded":["Doom and Gloom"]},{"damage_healed":0.0,"max_hp_gain":0.0,"max_hp_loss":0.0,"gold_gain":0.0,"cards_transformed":["Strike_B"],"event_name":"Transmorgrifier","player_choice":"Transformed","floor":5.0,"gold_loss":0.0,"damage_taken":0.0,"cards_obtained":["Buffer"]},{"damage_healed":0,"gold_gain":0,"cards_transformed":["Doom and Gloom","Buffer"],"player_choice":"Became Test Subject","damage_taken":0,"max_hp_gain":0,"max_hp_loss":0,"event_name":"Drug Dealer","floor":19,"gold_loss":0,"cards_obtained":["Genetic Algorithm","Biased Cognition"]}],"is_beta":false,"boss_relics":[{"not_picked":["Busted Crown","Empty Cage"],"picked":"Snecko Eye"}],"items_purged_floors":[],"is_endless":false,"potions_floor_spawned":[7,8,11,18],"ascension_level":20}