{"gold_per_floor":[369,380,118,118,137,137,148,168,246,246,246,258,9,9,9,83,83,101,16,16,16,16,16,16],"floor_reached":24,"playtime":577,"items_purged":["Strike_B"],"score":368,"play_id":"ded7a402-71f4-4f70-9afe-a34b2e842816","local_time":"20190205190555","is_ascension_mode":true,"campfire_choices":[{"data":"Consume","floor":6.0,"key":"SMITH"},{"data":"Recycle","floor":11.0,"key":"SMITH"},{"data":"Biased Cognition","floor":15.0,"key":"SMITH"},{"data":"Zap","floor":23,"key":"SMITH"}],"neow_cost":"PERCENT_DAMAGE","seed_source_timestamp":17022315525355,"circlet_count":0,"master_deck":["AscendersBane","Strike_B","Strike_B","Defend_B","Defend_B","Defend_B","Defend_B","Zap+1","Dualcast","Recycle+1","Consume+1","Undo","Undo","Biased Cognition+1","Echo Form","Ghostly","Ghostly","Ghostly"],"special_seed":0,"relics":["Cracked Core","OrangePellets","Sundial","Coffee Dripper","Prayer Wheel"],"potions_floor_usage":[18],"damage_taken":[{"damage":6.0,"enemies":"2 Louse","floor":1.0,"turns":3.0},{"damage":1.0,"enemies":"Cultist","floor":2.0,"turns":3.0},{"damage":9.0,"enemies":"Jaw Worm","floor":5.0,"turns":4.0},{"damage":7.0,"enemies":"Looter","floor":7.0,"turns":4.0},{"damage":20.0,"enemies":"Large Slime","floor":8.0,"turns":4.0},{"damage":1.0,"enemies":"3 Louse","floor":12.0,"turns":5.0},{"damage":10.0,"enemies":"Slime Boss","floor":16.0,"turns":7.0},{"damage":16,"enemies":"2 Thieves","floor":18,"turns":4},{"damage":27,"enemies":"Colosseum Slavers","floor":22,"turns":5},{"damage":2,"enemies":"Book of Stabbing","floor":24,"turns":5}],"seed_played":"-2995316356177896626","potions_obtained":[{"floor":5.0,"key":"Swift Potion"},{"floor":8.0,"key":"Regen Potion"},{"floor":16.0,"key":"Poison Potion"}],"is_trial":false,"path_per_floor":["M","M","$","?","M","R","M","M","T","?","R","M","$","?","R","B",null,"M","?","$","?","?","R","E"],"character_chosen":"DEFECT","items_purchased":["OrangePellets","Chaos","Biased Cognition"],"campfire_rested":0,"item_purchase_floors":[3,3,13],"current_hp_per_floor":[40,39,39,71,62,62,55,35,35,35,35,46,46,39,39,29,61,45,45,45,35,8,8,6],"gold":16,"neow_bonus":"TWO_FIFTY_GOLD","is_prod":false,"is_daily":false,"chose_seed":false,"campfire_upgraded":4,"win_rate":0,"timestamp":1549364755,"path_taken":["M","M","$","?","?","R","M","M","T","?","R","M","$","?","R","BOSS","M","?","$","?","?","R","E"],"build_version":"2019-01-23","purchased_purges":1,"victory":false,"max_hp_per_floor":[71,71,71,71,71,71,71,71,71,71,71,71,71,71,71,71,71,71,71,71,35,35,35,35],"card_choices":[{"not_picked":["Sweeping Beam","Chaos"],"picked":"Recycle","floor":1.0},{"not_picked":["Streamline","Steam","Lockon"],"picked":"SKIP","floor":2.0},{"not_picked":["Doom and Gloom","Double Energy"],"picked":"Consume","floor":5.0},{"not_picked":["Rebound","Force Field","Aggregate"],"picked":"SKIP","floor":7.0},{"not_picked":["Steam","Sweeping Beam"],"picked":"Undo","floor":8.0},{"not_picked":["Turbo","Leap"],"picked":"Undo","floor":12.0},{"not_picked":["Core Surge","Multi-Cast"],"picked":"Echo Form","floor":16.0},{"not_picked":["Redo","Streamline","Steam"],"picked":"SKIP","floor":18}],"player_experience":2544467,"relics_obtained":[{"floor":9.0,"key":"Sundial"}],"event_choices":[{"cards_removed":["Chaos"],"damage_healed":32.0,"max_hp_gain":0.0,"max_hp_loss":0.0,"gold_gain":0.0,"event_name":"Bonfire Elementals","player_choice":"Offered Uncommon","floor":4.0,"gold_loss":0.0,"damage_taken":0.0},{"damage_healed":0.0,"max_hp_gain":0.0,"max_hp_loss":0.0,"gold_gain":0.0,"event_name":"Shining Light","player_choice":"Ignored","floor":10.0,"gold_loss":0.0,"damage_taken":0.0},{"cards_removed":["Strike_B"],"damage_healed":0.0,"max_hp_gain":0.0,"max_hp_loss":0.0,"gold_gain":0.0,"event_name":"Golden Wing","player_choice":"Card Removal","floor":14.0,"gold_loss":0.0,"damage_taken":7.0},{"damage_healed":0,"gold_gain":0,"player_choice":"Obtained Relic","damage_taken":0,"relics_obtained":["Prayer Wheel"],"max_hp_gain":0,"max_hp_loss":0,"event_name":"Addict","floor":19,"gold_loss":85},{"damage_healed":0,"gold_gain":0,"player_choice":"Became a Ghost","damage_taken":0,"max_hp_gain":0,"max_hp_loss":36,"event_name":"Ghosts","floor":21,"gold_loss":0,"cards_obtained":["Ghostly","Ghostly","Ghostly"]},{"damage_healed":0,"gold_gain":0,"player_choice":"Fight","damage_taken":0,"max_hp_gain":0,"max_hp_loss":0,"event_name":"Colosseum","floor":22,"gold_loss":0},{"damage_healed":0,"gold_gain":0,"player_choice":"Fled From Nobs","damage_taken":0,"max_hp_gain":0,"max_hp_loss":0,"event_name":"Colosseum","floor":22,"gold_loss":0}],"is_beta":false,"boss_relics":[{"not_picked":["Philosopher\u0027s Stone","Lizard Tail"],"picked":"Coffee Dripper"}],"items_purged_floors":[13],"is_endless":false,"potions_floor_spawned":[5,8,16,22],"killed_by":"Book of Stabbing","ascension_level":20}