{"gold_per_floor":[12,12,12,31,50,85,85,117,117,117,137,166,180,193,193,193],"floor_reached":16,"playtime":522,"items_purged":[],"score":294,"play_id":"d21ec315-7b56-470f-9bfa-77a485195b96","local_time":"20190121110601","is_ascension_mode":true,"campfire_choices":[{"data":"Perfected Strike","floor":7,"key":"SMITH"},{"data":"Perfected Strike","floor":10,"key":"SMITH"},{"data":"Dual Wield","floor":15,"key":"SMITH"}],"neow_cost":"NO_GOLD","seed_source_timestamp":678924694730,"circlet_count":0,"master_deck":["AscendersBane","Strike_R","Strike_R","Strike_R","Defend_R","Defend_R+1","Defend_R","Defend_R+1","Bash","Dual Wield+1","Perfected Strike+1","Perfected Strike+1","Pommel Strike","Shrug It Off"],"relics":["Burning Blood","FossilizedHelix","Dodecahedron","Strawberry","Kunai","Singing Bowl"],"potions_floor_usage":[12,12],"damage_taken":[{"damage":7,"enemies":"Jaw Worm","floor":1,"turns":6},{"damage":4,"enemies":"Small Slimes","floor":4,"turns":4},{"damage":0,"enemies":"Cultist","floor":5,"turns":3},{"damage":15,"enemies":"Lagavulin","floor":6,"turns":7},{"damage":0,"enemies":"Gremlin Nob","floor":8,"turns":3},{"damage":0,"enemies":"Looter","floor":11,"turns":2},{"damage":2,"enemies":"3 Sentries","floor":12,"turns":6},{"damage":0,"enemies":"2 Fungi Beasts","floor":13,"turns":3},{"damage":0,"enemies":"Lots of Slimes","floor":14,"turns":4},{"damage":89,"enemies":"Hexaghost","floor":16,"turns":9}],"seed_played":"4131995008147691465","potions_obtained":[{"floor":1,"key":"SpeedPotion"},{"floor":4,"key":"Explosive Potion"},{"floor":6,"key":"Regen Potion"}],"is_trial":false,"path_per_floor":["M","?","?","M","M","E","R","E","T","R","M","E","M","M","R","B"],"character_chosen":"IRONCLAD","items_purchased":[],"campfire_rested":0,"item_purchase_floors":[],"current_hp_per_floor":[67,44,44,46,52,43,43,56,56,56,62,81,84,86,86,0],"gold":193,"neow_bonus":"TRANSFORM_TWO_CARDS","is_prod":false,"is_daily":false,"chose_seed":false,"campfire_upgraded":3,"win_rate":0,"timestamp":1548039961,"path_taken":["M","?","?","M","M","E","R","E","T","R","M","E","?","M","R","BOSS"],"build_version":"2019-01-17v2","purchased_purges":0,"victory":false,"max_hp_per_floor":[75,75,75,75,75,75,75,82,82,82,82,82,84,86,86,86],"card_choices":[{"not_picked":["Anger","Whirlwind"],"picked":"Perfected Strike","floor":1},{"not_picked":["Pummel","Metallicize"],"picked":"Perfected Strike","floor":4},{"not_picked":["Heavy Blade","Pummel"],"picked":"Pommel Strike","floor":5},{"not_picked":["Searing Blow","Second Wind","Blood for Blood"],"picked":"SKIP","floor":6},{"not_picked":["Demon Form","Twin Strike","Wild Strike"],"picked":"SKIP","floor":8},{"not_picked":["Armaments","Warcry","Carnage"],"picked":"SKIP","floor":11},{"not_picked":["Havoc","Wild Strike"],"picked":"Shrug It Off","floor":12},{"not_picked":["Demon Form","Clash","Searing Blow"],"picked":"Singing Bowl","floor":13},{"not_picked":["Armaments","Flame Barrier","Intimidate"],"picked":"Singing Bowl","floor":14}],"player_experience":2094779,"relics_obtained":[{"floor":6,"key":"Dodecahedron"},{"floor":8,"key":"Strawberry"},{"floor":9,"key":"Kunai"},{"floor":12,"key":"Singing Bowl"}],"event_choices":[{"damage_healed":0,"gold_gain":0,"player_choice":"Entered Light","damage_taken":23,"max_hp_gain":0,"max_hp_loss":0,"event_name":"Shining Light","floor":2,"gold_loss":0,"cards_upgraded":["Defend_R","Defend_R"]},{"cards_removed":["Bloodletting"],"damage_healed":0,"gold_gain":0,"player_choice":"Gave Card","damage_taken":0,"relics_obtained":["FossilizedHelix"],"max_hp_gain":0,"max_hp_loss":0,"event_name":"WeMeetAgain","floor":3,"gold_loss":0}],"is_beta":false,"boss_relics":[],"items_purged_floors":[],"is_endless":false,"potions_floor_spawned":[1,4,6,11],"killed_by":"Hexaghost","ascension_level":20}