{"gold_per_floor":[216,232,38,113,38,38,70,70,70,70,98,98,132,132,132,206,206,224,241,241,241,156,156,197,209,275,67,81,81,131,147,147,224,224,235,235,235,235,285,285,295,295,295,295,517,517,528,543,543,543,543],"floor_reached":52,"playtime":1641,"items_purged":["Strike_B"],"score":1795,"play_id":"69bb5fe4-f88f-475d-991f-5b8e172fc7bd","local_time":"20190218212747","is_ascension_mode":true,"campfire_choices":[{"data":"Apotheosis","floor":6,"key":"SMITH"},{"data":"Zap","floor":8,"key":"SMITH"},{"floor":10,"key":"REST"},{"floor":15,"key":"DIG"},{"floor":23,"key":"DIG"},{"floor":25,"key":"DIG"},{"floor":29,"key":"DIG"},{"floor":32,"key":"DIG"},{"floor":40,"key":"DIG"},{"floor":42,"key":"DIG"},{"floor":44,"key":"DIG"},{"floor":46,"key":"DIG"},{"floor":49,"key":"DIG"}],"neow_cost":"NONE","seed_source_timestamp":90632625550167,"circlet_count":0,"master_deck":["AscendersBane","Strike_B","Strike_B","Defend_B","Defend_B","Defend_B","Defend_B","Zap+1","Dualcast","Apotheosis+1","Sweeping Beam","Rip and Tear","Conserve Battery","Seek","Sunder+1","Turbo","Cold Snap","Doom and Gloom","Echo Form","Echo Form","Coolheaded+1","BootSequence+1"],"relics":["Cracked Core","Question Card","Unceasing Top","Shovel","Juzu Bracelet","DataDisk","Runic Pyramid","Mercury Hourglass","MawBank","Red Mask","Symbiotic Virus","Centennial Puzzle","OrangePellets","PreservedInsect","Bronze Scales","Nuclear Battery","Incense Burner","Oddly Smooth Stone","Blood Vial","Bag of Preparation","Vajra","Bottled Lightning","Anchor"],"potions_floor_usage":[13,16,16,24,33,51,51],"damage_taken":[{"damage":4,"enemies":"Small Slimes","floor":1,"turns":4},{"damage":8,"enemies":"2 Louse","floor":2,"turns":3},{"damage":28,"enemies":"3 Sentries","floor":7,"turns":9},{"damage":24,"enemies":"Lagavulin","floor":11,"turns":6},{"damage":24,"enemies":"3 Sentries","floor":13,"turns":6},{"damage":11,"enemies":"Hexaghost","floor":16,"turns":8},{"damage":18,"enemies":"2 Thieves","floor":18,"turns":3},{"damage":2,"enemies":"Chosen","floor":19,"turns":5},{"damage":0,"enemies":"Masked Bandits","floor":24,"turns":3},{"damage":2,"enemies":"Snecko","floor":28,"turns":4},{"damage":2,"enemies":"3 Cultists","floor":31,"turns":3},{"damage":24,"enemies":"Automaton","floor":33,"turns":7},{"damage":2,"enemies":"3 Shapes","floor":35,"turns":4},{"damage":14,"enemies":"2 Orb Walkers","floor":39,"turns":4},{"damage":0,"enemies":"3 Darklings","floor":41,"turns":3},{"damage":13,"enemies":"Writhing Mass","floor":47,"turns":5},{"damage":0,"enemies":"Sphere and 2 Shapes","floor":48,"turns":3},{"damage":10,"enemies":"Awakened One","floor":50,"turns":13},{"damage":0,"enemies":"Donu and Deca","floor":51,"turns":7}],"seed_played":"-9074502457117664094","potions_obtained":[{"floor":1,"key":"LiquidBronze"},{"floor":11,"key":"FocusPotion"},{"floor":14,"key":"FocusPotion"},{"floor":18,"key":"AttackPotion"},{"floor":28,"key":"FocusPotion"},{"floor":33,"key":"Dexterity Potion"},{"floor":35,"key":"Strength Potion"}],"is_trial":false,"path_per_floor":["M","M","$","?","$","R","E","R","T","R","E","?","E","?","R","B",null,"M","M","?","?","?","R","?","R","T","$","M","R","?","M","R","B",null,"M","?","?","?","?","R","M","R","T","R","?","R","M","M","R","B","B",null],"character_chosen":"DEFECT","items_purchased":["Apotheosis","OrangePellets"],"campfire_rested":1,"item_purchase_floors":[3,27],"current_hp_per_floor":[60,52,52,41,41,41,13,13,13,34,10,71,47,47,47,36,62,44,42,42,42,42,42,42,42,42,42,40,40,40,38,38,14,57,55,55,55,55,41,41,41,41,41,41,41,41,30,32,32,24,26],"gold":543,"neow_bonus":"HUNDRED_GOLD","is_prod":false,"is_daily":false,"chose_seed":false,"campfire_upgraded":2,"win_rate":0,"timestamp":1550496467,"path_taken":["M","M","$","?","$","R","E","R","T","R","E","?","E","?","R","BOSS","M","M","?","?","?","R","?","R","T","$","M","R","?","M","R","BOSS","M","?","?","?","?","R","M","R","T","R","?","R","M","M","R","BOSS","BOSS"],"build_version":"2019-01-23","purchased_purges":1,"victory":true,"max_hp_per_floor":[71,71,71,71,71,71,71,71,71,71,71,71,71,71,71,71,71,71,71,71,71,71,71,71,71,71,71,71,71,71,71,71,71,71,71,71,71,67,67,67,67,67,67,67,67,67,67,67,67,67,67],"card_choices":[{"not_picked":["Heatsinks","Sweeping Beam","Go for the Eyes"],"picked":"SKIP","floor":1},{"not_picked":["Redo","Sweeping Beam","Go for the Eyes"],"picked":"SKIP","floor":2},{"not_picked":["Heatsinks","Stack"],"picked":"Sweeping Beam","floor":7},{"not_picked":["Hologram","Blizzard","Meteor Strike"],"picked":"Rip and Tear","floor":11},{"not_picked":["Reinforced Body","Go for the Eyes","Ball Lightning"],"picked":"Conserve Battery","floor":13},{"not_picked":["Amplify","Thunder Strike","Multi-Cast"],"picked":"Seek","floor":16},{"not_picked":["White Noise","Rebound","Cold Snap","Auto Shields"],"picked":"SKIP","floor":18},{"not_picked":["BootSequence+1","Conserve Battery","Turbo"],"picked":"Sunder+1","floor":19},{"not_picked":["Lockon","Steam","Force Field"],"picked":"Cold Snap","floor":28},{"not_picked":["Beam Cell","Go for the Eyes","Hello World"],"picked":"Doom and Gloom","floor":31},{"not_picked":["Creative AI","All For One","Rainbow"],"picked":"Echo Form","floor":33},{"not_picked":["Sweeping Beam","Streamline+1","Compile Driver","Cold Snap"],"picked":"SKIP","floor":35},{"not_picked":["Aggregate","Go for the Eyes","Reinforced Body+1"],"picked":"Coolheaded+1","floor":41},{"not_picked":["Gash+1","Sweeping Beam","Consume","BootSequence+1"],"picked":"SKIP","floor":47},{"not_picked":["Double Energy","Stack+1","Multi-Cast"],"picked":"BootSequence+1","floor":48}],"player_experience":822162,"relics_obtained":[{"floor":7,"key":"Question Card"},{"floor":9,"key":"Unceasing Top"},{"floor":11,"key":"Shovel"},{"floor":13,"key":"Juzu Bracelet"},{"floor":15,"key":"DataDisk"},{"floor":23,"key":"MawBank"},{"floor":24,"key":"Red Mask"},{"floor":25,"key":"Symbiotic Virus"},{"floor":26,"key":"Centennial Puzzle"},{"floor":29,"key":"PreservedInsect"},{"floor":32,"key":"Bronze Scales"},{"floor":39,"key":"Incense Burner"},{"floor":40,"key":"Oddly Smooth Stone"},{"floor":42,"key":"Blood Vial"},{"floor":43,"key":"Bag of Preparation"},{"floor":44,"key":"Vajra"},{"floor":46,"key":"Bottled Lightning"},{"floor":49,"key":"Anchor"}],"event_choices":[{"damage_healed":0,"gold_gain":75,"player_choice":"Gather Gold","damage_taken":11,"max_hp_gain":0,"max_hp_loss":0,"event_name":"World of Goop","floor":4,"gold_loss":0},{"damage_healed":61,"gold_gain":0,"player_choice":"Full Heal","damage_taken":0,"max_hp_gain":0,"max_hp_loss":0,"event_name":"Wheel of Change","floor":12,"gold_loss":0},{"damage_healed":0,"gold_gain":0,"player_choice":"Got Potions","damage_taken":0,"max_hp_gain":0,"max_hp_loss":0,"event_name":"Lab","floor":14,"gold_loss":0},{"damage_healed":0,"gold_gain":0,"player_choice":"Read","damage_taken":0,"max_hp_gain":0,"max_hp_loss":0,"event_name":"The Library","floor":20,"gold_loss":0,"cards_obtained":["Turbo"]},{"damage_healed":0,"gold_gain":0,"player_choice":"Ignored","damage_taken":0,"max_hp_gain":0,"max_hp_loss":0,"event_name":"N\u0027loth","floor":21,"gold_loss":0},{"damage_healed":0,"gold_gain":0,"player_choice":"Obtained Relic","damage_taken":0,"relics_obtained":["Mercury Hourglass"],"max_hp_gain":0,"max_hp_loss":0,"event_name":"Addict","floor":22,"gold_loss":85},{"damage_healed":0,"gold_gain":0,"player_choice":"Fought Bandits","damage_taken":0,"max_hp_gain":0,"max_hp_loss":0,"event_name":"Masked Bandits","floor":24,"gold_loss":0},{"damage_healed":0,"gold_gain":50,"player_choice":"Stole From Cult","damage_taken":0,"max_hp_gain":0,"max_hp_loss":0,"event_name":"Nest","floor":30,"gold_loss":0},{"damage_healed":0,"gold_gain":0,"player_choice":"Copied","damage_taken":0,"max_hp_gain":0,"max_hp_loss":0,"event_name":"Duplicator","floor":36,"gold_loss":0,"cards_obtained":["Echo Form"]},{"cards_removed":["Strike_B"],"damage_healed":0,"gold_gain":0,"player_choice":"Removed Attack","damage_taken":0,"max_hp_gain":0,"max_hp_loss":0,"event_name":"Falling","floor":37,"gold_loss":0},{"damage_healed":0,"gold_gain":0,"player_choice":"Max HP","damage_taken":0,"max_hp_gain":0,"max_hp_loss":4,"event_name":"Winding Halls","floor":38,"gold_loss":0},{"damage_healed":0,"gold_gain":0,"player_choice":"Fight","damage_taken":0,"max_hp_gain":0,"max_hp_loss":0,"event_name":"Mysterious Sphere","floor":39,"gold_loss":0},{"damage_healed":0,"gold_gain":222,"player_choice":"Wore Mask","damage_taken":0,"max_hp_gain":0,"max_hp_loss":0,"event_name":"Tomb of Lord Red Mask","floor":45,"gold_loss":0}],"is_beta":false,"boss_relics":[{"not_picked":["FrozenCore","White Beast Statue"],"picked":"Runic Pyramid"},{"not_picked":["Runic Dome","Cursed Key"],"picked":"Nuclear Battery"}],"items_purged_floors":[5],"is_endless":false,"potions_floor_spawned":[1,11,18,28,33,35,48],"ascension_level":20}