{"gold_per_floor":[323,323,339,71,71,71,82,82,103,129,41,51,51,75,75,140,140,152,152,27,27,27,27,35,51,73,98,98,98,113,113,113,113],"floor_reached":33,"playtime":1559,"items_purged":["Strike_G","Regret"],"score":610,"play_id":"34a04147-b1a1-4780-a2de-3d22b4f76166","local_time":"20190130125312","is_ascension_mode":true,"campfire_choices":[{"data":"Neutralize","floor":6.0,"key":"SMITH"},{"data":"Dash","floor":8.0,"key":"SMITH"},{"data":"Noxious Fumes","floor":13.0,"key":"SMITH"},{"data":"Terror","floor":15.0,"key":"SMITH"},{"floor":23.0,"key":"RECALL"},{"data":"Leg Sweep","floor":28.0,"key":"SMITH"},{"floor":32.0,"key":"REST"}],"neow_cost":"TEN_PERCENT_HP_LOSS","seed_source_timestamp":0,"circlet_count":0,"master_deck":["AscendersBane","Defend_G","Defend_G","Defend_G","Defend_G","Defend_G","Strike_G","Strike_G","Survivor","Neutralize+1","Dash+1","Deadly Poison+1","Infinite Blades","Noxious Fumes+1","After Image","Terror+1","After Image","Leg Sweep+1","Backflip"],"special_seed":0,"relics":["Ring of the Snake","AscMod:CursedFlame","AscMod:MegaStarOfAscension","AscMod:CursedBank","Potion Belt","Ancient Tea Set","Meat on the Bone","Strawberry","Runic Dome","Snake Skull","Frozen Egg 2","theJungle:WildStrawberry"],"potions_floor_usage":[],"damage_taken":[{"damage":1.0,"enemies":"Cultist","floor":1.0,"turns":4.0},{"damage":2.0,"enemies":"2 Louse","floor":3.0,"turns":3.0},{"damage":0.0,"enemies":"Small Slimes","floor":7.0,"turns":3.0},{"damage":30.0,"enemies":"3 Sentries","floor":10.0,"turns":10.0},{"damage":3.0,"enemies":"Looter","floor":12.0,"turns":3.0},{"damage":6.0,"enemies":"Lagavulin","floor":14.0,"turns":7.0},{"damage":13.0,"enemies":"Slime Boss","floor":16.0,"turns":11.0},{"damage":4.0,"enemies":"theJungle:MUSHROOMGANG","floor":18.0,"turns":5.0},{"damage":0.0,"enemies":"theJungle:GiantWrat","floor":24.0,"turns":6.0},{"damage":0.0,"enemies":"theJungle:2_Snecko_Cultists","floor":25.0,"turns":6.0},{"damage":30.0,"enemies":"theJungle:MamaSnecko","floor":27.0,"turns":6.0},{"damage":10.0,"enemies":"theJungle:JungleHuntersEncounter","floor":30.0,"turns":9.0},{"damage":0,"enemies":"theJungle:TotemBoss","floor":33,"turns":1}],"seed_played":"3286217301535645914","potions_obtained":[{"floor":7.0,"key":"PowerPotion"},{"floor":10.0,"key":"GhostInAJar"},{"floor":16.0,"key":"EssenceOfSteel"},{"floor":18.0,"key":"LiquidBronze"},{"floor":27.0,"key":"SpeedPotion"}],"is_trial":false,"path_per_floor":["M","?","M","$","?","R","M","R","T","E","$","M","R","E","R","B",null,"M","?","$","?","?","R","M","M","T","E","R","$","M","?","R","B"],"character_chosen":"THE_SILENT","items_purchased":["Potion Belt","Noxious Fumes"],"campfire_rested":1,"item_purchase_floors":[4,11],"current_hp_per_floor":[58,58,56,56,56,56,56,56,56,26,26,33,33,43,43,40,56,52,52,52,37,26,26,36,46,46,26,26,26,26,18,36,36],"gold":113,"neow_bonus":"TWO_FIFTY_GOLD","is_prod":false,"is_daily":false,"chose_seed":false,"campfire_upgraded":5,"win_rate":0,"timestamp":1548823992,"path_taken":["M","?","M","$","?","R","?","R","T","E","$","?","R","E","R","BOSS","M","?","$","?","?","R","M","M","T","E","R","$","?","?","R","BOSS"],"build_version":"2019-01-23","purchased_purges":2,"victory":false,"max_hp_per_floor":[60,60,60,60,60,60,60,60,60,60,60,60,60,67,67,67,67,67,67,67,67,72,72,72,72,72,72,72,72,72,79,79,79],"card_choices":[{"not_picked":["Sucker Punch","Underhanded Strike"],"picked":"Dash","floor":1.0},{"not_picked":["Dash","Endless Agony"],"picked":"Deadly Poison","floor":3.0},{"not_picked":["Expertise","Choke","PiercingWail"],"picked":"SKIP","floor":7.0},{"not_picked":["Underhanded Strike","All Out Attack"],"picked":"Infinite Blades","floor":10.0},{"not_picked":["Dagger Spray","Underhanded Strike"],"picked":"After Image","floor":12.0},{"not_picked":["Storm of Steel","Dagger Throw"],"picked":"Terror","floor":14.0},{"not_picked":["A Thousand Cuts","Night Terror"],"picked":"After Image","floor":16.0},{"not_picked":["Heel Hook","Quick Slash","Dagger Spray+1"],"picked":"SKIP","floor":18.0},{"not_picked":["Dagger Throw","Concentrate+1","Outmaneuver"],"picked":"SKIP","floor":24.0},{"not_picked":["PiercingWail","Slice+1","Dodge and Roll"],"picked":"SKIP","floor":25.0},{"not_picked":["Outmaneuver","Blade Dance"],"picked":"Leg Sweep","floor":27.0},{"not_picked":["Backstab","Outmaneuver"],"picked":"Backflip","floor":30.0}],"player_experience":2398214,"relics_obtained":[{"floor":9.0,"key":"Ancient Tea Set"},{"floor":10.0,"key":"Meat on the Bone"},{"floor":14.0,"key":"Strawberry"},{"floor":26.0,"key":"Snake Skull"},{"floor":27.0,"key":"Frozen Egg 2"}],"event_choices":[{"cards_removed":["Strike_G"],"damage_healed":0.0,"max_hp_gain":0.0,"max_hp_loss":0.0,"gold_gain":0.0,"event_name":"Living Wall","player_choice":"Forget","floor":2.0,"gold_loss":0.0,"damage_taken":0.0},{"damage_healed":0.0,"max_hp_gain":0.0,"max_hp_loss":0.0,"gold_gain":0.0,"event_name":"Upgrade Shrine","player_choice":"Upgraded","floor":5.0,"gold_loss":0.0,"damage_taken":0.0,"cards_upgraded":["Deadly Poison"]}],"is_beta":false,"boss_relics":[{"not_picked":["Ectoplasm","Eternal Feather"],"picked":"Runic Dome"}],"items_purged_floors":[4,20],"is_endless":false,"potions_floor_spawned":[7,10,16,18,27],"killed_by":"theJungle:TotemBoss","ascension_level":25}