{"path_per_floor":["M","$","?","$","?","R","E","R","T","E","M","R","E","M","R","B",null,"M","?","M","?","?","E","R","E","T","R","E","M","M","$","R","B",null,"M","M","?","$","M","E","R","E","T","$","E","T","E","M","R","B"],"character_chosen":"THE_SILENT","items_purchased":["Escape Plan","Lee\u0027s Waffle","Gremlin Horn","Shuriken","Noxious Fumes"],"gold_per_floor":[111,75,75,0,0,0,40,40,66,106,125,125,166,187,187,306,306,331,331,344,344,344,414,414,457,457,457,497,513,538,94,94,222,222,245,270,270,31,44,85,85,116,116,79,115,191,226,241,241,241],"floor_reached":51,"campfire_rested":0,"playtime":2216,"item_purchase_floors":[2,31,31,38,44],"current_hp_per_floor":[63,63,46,46,39,39,39,39,39,41,43,43,38,37,37,39,62,64,64,66,45,45,39,39,33,33,33,14,20,29,77,77,53,71,71,70,60,60,77,53,53,66,66,66,70,70,78,84,84,53],"items_purged":["Defend_G"],"gold":241,"score":1381,"play_id":"60457088-684d-44e5-a3f5-e9af9e105b9c","local_time":"20180526173730","is_prod":false,"is_daily":false,"chose_seed":false,"is_ascension_mode":true,"campfire_upgraded":9,"win_rate":0,"timestamp":1527327450,"campfire_choices":[{"data":"Neutralize","floor":6,"key":"SMITH"},{"data":"Prepared","floor":8,"key":"SMITH"},{"data":"Finisher","floor":12,"key":"SMITH"},{"data":"Calculated Gamble","floor":15,"key":"SMITH"},{"data":"Terror","floor":24,"key":"SMITH"},{"data":"Venomology","floor":27,"key":"SMITH"},{"data":"Well Laid Plans","floor":32,"key":"SMITH"},{"data":"Jack Of All Trades","floor":41,"key":"SMITH"},{"data":"Eviscerate","floor":49,"key":"SMITH"}],"path_taken":["M","$","?","$","?","R","E","R","T","E","?","R","E","?","R","BOSS","M","?","M","?","?","E","R","E","T","R","E","M","M","$","R","BOSS","M","M","?","$","M","E","R","E","T","$","E","?","E","M","R","BOSS"],"build_version":"2018-05-24","seed_source_timestamp":28311853291236,"purchased_purges":1,"victory":true,"master_deck":["Defend_G","Defend_G","Defend_G","Defend_G","Survivor","Neutralize+1","Escape Plan","Prepared+1","Finisher+1","Eviscerate+1","Calculated Gamble+1","Well Laid Plans+1","Venomology+1","Dagger Throw","Terror+1","Jack Of All Trades","Mind Blast","Bite","Bite","Bite","Bite","Bite","Infinite Blades+1","All Out Attack+1","Reflex+1","Flash of Steel+1","Dramatic Entrance+1","Jack Of All Trades+1","Poisoned Stab+1","Noxious Fumes","Blade Dance+1"],"max_hp_per_floor":[70,70,70,70,70,70,70,70,70,70,70,70,70,70,70,70,70,70,70,70,70,70,70,70,70,70,70,70,70,70,77,77,77,77,77,77,77,77,77,77,77,84,84,84,84,84,84,84,84,84],"relics":["Ring of the Snake","NeowsBlessing","Golden Idol","Regal Pillow","Vajra","Tough Bandages","Black Star","Bronze Scales","Tiny Chest","Molten Egg 2","Blue Candle","Torii","Bag of Preparation","Dream Catcher","Lee\u0027s Waffle","Gremlin Horn","Runic Dome","Shuriken","Matryoshka","Meat on the Bone","Art of War","Strawberry","Boot","The Specimen","Tingsha","Bird Faced Urn","Question Card","Bottled Tornado","Ninja Scroll","Bottled Lightning"],"card_choices":[{"not_picked":["Sucker Punch","Caltrops","Outmaneuver"],"picked":"SKIP","floor":1},{"not_picked":["Slice","PiercingWail"],"picked":"Prepared","floor":7},{"not_picked":["Poisoned Stab","Noxious Fumes"],"picked":"Finisher","floor":10},{"not_picked":["Phantasmal Killer","Dodge and Roll"],"picked":"Eviscerate","floor":11},{"not_picked":["Tactician","Leg Sweep"],"picked":"Calculated Gamble","floor":13},{"not_picked":["Cloak And Dagger","Blade Dance"],"picked":"Well Laid Plans","floor":14},{"not_picked":["Die Die Die","Envenom"],"picked":"Venomology","floor":16},{"not_picked":["Backflip+1","Flying Knee"],"picked":"Dagger Throw","floor":18},{"not_picked":["Bane+1","Flying Knee+1"],"picked":"Terror","floor":20},{"not_picked":["Quick Slash+1","Bane","Sucker Punch"],"picked":"SKIP","floor":23},{"not_picked":["Choke","Dagger Spray+1","Quick Slash"],"picked":"SKIP","floor":25},{"not_picked":["Acrobatics","Dagger Spray+1"],"picked":"Infinite Blades+1","floor":28},{"not_picked":["Noxious Fumes","Outmaneuver","Catalyst"],"picked":"SKIP","floor":29},{"not_picked":["Terror","Blur","Masterful Stab+1"],"picked":"SKIP","floor":30},{"not_picked":["Infinite Blades+1","Quick Slash+1"],"picked":"All Out Attack+1","floor":35},{"not_picked":["Cloak And Dagger+1","Slice+1"],"picked":"Reflex+1","floor":36},{"not_picked":["Dramatic Entrance","Deep Breath"],"picked":"Flash of Steel","floor":37},{"not_picked":["Magnetism","Finesse"],"picked":"Dramatic Entrance","floor":37},{"not_picked":["Transmutation","Sadistic Nature"],"picked":"Jack Of All Trades","floor":37},{"not_picked":["Eviscerate+1","Flying Knee+1","Finisher+1"],"picked":"SKIP","floor":39},{"not_picked":["Deadly Poison+1","Bullet Time","Poisoned Stab+1"],"picked":"SKIP","floor":40},{"not_picked":["Catalyst+1","Bouncing Flask+1"],"picked":"Poisoned Stab+1","floor":42},{"not_picked":["Choke+1","Poisoned Stab+1","Bullet Time"],"picked":"SKIP","floor":45},{"not_picked":["Dagger Spray+1","Wraith Form v2","Prepared","Outmaneuver+1"],"picked":"SKIP","floor":47},{"not_picked":["Deadly Poison","Poisoned Stab+1","Backflip+1"],"picked":"Blade Dance+1","floor":48}],"player_experience":496792,"potions_floor_usage":[13,23,25,25,28,30,30,33,33,40,42,45,45,47,50,50,50,50],"damage_taken":[{"damage":0,"enemies":"2 Louse","floor":1,"turns":1},{"damage":0,"enemies":"Lagavulin","floor":7,"turns":1},{"damage":0,"enemies":"3 Sentries","floor":10,"turns":1},{"damage":0,"enemies":"Small Slimes","floor":11,"turns":2},{"damage":7,"enemies":"Lagavulin","floor":13,"turns":4},{"damage":3,"enemies":"Jaw Worm","floor":14,"turns":2},{"damage":0,"enemies":"The Guardian","floor":16,"turns":12},{"damage":0,"enemies":"Shell Parasite","floor":18,"turns":8},{"damage":0,"enemies":"2 Thieves","floor":20,"turns":5},{"damage":22,"enemies":"Slavers","floor":23,"turns":5},{"damage":16,"enemies":"Book of Stabbing","floor":25,"turns":3},{"damage":37,"enemies":"Gremlin Leader","floor":28,"turns":5},{"damage":10,"enemies":"Slaver and Parasite","floor":29,"turns":5},{"damage":1,"enemies":"Chosen and Byrds","floor":30,"turns":4},{"damage":34,"enemies":"Collector","floor":33,"turns":7},{"damage":6,"enemies":"3 Shapes","floor":35,"turns":4},{"damage":9,"enemies":"Flame Bruiser 1 Orb","floor":36,"turns":2},{"damage":1,"enemies":"Transient","floor":39,"turns":5},{"damage":31,"enemies":"Nemesis","floor":40,"turns":5},{"damage":0,"enemies":"Giant Head","floor":42,"turns":5},{"damage":2,"enemies":"2 Orb Walkers","floor":45,"turns":3},{"damage":12,"enemies":"Nemesis","floor":47,"turns":3},{"damage":0,"enemies":"4 Shapes","floor":48,"turns":2},{"damage":51,"enemies":"Donu and Deca","floor":50,"turns":5}],"relics_obtained":[{"floor":7,"key":"Blood Vial"},{"floor":9,"key":"Regal Pillow"},{"floor":10,"key":"Vajra"},{"floor":13,"key":"Tough Bandages"},{"floor":23,"key":"Bronze Scales"},{"floor":23,"key":"Tiny Chest"},{"floor":25,"key":"Molten Egg 2"},{"floor":25,"key":"Blue Candle"},{"floor":26,"key":"Torii"},{"floor":28,"key":"Bag of Preparation"},{"floor":28,"key":"Dream Catcher"},{"floor":40,"key":"Matryoshka"},{"floor":40,"key":"Meat on the Bone"},{"floor":42,"key":"Art of War"},{"floor":42,"key":"Strawberry"},{"floor":43,"key":"Boot"},{"floor":43,"key":"The Specimen"},{"floor":45,"key":"Tingsha"},{"floor":45,"key":"Bird Faced Urn"},{"floor":46,"key":"Question Card"},{"floor":46,"key":"Bottled Tornado"},{"floor":47,"key":"Ninja Scroll"},{"floor":47,"key":"Bottled Lightning"}],"event_choices":[{"event_name":"Golden Idol","player_choice":"Take Damage","floor":3,"damage_taken":0},{"event_name":"Golden Wing","player_choice":"Card Removal","floor":5,"damage_taken":0},{"event_name":"Ghosts","player_choice":"Ignored","floor":19,"damage_taken":0},{"event_name":"Knowing Skull","player_choice":"CARD CARD ","floor":21,"damage_taken":0},{"event_name":"Vampires","player_choice":"Became a vampire (Vial)","floor":22,"damage_taken":0},{"event_name":"SensoryStone","player_choice":"Memory 3","floor":37,"damage_taken":0}],"boss_relics":[{"not_picked":["Tiny House","White Beast Statue"],"picked":"Black Star"},{"not_picked":["Snecko Eye","Velvet Choker"],"picked":"Runic Dome"}],"items_purged_floors":[4],"potions_floor_spawned":[10,20,23,30,42,45,47],"seed_played":"-6309839021869800964","ascension_level":7,"potions_obtained":[{"floor":10,"key":"Block Potion"},{"floor":20,"key":"AttackPotion"},{"floor":30,"key":"PowerPotion"},{"floor":45,"key":"Poison Potion"},{"floor":47,"key":"PowerPotion"}],"is_trial":false}