{"gold_per_floor":[109,34,54,70,70,70,84,101,101,114,114,114,114,133,133,133],"floor_reached":16,"playtime":435,"items_purged":["Strike_R"],"score":188,"play_id":"4be9db60-c269-45c2-9bdb-4d11ffdec91a","local_time":"20190718234758","is_ascension_mode":true,"campfire_choices":[{"data":"Flex","floor":6.0,"key":"SMITH"},{"data":"Body Slam","floor":11.0,"key":"SMITH"},{"data":"Burning Pact","floor":15.0,"key":"SMITH"}],"neow_cost":"PERCENT_DAMAGE","seed_source_timestamp":337070089857200,"circlet_count":0,"master_deck":["AscendersBane","Strike_R","Strike_R","Strike_R","Defend_R","Defend_R","Defend_R","Defend_R","Bash","Disarm","Flex+1","Power Through","Burning Pact+1","Body Slam+1"],"special_seed":0,"relics":["Burning Blood","Ginger","Bag of Preparation","Vajra"],"potions_floor_usage":[16],"damage_taken":[{"damage":16.0,"enemies":"Jaw Worm","floor":1.0,"turns":6.0},{"damage":2.0,"enemies":"Small Slimes","floor":3.0,"turns":5.0},{"damage":1.0,"enemies":"2 Louse","floor":4.0,"turns":3.0},{"damage":4.0,"enemies":"Large Slime","floor":7.0,"turns":5.0},{"damage":24.0,"enemies":"Lots of Slimes","floor":8.0,"turns":8.0},{"damage":2.0,"enemies":"Red Slaver","floor":10.0,"turns":3.0},{"damage":14.0,"enemies":"Gremlin Gang","floor":14.0,"turns":5.0},{"damage":17,"enemies":"Hexaghost","floor":16,"turns":11}],"seed_played":"2382845405147790606","potions_obtained":[{"floor":3.0,"key":"Weak Potion"},{"floor":8.0,"key":"Energy Potion"}],"is_trial":false,"path_per_floor":["M","$","M","M","?","R","M","M","T","M","R","?","?","M","R","B"],"character_chosen":"IRONCLAD","items_purchased":[],"campfire_rested":0,"item_purchase_floors":[],"current_hp_per_floor":[40,40,44,49,49,49,51,33,33,37,37,32,25,17,17,0],"gold":133,"neow_bonus":"ONE_RARE_RELIC","is_prod":false,"is_daily":false,"chose_seed":false,"campfire_upgraded":3,"win_rate":0,"timestamp":1563464878,"path_taken":["M","$","M","M","?","R","M","M","T","M","R","?","?","M","R","BOSS"],"build_version":"2019-07-17","purchased_purges":1,"victory":false,"max_hp_per_floor":[75,75,75,75,75,75,75,75,75,75,75,75,75,75,75,75],"card_choices":[{"not_picked":["Heavy Blade","Clash"],"picked":"Disarm","floor":1.0},{"not_picked":["Disarm","Perfected Strike"],"picked":"Flex","floor":3.0},{"not_picked":["Sentinel","Iron Wave"],"picked":"Power Through","floor":4.0},{"not_picked":["Thunderclap","Metallicize"],"picked":"Burning Pact","floor":7.0},{"not_picked":["Anger","Limit Break"],"picked":"Body Slam","floor":8.0},{"not_picked":["Headbutt","Intimidate","Warcry"],"picked":"SKIP","floor":10.0},{"not_picked":["Rupture","Warcry","Pommel Strike"],"picked":"SKIP","floor":14.0}],"player_experience":662422,"relics_obtained":[{"floor":9.0,"key":"Bag of Preparation"}],"event_choices":[{"damage_healed":0.0,"max_hp_gain":0.0,"max_hp_loss":0.0,"gold_gain":0.0,"event_name":"The Cleric","player_choice":"Leave","floor":5.0,"gold_loss":0.0,"damage_taken":0.0},{"damage_healed":0.0,"max_hp_gain":0.0,"max_hp_loss":0.0,"gold_gain":0.0,"event_name":"Scrap Ooze","player_choice":"Success","floor":12.0,"gold_loss":0.0,"damage_taken":5.0,"relics_obtained":["Vajra"]},{"cards_removed":["Strike_R"],"damage_healed":0.0,"max_hp_gain":0.0,"max_hp_loss":0.0,"gold_gain":0.0,"event_name":"Golden Wing","player_choice":"Card Removal","floor":13.0,"gold_loss":0.0,"damage_taken":7.0}],"is_beta":false,"boss_relics":[],"items_purged_floors":[2],"is_endless":false,"potions_floor_spawned":[3,8,14],"killed_by":"Hexaghost","ascension_level":20}