{"path_per_floor":["M","M","M","?","?","R","?","E","T","M","M","$","M","M","R","B",null,"M","?","M","?","$","R","?","M","T","$","E","M","R","?","R","B",null,"M","M","$","M","M","R","?","M","T","R","M","M","M","M","R"],"character_chosen":"IRONCLAD","items_purchased":["Rampage","Bag of Preparation"],"gold_per_floor":[114,129,144,94,94,94,94,124,124,139,154,94,109,124,124,224,224,239,164,179,229,118,118,118,133,133,33,63,78,78,78,78,178,178,193,208,88,103,118,118,118,133,133,133,148,163,178,193,193,193],"floor_reached":50,"campfire_rested":3,"playtime":1991,"current_hp_per_floor":[80,80,80,80,68,68,52,48,48,48,54,54,60,65,65,50,80,80,80,83,83,83,83,83,77,77,77,45,50,50,50,94,12,98,98,65,65,65,52,52,52,57,57,117,84,72,78,71,128,0],"items_purged":["Strike_R","Strike_R","Strike_R"],"gold":193,"score":520,"play_id":"c53de091-8940-4f10-bee7-fb0283b37c17","local_time":"20180331134522","daily_mods":["Allstar","Time Dilation","Night Terrors"],"is_prod":false,"is_daily":true,"is_ascension_mode":false,"campfire_upgraded":5,"timestamp":1522475122,"path_taken":["M","M","M","?","?","R","?","E","T","M","M","$","M","M","R","BOSS","M","?","M","?","$","R","?","?","T","?","E","M","R","?","R","BOSS","M","M","$","M","M","R","?","M","T","R","M","M","M","M","R","BOSS"],"build_version":"2018-03-29v2","purchased_purges":3,"victory":false,"master_deck":["Defend_R","Defend_R","Bash","Dramatic Entrance","Secret Technique+1","Shockwave+1","Body Slam+1","Shrug It Off","Clash","Feed+1","Pommel Strike+1","Twin Strike+1","Dual Wield+1","Rampage+1","Ghostly Armor","Body Slam+1","Inflame","Rage+1"],"max_hp_per_floor":[80,80,80,80,80,80,80,80,80,80,80,80,80,80,80,80,80,83,83,83,83,83,83,83,87,87,87,95,99,99,99,94,98,98,102,106,106,114,118,118,118,122,122,117,129,129,129,133,128,128],"relics":["Burning Blood","Pantograph","The Courier","Paper Frog","Astrolabe","Calipers","Shuriken","Orrery","Bag of Preparation","Orichalcum"],"card_choices":[{"not_picked":["Twin Strike","Anger"],"picked":"Shockwave","floor":1},{"not_picked":["Disarm","Havoc"],"picked":"Body Slam","floor":2},{"not_picked":["Hemokinesis","Bloodletting"],"picked":"Shrug It Off","floor":8},{"not_picked":["Inflame","Dual Wield"],"picked":"Clash","floor":10},{"not_picked":["Warcry","Shockwave"],"picked":"Pommel Strike","floor":11},{"not_picked":["Demon Form","Brutality"],"picked":"Feed","floor":16},{"not_picked":["Carnage","Sever Soul"],"picked":"Ghostly Armor","floor":25},{"not_picked":["Combust","Dual Wield"],"picked":"Body Slam","floor":34},{"not_picked":["Blood for Blood","Infernal Blade"],"picked":"Inflame","floor":34},{"not_picked":["Berserk","Sever Soul"],"picked":"Rage","floor":45}],"player_experience":364149,"potions_floor_usage":[42,50,50],"damage_taken":[{"damage":6,"enemies":"Jaw Worm","floor":1,"turns":2},{"damage":2,"enemies":"Small Slimes","floor":2,"turns":3},{"damage":0,"enemies":"2 Louse","floor":3,"turns":2},{"damage":10,"enemies":"Gremlin Nob","floor":8,"turns":3},{"damage":6,"enemies":"Large Slime","floor":10,"turns":4},{"damage":0,"enemies":"2 Fungi Beasts","floor":11,"turns":2},{"damage":0,"enemies":"Exordium Wildlife","floor":13,"turns":1},{"damage":1,"enemies":"Red Slaver","floor":14,"turns":2},{"damage":36,"enemies":"The Guardian","floor":16,"turns":9},{"damage":9,"enemies":"2 Thieves","floor":18,"turns":3},{"damage":0,"enemies":"Chosen","floor":20,"turns":3},{"damage":16,"enemies":"Centurion and Healer","floor":25,"turns":5},{"damage":46,"enemies":"Slavers","floor":28,"turns":5},{"damage":5,"enemies":"Snake Plant","floor":29,"turns":2},{"damage":92,"enemies":"Champ","floor":33,"turns":10},{"damage":10,"enemies":"Orb Walker","floor":35,"turns":3},{"damage":43,"enemies":"3 Darklings","floor":36,"turns":7},{"damage":14,"enemies":"4 Shapes","floor":38,"turns":4},{"damage":23,"enemies":"Maw","floor":39,"turns":7},{"damage":5,"enemies":"3 Darklings","floor":42,"turns":3},{"damage":51,"enemies":"Sphere and 2 Shapes","floor":45,"turns":9},{"damage":18,"enemies":"Maw","floor":46,"turns":7},{"damage":0,"enemies":"3 Darklings","floor":47,"turns":3},{"damage":17,"enemies":"Sphere and 2 Shapes","floor":48,"turns":5},{"damage":166,"enemies":"Time Eater","floor":50,"turns":13}],"event_choices":[{"event_name":"The Cleric","player_choice":"Card Removal","floor":4,"damage_taken":0},{"event_name":"Scrap Ooze","player_choice":"success","floor":5,"damage_taken":12},{"event_name":"Shining Light","player_choice":"Entered Light","floor":7,"damage_taken":0},{"event_name":"Beggar","player_choice":"Gave Gold","floor":19,"damage_taken":0},{"event_name":"The Joust","player_choice":"Bet on Murderer","floor":21,"damage_taken":0},{"event_name":"Vampires","player_choice":"Ignored","floor":24,"damage_taken":0},{"event_name":"Addict","player_choice":"Ignored","floor":31,"damage_taken":0},{"event_name":"The Lab","player_choice":"Got Potions","floor":41,"damage_taken":0}],"boss_relics":[{"not_picked":["Snecko Eye","Runic Pyramid"],"picked":"Astrolabe"},{"not_picked":["Calling Bell","Tiny House"],"picked":"Orrery"}],"potions_floor_spawned":[3,8,13,14,18,28,33,35,38,42,45],"seed_played":"-692693385268839253","killed_by":"Time Eater","ascension_level":0,"is_trial":false}