{"path_per_floor":["M","M","M","M","M","R","M","R","T","?","?","E","M","M","R","B",null,"M","?","?","M","$","R","E","?","T","M","M","M","M","M","R","B",null,"M","M","M","$","?","R","M","M","T","R","M","?","R","E","R","B"],"character_chosen":"THE_SILENT","items_purchased":["Art of War","Peace Pipe"],"gold_per_floor":[112,132,143,127,138,138,153,153,153,153,153,185,201,212,212,311,311,331,331,331,318,90,90,120,120,120,135,154,169,181,196,196,298,298,309,320,332,43,0,0,13,27,27,27,44,44,44,74,74,74],"floor_reached":51,"campfire_rested":3,"playtime":2568,"item_purchase_floors":[22,38],"current_hp_per_floor":[62,62,62,47,47,47,47,47,57,57,57,28,28,28,28,20,65,62,62,62,42,42,42,41,41,41,28,21,11,13,11,38,3,68,56,50,37,37,37,37,39,24,24,24,26,16,46,48,79,78],"items_purged":["Strike_G"],"gold":74,"score":1123,"play_id":"1f3f223d-63c0-4cc7-8c6b-049893d5c63b","local_time":"20180612220512","is_prod":false,"is_daily":false,"chose_seed":false,"is_ascension_mode":true,"campfire_upgraded":4,"win_rate":0,"timestamp":1528812312,"campfire_choices":[{"data":"Burst","floor":6,"key":"SMITH"},{"data":"Deadly Poison","floor":8,"key":"SMITH"},{"data":"Footwork","floor":15,"key":"SMITH"},{"data":"After Image","floor":23,"key":"SMITH"},{"floor":32,"key":"REST"},{"data":"Defend_G","floor":40,"key":"PURGE"},{"data":"Strike_G","floor":44,"key":"PURGE"},{"floor":47,"key":"REST"},{"floor":49,"key":"REST"}],"path_taken":["M","M","M","M","M","R","M","R","T","?","?","E","?","M","R","BOSS","M","?","?","M","$","R","E","?","T","M","M","M","M","M","R","BOSS","M","?","M","$","?","R","M","M","T","R","M","?","R","E","R","BOSS"],"build_version":"2018-06-11","seed_source_timestamp":43555439147361,"purchased_purges":1,"victory":true,"master_deck":["Defend_G","Defend_G","Defend_G","Defend_G","Strike_G","Survivor","Neutralize+1","AscendersBane","Bane","Escape Plan","Deadly Poison+1","Poisoned Stab","Burst+1","Footwork+1","Noxious Fumes","Backflip","After Image+1","Deadly Poison+1","Deflect+1","Sucker Punch+1","Adrenaline","Apotheosis+1","Good Instincts+1","Jack Of All Trades+1"],"max_hp_per_floor":[70,70,70,70,70,70,70,70,80,80,80,80,80,80,80,80,80,80,80,80,80,80,80,82,82,82,84,84,86,88,90,90,90,90,92,94,96,96,96,96,98,100,100,100,102,102,102,104,104,104],"special_seed":0,"relics":["Ring of the Snake","Pear","Ninja Scroll","Black Star","Art of War","Omamori","Singing Bowl","Calipers","Runic Pyramid","Peace Pipe","Red Mask","Toxic Egg 2","Ice Cream","Gambling Chip"],"card_choices":[{"not_picked":["Acrobatics","Deflect"],"picked":"Bane","floor":0},{"not_picked":["Outmaneuver","Dagger Spray"],"picked":"Escape Plan","floor":1},{"not_picked":["Bane","PiercingWail"],"picked":"Deadly Poison","floor":2},{"not_picked":["Dash","Deflect"],"picked":"Poisoned Stab","floor":3},{"not_picked":["PiercingWail","Finisher"],"picked":"Burst","floor":4},{"not_picked":["Blade Dance","Cloak And Dagger"],"picked":"Footwork","floor":5},{"not_picked":["Dodge and Roll","Heel Hook","Distraction"],"picked":"SKIP","floor":7},{"not_picked":["Terror","Finisher","Blade Dance"],"picked":"SKIP","floor":12},{"not_picked":["Acrobatics","Deflect"],"picked":"Noxious Fumes","floor":13},{"not_picked":["Underhanded Strike","Sucker Punch"],"picked":"Backflip","floor":14},{"not_picked":["Tactician","Die Die Die"],"picked":"After Image","floor":16},{"not_picked":["Crippling Poison+1","Backflip"],"picked":"Deadly Poison+1","floor":18},{"not_picked":["Underhanded Strike+1","Bane+1"],"picked":"Deflect+1","floor":21},{"not_picked":["Dagger Throw","Grand Finale","Heel Hook"],"picked":"Singing Bowl","floor":24},{"not_picked":["Quick Slash","Slice","Dagger Spray+1"],"picked":"Singing Bowl","floor":27},{"not_picked":["Riddle With Holes","Backflip"],"picked":"Sucker Punch+1","floor":28},{"not_picked":["Slice","Poisoned Stab","Prepared"],"picked":"Singing Bowl","floor":29},{"not_picked":["Deadly Poison","Deflect","Sucker Punch+1"],"picked":"Singing Bowl","floor":30},{"not_picked":["Noxious Fumes","Quick Slash","Skewer"],"picked":"Singing Bowl","floor":31},{"not_picked":["Storm of Steel","Die Die Die"],"picked":"Adrenaline","floor":33},{"not_picked":["Acrobatics","Flying Knee","Sucker Punch+1"],"picked":"Singing Bowl","floor":35},{"not_picked":["Deflect+1","Blade Dance","Dagger Throw+1"],"picked":"Singing Bowl","floor":36},{"not_picked":["Crippling Poison","Dagger Spray+1","Sucker Punch"],"picked":"Singing Bowl","floor":37},{"not_picked":["Backflip","Dagger Throw+1","Slice"],"picked":"Singing Bowl","floor":41},{"not_picked":["Backstab+1","Cloak And Dagger","Blade Dance+1"],"picked":"Singing Bowl","floor":42},{"not_picked":["Noxious Fumes","Poisoned Stab+1","PiercingWail+1"],"picked":"Singing Bowl","floor":45},{"not_picked":["Mind Blast","Blind+1"],"picked":"Apotheosis+1","floor":46},{"not_picked":["Finesse+1","Master of Strategy+1"],"picked":"Good Instincts+1","floor":46},{"not_picked":["Magnetism","Mind Blast"],"picked":"Jack Of All Trades+1","floor":46},{"not_picked":["Setup+1","Calculated Gamble+1","Expertise+1"],"picked":"Singing Bowl","floor":48}],"player_experience":581041,"potions_floor_usage":[7,12,12,24,33,50],"damage_taken":[{"damage":1,"enemies":"Cultist","floor":1,"turns":5},{"damage":0,"enemies":"2 Louse","floor":2,"turns":5},{"damage":0,"enemies":"Jaw Worm","floor":3,"turns":5},{"damage":15,"enemies":"Exordium Thugs","floor":4,"turns":5},{"damage":0,"enemies":"Large Slime","floor":5,"turns":5},{"damage":0,"enemies":"2 Fungi Beasts","floor":7,"turns":3},{"damage":29,"enemies":"Gremlin Nob","floor":12,"turns":5},{"damage":0,"enemies":"3 Louse","floor":13,"turns":4},{"damage":0,"enemies":"Red Slaver","floor":14,"turns":4},{"damage":8,"enemies":"Hexaghost","floor":16,"turns":8},{"damage":3,"enemies":"3 Byrds","floor":18,"turns":7},{"damage":20,"enemies":"2 Thieves","floor":21,"turns":4},{"damage":3,"enemies":"Book of Stabbing","floor":24,"turns":6},{"damage":15,"enemies":"Snake Plant","floor":27,"turns":7},{"damage":7,"enemies":"Sentry and Sphere","floor":28,"turns":6},{"damage":12,"enemies":"Centurion and Healer","floor":29,"turns":9},{"damage":0,"enemies":"Snake Plant","floor":30,"turns":5},{"damage":4,"enemies":"Slaver and Parasite","floor":31,"turns":8},{"damage":35,"enemies":"Automaton","floor":33,"turns":13},{"damage":14,"enemies":"3 Darklings","floor":35,"turns":8},{"damage":8,"enemies":"Flame Bruiser 1 Orb","floor":36,"turns":6},{"damage":15,"enemies":"Transient","floor":37,"turns":5},{"damage":0,"enemies":"Sphere and 2 Shapes","floor":41,"turns":7},{"damage":17,"enemies":"4 Shapes","floor":42,"turns":6},{"damage":0,"enemies":"Maw","floor":45,"turns":7},{"damage":0,"enemies":"Nemesis","floor":48,"turns":7},{"damage":1,"enemies":"Time Eater","floor":50,"turns":14}],"relics_obtained":[{"floor":9,"key":"Pear"},{"floor":12,"key":"Ninja Scroll"},{"floor":24,"key":"Omamori"},{"floor":24,"key":"Singing Bowl"},{"floor":26,"key":"Calipers"},{"floor":43,"key":"Toxic Egg 2"},{"floor":48,"key":"Ice Cream"},{"floor":48,"key":"Gambling Chip"}],"event_choices":[{"event_name":"Purifier","player_choice":"One Purge","floor":10,"damage_taken":0},{"event_name":"Upgrade Shrine","player_choice":"Upgraded","floor":11,"damage_taken":0},{"event_name":"Vampires","player_choice":"Ignored","floor":19,"damage_taken":0},{"event_name":"Purifier","player_choice":"One Purge","floor":20,"damage_taken":0},{"event_name":"Drug Dealer","player_choice":"Ignored","floor":25,"damage_taken":0},{"event_name":"Tomb of Lord Red Mask","player_choice":"Paid","floor":39,"damage_taken":0},{"event_name":"SensoryStone","player_choice":"Memory 3","floor":46,"damage_taken":0}],"boss_relics":[{"not_picked":["Philosopher\u0027s Stone","Calling Bell"],"picked":"Black Star"},{"not_picked":["Orrery","Snecko Eye"],"picked":"Runic Pyramid"}],"items_purged_floors":[22],"potions_floor_spawned":[1,2,7,18,24,28,30,31,36,37,45,48],"seed_played":"-582670185038428527","ascension_level":10,"potions_obtained":[{"floor":1,"key":"Fire Potion"},{"floor":2,"key":"Weak Potion"},{"floor":7,"key":"Energy Potion"},{"floor":18,"key":"FearPotion"},{"floor":24,"key":"GhostInAJar"},{"floor":28,"key":"AttackPotion"},{"floor":30,"key":"GhostInAJar"},{"floor":31,"key":"FairyPotion"},{"floor":36,"key":"LiquidBronze"},{"floor":45,"key":"Dexterity Potion"}],"is_trial":false}