{"gold_per_floor":[114,38,38,38,38,73,73,105,174,186,186,186,204,214,214,291,291,308,233,253,253,97,97,131,147,224,224,235,255,290,307,307,378,378,398,413,413,426,84,84,96,96,96,110,110,110,110,144,144,144,144,144,144,10,38,38],"floor_reached":57,"playtime":2902,"items_purged":["Pain","Strike_G","Glass Knife"],"score":2860,"play_id":"f2684db0-90b9-4676-abee-0e64c07fb79a","local_time":"20190211220338","is_ascension_mode":true,"campfire_choices":[{"data":"Noxious Fumes","floor":7.0,"key":"SMITH"},{"data":"Well Laid Plans","floor":12.0,"key":"SMITH"},{"data":"Neutralize","floor":15.0,"key":"SMITH"},{"data":"Grand Finale","floor":23.0,"key":"SMITH"},{"floor":27.0,"key":"REST"},{"floor":32.0,"key":"REST"},{"data":"Acrobatics","floor":40.0,"key":"SMITH"},{"data":"Acrobatics","floor":42.0,"key":"SMITH"},{"floor":45.0,"key":"RECALL"},{"data":"Tactician","floor":49.0,"key":"SMITH"},{"data":"Calculated Gamble","floor":53.0,"key":"SMITH"}],"neow_cost":"NONE","seed_source_timestamp":31516314956194,"circlet_count":0,"master_deck":["AscendersBane","Survivor","Neutralize+1","All Out Attack","Well Laid Plans+1","Noxious Fumes+1","Backflip","Acrobatics+1","Dash","Grand Finale+1","Tactician+1","Footwork","Crippling Poison","Caltrops","Setup","Expertise","Acrobatics+1","Calculated Gamble+1","Master of Strategy","Grand Finale"],"special_seed":0,"relics":["Ring of the Snake","NeowsBlessing","Ginger","WarpedTongs","Runic Dome","Nloth\u0027s Gift","Lantern","Singing Bowl","Darkstone Periapt","Pandora\u0027s Box","Calipers","Orichalcum","Bottled Tornado"],"potions_floor_usage":[56,56],"damage_taken":[{"damage":0.0,"enemies":"Jaw Worm","floor":1.0,"turns":1.0},{"damage":0.0,"enemies":"Gremlin Nob","floor":6.0,"turns":1.0},{"damage":0.0,"enemies":"Lagavulin","floor":8.0,"turns":1.0},{"damage":0.0,"enemies":"Small Slimes","floor":10.0,"turns":3.0},{"damage":0.0,"enemies":"Cultist","floor":13.0,"turns":4.0},{"damage":14.0,"enemies":"Blue Slaver","floor":14.0,"turns":3.0},{"damage":12.0,"enemies":"The Guardian","floor":16.0,"turns":12.0},{"damage":8.0,"enemies":"3 Byrds","floor":18.0,"turns":3.0},{"damage":9.0,"enemies":"2 Thieves","floor":20.0,"turns":5.0},{"damage":25.0,"enemies":"Book of Stabbing","floor":24.0,"turns":5.0},{"damage":3.0,"enemies":"Centurion and Healer","floor":25.0,"turns":9.0},{"damage":3.0,"enemies":"Snake Plant","floor":28.0,"turns":3.0},{"damage":12.0,"enemies":"3 Cultists","floor":29.0,"turns":4.0},{"damage":11.0,"enemies":"Gremlin Leader","floor":30.0,"turns":6.0},{"damage":7.0,"enemies":"Cultist and Chosen","floor":31.0,"turns":5.0},{"damage":3.0,"enemies":"Automaton","floor":33.0,"turns":12.0},{"damage":9.0,"enemies":"3 Darklings","floor":35.0,"turns":4.0},{"damage":8.0,"enemies":"Orb Walker","floor":36.0,"turns":2.0},{"damage":0.0,"enemies":"Jaw Worm Horde","floor":38.0,"turns":1.0},{"damage":0.0,"enemies":"Sphere and 2 Shapes","floor":41.0,"turns":1.0},{"damage":0.0,"enemies":"4 Shapes","floor":44.0,"turns":1.0},{"damage":0.0,"enemies":"Nemesis","floor":48.0,"turns":5.0},{"damage":39.0,"enemies":"Time Eater","floor":50.0,"turns":7.0},{"damage":3.0,"enemies":"Awakened One","floor":51.0,"turns":3.0},{"damage":0.0,"enemies":"Shield and Spear","floor":55.0,"turns":2.0},{"damage":58,"enemies":"The Heart","floor":56,"turns":6}],"seed_played":"6084600610291647973","potions_obtained":[{"floor":4.0,"key":"LiquidBronze"},{"floor":4.0,"key":"Strength Potion"},{"floor":18.0,"key":"AttackPotion"},{"floor":24.0,"key":"Ancient Potion"},{"floor":28.0,"key":"LiquidBronze"},{"floor":29.0,"key":"Fire Potion"},{"floor":31.0,"key":"PowerPotion"},{"floor":35.0,"key":"Energy Potion"},{"floor":38.0,"key":"FairyPotion"}],"is_trial":false,"path_per_floor":["M","$","?","?","$","E","R","E","T","M","?","R","M","M","R","B",null,"M","$","M","?","$","R","E","M","T","R","M","M","E","M","R","B",null,"M","M","?","M","$","R","M","R","T","M","R","?","$","E","R","B","B",null,"R","$","E","B",null],"character_chosen":"THE_SILENT","items_purchased":["Well Laid Plans","Fire Potion","Master of Strategy","GhostInAJar","SkillPotion"],"campfire_rested":2,"item_purchase_floors":[2,22,39,54,54],"current_hp_per_floor":[59,59,59,59,59,59,59,59,59,59,59,59,59,45,45,33,58,50,50,41,41,41,41,16,13,13,32,31,21,12,7,29,28,64,55,49,49,51,51,51,53,53,53,55,55,55,55,57,57,18,15,68,68,68,70,12],"gold":38,"neow_bonus":"THREE_ENEMY_KILL","is_prod":false,"is_daily":false,"chose_seed":false,"campfire_upgraded":8,"win_rate":0,"timestamp":1549893818,"path_taken":["M","$","?","?","$","E","R","E","T","?","?","R","?","M","R","BOSS","M","$","?","?","$","R","E","M","T","R","?","M","E","M","R","BOSS","M","M","?","?","$","R","M","R","T","M","R","?","?","E","R","BOSS","BOSS","R","$","E","BOSS"],"build_version":"2019-01-23","purchased_purges":3,"victory":true,"max_hp_per_floor":[66,66,66,66,66,66,66,66,66,66,66,66,66,66,66,66,66,66,66,66,66,66,66,66,66,66,66,68,70,72,74,74,76,76,76,78,78,80,80,80,82,82,82,84,84,84,84,86,86,86,86,86,86,86,88,88],"card_choices":[{"not_picked":["Deflect","Bane"],"picked":"All Out Attack","floor":1.0},{"not_picked":["Sucker Punch","Expertise"],"picked":"Noxious Fumes","floor":6.0},{"not_picked":["Quick Slash","Outmaneuver","Infinite Blades"],"picked":"SKIP","floor":8.0},{"not_picked":["Quick Slash","Outmaneuver","Infinite Blades"],"picked":"SKIP","floor":8.0},{"not_picked":["Unload","Dagger Spray"],"picked":"Backflip","floor":10.0},{"not_picked":["Poisoned Stab","Dagger Spray"],"picked":"Acrobatics","floor":13.0},{"not_picked":["Slice","Deflect"],"picked":"Dash","floor":14.0},{"not_picked":["Burst","Adrenaline"],"picked":"Grand Finale","floor":16.0},{"not_picked":["Deflect","Cloak And Dagger","Finisher"],"picked":"SKIP","floor":18.0},{"not_picked":["Slice","Dagger Throw","Dodge and Roll"],"picked":"SKIP","floor":20.0},{"not_picked":["Grand Finale","Deflect","Blade Dance"],"picked":"SKIP","floor":24.0},{"not_picked":["Backstab","Skewer","Poisoned Stab"],"picked":"SKIP","floor":25.0},{"not_picked":["Reflex+1","Flying Knee","PiercingWail"],"picked":"Singing Bowl","floor":28.0},{"not_picked":["Setup","Sucker Punch","Dash"],"picked":"Singing Bowl","floor":29.0},{"not_picked":["Blade Dance","Dodge and Roll","Die Die Die"],"picked":"Singing Bowl","floor":30.0},{"not_picked":["Slice","Dodge and Roll","Sucker Punch"],"picked":"Singing Bowl","floor":31.0},{"not_picked":["Glass Knife","Grand Finale","A Thousand Cuts"],"picked":"Singing Bowl","floor":33.0},{"not_picked":["Footwork","Prepared+1"],"picked":"Acrobatics","floor":35.0},{"not_picked":["PiercingWail","Outmaneuver","Cloak And Dagger+1"],"picked":"Singing Bowl","floor":36.0},{"not_picked":["Bullet Time","Heel Hook","Malaise"],"picked":"Singing Bowl","floor":38.0},{"not_picked":["Poisoned Stab","Outmaneuver","Underhanded Strike"],"picked":"Singing Bowl","floor":41.0},{"not_picked":["Slice+1","PiercingWail","Poisoned Stab"],"picked":"Singing Bowl","floor":44.0},{"not_picked":["Envenom","Dodge and Roll+1","Backstab+1"],"picked":"Singing Bowl","floor":48.0},{"not_picked":["Underhanded Strike","Envenom","Predator"],"picked":"Singing Bowl","floor":55.0}],"player_experience":2619020,"relics_obtained":[{"floor":6.0,"key":"Ginger"},{"floor":8.0,"key":"The Specimen"},{"floor":24.0,"key":"Lantern"},{"floor":26.0,"key":"Singing Bowl"},{"floor":30.0,"key":"Darkstone Periapt"},{"floor":43.0,"key":"Calipers"},{"floor":48.0,"key":"Orichalcum"},{"floor":55.0,"key":"Bottled Tornado"}],"event_choices":[{"damage_healed":0.0,"max_hp_gain":0.0,"max_hp_loss":0.0,"gold_gain":0.0,"event_name":"The Cleric","player_choice":"Leave","floor":3.0,"gold_loss":0.0,"damage_taken":0.0},{"damage_healed":0.0,"max_hp_gain":0.0,"max_hp_loss":0.0,"gold_gain":0.0,"event_name":"Lab","player_choice":"Got Potions","floor":4.0,"gold_loss":0.0,"damage_taken":0.0},{"damage_healed":0.0,"max_hp_gain":0.0,"max_hp_loss":0.0,"gold_gain":0.0,"event_name":"Accursed Blacksmith","player_choice":"Rummage","floor":11.0,"gold_loss":0.0,"damage_taken":0.0,"relics_obtained":["WarpedTongs"],"cards_obtained":["Pain"]},{"damage_healed":0.0,"max_hp_gain":0.0,"max_hp_loss":0.0,"gold_gain":0.0,"event_name":"N\u0027loth","player_choice":"Traded Relic","floor":21.0,"relics_lost":["The Specimen"],"gold_loss":0.0,"damage_taken":0.0,"relics_obtained":["Nloth\u0027s Gift"]},{"damage_healed":0.0,"max_hp_gain":0.0,"max_hp_loss":0.0,"gold_gain":0.0,"cards_transformed":["Masterful Stab"],"event_name":"Transmorgrifier","player_choice":"Transformed","floor":37.0,"gold_loss":0.0,"damage_taken":0.0,"cards_obtained":["Calculated Gamble"]},{"damage_healed":0.0,"max_hp_gain":0.0,"max_hp_loss":0.0,"gold_gain":0.0,"cards_transformed":["Glass Knife"],"event_name":"Transmorgrifier","player_choice":"Transformed","floor":46.0,"gold_loss":0.0,"damage_taken":0.0,"cards_obtained":["Grand Finale"]}],"is_beta":false,"boss_relics":[{"not_picked":["Calling Bell","White Beast Statue"],"picked":"Runic Dome"},{"not_picked":["Orrery","Tiny House"],"picked":"Pandora\u0027s Box"}],"items_purged_floors":[19,22,39],"is_endless":false,"potions_floor_spawned":[10,13,14,16,18,24,28,29,31,35,38,41,55],"ascension_level":20}