{"gold_per_floor":[116,116,126,139,92,92,121,121,190,115,115,128,148,65,65,139,139,150,150,126,176,186,186],"floor_reached":23,"playtime":1019,"items_purged":[],"score":532,"play_id":"b2828c81-8661-480a-95a8-a73eeab690ac","local_time":"20181126223606","is_ascension_mode":true,"campfire_choices":[{"data":"Deadly Poison","floor":6.0,"key":"SMITH"},{"data":"Acrobatics","floor":8,"key":"SMITH"},{"floor":11,"key":"RECALL"},{"data":"Reflex","floor":15,"key":"SMITH"}],"neow_cost":"PERCENT_DAMAGE","seed_source_timestamp":8991323400150,"circlet_count":0,"master_deck":["AscendersBane","Defend_G","Defend_G","Defend_G","Defend_G","Strike_G","Strike_G","Strike_G","Survivor","Neutralize+1","Well Laid Plans+1","Blur","Deadly Poison+1","Acrobatics+1","Reflex+1","Tactician","Calculated Gamble","Acrobatics+1"],"special_seed":0,"relics":["Ring of the Snake","Art of War","Singing Bowl","Black Star"],"potions_floor_usage":[7,16,18,23,23],"damage_taken":[{"damage":1.0,"enemies":"Jaw Worm","floor":1.0,"turns":4.0},{"damage":0.0,"enemies":"2 Louse","floor":3.0,"turns":4.0},{"damage":0.0,"enemies":"Cultist","floor":4.0,"turns":4.0},{"damage":0,"enemies":"Lagavulin","floor":7,"turns":7},{"damage":1,"enemies":"2 Fungi Beasts","floor":12,"turns":4},{"damage":8,"enemies":"Lots of Slimes","floor":13,"turns":7},{"damage":0,"enemies":"The Guardian","floor":16,"turns":12},{"damage":22,"enemies":"3 Byrds","floor":18,"turns":6},{"damage":14,"enemies":"2 Thieves","floor":20,"turns":4},{"damage":10,"enemies":"Centurion and Healer","floor":22,"turns":9},{"damage":1,"enemies":"Gremlin Leader","floor":23,"turns":4}],"seed_played":"-425869318582531823","potions_obtained":[{"floor":3.0,"key":"Poison Potion"},{"floor":12,"key":"Dexterity Potion"},{"floor":16,"key":"GamblersBrew"},{"floor":20,"key":"GamblersBrew"},{"floor":22,"key":"GhostInAJar"}],"is_trial":false,"path_per_floor":["M","?","M","M","?","R","E","R","T","?","R","M","M","$","R","B",null,"M","?","M","?","M","E"],"character_chosen":"THE_SILENT","items_purchased":["Tactician"],"campfire_rested":0,"item_purchase_floors":[14],"current_hp_per_floor":[43,23,23,23,23,23,23,23,23,23,23,22,16,16,16,18,57,35,35,23,23,15,14],"gold":186,"neow_bonus":"REMOVE_TWO","is_prod":false,"is_daily":false,"chose_seed":false,"campfire_upgraded":3,"win_rate":0,"timestamp":1543242966,"path_taken":["M","?","M","M","?","R","E","R","T","?","R","M","M","$","R","BOSS","M","?","?","?","?","E"],"build_version":"2018-11-15","purchased_purges":0,"victory":false,"max_hp_per_floor":[66,66,66,66,66,66,66,66,66,66,66,66,68,68,68,70,70,70,70,72,72,74,74],"card_choices":[{"not_picked":["Bane","Poisoned Stab"],"picked":"Well Laid Plans","floor":1.0},{"not_picked":["Flying Knee","Backflip"],"picked":"Blur","floor":3.0},{"not_picked":["Bane","Slice"],"picked":"Deadly Poison","floor":4.0},{"not_picked":["Deflect","Footwork"],"picked":"Acrobatics","floor":7},{"not_picked":["Prepared","Terror"],"picked":"Reflex","floor":12},{"not_picked":["Choke","Deflect","Flying Knee"],"picked":"Singing Bowl","floor":13},{"not_picked":["Corpse Explosion","Malaise","Venomology"],"picked":"Singing Bowl","floor":16},{"not_picked":["Backstab","Backflip"],"picked":"Calculated Gamble","floor":18},{"not_picked":["PiercingWail","Sucker Punch","Infinite Blades"],"picked":"Singing Bowl","floor":20},{"not_picked":["Noxious Fumes+1","Deflect","Accuracy"],"picked":"Singing Bowl","floor":22}],"player_experience":1163591,"relics_obtained":[{"floor":7,"key":"Art of War"},{"floor":9,"key":"Singing Bowl"}],"event_choices":[{"damage_healed":0.0,"max_hp_gain":0.0,"max_hp_loss":0.0,"gold_gain":0.0,"event_name":"Shining Light","player_choice":"Entered Light","floor":2.0,"gold_loss":0.0,"damage_taken":20.0,"cards_upgraded":["Neutralize","Well Laid Plans"]},{"damage_healed":0.0,"max_hp_gain":0.0,"max_hp_loss":0.0,"gold_gain":0.0,"event_name":"World of Goop","player_choice":"Left Gold","floor":5.0,"gold_loss":47.0,"damage_taken":0.0},{"cards_removed":["Strike_G"],"damage_healed":0,"gold_gain":0,"player_choice":"Card Removal","damage_taken":0,"max_hp_gain":0,"max_hp_loss":0,"event_name":"The Cleric","floor":10,"gold_loss":75},{"damage_healed":0,"gold_gain":0,"player_choice":"Copied","damage_taken":0,"max_hp_gain":0,"max_hp_loss":0,"event_name":"Duplicator","floor":19,"gold_loss":0,"cards_obtained":["Acrobatics"]},{"damage_healed":0,"gold_gain":50,"player_choice":"Pray","damage_taken":0,"max_hp_gain":0,"max_hp_loss":0,"event_name":"Golden Shrine","floor":21,"gold_loss":0}],"is_beta":true,"boss_relics":[{"not_picked":["Busted Crown","Empty Cage"],"picked":"Black Star"}],"items_purged_floors":[],"is_endless":false,"potions_floor_spawned":[3,12,16,20,22],"killed_by":"Gremlin Leader","ascension_level":20}