{"gold_per_floor":[111,121,131,131,144,144,157,157,209,221,237,249,174,174,174,248,248,263,263,135,112,112,112,123,142,142,142,142,142,153,153,153,232,232,251,351,351,362,362,362,373,386,386,386,399,426,445,456,456,456,456],"floor_reached":52,"playtime":4582,"items_purged":["Decay","Strike_G"],"score":1600,"play_id":"75648153-60a5-4c5f-8ca4-d329b5f83dbb","local_time":"20190105002018","is_ascension_mode":true,"campfire_choices":[{"data":"Noxious Fumes","floor":6.0,"key":"SMITH"},{"data":"Neutralize","floor":8.0,"key":"SMITH"},{"data":"Noxious Fumes","floor":15.0,"key":"SMITH"},{"data":"Footwork","floor":23.0,"key":"SMITH"},{"floor":27.0,"key":"REST"},{"floor":29.0,"key":"REST"},{"data":"Adrenaline","floor":32.0,"key":"SMITH"},{"data":"Adrenaline","floor":40,"key":"SMITH"},{"data":"Well Laid Plans","floor":44,"key":"SMITH"},{"floor":49,"key":"REST"}],"neow_cost":"NONE","seed_source_timestamp":15523797757446,"circlet_count":0,"master_deck":["AscendersBane","Defend_G","Defend_G","Defend_G","Defend_G","Defend_G","Strike_G","Strike_G","Survivor","Neutralize+1","Noxious Fumes+1","PiercingWail","Noxious Fumes+1","Footwork+1","Adrenaline+1","Blur+1","Backflip","Escape Plan","Adrenaline+1","Footwork+1","Well Laid Plans+1","Backflip+1","Footwork"],"special_seed":0,"relics":["Ring of the Snake","NeowsBlessing","Vajra","Empty Cage","Pear","Dream Catcher","Sozu","Calipers","Singing Bowl","Art of War"],"potions_floor_usage":[41,42],"damage_taken":[{"damage":0.0,"enemies":"Jaw Worm","floor":1.0,"turns":1.0},{"damage":0.0,"enemies":"Cultist","floor":2.0,"turns":1.0},{"damage":0.0,"enemies":"Small Slimes","floor":3.0,"turns":1.0},{"damage":16.0,"enemies":"Exordium Wildlife","floor":5.0,"turns":5.0},{"damage":4.0,"enemies":"Blue Slaver","floor":7.0,"turns":6.0},{"damage":25.0,"enemies":"Large Slime","floor":10.0,"turns":8.0},{"damage":10.0,"enemies":"Looter","floor":11.0,"turns":3.0},{"damage":12.0,"enemies":"Exordium Thugs","floor":12.0,"turns":7.0},{"damage":3.0,"enemies":"Hexaghost","floor":16.0,"turns":9.0},{"damage":4.0,"enemies":"Shell Parasite","floor":18.0,"turns":7.0},{"damage":0.0,"enemies":"2 Thieves","floor":21.0,"turns":5.0},{"damage":0.0,"enemies":"Sentry and Sphere","floor":24.0,"turns":6.0},{"damage":20.0,"enemies":"Centurion and Healer","floor":25.0,"turns":8.0},{"damage":4.0,"enemies":"Shelled Parasite and Fungi","floor":30.0,"turns":8.0},{"damage":59.0,"enemies":"Collector","floor":33.0,"turns":12.0},{"damage":0,"enemies":"3 Darklings","floor":35,"turns":5},{"damage":0,"enemies":"Mind Bloom Boss Battle","floor":36,"turns":9},{"damage":0,"enemies":"Orb Walker","floor":38,"turns":6},{"damage":0,"enemies":"4 Shapes","floor":41,"turns":7},{"damage":23,"enemies":"Transient","floor":42,"turns":6},{"damage":0,"enemies":"Spire Growth","floor":45,"turns":9},{"damage":2,"enemies":"Writhing Mass","floor":47,"turns":10},{"damage":0,"enemies":"Maw","floor":48,"turns":12},{"damage":24,"enemies":"Donu and Deca","floor":50,"turns":14},{"damage":24,"enemies":"Time Eater","floor":51,"turns":20}],"seed_played":"6855954524490406686","potions_obtained":[{"floor":1.0,"key":"FearPotion"},{"floor":5.0,"key":"Regen Potion"},{"floor":11.0,"key":"PowerPotion"},{"floor":12.0,"key":"SkillPotion"},{"floor":16.0,"key":"Energy Potion"},{"floor":18.0,"key":"Dexterity Potion"},{"floor":25.0,"key":"GamblersBrew"},{"floor":33.0,"key":"PowerPotion"}],"is_trial":false,"path_per_floor":["M","M","M","?","M","R","M","R","T","M","M","M","$","?","R","B",null,"M","?","$","M","?","R","M","M","T","R","T","R","M","?","R","B",null,"M","?","?","M","?","R","M","M","T","R","M","T","M","M","R","B","B",null],"character_chosen":"THE_SILENT","items_purchased":["Backflip"],"campfire_rested":3,"item_purchase_floors":[20],"current_hp_per_floor":[59,59,59,59,43,43,39,39,39,29,19,7,7,7,7,4,51,47,29,29,29,43,43,43,23,33,57,57,81,77,77,77,18,65,65,65,65,65,65,65,65,42,42,42,42,42,40,40,64,40,16],"gold":456,"neow_bonus":"THREE_ENEMY_KILL","is_prod":false,"is_daily":false,"chose_seed":false,"campfire_upgraded":7,"win_rate":0,"timestamp":1546618818,"path_taken":["M","M","M","?","M","R","M","R","T","M","M","?","?","?","R","BOSS","M","?","$","M","?","R","M","M","T","R","?","R","M","?","R","BOSS","M","?","?","M","?","R","?","M","T","R","?","?","M","M","R","BOSS","BOSS"],"build_version":"2019-01-03v3","purchased_purges":2,"victory":true,"max_hp_per_floor":[66,66,66,66,66,66,66,66,66,66,66,66,66,66,66,66,66,66,71,71,71,71,71,71,71,81,81,81,81,81,81,81,81,81,81,81,81,81,81,81,81,81,81,81,81,81,81,81,81,81,81],"card_choices":[{"not_picked":["Crippling Poison","Dagger Spray","Flying Knee"],"picked":"SKIP","floor":1.0},{"not_picked":["Dagger Throw","Outmaneuver"],"picked":"Noxious Fumes","floor":2.0},{"not_picked":["Quick Slash","Sucker Punch","Concentrate"],"picked":"SKIP","floor":3.0},{"not_picked":["Flechettes","Flying Knee","Poisoned Stab"],"picked":"SKIP","floor":5.0},{"not_picked":["PiercingWail","Quick Slash","Envenom"],"picked":"SKIP","floor":7.0},{"not_picked":["PiercingWail","Dodge and Roll","Sucker Punch"],"picked":"SKIP","floor":10.0},{"not_picked":["Dodge and Roll","Sucker Punch"],"picked":"PiercingWail","floor":10.0},{"not_picked":["Quick Slash","Bullet Time"],"picked":"Noxious Fumes","floor":11.0},{"not_picked":["Dagger Spray","Deadly Poison"],"picked":"Footwork","floor":12.0},{"not_picked":["Storm of Steel","Wraith Form v2"],"picked":"Adrenaline","floor":16.0},{"not_picked":["Cloak And Dagger","Flechettes"],"picked":"Blur+1","floor":18.0},{"not_picked":["Flechettes","Prepared","Crippling Poison+1"],"picked":"SKIP","floor":21.0},{"not_picked":["Skewer","Setup","Prepared"],"picked":"SKIP","floor":24.0},{"not_picked":["Underhanded Strike","Dagger Throw"],"picked":"Escape Plan","floor":25.0},{"not_picked":["Poisoned Stab","Reflex","Prepared"],"picked":"SKIP","floor":30.0},{"not_picked":["Burst","Envenom"],"picked":"Adrenaline","floor":33.0},{"not_picked":["Crippling Poison+1","Cloak And Dagger","Deadly Poison"],"picked":"SKIP","floor":35},{"not_picked":["Calculated Gamble+1","Skewer","Deflect+1"],"picked":"SKIP","floor":38},{"not_picked":["Underhanded Strike","Blade Dance"],"picked":"Well Laid Plans","floor":41},{"not_picked":["Blade Dance","Eviscerate"],"picked":"Backflip+1","floor":42},{"not_picked":["Bane","Reflex","Acrobatics"],"picked":"SKIP","floor":45},{"not_picked":["Deadly Poison","Prepared"],"picked":"Footwork","floor":47},{"not_picked":["Masterful Stab+1","Tactician","Crippling Poison+1"],"picked":"SKIP","floor":48}],"player_experience":1733930,"relics_obtained":[{"floor":9.0,"key":"Vajra"},{"floor":26.0,"key":"Pear"},{"floor":28.0,"key":"Dream Catcher"},{"floor":36,"key":"Calipers"},{"floor":43,"key":"Singing Bowl"},{"floor":46,"key":"Art of War"}],"event_choices":[{"damage_healed":0.0,"max_hp_gain":0.0,"max_hp_loss":0.0,"gold_gain":0.0,"event_name":"Wheel of Change","player_choice":"Cursed","floor":4.0,"gold_loss":0.0,"damage_taken":0.0,"cards_obtained":["Decay"]},{"damage_healed":0.0,"max_hp_gain":0.0,"max_hp_loss":0.0,"gold_gain":0.0,"event_name":"Golden Wing","player_choice":"Ignored","floor":14.0,"gold_loss":0.0,"damage_taken":0.0},{"damage_healed":0.0,"max_hp_gain":5.0,"max_hp_loss":0.0,"gold_gain":0.0,"event_name":"Forgotten Altar","player_choice":"Shed Blood","floor":19.0,"gold_loss":0.0,"damage_taken":23.0},{"damage_healed":14.0,"max_hp_gain":0.0,"max_hp_loss":0.0,"gold_gain":0.0,"event_name":"The Library","player_choice":"Heal","floor":22.0,"gold_loss":0.0,"damage_taken":0.0},{"damage_healed":0.0,"max_hp_gain":0.0,"max_hp_loss":0.0,"gold_gain":0.0,"event_name":"Ghosts","player_choice":"Ignored","floor":31.0,"gold_loss":0.0,"damage_taken":0.0},{"damage_healed":0,"gold_gain":0,"player_choice":"Fight","damage_taken":0,"max_hp_gain":0,"max_hp_loss":0,"event_name":"MindBloom","floor":36,"gold_loss":0},{"damage_healed":0,"gold_gain":0,"player_choice":"Ignored","damage_taken":0,"max_hp_gain":0,"max_hp_loss":0,"event_name":"Mysterious Sphere","floor":37,"gold_loss":0},{"damage_healed":0,"gold_gain":0,"player_choice":"Copied","damage_taken":0,"max_hp_gain":0,"max_hp_loss":0,"event_name":"Duplicator","floor":39,"gold_loss":0,"cards_obtained":["Footwork"]}],"is_beta":false,"boss_relics":[{"not_picked":["Lizard Tail","Snecko Eye"],"picked":"Empty Cage"},{"not_picked":["Tiny House","Black Star"],"picked":"Sozu"}],"items_purged_floors":[13,20],"is_endless":false,"potions_floor_spawned":[1,5,11,12,16,18,25,33,35,42,48],"ascension_level":20}