{"gold_per_floor":[118,118,118,37,37,63,63,92,92,112,112,130,130,141,141,215,215,231,146,164,164,189,189,202,202,202,90,120,120,136,61,61,138,138,157,157,208,108,127,162,37,62,62,93,93,125,135,135,135,135,135,135,4,36,36],"floor_reached":56,"playtime":1847,"items_purged":["Strike_G","Dagger Spray","Defend_G","Defend_G"],"score":2696,"play_id":"5a0e8e03-e7ff-4ed8-8f01-28dfaab8f8f6","local_time":"20190225014021","is_ascension_mode":true,"campfire_choices":[{"data":"Blade Dance","floor":7,"key":"SMITH"},{"data":"Calculated Gamble","floor":13,"key":"SMITH"},{"data":"Accuracy","floor":15,"key":"SMITH"},{"data":"Neutralize","floor":23,"key":"SMITH"},{"data":"Venomology","floor":25,"key":"SMITH"},{"data":"Footwork","floor":29,"key":"SMITH"},{"data":"After Image","floor":32,"key":"SMITH"},{"floor":49,"key":"RECALL"},{"data":"Dash","floor":52,"key":"SMITH"}],"neow_cost":"NONE","seed_source_timestamp":624061353453888,"circlet_count":0,"master_deck":["AscendersBane","Defend_G+1","Defend_G","Defend_G+1","Survivor","Neutralize+1","Cloak And Dagger+1","Accuracy+1","Blade Dance+1","Calculated Gamble+1","Dash+1","Backflip+1","After Image+1","Infinite Blades","Venomology+1","Footwork+1","Flechettes+1","Terror+1","Tactician+1","Acrobatics+1","PiercingWail+1","Escape Plan+1","Impatience+1"],"relics":["Ring of the Snake","NeowsBlessing","Ornamental Fan","Omamori","Shuriken","Bird Faced Urn","Paper Crane","Runic Pyramid","Lantern","War Paint","Blue Candle","Toxic Egg 2","Philosopher\u0027s Stone","Pocketwatch","Sundial","Unceasing Top","Boot","Smiling Mask","Pantograph"],"potions_floor_usage":[16,16,30,33,35,37,39,40,44,54,54,55,55],"damage_taken":[{"damage":0,"enemies":"Cultist","floor":1,"turns":1},{"damage":0,"enemies":"Lagavulin","floor":6,"turns":1},{"damage":0,"enemies":"3 Sentries","floor":8,"turns":1},{"damage":0,"enemies":"Jaw Worm","floor":10,"turns":3},{"damage":0,"enemies":"2 Louse","floor":12,"turns":2},{"damage":0,"enemies":"2 Fungi Beasts","floor":14,"turns":3},{"damage":0,"enemies":"Hexaghost","floor":16,"turns":8},{"damage":0,"enemies":"2 Thieves","floor":18,"turns":4},{"damage":6,"enemies":"Shell Parasite","floor":20,"turns":3},{"damage":0,"enemies":"Centurion and Healer","floor":24,"turns":5},{"damage":33,"enemies":"Slavers","floor":28,"turns":6},{"damage":0,"enemies":"Cultist and Chosen","floor":30,"turns":5},{"damage":0,"enemies":"Champ","floor":33,"turns":7},{"damage":0,"enemies":"3 Darklings","floor":35,"turns":5},{"damage":1,"enemies":"2 Orb Walkers","floor":37,"turns":5},{"damage":0,"enemies":"3 Shapes","floor":39,"turns":5},{"damage":0,"enemies":"Reptomancer","floor":40,"turns":5},{"damage":0,"enemies":"Giant Head","floor":42,"turns":5},{"damage":0,"enemies":"Nemesis","floor":44,"turns":5},{"damage":0,"enemies":"Reptomancer","floor":46,"turns":4},{"damage":0,"enemies":"Spire Growth","floor":47,"turns":3},{"damage":0,"enemies":"Awakened One","floor":50,"turns":8},{"damage":6,"enemies":"Shield and Spear","floor":54,"turns":6},{"damage":0,"enemies":"The Heart","floor":55,"turns":8}],"seed_played":"7217562980197659243","potions_obtained":[{"floor":6,"key":"Strength Potion"},{"floor":10,"key":"Energy Potion"},{"floor":16,"key":"FearPotion"},{"floor":44,"key":"Dexterity Potion"},{"floor":54,"key":"Fire Potion"}],"is_trial":false,"path_per_floor":["M","?","?","$","?","E","R","E","T","M","T","M","R","M","R","B",null,"M","?","M","?","T","R","M","R","T","$","E","R","M","?","R","B",null,"M","?","?","$","M","E","$","E","T","E","?","E","M","?","R","B",null,"R","$","E","B",null],"character_chosen":"THE_SILENT","items_purchased":["Accuracy","Footwork","Impatience+1"],"campfire_rested":0,"item_purchase_floors":[4,27,53],"current_hp_per_floor":[59,39,34,34,27,27,27,27,27,27,27,27,27,29,29,31,57,61,61,59,59,59,59,65,65,65,65,39,39,47,47,47,55,63,66,66,66,66,66,66,66,66,66,66,63,63,63,63,63,63,63,63,63,61,63],"gold":36,"neow_bonus":"THREE_ENEMY_KILL","is_prod":false,"is_daily":false,"chose_seed":false,"campfire_upgraded":8,"win_rate":0,"timestamp":1551030021,"path_taken":["M","?","?","$","?","E","R","E","T","M","?","M","R","M","R","BOSS","M","?","M","?","?","R","M","R","T","$","E","R","M","?","R","BOSS","M","?","?","$","M","E","$","E","T","E","?","E","M","?","R","BOSS","R","$","E","BOSS"],"build_version":"2019-01-23","purchased_purges":4,"victory":true,"max_hp_per_floor":[66,66,66,66,66,66,66,66,66,66,66,66,66,66,66,66,66,66,66,66,66,66,66,66,66,66,66,66,66,66,66,66,66,66,66,66,66,66,66,66,66,66,66,66,63,63,63,63,63,63,63,63,63,63,63],"card_choices":[{"not_picked":["Deflect","Bane"],"picked":"Cloak And Dagger","floor":1},{"not_picked":["Sucker Punch","Accuracy"],"picked":"Blade Dance","floor":6},{"not_picked":["Flying Knee","Dagger Throw"],"picked":"Calculated Gamble","floor":8},{"not_picked":["Choke","Flying Knee"],"picked":"Dash","floor":10},{"not_picked":["Quick Slash","Terror"],"picked":"Backflip","floor":12},{"not_picked":["Dagger Spray","Riddle With Holes","Blade Dance"],"picked":"SKIP","floor":14},{"not_picked":["Corpse Explosion","Grand Finale"],"picked":"After Image","floor":16},{"not_picked":["Acrobatics","Accuracy"],"picked":"Infinite Blades","floor":18},{"not_picked":["Bane","Cloak And Dagger","Blade Dance"],"picked":"SKIP","floor":20},{"not_picked":["Calculated Gamble","Underhanded Strike","PiercingWail"],"picked":"SKIP","floor":24},{"not_picked":["Leg Sweep","Heel Hook","Deflect+1"],"picked":"SKIP","floor":28},{"not_picked":["Flying Knee","Expertise+1"],"picked":"Flechettes+1","floor":30},{"not_picked":["Acrobatics+1","Bane"],"picked":"Terror+1","floor":35},{"not_picked":["Finisher","Backflip+1"],"picked":"Tactician+1","floor":37},{"not_picked":["Backflip+1","Deadly Poison+1","Dagger Throw"],"picked":"SKIP","floor":39},{"not_picked":["After Image","Backflip+1"],"picked":"Acrobatics+1","floor":40},{"not_picked":["Footwork","Bouncing Flask+1"],"picked":"PiercingWail+1","floor":42},{"not_picked":["Masterful Stab","Terror+1"],"picked":"Escape Plan+1","floor":44},{"not_picked":["Infinite Blades+1","Accuracy+1","Masterful Stab"],"picked":"SKIP","floor":46},{"not_picked":["Escape Plan+1","Accuracy","Poisoned Stab"],"picked":"SKIP","floor":47},{"not_picked":["PiercingWail+1","Masterful Stab","Setup+1"],"picked":"SKIP","floor":54}],"player_experience":988159,"relics_obtained":[{"floor":6,"key":"Omamori"},{"floor":8,"key":"Shuriken"},{"floor":9,"key":"Bird Faced Urn"},{"floor":11,"key":"Paper Crane"},{"floor":22,"key":"War Paint"},{"floor":26,"key":"Blue Candle"},{"floor":28,"key":"Toxic Egg 2"},{"floor":37,"key":"Pocketwatch"},{"floor":40,"key":"Sundial"},{"floor":42,"key":"Unceasing Top"},{"floor":44,"key":"Boot"},{"floor":46,"key":"Smiling Mask"},{"floor":54,"key":"Pantograph"}],"event_choices":[{"damage_healed":0,"gold_gain":0,"player_choice":"Entered Light","damage_taken":20,"max_hp_gain":0,"max_hp_loss":0,"event_name":"Shining Light","floor":2,"gold_loss":0,"cards_upgraded":["Cloak And Dagger","Defend_G"]},{"damage_healed":0,"gold_gain":0,"player_choice":"Success","damage_taken":5,"relics_obtained":["Ornamental Fan"],"max_hp_gain":0,"max_hp_loss":0,"event_name":"Scrap Ooze","floor":3,"gold_loss":0},{"cards_removed":["Strike_G"],"damage_healed":0,"gold_gain":0,"player_choice":"Card Removal","damage_taken":7,"max_hp_gain":0,"max_hp_loss":0,"event_name":"Golden Wing","floor":5,"gold_loss":0},{"damage_healed":0,"gold_gain":0,"player_choice":"Obtained Relic","damage_taken":0,"relics_obtained":["Lantern"],"max_hp_gain":0,"max_hp_loss":0,"event_name":"Addict","floor":19,"gold_loss":85},{"damage_healed":0,"gold_gain":0,"cards_transformed":["Strike_G","Strike_G"],"player_choice":"Became Test Subject","damage_taken":0,"max_hp_gain":0,"max_hp_loss":0,"event_name":"Drug Dealer","floor":21,"gold_loss":0,"cards_obtained":["Dagger Spray","Venomology"]},{"cards_removed":["Strike_G"],"damage_healed":0,"gold_gain":0,"player_choice":"Gave Gold","damage_taken":0,"max_hp_gain":0,"max_hp_loss":0,"event_name":"Beggar","floor":31,"gold_loss":75},{"damage_healed":0,"gold_gain":0,"player_choice":"Ignored","damage_taken":0,"max_hp_gain":0,"max_hp_loss":0,"event_name":"Tomb of Lord Red Mask","floor":36,"gold_loss":0},{"damage_healed":0,"gold_gain":0,"player_choice":"Fight","damage_taken":0,"max_hp_gain":0,"max_hp_loss":0,"event_name":"Mysterious Sphere","floor":37,"gold_loss":0},{"damage_healed":0,"gold_gain":0,"player_choice":"Max HP","damage_taken":0,"max_hp_gain":0,"max_hp_loss":3,"event_name":"Winding Halls","floor":45,"gold_loss":0},{"damage_healed":0,"gold_gain":0,"player_choice":"Memory 1","damage_taken":0,"max_hp_gain":0,"max_hp_loss":0,"event_name":"SensoryStone","floor":48,"gold_loss":0}],"is_beta":false,"boss_relics":[{"not_picked":["Tiny House","Ectoplasm"],"picked":"Runic Pyramid"},{"not_picked":["Calling Bell","Eternal Feather"],"picked":"Philosopher\u0027s Stone"}],"items_purged_floors":[27,38,41,53],"is_endless":false,"potions_floor_spawned":[6,10,16,24,37,44,46,54],"ascension_level":15}