{"gold_per_floor":[360,370,445,445,459,459,469,469,494,494,152,180,230,249,249,249],"floor_reached":16,"playtime":502,"items_purged":["Strike_G"],"score":199,"play_id":"b2547636-072c-4fbc-9443-424c8a0c9477","local_time":"20190720102132","is_ascension_mode":true,"campfire_choices":[{"data":"Reflex","floor":6,"key":"SMITH"},{"data":"Accuracy","floor":15,"key":"SMITH"}],"neow_cost":"CURSE","seed_source_timestamp":1127554193160005,"circlet_count":0,"master_deck":["AscendersBane","Strike_G","Strike_G","Strike_G","Strike_G","Defend_G","Defend_G","Defend_G","Defend_G","Defend_G","Survivor","Neutralize","Dagger Throw","Reflex+1","Underhanded Strike","Acrobatics","Accuracy+1","Cloak And Dagger+1"],"special_seed":0,"relics":["Ring of the Snake","Spirit Poop","Pen Nib","SsserpentHead","Juzu Bracelet","Sundial"],"potions_floor_usage":[12,16],"damage_taken":[{"damage":4,"enemies":"2 Louse","floor":1,"turns":3},{"damage":1,"enemies":"Cultist","floor":2,"turns":4},{"damage":7,"enemies":"Small Slimes","floor":5,"turns":4},{"damage":0,"enemies":"Gremlin Gang","floor":7,"turns":7},{"damage":20,"enemies":"3 Sentries","floor":12,"turns":11},{"damage":11,"enemies":"Exordium Wildlife","floor":14,"turns":6},{"damage":5,"enemies":"Hexaghost","floor":16,"turns":7}],"seed_played":"-5896695131013088368","potions_obtained":[{"floor":1,"key":"Swift Potion"},{"floor":7,"key":"Strength Potion"},{"floor":12,"key":"SteroidPotion"}],"is_trial":false,"path_per_floor":["M","M","?","?","M","R","M","T","T","?","$","E","?","M","R","B"],"character_chosen":"THE_SILENT","items_purchased":["Juzu Bracelet","Accuracy","Cloak And Dagger"],"campfire_rested":0,"item_purchase_floors":[11,11,11],"current_hp_per_floor":[55,54,43,43,36,36,36,36,36,36,36,16,16,5,5,0],"gold":249,"neow_bonus":"TWO_FIFTY_GOLD","is_prod":false,"is_daily":false,"chose_seed":false,"campfire_upgraded":2,"win_rate":0,"timestamp":1563589292,"path_taken":["M","M","?","?","M","R","?","?","T","?","$","E","?","M","R","BOSS"],"build_version":"2019-07-17","purchased_purges":1,"victory":false,"max_hp_per_floor":[66,66,66,66,66,66,66,66,66,66,66,66,66,66,66,66],"card_choices":[{"not_picked":["Cloak And Dagger","Prepared"],"picked":"Dagger Throw","floor":1},{"not_picked":["Quick Slash","Terror"],"picked":"Reflex","floor":2},{"not_picked":["Cloak And Dagger","Expertise"],"picked":"Underhanded Strike","floor":5},{"not_picked":["Deadly Poison","Prepared"],"picked":"Acrobatics","floor":7},{"not_picked":["Dagger Throw","Bane","All Out Attack"],"picked":"SKIP","floor":12},{"not_picked":["Deflect","Prepared","Underhanded Strike"],"picked":"SKIP","floor":14}],"player_experience":1636116,"relics_obtained":[{"floor":9,"key":"Pen Nib"},{"floor":12,"key":"Sundial"}],"event_choices":[{"damage_healed":0,"gold_gain":75,"player_choice":"Gather Gold","damage_taken":11,"max_hp_gain":0,"max_hp_loss":0,"event_name":"World of Goop","floor":3,"gold_loss":0},{"cards_removed":["Regret"],"damage_healed":0,"gold_gain":0,"player_choice":"Offered Curse","damage_taken":0,"relics_obtained":["Spirit Poop"],"max_hp_gain":0,"max_hp_loss":0,"event_name":"Bonfire Elementals","floor":4,"gold_loss":0},{"damage_healed":0,"gold_gain":0,"player_choice":"Trade","damage_taken":0,"relics_obtained":["SsserpentHead"],"max_hp_gain":0,"max_hp_loss":0,"event_name":"FaceTrader","floor":10,"gold_loss":0},{"damage_healed":0,"gold_gain":0,"player_choice":"Upgraded","damage_taken":0,"max_hp_gain":0,"max_hp_loss":0,"event_name":"Upgrade Shrine","floor":13,"gold_loss":0,"cards_upgraded":["Cloak And Dagger"]}],"is_beta":false,"boss_relics":[],"items_purged_floors":[11],"is_endless":false,"potions_floor_spawned":[1,7,12],"killed_by":"Hexaghost","ascension_level":20}