{"gold_per_floor":[13,25,45,61,79,104,104,122,168,182,192,223,223,236,236,308,308,322,5,21,21,21,21,31,51,133,133,87,87],"floor_reached":29,"playtime":1285,"items_purged":[],"score":491,"play_id":"c6195a64-f27e-4061-8ae2-565ce6107c42","local_time":"20180722105526","is_ascension_mode":true,"campfire_choices":[{"floor":7.0,"key":"REST"},{"floor":13.0,"key":"REST"},{"floor":15.0,"key":"REST"},{"data":"Footwork","floor":23.0,"key":"SMITH"},{"data":"Footwork","floor":27,"key":"SMITH"}],"neow_cost":"NO_GOLD","seed_source_timestamp":0,"circlet_count":0,"master_deck":["Defend_G","Defend_G","Defend_G","Defend_G","Strike_G","Strike_G","Strike_G","Strike_G","Survivor","Neutralize","AscendersBane","Terror","Flying Knee","Slice","Cloak And Dagger","Calculated Gamble","Masterful Stab","Reflex","Grand Finale","Poisoned Stab","Dodge and Roll","Footwork","Sucker Punch","Backflip","Footwork+1","Tactician","Backflip","Escape Plan","Corpse Explosion","Deflect+1","Cloak And Dagger","Footwork+1","Deflect+1","Concentrate+1","Poisoned Stab","Acrobatics"],"special_seed":0,"relics":["Ring of the Snake","Prayer Wheel","Ancient Tea Set","Sundial","Sozu","Meat on the Bone","Kunai"],"potions_floor_usage":[],"damage_taken":[{"damage":0.0,"enemies":"Cultist","floor":1.0,"turns":4.0},{"damage":0.0,"enemies":"Small Slimes","floor":2.0,"turns":3.0},{"damage":0.0,"enemies":"2 Louse","floor":3.0,"turns":4.0},{"damage":17.0,"enemies":"Exordium Thugs","floor":4.0,"turns":5.0},{"damage":4.0,"enemies":"Blue Slaver","floor":5.0,"turns":4.0},{"damage":26.0,"enemies":"3 Sentries","floor":6.0,"turns":8.0},{"damage":13.0,"enemies":"Lots of Slimes","floor":8.0,"turns":7.0},{"damage":7.0,"enemies":"Looter","floor":10.0,"turns":4.0},{"damage":4.0,"enemies":"Blue Slaver","floor":11.0,"turns":4.0},{"damage":0.0,"enemies":"Lagavulin","floor":12.0,"turns":10.0},{"damage":15.0,"enemies":"Exordium Thugs","floor":14.0,"turns":8.0},{"damage":10.0,"enemies":"The Guardian","floor":16.0,"turns":14.0},{"damage":9.0,"enemies":"Chosen","floor":18.0,"turns":8.0},{"damage":27.0,"enemies":"2 Thieves","floor":20.0,"turns":4.0},{"damage":0.0,"enemies":"3 Cultists","floor":24.0,"turns":2.0},{"damage":31,"enemies":"Snake Plant","floor":25,"turns":7},{"damage":28,"enemies":"Cultist and Chosen","floor":29,"turns":5}],"seed_played":"3574553799839832493","potions_obtained":[{"floor":1.0,"key":"LiquidBronze"},{"floor":3.0,"key":"EssenceOfSteel"},{"floor":5.0,"key":"Dexterity Potion"},{"floor":12.0,"key":"Weak Potion"},{"floor":16.0,"key":"SteroidPotion"}],"is_trial":false,"path_per_floor":["M","M","M","M","M","E","R","M","T","M","M","E","R","M","R","B",null,"M","$","M","?","?","R","M","M","T","R","$"],"character_chosen":"THE_SILENT","items_purchased":["Meat on the Bone","Footwork","Acrobatics"],"campfire_rested":3,"item_purchase_floors":[19,19,28],"current_hp_per_floor":[59,59,59,42,38,12,31,18,18,11,7,7,26,11,30,20,55,46,46,31,31,31,31,43,24,24,24,24,0],"gold":87,"neow_bonus":"TRANSFORM_TWO_CARDS","is_prod":false,"is_daily":false,"chose_seed":false,"campfire_upgraded":2,"win_rate":0,"timestamp":1532228126,"path_taken":["M","M","M","M","M","E","R","?","T","M","M","E","R","M","R","BOSS","M","$","?","?","?","R","M","M","T","R","$","M"],"build_version":"2018-07-19","purchased_purges":0,"victory":false,"max_hp_per_floor":[66,66,66,66,66,66,66,66,66,66,66,66,66,66,66,66,66,66,66,66,66,66,66,66,66,66,66,66,66],"card_choices":[{"not_picked":["Terror","Quick Slash"],"picked":"Slice","floor":1.0},{"not_picked":["Deflect","Flying Knee"],"picked":"Cloak And Dagger","floor":2.0},{"not_picked":["Prepared","Deflect"],"picked":"Calculated Gamble","floor":3.0},{"not_picked":["Well Laid Plans","Quick Slash"],"picked":"Masterful Stab","floor":4.0},{"not_picked":["Outmaneuver","Bane"],"picked":"Reflex","floor":5.0},{"not_picked":["Bane","Bouncing Flask"],"picked":"Grand Finale","floor":6.0},{"not_picked":["Riddle With Holes","Slice"],"picked":"Poisoned Stab","floor":8.0},{"not_picked":["Riddle With Holes","Heel Hook"],"picked":"Dodge and Roll","floor":8.0},{"not_picked":["Blur","Flying Knee"],"picked":"Footwork","floor":10.0},{"not_picked":["Bane","Poisoned Stab"],"picked":"Sucker Punch","floor":10.0},{"not_picked":["Die Die Die","Acrobatics"],"picked":"Backflip","floor":11.0},{"not_picked":["Prepared","Dodge and Roll"],"picked":"Footwork","floor":11.0},{"not_picked":["Finisher","Eviscerate"],"picked":"Tactician","floor":12.0},{"not_picked":["Slice","Setup"],"picked":"Backflip","floor":14.0},{"not_picked":["Backflip","Quick Slash"],"picked":"Escape Plan","floor":14.0},{"not_picked":["Die Die Die","Phantasmal Killer"],"picked":"Corpse Explosion","floor":16.0},{"not_picked":["Dagger Throw","Heel Hook"],"picked":"Deflect+1","floor":18.0},{"not_picked":["Choke","PiercingWail"],"picked":"Cloak And Dagger","floor":18.0},{"not_picked":["Accuracy","Endless Agony+1"],"picked":"Deflect+1","floor":20.0},{"not_picked":["Bane","Bouncing Flask"],"picked":"Concentrate","floor":20.0},{"not_picked":["Dodge and Roll","Catalyst"],"picked":"Poisoned Stab","floor":24.0},{"not_picked":["Dagger Spray","Bane+1","Concentrate"],"picked":"SKIP","floor":24.0},{"not_picked":["Endless Agony+1","Flying Knee+1","Terror"],"picked":"SKIP","floor":25},{"not_picked":["Flying Knee+1","Predator","Dagger Spray+1"],"picked":"SKIP","floor":25}],"player_experience":763852,"relics_obtained":[{"floor":6.0,"key":"Prayer Wheel"},{"floor":9.0,"key":"Ancient Tea Set"},{"floor":12.0,"key":"Sundial"},{"floor":26,"key":"Kunai"}],"event_choices":[{"event_name":"Drug Dealer","player_choice":"Ignored","floor":21.0,"damage_taken":0.0},{"event_name":"Upgrade Shrine","player_choice":"Upgraded","floor":22.0,"damage_taken":0.0}],"is_beta":true,"boss_relics":[{"not_picked":["WristBlade","Snecko Eye"],"picked":"Sozu"}],"items_purged_floors":[],"is_endless":false,"potions_floor_spawned":[1,3,5,8,12,14,16,18,24,25],"killed_by":"Cultist and Chosen","ascension_level":15}