{"gold_per_floor":[18,31,41,61,161,161,187,187,266,231,242,272,272,44,44,139,139,150,150,165,165,178,178,196,206,230,230,230,230,29,44,44,148,148,165,183,183,194,212,212,4,4,4,16,16,30,30,30,30,30],"floor_reached":51,"playtime":3559,"items_purged":["Strike_G"],"score":1064,"play_id":"aeab729d-36a2-4d01-b422-2a392cb02794","local_time":"20181011153636","is_ascension_mode":true,"campfire_choices":[{"data":"Poisoned Stab","floor":6,"key":"SMITH"},{"data":"Footwork","floor":13,"key":"SMITH"},{"data":"Bouncing Flask","floor":15,"key":"SMITH"},{"floor":23,"key":"REST"},{"floor":27,"key":"REST"},{"data":"Well Laid Plans","floor":29,"key":"SMITH"},{"floor":32,"key":"REST"},{"floor":40,"key":"REST"},{"floor":42,"key":"REST"},{"floor":45,"key":"REST"},{"floor":47,"key":"REST"},{"data":"Apotheosis","floor":49,"key":"SMITH"}],"neow_cost":"NO_GOLD","seed_source_timestamp":11879617917644,"circlet_count":0,"master_deck":["Survivor","Neutralize","AscendersBane","Leg Sweep","Leg Sweep","Poisoned Stab+1","Dagger Throw","Footwork+1","Venomology","Bouncing Flask+1","Well Laid Plans+1","Tools of the Trade","Acrobatics","Predator","Flying Knee","Cloak And Dagger","Deflect","Deadly Poison","Endless Agony","Skewer","Escape Plan","Dodge and Roll+1","Deflect","Noxious Fumes","Corpse Explosion","Apotheosis+1","Blur","Wraith Form v2","Bouncing Flask","Deep Breath","Master of Strategy","Thinking Ahead","Leg Sweep","Noxious Fumes+1","Armaments","True Grit+1","Writhe"],"relics":["Ring of the Snake","Pocketwatch","The Specimen","PreservedInsect","Pandora\u0027s Box","Juzu Bracelet","HoveringKite","PrismaticShard","Frozen Egg 2"],"potions_floor_usage":[7,16,18,20,21,21,22,31,35,36,38,39,44,46,50],"damage_taken":[{"damage":2,"enemies":"Jaw Worm","floor":1,"turns":6},{"damage":0,"enemies":"Cultist","floor":2,"turns":3},{"damage":0,"enemies":"2 Louse","floor":3,"turns":3},{"damage":5,"enemies":"Large Slime","floor":4,"turns":9},{"damage":20,"enemies":"Gremlin Nob","floor":7,"turns":4},{"damage":0,"enemies":"Looter","floor":11,"turns":3},{"damage":4,"enemies":"3 Sentries","floor":12,"turns":10},{"damage":5,"enemies":"Hexaghost","floor":16,"turns":9},{"damage":5,"enemies":"Shell Parasite","floor":18,"turns":5},{"damage":17,"enemies":"2 Thieves","floor":20,"turns":5},{"damage":2,"enemies":"Colosseum Slavers","floor":21,"turns":6},{"damage":30,"enemies":"Cultist and Chosen","floor":22,"turns":8},{"damage":2,"enemies":"Snake Plant","floor":24,"turns":7},{"damage":8,"enemies":"Centurion and Healer","floor":25,"turns":9},{"damage":0,"enemies":"3 Cultists","floor":31,"turns":2},{"damage":38,"enemies":"Collector","floor":33,"turns":9},{"damage":0,"enemies":"Orb Walker","floor":35,"turns":4},{"damage":3,"enemies":"3 Darklings","floor":36,"turns":7},{"damage":12,"enemies":"4 Shapes","floor":38,"turns":4},{"damage":21,"enemies":"Reptomancer","floor":39,"turns":6},{"damage":9,"enemies":"3 Darklings","floor":44,"turns":4},{"damage":32,"enemies":"4 Shapes","floor":46,"turns":6},{"damage":62,"enemies":"Awakened One","floor":50,"turns":26}],"seed_played":"1514735015068849147","potions_obtained":[{"floor":4,"key":"SteroidPotion"},{"floor":7,"key":"LiquidBronze"},{"floor":11,"key":"SkillPotion"},{"floor":20,"key":"Block Potion"},{"floor":31,"key":"GhostInAJar"},{"floor":35,"key":"Block Potion"},{"floor":39,"key":"FearPotion"}],"is_trial":false,"path_per_floor":["M","M","M","M","?","R","E","?","T","?","M","E","R","$","R","B",null,"M","?","M","?","M","R","M","M","T","R","$","R","$","M","R","B",null,"M","M","?","M","M","R","$","R","T","M","R","M","R","?","R","B"],"character_chosen":"THE_SILENT","items_purchased":["Bouncing Flask","Well Laid Plans","Apotheosis","PrismaticShard"],"campfire_rested":7,"item_purchase_floors":[14,14,30,41],"current_hp_per_floor":[61,61,61,56,56,56,36,36,36,53,53,49,49,49,49,44,64,59,59,42,40,10,31,29,21,21,42,42,42,42,42,63,25,59,59,56,46,34,13,34,34,55,55,46,67,35,56,70,70,8],"gold":30,"neow_bonus":"ONE_RARE_RELIC","is_prod":false,"is_daily":false,"chose_seed":false,"campfire_upgraded":5,"win_rate":0,"timestamp":1539243396,"path_taken":["M","M","M","M","?","R","E","?","T","?","M","E","R","$","R","BOSS","M","?","M","?","?","R","M","M","T","R","$","R","$","M","R","BOSS","M","M","?","M","M","R","$","R","T","M","R","M","R","?","R","BOSS"],"build_version":"2018-10-04v2","purchased_purges":1,"victory":true,"max_hp_per_floor":[70,70,70,70,70,70,70,70,70,70,70,70,70,70,70,70,70,70,70,70,70,70,70,70,70,70,70,70,70,70,70,70,70,70,70,70,70,70,70,70,70,70,70,70,70,70,70,70,70,70],"card_choices":[{"not_picked":["Cloak And Dagger","Dagger Spray","Endless Agony"],"picked":"SKIP","floor":1},{"not_picked":["Sucker Punch","Crippling Poison"],"picked":"Leg Sweep","floor":2},{"not_picked":["Slice","Prepared"],"picked":"Leg Sweep","floor":3},{"not_picked":["Sucker Punch","PiercingWail"],"picked":"Poisoned Stab","floor":4},{"not_picked":["Distraction","Quick Slash"],"picked":"Dagger Throw","floor":7},{"not_picked":["Grand Finale","Deflect"],"picked":"Footwork","floor":11},{"not_picked":["Slice","Dagger Spray"],"picked":"Venomology","floor":12},{"not_picked":["Storm of Steel","Venomology"],"picked":"Tools of the Trade","floor":16},{"not_picked":["Sucker Punch","Bane","Eviscerate"],"picked":"SKIP","floor":18},{"not_picked":["PiercingWail","Sucker Punch"],"picked":"Dodge and Roll+1","floor":20},{"not_picked":["Flying Knee","Poisoned Stab","Deflect"],"picked":"SKIP","floor":22},{"not_picked":["Flying Knee","Poisoned Stab"],"picked":"Deflect","floor":22},{"not_picked":["Poisoned Stab","Blade Dance"],"picked":"Noxious Fumes","floor":24},{"not_picked":["Predator","Dagger Spray+1"],"picked":"Corpse Explosion","floor":25},{"not_picked":["Eviscerate","Bane"],"picked":"Blur","floor":31},{"not_picked":["Envenom","Corpse Explosion"],"picked":"Wraith Form v2","floor":33},{"not_picked":["Poisoned Stab","Cloak And Dagger","Underhanded Strike+1"],"picked":"SKIP","floor":35},{"not_picked":["Escape Plan","Prepared"],"picked":"Bouncing Flask","floor":36},{"not_picked":["Madness","Blind"],"picked":"Deep Breath","floor":37},{"not_picked":["Panache","Bandage Up"],"picked":"Master of Strategy","floor":37},{"not_picked":["Swift Strike","Panache"],"picked":"Thinking Ahead","floor":37},{"not_picked":["Terror","Blade Dance"],"picked":"Leg Sweep","floor":38},{"not_picked":["Sucker Punch+1","Blade Dance"],"picked":"Noxious Fumes+1","floor":39},{"not_picked":["Flex+1","All Out Attack+1"],"picked":"Armaments","floor":44},{"not_picked":["Rip and Tear","Havoc"],"picked":"True Grit+1","floor":46}],"player_experience":107621,"relics_obtained":[{"floor":7,"key":"The Specimen"},{"floor":12,"key":"PreservedInsect"},{"floor":26,"key":"Juzu Bracelet"},{"floor":43,"key":"Frozen Egg 2"}],"event_choices":[{"event_name":"Golden Shrine","player_choice":"Pray","floor":5,"damage_taken":0},{"event_name":"Scrap Ooze","player_choice":"unsuccessful","floor":8,"damage_taken":0},{"event_name":"The Cleric","player_choice":"Healed","floor":10,"damage_taken":0},{"event_name":"Drug Dealer","player_choice":"Became Test Subject","floor":19,"damage_taken":0},{"event_name":"Colosseum","player_choice":"Fight","floor":21,"damage_taken":0},{"event_name":"Colosseum","player_choice":"Fled From Nobs","floor":21,"damage_taken":0},{"event_name":"SensoryStone","player_choice":"Memory 3","floor":37,"damage_taken":0},{"event_name":"Winding Halls","player_choice":"Writhe","floor":48,"damage_taken":0}],"is_beta":false,"boss_relics":[{"not_picked":["Calling Bell","Philosopher\u0027s Stone"],"picked":"Pandora\u0027s Box"},{"not_picked":["Orrery","Snecko Eye"],"picked":"HoveringKite"}],"items_purged_floors":[14],"is_endless":false,"potions_floor_spawned":[4,7,11,20,25,31,35,39],"ascension_level":12}