{"gold_per_floor":[113,38,57,57,71,71,104,104,104,104,124,137,147,222,222,298,298,310,0,19,19,19,54,54,69,123,123,123,139,139,154,154,227,227,243,260,275,290,304,335,335,346,376,376,394,494,539,589,589,589,589,589,589,73,98,98],"floor_reached":57,"playtime":4659,"items_purged":["Strike_B"],"score":2787,"play_id":"81103cc0-e0b0-4488-9906-5842f56bf5e4","local_time":"20190522193238","is_ascension_mode":true,"campfire_choices":[{"data":"Dualcast","floor":6.0,"key":"SMITH"},{"data":"Recycle","floor":8.0,"key":"SMITH"},{"data":"Impatience","floor":15.0,"key":"SMITH"},{"data":"Deep Breath","floor":24.0,"key":"SMITH"},{"floor":28.0,"key":"REST"},{"floor":30.0,"key":"REST"},{"data":"Seek","floor":32.0,"key":"SMITH"},{"data":"Recycle","floor":41.0,"key":"SMITH"},{"floor":44.0,"key":"RECALL"},{"data":"Turbo","floor":49.0,"key":"SMITH"},{"data":"Fission","floor":53,"key":"SMITH"}],"neow_cost":"TEN_PERCENT_HP_LOSS","seed_source_timestamp":22281049969940,"circlet_count":0,"master_deck":["AscendersBane","Zap","Dualcast+1","Impatience+1","Deep Breath+1","Turbo+1","Ball Lightning","All For One","Recycle+1","Recycle+1","Gash","Seek+1","Gash","Fission+1","Conserve Battery+1","Hologram+1","Buffer","Ball Lightning","Self Repair","Skim+1","Steam+1","Echo Form","Chill+1","Glacier+1","Core Surge","Skim+1","Glacier+1","Skim+1"],"special_seed":0,"relics":["Cracked Core","Incense Burner","Mango","Runic Pyramid","Nilry\u0027s Codex","Shuriken","Dream Catcher","Toxic Egg 2","Pandora\u0027s Box","Strawberry","Bird Faced Urn","FossilizedHelix","Sundial","Happy Flower","Gremlin Horn"],"potions_floor_usage":[56,56],"damage_taken":[{"damage":3.0,"enemies":"2 Louse","floor":1.0,"turns":2.0},{"damage":2.0,"enemies":"Jaw Worm","floor":3.0,"turns":3.0},{"damage":0.0,"enemies":"Cultist","floor":5.0,"turns":3.0},{"damage":25.0,"enemies":"Lagavulin","floor":7.0,"turns":6.0},{"damage":0.0,"enemies":"Gremlin Gang","floor":11.0,"turns":3.0},{"damage":3.0,"enemies":"Blue Slaver","floor":12.0,"turns":2.0},{"damage":4.0,"enemies":"3 Louse","floor":13.0,"turns":3.0},{"damage":0.0,"enemies":"Slime Boss","floor":16.0,"turns":6.0},{"damage":18.0,"enemies":"Shell Parasite","floor":18.0,"turns":4.0},{"damage":0.0,"enemies":"Spheric Guardian","floor":20.0,"turns":3.0},{"damage":23.0,"enemies":"Gremlin Leader","floor":23.0,"turns":5.0},{"damage":8.0,"enemies":"Snecko","floor":25.0,"turns":3.0},{"damage":0.0,"enemies":"3 Cultists","floor":29.0,"turns":3.0},{"damage":19.0,"enemies":"Snake Plant","floor":31.0,"turns":3.0},{"damage":8.0,"enemies":"Champ","floor":33.0,"turns":4.0},{"damage":0.0,"enemies":"Orb Walker","floor":35.0,"turns":2.0},{"damage":0.0,"enemies":"3 Darklings","floor":36.0,"turns":3.0},{"damage":20.0,"enemies":"Jaw Worm Horde","floor":37.0,"turns":3.0},{"damage":0.0,"enemies":"Spire Growth","floor":38.0,"turns":3.0},{"damage":0.0,"enemies":"Writhing Mass","floor":39.0,"turns":3.0},{"damage":0.0,"enemies":"Nemesis","floor":40.0,"turns":5.0},{"damage":0.0,"enemies":"Sphere and 2 Shapes","floor":42.0,"turns":4.0},{"damage":0.0,"enemies":"Spire Growth","floor":43.0,"turns":5.0},{"damage":0.0,"enemies":"Spire Growth","floor":45.0,"turns":4.0},{"damage":0.0,"enemies":"Mind Bloom Boss Battle","floor":46.0,"turns":5.0},{"damage":20.0,"enemies":"2 Orb Walkers","floor":47.0,"turns":3.0},{"damage":50,"enemies":"Time Eater","floor":50,"turns":12},{"damage":11,"enemies":"Donu and Deca","floor":51,"turns":7},{"damage":0,"enemies":"Shield and Spear","floor":55,"turns":1},{"damage":54,"enemies":"The Heart","floor":56,"turns":9}],"seed_played":"-55914427180393357","potions_obtained":[{"floor":1.0,"key":"Poison Potion"},{"floor":3.0,"key":"Strength Potion"},{"floor":13.0,"key":"Weak Potion"},{"floor":20.0,"key":"Fruit Juice"},{"floor":25.0,"key":"Explosive Potion"},{"floor":29.0,"key":"FearPotion"},{"floor":33.0,"key":"FocusPotion"},{"floor":39.0,"key":"Strength Potion"},{"floor":45.0,"key":"SpeedPotion"}],"is_trial":false,"path_per_floor":["M","$","M","?","M","R","E","R","T","?","M","M","M","?","R","B",null,"M","?","M","?","?","E","R","M","T","T","R","M","R","M","R","B",null,"M","M","M","M","M","E","R","M","MIM","R","M","?","?","?","R","B","B",null,"R","$","E","B",null],"character_chosen":"DEFECT","items_purchased":["Skim+1","Sundial","Happy Flower"],"campfire_rested":2,"item_purchase_floors":[54,54,54],"current_hp_per_floor":[61,61,59,64,64,64,39,39,53,46,46,43,39,28,28,28,69,51,51,56,56,35,12,12,4,4,4,30,30,56,37,37,29,73,80,87,81,88,88,95,95,95,95,95,95,95,88,79,79,60,78,91,91,91,95,54],"gold":98,"neow_bonus":"RANDOM_COLORLESS_2","is_prod":false,"is_daily":false,"chose_seed":false,"campfire_upgraded":8,"win_rate":0,"timestamp":1558524758,"path_taken":["M","$","M","?","M","R","E","R","T","?","M","M","M","?","R","BOSS","M","?","M","?","?","E","R","M","T","?","R","M","R","M","R","BOSS","M","?","M","M","M","E","R","M","MIM","R","M","?","?","?","R","BOSS","BOSS","R","$","E","BOSS"],"build_version":"2019-01-23","purchased_purges":1,"victory":true,"max_hp_per_floor":[64,64,64,69,69,69,69,69,83,83,83,83,83,83,83,83,83,83,83,88,88,88,88,88,88,88,88,88,88,88,88,88,88,88,88,88,88,88,88,95,95,95,95,95,95,95,95,95,95,95,95,95,95,95,95,95],"card_choices":[{"not_picked":["Compile Driver","Conserve Battery"],"picked":"Turbo","floor":1.0},{"not_picked":["Coolheaded","Genetic Algorithm"],"picked":"Ball Lightning","floor":3.0},{"not_picked":["Redo","Reprogram"],"picked":"All For One","floor":5.0},{"not_picked":["Creative AI","Beam Cell"],"picked":"Recycle","floor":7.0},{"not_picked":["Beam Cell","Turbo","Streamline"],"picked":"SKIP","floor":11.0},{"not_picked":["Genetic Algorithm","Force Field"],"picked":"Recycle","floor":12.0},{"not_picked":["Turbo","Force Field"],"picked":"Gash","floor":13.0},{"not_picked":["Buffer","Meteor Strike"],"picked":"Seek","floor":16.0},{"not_picked":["Redo","Chaos","Compile Driver"],"picked":"SKIP","floor":18.0},{"not_picked":["Doom and Gloom","Gash","Aggregate"],"picked":"SKIP","floor":20.0},{"not_picked":["Doom and Gloom","Aggregate"],"picked":"Gash","floor":20.0},{"not_picked":["Ball Lightning","Loop"],"picked":"Fission","floor":23.0},{"not_picked":["Stack","Beam Cell"],"picked":"Conserve Battery+1","floor":25.0},{"not_picked":["Streamline","Compile Driver","Redo+1"],"picked":"SKIP","floor":29.0},{"not_picked":["Ball Lightning","Gash"],"picked":"Hologram+1","floor":30.0},{"not_picked":["Go for the Eyes","Barrage","Streamline"],"picked":"SKIP","floor":31.0},{"not_picked":["Thunder Strike","Meteor Strike"],"picked":"Buffer","floor":33.0},{"not_picked":["Steam+1","Conserve Battery+1","Go for the Eyes"],"picked":"SKIP","floor":35.0},{"not_picked":["Recycle+1","Barrage","Leap+1"],"picked":"SKIP","floor":36.0},{"not_picked":["Steam Power+1","Hologram+1","Beam Cell"],"picked":"SKIP","floor":37.0},{"not_picked":["Streamline","FTL+1"],"picked":"Glacier+1","floor":38.0},{"not_picked":["Self Repair","Conserve Battery+1"],"picked":"Core Surge","floor":39.0},{"not_picked":["Seek+1","Lockon"],"picked":"Skim+1","floor":40.0},{"not_picked":["Storm","Chill+1","Loop"],"picked":"SKIP","floor":42.0},{"not_picked":["Sweeping Beam+1","Gash+1"],"picked":"Glacier+1","floor":43.0},{"not_picked":["Steam+1","Auto Shields+1","Ball Lightning"],"picked":"SKIP","floor":45.0},{"not_picked":["Rip and Tear","Buffer","Hologram+1"],"picked":"SKIP","floor":55}],"player_experience":4811902,"relics_obtained":[{"floor":7.0,"key":"Incense Burner"},{"floor":9.0,"key":"Mango"},{"floor":22.0,"key":"Nilry\u0027s Codex"},{"floor":23.0,"key":"Shuriken"},{"floor":26.0,"key":"Dream Catcher"},{"floor":27.0,"key":"Toxic Egg 2"},{"floor":40.0,"key":"Strawberry"},{"floor":46.0,"key":"Bird Faced Urn"},{"floor":47.0,"key":"FossilizedHelix"},{"floor":55,"key":"Gremlin Horn"}],"event_choices":[{"damage_healed":0.0,"max_hp_gain":5.0,"max_hp_loss":0.0,"gold_gain":0.0,"event_name":"Big Fish","player_choice":"Donut","floor":4.0,"gold_loss":0.0,"damage_taken":0.0},{"cards_removed":["Strike_B"],"damage_healed":0.0,"max_hp_gain":0.0,"max_hp_loss":0.0,"gold_gain":0.0,"event_name":"Golden Wing","player_choice":"Card Removal","floor":10.0,"gold_loss":0.0,"damage_taken":7.0},{"damage_healed":0.0,"max_hp_gain":0.0,"max_hp_loss":0.0,"gold_gain":75.0,"event_name":"World of Goop","player_choice":"Gather Gold","floor":14.0,"gold_loss":0.0,"damage_taken":11.0},{"damage_healed":0.0,"max_hp_gain":0.0,"max_hp_loss":0.0,"gold_gain":0.0,"event_name":"Masked Bandits","player_choice":"Paid Fearfully","floor":19.0,"gold_loss":310.0,"damage_taken":0.0},{"damage_healed":0.0,"max_hp_gain":0.0,"max_hp_loss":0.0,"gold_gain":0.0,"event_name":"Beggar","player_choice":"Ignored","floor":21.0,"gold_loss":0.0,"damage_taken":0.0},{"damage_healed":0.0,"max_hp_gain":0.0,"max_hp_loss":0.0,"gold_gain":0.0,"event_name":"Cursed Tome","player_choice":"Obtained Book","floor":22.0,"gold_loss":0.0,"damage_taken":21.0},{"damage_healed":0.0,"max_hp_gain":0.0,"max_hp_loss":0.0,"gold_gain":0.0,"event_name":"MindBloom","player_choice":"Fight","floor":46.0,"gold_loss":0.0,"damage_taken":0.0},{"damage_healed":0.0,"max_hp_gain":0.0,"max_hp_loss":0.0,"gold_gain":0.0,"event_name":"Mysterious Sphere","player_choice":"Fight","floor":47.0,"gold_loss":0.0,"damage_taken":0.0},{"damage_healed":0.0,"max_hp_gain":0.0,"max_hp_loss":0.0,"gold_gain":50.0,"event_name":"FaceTrader","player_choice":"Touch","floor":48.0,"gold_loss":0.0,"damage_taken":9.0}],"is_beta":false,"boss_relics":[{"not_picked":["Sozu","Calling Bell"],"picked":"Runic Pyramid"},{"not_picked":["Snecko Eye","FrozenCore"],"picked":"Pandora\u0027s Box"}],"items_purged_floors":[2],"is_endless":false,"potions_floor_spawned":[1,3,13,20,25,29,33,36,39,42,45],"ascension_level":20}