{"gold_per_floor":[115,115,40,53,72,72,92,92,92,104,104,132,150,168,168,247,247,267,267,267,282,47,75,99,111,150,197,134,172,184,208,220,309,321,352,464,26,26,72,107,107,133,212,238,273,273,273,303,303,303,303,303,303,73,100,100],"floor_reached":57,"playtime":2425,"items_purged":["Strike_B","Strike_B","Defend_B"],"score":3023,"play_id":"3b34c798-7572-4244-9937-110e7a986e58","local_time":"20190628191058","is_ascension_mode":true,"campfire_choices":[{"data":"Rip and Tear","floor":6.0,"key":"SMITH"},{"data":"Dualcast","floor":8.0,"key":"SMITH"},{"data":"Zap","floor":11.0,"key":"SMITH"},{"data":"Coolheaded","floor":15.0,"key":"SMITH"},{"data":"Self Repair","floor":25.0,"key":"SMITH"},{"data":"FTL","floor":30.0,"key":"SMITH"},{"floor":32.0,"key":"RECALL"},{"floor":41.0,"key":"DIG"},{"floor":46.0,"key":"DIG"},{"floor":47.0,"key":"DIG"},{"floor":49.0,"key":"DIG"},{"floor":53.0,"key":"DIG"}],"neow_cost":"NONE","seed_source_timestamp":27635225502627,"circlet_count":0,"master_deck":["AscendersBane","Defend_B","Defend_B","Defend_B","Zap+1","Dualcast+1","Coolheaded+1","Self Repair+1","FTL+1","Ball Lightning+1","Leap+1","Electrodynamics+1","Tempest+1","Fission+1","Tempest+1","Consume+1","Rainbow+1","Defragment+1","Turbo+1","Recycle+1","White Noise+1","Echo Form+1","Amplify+1","Loop+1","Glacier+1","Undo+1","Fission+1","Coolheaded+1","Recycle+1","Conserve Battery+1","Defragment+1","Blade Dance+1"],"special_seed":0,"relics":["Cracked Core","Frozen Egg 2","Toxic Egg 2","Philosopher\u0027s Stone","MawBank","PreservedInsect","Pen Nib","Orrery","WingedGreaves","Ice Cream","Pocketwatch","Shovel","Oddly Smooth Stone","Ancient Tea Set","Meat on the Bone","Omamori","Pear","Darkstone Periapt","Whetstone","Bag of Marbles","Dead Branch","Kunai","PrismaticShard","Lantern"],"potions_floor_usage":[56],"damage_taken":[{"damage":7.0,"enemies":"Jaw Worm","floor":1.0,"turns":3.0},{"damage":1.0,"enemies":"Cultist","floor":4.0,"turns":3.0},{"damage":1.0,"enemies":"Small Slimes","floor":5.0,"turns":4.0},{"damage":7.0,"enemies":"2 Fungi Beasts","floor":7.0,"turns":4.0},{"damage":8.0,"enemies":"Exordium Wildlife","floor":10.0,"turns":4.0},{"damage":11.0,"enemies":"Lagavulin","floor":12.0,"turns":6.0},{"damage":4.0,"enemies":"3 Louse","floor":13.0,"turns":3.0},{"damage":4.0,"enemies":"Looter","floor":14.0,"turns":3.0},{"damage":16.0,"enemies":"Slime Boss","floor":16.0,"turns":5.0},{"damage":7.0,"enemies":"Shell Parasite","floor":18.0,"turns":4.0},{"damage":0.0,"enemies":"Chosen","floor":21.0,"turns":2.0},{"damage":0.0,"enemies":"Slavers","floor":23.0,"turns":1.0},{"damage":0.0,"enemies":"Centurion and Healer","floor":24.0,"turns":2.0},{"damage":23.0,"enemies":"Book of Stabbing","floor":27.0,"turns":3.0},{"damage":16.0,"enemies":"Gremlin Leader","floor":29.0,"turns":3.0},{"damage":0.0,"enemies":"Snecko","floor":31.0,"turns":3.0},{"damage":27.0,"enemies":"Champ","floor":33.0,"turns":8.0},{"damage":1.0,"enemies":"3 Darklings","floor":35.0,"turns":2.0},{"damage":6.0,"enemies":"Mind Bloom Boss Battle","floor":36.0,"turns":5.0},{"damage":62.0,"enemies":"2 Orb Walkers","floor":39.0,"turns":4.0},{"damage":4.0,"enemies":"Nemesis","floor":40.0,"turns":4.0},{"damage":0.0,"enemies":"Giant Head","floor":44.0,"turns":5.0},{"damage":53.0,"enemies":"Reptomancer","floor":45.0,"turns":4.0},{"damage":0.0,"enemies":"Nemesis","floor":48.0,"turns":3.0},{"damage":23.0,"enemies":"Time Eater","floor":50.0,"turns":8.0},{"damage":30.0,"enemies":"Awakened One","floor":51.0,"turns":9.0},{"damage":10.0,"enemies":"Shield and Spear","floor":55.0,"turns":3.0},{"damage":52,"enemies":"The Heart","floor":56,"turns":5}],"seed_played":"-4233898215301863975","potions_obtained":[{"floor":4.0,"key":"SpeedPotion"},{"floor":7.0,"key":"Energy Potion"},{"floor":21.0,"key":"PowerPotion"},{"floor":23.0,"key":"FocusPotion"},{"floor":27.0,"key":"Swift Potion"},{"floor":36.0,"key":"GamblersBrew"}],"is_trial":false,"path_per_floor":["M","?","$","M","M","R","M","R","T","M","R","E","M","M","R","B",null,"M","?","?","M","$","E","M","R","T","E","?","E","R","M","R","B",null,"M","?","$","?","?","E","R","T","T","E","E","R","R","E","R","B","B",null,"R","$","E","B",null],"character_chosen":"DEFECT","items_purchased":["Defragment+1","Turbo+1","Ice Cream","PrismaticShard"],"campfire_rested":0,"item_purchase_floors":[22,22,37,54],"current_hp_per_floor":[64,64,64,63,62,62,62,62,62,61,61,57,60,63,63,54,72,72,72,72,78,78,78,78,78,78,65,65,59,59,59,59,42,69,68,72,72,72,30,46,46,46,46,66,45,45,45,45,45,44,26,73,73,73,63,43],"gold":100,"neow_bonus":"TEN_PERCENT_HP_BONUS","is_prod":false,"is_daily":false,"chose_seed":false,"campfire_upgraded":6,"win_rate":0,"timestamp":1561720258,"path_taken":["M","?","$","M","M","R","M","R","T","M","R","E","M","?","R","BOSS","M","?","?","M","$","E","M","R","T","E","?","E","R","?","R","BOSS","M","?","$","?","?","E","R","?","T","E","E","R","R","E","R","BOSS","BOSS","R","$","E","BOSS"],"build_version":"2019-01-23","purchased_purges":3,"victory":true,"max_hp_per_floor":[78,78,78,78,78,78,78,78,78,78,78,78,78,78,78,78,78,78,78,78,78,78,78,78,78,78,78,78,78,78,78,78,78,78,78,78,78,78,78,78,78,78,78,78,88,88,88,88,88,88,88,88,88,88,88,88],"card_choices":[{"not_picked":["Steam","Stack"],"picked":"Rip and Tear","floor":1.0},{"not_picked":["Lockon","Tempest"],"picked":"Coolheaded","floor":4.0},{"not_picked":["Stack","Conserve Battery"],"picked":"Self Repair","floor":5.0},{"not_picked":["Conserve Battery","Compile Driver"],"picked":"FTL","floor":7.0},{"not_picked":["Steam","Chill"],"picked":"Ball Lightning","floor":10.0},{"not_picked":["Stack","Steam"],"picked":"Leap","floor":12.0},{"not_picked":["Ball Lightning","Undo+1"],"picked":"Electrodynamics+1","floor":13.0},{"not_picked":["Ball Lightning","Rebound"],"picked":"Tempest+1","floor":14.0},{"not_picked":["Buffer+1","Echo Form+1"],"picked":"Fission+1","floor":16.0},{"not_picked":["Beam Cell","Ball Lightning"],"picked":"Tempest+1","floor":18.0},{"not_picked":["Redo+1","Compile Driver"],"picked":"Rainbow+1","floor":21.0},{"not_picked":["Streamline","Go for the Eyes"],"picked":"Recycle+1","floor":23.0},{"not_picked":["Gash+1","Beam Cell"],"picked":"White Noise+1","floor":24.0},{"not_picked":["Scrape","Reinforced Body+1","Turbo+1"],"picked":"SKIP","floor":27.0},{"not_picked":["Leap+1","Conserve Battery+1"],"picked":"Echo Form+1","floor":29.0},{"not_picked":["Compile Driver","Gash","Redo+1"],"picked":"SKIP","floor":31.0},{"not_picked":["Machine Learning+1","Reboot+1"],"picked":"Amplify+1","floor":33.0},{"not_picked":["Rebound","Coolheaded+1"],"picked":"Loop+1","floor":34.0},{"not_picked":["Redo+1","Beam Cell"],"picked":"Glacier+1","floor":34.0},{"not_picked":["Streamline","Genetic Algorithm+1"],"picked":"Undo+1","floor":34.0},{"not_picked":["Melter+1","Sweeping Beam"],"picked":"Fission+1","floor":34.0},{"not_picked":["Turbo+1","Streamline"],"picked":"Coolheaded+1","floor":34.0},{"not_picked":["Steam+1","Hyperbeam","Doom and Gloom"],"picked":"SKIP","floor":35.0},{"not_picked":["Stack+1","Barrage"],"picked":"Recycle+1","floor":39.0},{"not_picked":["Consume+1","Rip and Tear+1"],"picked":"Conserve Battery+1","floor":40.0},{"not_picked":["Reinforced Body+1","Go for the Eyes","Aggregate+1"],"picked":"SKIP","floor":44.0},{"not_picked":["Turbo+1","Scrape+1","Sweeping Beam"],"picked":"SKIP","floor":45.0},{"not_picked":["Scrape+1","Redo+1"],"picked":"Defragment+1","floor":48.0},{"not_picked":["Apotheosis+1","Leg Sweep+1"],"picked":"Blade Dance+1","floor":55.0}],"player_experience":5553391,"relics_obtained":[{"floor":9.0,"key":"Frozen Egg 2"},{"floor":12.0,"key":"Toxic Egg 2"},{"floor":23.0,"key":"MawBank"},{"floor":27.0,"key":"PreservedInsect"},{"floor":29.0,"key":"Pen Nib"},{"floor":36.0,"key":"WingedGreaves"},{"floor":39.0,"key":"Pocketwatch"},{"floor":40.0,"key":"Shovel"},{"floor":41.0,"key":"Oddly Smooth Stone"},{"floor":42.0,"key":"Ancient Tea Set"},{"floor":43.0,"key":"Meat on the Bone"},{"floor":44.0,"key":"Omamori"},{"floor":45.0,"key":"Pear"},{"floor":46.0,"key":"Darkstone Periapt"},{"floor":47.0,"key":"Whetstone"},{"floor":48.0,"key":"Bag of Marbles"},{"floor":49.0,"key":"Dead Branch"},{"floor":53.0,"key":"Kunai"},{"floor":55.0,"key":"Lantern"}],"event_choices":[{"cards_removed":["Strike_B"],"damage_healed":0.0,"max_hp_gain":0.0,"max_hp_loss":0.0,"gold_gain":0.0,"event_name":"Bonfire Elementals","player_choice":"Offered Basic","floor":2.0,"gold_loss":0.0,"damage_taken":0.0},{"damage_healed":0.0,"max_hp_gain":0.0,"max_hp_loss":0.0,"gold_gain":0.0,"event_name":"Vampires","player_choice":"Ignored","floor":19.0,"gold_loss":0.0,"damage_taken":0.0},{"damage_healed":0.0,"max_hp_gain":0.0,"max_hp_loss":0.0,"gold_gain":0.0,"event_name":"The Library","player_choice":"Read","floor":20.0,"gold_loss":0.0,"damage_taken":0.0,"cards_obtained":["Consume"]},{"cards_removed":["Strike_B"],"damage_healed":0.0,"max_hp_gain":0.0,"max_hp_loss":0.0,"gold_gain":0.0,"event_name":"Beggar","player_choice":"Gave Gold","floor":28.0,"gold_loss":75.0,"damage_taken":0.0},{"damage_healed":0.0,"max_hp_gain":0.0,"max_hp_loss":0.0,"gold_gain":0.0,"event_name":"MindBloom","player_choice":"Fight","floor":36.0,"gold_loss":0.0,"damage_taken":0.0},{"cards_removed":["Rip and Tear"],"damage_healed":0.0,"max_hp_gain":0.0,"max_hp_loss":0.0,"gold_gain":0.0,"event_name":"Falling","player_choice":"Removed Attack","floor":38.0,"gold_loss":0.0,"damage_taken":0.0},{"damage_healed":0.0,"max_hp_gain":0.0,"max_hp_loss":0.0,"gold_gain":0.0,"event_name":"Mysterious Sphere","player_choice":"Fight","floor":39.0,"gold_loss":0.0,"damage_taken":0.0}],"is_beta":false,"boss_relics":[{"not_picked":["Empty Cage","FrozenCore"],"picked":"Philosopher\u0027s Stone"},{"not_picked":["Lizard Tail","Sozu"],"picked":"Orrery"}],"items_purged_floors":[3,22,37],"is_endless":false,"potions_floor_spawned":[4,7,10,16,18,21,23,27,36,39,44],"ascension_level":20}