{"gold_per_floor":[113,38,50,50,26,58,74,85,164,175,201,218,234,249,249,350,350,362,362,388,388,303,62,62],"floor_reached":24,"playtime":738,"items_purged":["Strike_R","Strike_R"],"score":291,"play_id":"c4174ad6-b259-486b-9212-5f9090ab771f","local_time":"20180920161609","is_ascension_mode":true,"campfire_choices":[{"data":"Body Slam","floor":15.0,"key":"SMITH"}],"neow_cost":"NONE","seed_source_timestamp":12360027625830,"circlet_count":0,"master_deck":["Strike_R","Strike_R","Strike_R","Defend_R","Defend_R","Defend_R","Defend_R","Bash","Metallicize","Shrug It Off","Body Slam","Inflame","Body Slam+1","Dual Wield","Second Wind","Offering","Limit Break","Feel No Pain+1","Feed","Evolve+1"],"special_seed":0,"relics":["Burning Blood","NeowsBlessing","Ginger","Orichalcum","Frozen Egg 2","Red Skull","Busted Crown","Red Mask","MutagenicStrength","Blood Vial"],"potions_floor_usage":[],"damage_taken":[{"damage":0.0,"enemies":"Jaw Worm","floor":1.0,"turns":1.0},{"damage":0.0,"enemies":"2 Louse","floor":3.0,"turns":1.0},{"damage":0.0,"enemies":"Lagavulin","floor":6.0,"turns":1.0},{"damage":0.0,"enemies":"Cultist","floor":7.0,"turns":4.0},{"damage":1.0,"enemies":"Exordium Wildlife","floor":8.0,"turns":5.0},{"damage":10.0,"enemies":"Looter","floor":10.0,"turns":4.0},{"damage":8.0,"enemies":"Gremlin Nob","floor":11.0,"turns":4.0},{"damage":8.0,"enemies":"Exordium Thugs","floor":12.0,"turns":6.0},{"damage":3.0,"enemies":"Large Slime","floor":13.0,"turns":6.0},{"damage":6.0,"enemies":"3 Louse","floor":14.0,"turns":5.0},{"damage":25.0,"enemies":"Slime Boss","floor":16.0,"turns":9.0},{"damage":22.0,"enemies":"Chosen","floor":18.0,"turns":5.0},{"damage":34.0,"enemies":"Masked Bandits","floor":20.0,"turns":4.0},{"damage":35,"enemies":"Book of Stabbing","floor":24,"turns":4}],"seed_played":"-2240204648629310965","potions_obtained":[{"floor":1.0,"key":"Poison Potion"},{"floor":6.0,"key":"AttackPotion"},{"floor":10.0,"key":"FearPotion"},{"floor":11.0,"key":"AttackPotion"},{"floor":13.0,"key":"PowerPotion"},{"floor":18.0,"key":"Dexterity Potion"}],"is_trial":false,"path_per_floor":["M","$","M","?","$","E","M","M","T","M","E","M","M","M","R","B",null,"M","?","?","?","?","$"],"character_chosen":"IRONCLAD","items_purchased":["Shrug It Off","Feed","Evolve+1"],"campfire_rested":0,"item_purchase_floors":[5,23,23],"current_hp_per_floor":[80,80,80,73,73,79,80,80,80,76,74,72,75,75,75,56,74,58,58,30,30,30,30,0],"gold":62,"neow_bonus":"THREE_ENEMY_KILL","is_prod":false,"is_daily":false,"chose_seed":false,"campfire_upgraded":1,"win_rate":0,"timestamp":1537431369,"path_taken":["M","$","M","?","$","E","M","M","T","M","E","M","M","M","R","BOSS","M","?","?","?","?","$","E"],"build_version":"2018-09-06","purchased_purges":2,"victory":false,"max_hp_per_floor":[80,80,80,80,80,80,80,80,80,80,80,80,80,80,80,80,80,80,80,80,80,80,80,80],"card_choices":[{"not_picked":["Perfected Strike","True Grit"],"picked":"Metallicize","floor":1.0},{"not_picked":["Clash","Searing Blow","Flex"],"picked":"SKIP","floor":3.0},{"not_picked":["Pommel Strike","Whirlwind"],"picked":"Body Slam","floor":6.0},{"not_picked":["Rage","Armaments"],"picked":"Inflame","floor":7.0},{"not_picked":["Heavy Blade","Pommel Strike","Thunderclap"],"picked":"SKIP","floor":8.0},{"not_picked":["Pummel","Cleave"],"picked":"Body Slam","floor":10.0},{"not_picked":["Heavy Blade","Anger","Dual Wield"],"picked":"SKIP","floor":11.0},{"not_picked":["Heavy Blade","Anger"],"picked":"Dual Wield","floor":11.0},{"not_picked":["Clash","Rupture+1"],"picked":"Second Wind","floor":12.0},{"not_picked":["Twin Strike","Havoc"],"picked":"Offering","floor":13.0},{"not_picked":["Cleave","Armaments","Sword Boomerang"],"picked":"SKIP","floor":14.0},{"not_picked":["Bludgeon","Berserk+1"],"picked":"Limit Break","floor":16.0},{"not_picked":["Bloodletting"],"picked":"SKIP","floor":18.0}],"player_experience":44456,"relics_obtained":[{"floor":6.0,"key":"Orichalcum"},{"floor":9.0,"key":"Frozen Egg 2"},{"floor":11.0,"key":"Red Skull"},{"floor":20.0,"key":"Red Mask"}],"event_choices":[{"event_name":"Scrap Ooze","player_choice":"success","floor":4.0,"damage_taken":7.0},{"event_name":"The Library","player_choice":"Read","floor":19.0,"damage_taken":0.0},{"event_name":"Masked Bandits","player_choice":"Fought Bandits","floor":20.0,"damage_taken":0.0},{"event_name":"Drug Dealer","player_choice":"Inject Mutagens","floor":21,"damage_taken":0},{"event_name":"Addict","player_choice":"Obtained Relic","floor":22,"damage_taken":0}],"is_beta":false,"boss_relics":[{"not_picked":["Black Star","Calling Bell"],"picked":"Busted Crown"}],"items_purged_floors":[2,23],"is_endless":false,"potions_floor_spawned":[1,6,10,11,13,18],"killed_by":"Book of Stabbing","ascension_level":5}