{"gold_per_floor":[111,129,54,72,72,86,86],"floor_reached":7,"playtime":245,"items_purged":[],"score":86,"play_id":"605ac64e-f514-40e6-96e4-1cb4de2c0691","local_time":"20190220153951","is_ascension_mode":true,"campfire_choices":[],"neow_cost":"CURSE","seed_source_timestamp":15873608334087,"circlet_count":0,"master_deck":["AscendersBane","Defend_G","Defend_G","Defend_G","Defend_G","Defend_G","Strike_G","Strike_G","Strike_G","Strike_G","Strike_G","Survivor","Neutralize","Grand Finale","Noxious Fumes","Acrobatics","Flechettes"],"special_seed":0,"relics":["Ring of the Snake","Golden Idol"],"potions_floor_usage":[7],"damage_taken":[{"damage":11.0,"enemies":"Cultist","floor":1.0,"turns":5.0},{"damage":6.0,"enemies":"Jaw Worm","floor":2.0,"turns":4.0},{"damage":3,"enemies":"2 Louse","floor":4,"turns":4},{"damage":12,"enemies":"Exordium Wildlife","floor":6,"turns":5},{"damage":32,"enemies":"Gremlin Nob","floor":7,"turns":3}],"seed_played":"1766934457497031917","potions_obtained":[{"floor":4,"key":"SteroidPotion"}],"is_trial":false,"path_per_floor":["M","M","?","M","?","M","E"],"character_chosen":"THE_SILENT","items_purchased":[],"campfire_rested":0,"item_purchase_floors":[],"current_hp_per_floor":[48,42,42,39,39,27,0],"gold":86,"neow_bonus":"THREE_RARE_CARDS","is_prod":false,"is_daily":false,"chose_seed":false,"campfire_upgraded":0,"win_rate":0,"timestamp":1550648391,"path_taken":["M","M","?","M","?","M","E"],"build_version":"2019-01-23","purchased_purges":0,"victory":false,"max_hp_per_floor":[66,66,66,66,60,60,60],"card_choices":[{"not_picked":["Phantasmal Killer","Glass Knife"],"picked":"Grand Finale","floor":0.0},{"not_picked":["Flying Knee","PiercingWail"],"picked":"Noxious Fumes","floor":1.0},{"not_picked":["Deadly Poison","Bullet Time"],"picked":"Acrobatics","floor":2.0},{"not_picked":["Cloak And Dagger","Dodge and Roll"],"picked":"Flechettes","floor":4},{"not_picked":["Backflip","Noxious Fumes","Deadly Poison"],"picked":"SKIP","floor":6}],"player_experience":2991913,"relics_obtained":[],"event_choices":[{"cards_removed":["Normality"],"damage_healed":0.0,"max_hp_gain":0.0,"max_hp_loss":0.0,"gold_gain":0.0,"event_name":"The Cleric","player_choice":"Card Removal","floor":3.0,"gold_loss":75.0,"damage_taken":0.0},{"damage_healed":0,"gold_gain":0,"player_choice":"Lose Max HP","damage_taken":0,"relics_obtained":["Golden Idol"],"max_hp_gain":0,"max_hp_loss":6,"event_name":"Golden Idol","floor":5,"gold_loss":0}],"is_beta":false,"boss_relics":[],"items_purged_floors":[],"is_endless":false,"potions_floor_spawned":[4],"killed_by":"Gremlin Nob","ascension_level":20}