{"gold_per_floor":[110,192,342,117,42,69,81,119,131,158,196,66,66,66,66,137,137,151,26,41,52,52,52,81,95,95,20,55,55,82,92,92,164,164,174,174,187,187,136,161,161,188,259,284,300,98,114,127,127,127,127,127,127,46,72,72],"floor_reached":57,"playtime":2123,"items_purged":["Doubt","Strike_G","Strike_G","Strike_G"],"score":3203,"play_id":"0c671af2-9c25-44b6-9182-92077522d9b2","local_time":"20190217192043","is_ascension_mode":true,"campfire_choices":[{"data":"Apotheosis","floor":7.0,"key":"SMITH"},{"data":"Well Laid Plans","floor":13.0,"key":"SMITH"},{"floor":15.0,"key":"RECALL"},{"floor":23.0,"key":"REST"},{"floor":29.0,"key":"REST"},{"floor":32.0,"key":"REST"},{"data":"After Image","floor":41.0,"key":"SMITH"},{"data":"Footwork","floor":49.0,"key":"SMITH"},{"data":"Acrobatics","floor":53.0,"key":"SMITH"}],"neow_cost":"NONE","seed_source_timestamp":34979380134005,"circlet_count":0,"master_deck":["AscendersBane","Defend_G","Defend_G","Defend_G","Defend_G","Defend_G","Survivor","Neutralize","Apotheosis+1","Catalyst","Well Laid Plans+1","Well Laid Plans+1","Bouncing Flask","Corpse Explosion","Grand Finale","After Image+1","Acrobatics","Acrobatics+1","Footwork+1"],"special_seed":0,"relics":["Ring of the Snake","NeowsBlessing","MawBank","Bag of Preparation","Prayer Wheel","Busted Crown","Centennial Puzzle","Paper Crane","Strawberry","Art of War","Runic Pyramid","Omamori","Juzu Bracelet","Pantograph","Regal Pillow","Letter Opener"],"potions_floor_usage":[56,56],"damage_taken":[{"damage":0.0,"enemies":"Cultist","floor":1.0,"turns":1.0},{"damage":0.0,"enemies":"Gremlin Nob","floor":6.0,"turns":1.0},{"damage":0.0,"enemies":"3 Sentries","floor":8.0,"turns":1.0},{"damage":1.0,"enemies":"Small Slimes","floor":10.0,"turns":4.0},{"damage":23.0,"enemies":"Gremlin Nob","floor":11.0,"turns":4.0},{"damage":0.0,"enemies":"Hexaghost","floor":16.0,"turns":8.0},{"damage":16.0,"enemies":"2 Thieves","floor":18.0,"turns":4.0},{"damage":0.0,"enemies":"Spheric Guardian","floor":20.0,"turns":3.0},{"damage":12.0,"enemies":"Snecko","floor":21.0,"turns":4.0},{"damage":9.0,"enemies":"Gremlin Leader","floor":24.0,"turns":7.0},{"damage":12.0,"enemies":"Snake Plant","floor":25.0,"turns":3.0},{"damage":4.0,"enemies":"Book of Stabbing","floor":28.0,"turns":5.0},{"damage":21.0,"enemies":"Slavers","floor":30.0,"turns":4.0},{"damage":0.0,"enemies":"Cultist and Chosen","floor":31.0,"turns":3.0},{"damage":10.0,"enemies":"Automaton","floor":33.0,"turns":12.0},{"damage":0.0,"enemies":"Orb Walker","floor":35.0,"turns":4.0},{"damage":0.0,"enemies":"3 Shapes","floor":37.0,"turns":3.0},{"damage":0.0,"enemies":"Reptomancer","floor":40.0,"turns":4.0},{"damage":0.0,"enemies":"Giant Head","floor":42.0,"turns":7.0},{"damage":4.0,"enemies":"Nemesis","floor":44.0,"turns":7.0},{"damage":0.0,"enemies":"Spire Growth","floor":45.0,"turns":5.0},{"damage":0.0,"enemies":"Writhing Mass","floor":47.0,"turns":3.0},{"damage":0.0,"enemies":"Sphere and 2 Shapes","floor":48.0,"turns":3.0},{"damage":11.0,"enemies":"Time Eater","floor":50.0,"turns":10.0},{"damage":14.0,"enemies":"Awakened One","floor":51.0,"turns":13.0},{"damage":0.0,"enemies":"Shield and Spear","floor":55.0,"turns":5.0},{"damage":71,"enemies":"The Heart","floor":56,"turns":11}],"seed_played":"-6564821756859727788","potions_obtained":[{"floor":10.0,"key":"Poison Potion"},{"floor":18.0,"key":"Poison Potion"},{"floor":24.0,"key":"Block Potion"},{"floor":25.0,"key":"LiquidBronze"},{"floor":31.0,"key":"Strength Potion"},{"floor":55.0,"key":"Block Potion"}],"is_trial":false,"path_per_floor":["M","T","?","$","$","E","R","E","T","M","E","$","R","?","R","B",null,"M","$","M","M","$","R","E","M","T","?","E","R","E","M","R","B",null,"M","?","M","?","$","E","R","E","T","E","M","$","M","M","R","B","B",null,"R","$","E","B",null],"character_chosen":"THE_SILENT","items_purchased":["Apotheosis","Catalyst","Bouncing Flask","Acrobatics","Acrobatics","GhostInAJar"],"campfire_rested":3,"item_purchase_floors":[4,4,12,39,46,54],"current_hp_per_floor":[59,59,59,59,59,59,59,59,59,58,35,35,35,35,35,35,58,42,42,42,30,30,49,40,28,28,28,31,52,31,31,52,42,65,65,65,65,65,65,65,65,65,65,61,61,61,61,61,61,62,59,70,70,70,70,2],"gold":72,"neow_bonus":"THREE_ENEMY_KILL","is_prod":false,"is_daily":false,"chose_seed":false,"campfire_upgraded":5,"win_rate":0,"timestamp":1550402443,"path_taken":["M","?","?","?","$","E","R","E","T","M","E","$","R","?","R","BOSS","M","$","M","M","$","R","E","M","T","?","E","R","E","M","R","BOSS","M","?","?","?","$","E","R","E","T","E","M","$","M","M","R","BOSS","BOSS","R","$","E","BOSS"],"build_version":"2019-01-23","purchased_purges":4,"victory":true,"max_hp_per_floor":[66,66,66,66,66,66,66,66,66,66,66,66,66,66,66,66,66,66,66,66,66,66,66,66,66,66,66,73,73,73,73,73,73,73,73,73,73,73,73,73,73,73,73,73,73,73,73,73,73,73,73,73,73,73,73,73],"card_choices":[{"not_picked":["Dagger Throw","Choke","Leg Sweep"],"picked":"SKIP","floor":1.0},{"not_picked":["Unload","Expertise","Dagger Throw"],"picked":"SKIP","floor":6.0},{"not_picked":["Deadly Poison","Terror"],"picked":"Well Laid Plans","floor":8.0},{"not_picked":["Skewer","Cloak And Dagger"],"picked":"Envenom","floor":10.0},{"not_picked":["Eviscerate","Outmaneuver"],"picked":"Well Laid Plans","floor":11.0},{"not_picked":["Malaise","Doppelganger"],"picked":"Corpse Explosion","floor":16.0},{"not_picked":["Underhanded Strike"],"picked":"SKIP","floor":18.0},{"not_picked":["Concentrate"],"picked":"SKIP","floor":18.0},{"not_picked":["Dagger Spray"],"picked":"SKIP","floor":20.0},{"not_picked":["Predator"],"picked":"SKIP","floor":20.0},{"not_picked":["Setup"],"picked":"SKIP","floor":21.0},{"not_picked":["Prepared"],"picked":"SKIP","floor":21.0},{"not_picked":["Deadly Poison"],"picked":"SKIP","floor":24.0},{"not_picked":[],"picked":"Grand Finale","floor":25.0},{"not_picked":["Eviscerate"],"picked":"SKIP","floor":25.0},{"not_picked":["Prepared"],"picked":"SKIP","floor":28.0},{"not_picked":["Dodge and Roll"],"picked":"SKIP","floor":30.0},{"not_picked":["Flying Knee"],"picked":"SKIP","floor":31.0},{"not_picked":["Dodge and Roll"],"picked":"SKIP","floor":31.0},{"not_picked":[],"picked":"After Image","floor":33.0},{"not_picked":["Dodge and Roll"],"picked":"SKIP","floor":35.0},{"not_picked":["Deflect"],"picked":"SKIP","floor":35.0},{"not_picked":["Infinite Blades"],"picked":"SKIP","floor":37.0},{"not_picked":["Underhanded Strike"],"picked":"SKIP","floor":37.0},{"not_picked":["Choke"],"picked":"SKIP","floor":40.0},{"not_picked":["Prepared"],"picked":"SKIP","floor":42.0},{"not_picked":["Unload"],"picked":"SKIP","floor":44.0},{"not_picked":["Leg Sweep"],"picked":"SKIP","floor":45.0},{"not_picked":["Predator"],"picked":"SKIP","floor":45.0},{"not_picked":["Poisoned Stab"],"picked":"SKIP","floor":47.0},{"not_picked":["Dodge and Roll"],"picked":"SKIP","floor":47.0},{"not_picked":[],"picked":"Footwork","floor":48.0},{"not_picked":["Eviscerate"],"picked":"SKIP","floor":48.0},{"not_picked":["Quick Slash"],"picked":"SKIP","floor":55.0}],"player_experience":2874862,"relics_obtained":[{"floor":6.0,"key":"MawBank"},{"floor":8.0,"key":"Bag of Preparation"},{"floor":11.0,"key":"Prayer Wheel"},{"floor":24.0,"key":"Centennial Puzzle"},{"floor":26.0,"key":"Paper Crane"},{"floor":28.0,"key":"Strawberry"},{"floor":30.0,"key":"Art of War"},{"floor":40.0,"key":"Omamori"},{"floor":42.0,"key":"Juzu Bracelet"},{"floor":43.0,"key":"Pantograph"},{"floor":44.0,"key":"Regal Pillow"},{"floor":55.0,"key":"Letter Opener"}],"event_choices":[{"damage_healed":0.0,"max_hp_gain":0.0,"max_hp_loss":0.0,"gold_gain":150.0,"event_name":"Liars Game","player_choice":"AGREE","floor":3.0,"gold_loss":0.0,"damage_taken":0.0,"cards_obtained":["Doubt"]},{"damage_healed":0.0,"max_hp_gain":0.0,"max_hp_loss":0.0,"gold_gain":0.0,"event_name":"Upgrade Shrine","player_choice":"Upgraded","floor":14.0,"gold_loss":0.0,"damage_taken":0.0,"cards_upgraded":["Well Laid Plans"]},{"cards_removed":["Strike_G"],"damage_healed":0.0,"max_hp_gain":0.0,"max_hp_loss":0.0,"gold_gain":0.0,"event_name":"Beggar","player_choice":"Gave Gold","floor":27.0,"gold_loss":75.0,"damage_taken":0.0},{"cards_removed":["Strike_G"],"damage_healed":0.0,"max_hp_gain":0.0,"max_hp_loss":0.0,"gold_gain":0.0,"event_name":"Bonfire Elementals","player_choice":"Offered Basic","floor":36.0,"gold_loss":0.0,"damage_taken":0.0},{"cards_removed":["Envenom"],"damage_healed":0.0,"max_hp_gain":0.0,"max_hp_loss":0.0,"gold_gain":0.0,"event_name":"Falling","player_choice":"Removed Power","floor":38.0,"gold_loss":0.0,"damage_taken":0.0}],"is_beta":false,"boss_relics":[{"not_picked":["Orrery","HoveringKite"],"picked":"Busted Crown"},{"not_picked":["Sozu","Eternal Feather"],"picked":"Runic Pyramid"}],"items_purged_floors":[5,12,19,46],"is_endless":false,"potions_floor_spawned":[10,18,24,25,31,33,35,44,47,48,55],"ascension_level":20}