{"gold_per_floor":[114,127,127,52,64,64,64,64,119,19,19,94,94,109,109,184,184,200,250,250,250,266,266,141,161,188,203,203,214,214,229,229,303,303,313,313,329,342,742,767,767,783,834,834,384,384,46,76,76,76,76,76,76,22,49,49],"floor_reached":57,"playtime":5215,"items_purged":["Strike_G","Strike_G","Strike_G","Defend_G","Defend_G"],"score":3121,"play_id":"fcf49237-85b5-4a58-a2de-28c5228b6b9d","local_time":"20190210171459","is_ascension_mode":true,"campfire_choices":[{"data":"Deadly Poison","floor":6.0,"key":"SMITH"},{"data":"Calculated Gamble","floor":11.0,"key":"SMITH"},{"data":"Neutralize","floor":13.0,"key":"SMITH"},{"data":"Reflex","floor":15.0,"key":"SMITH"},{"data":"Tactician","floor":23.0,"key":"SMITH"},{"data":"Acrobatics","floor":28,"key":"SMITH"},{"data":"Endless Agony","floor":30,"key":"SMITH"},{"data":"Footwork","floor":32,"key":"SMITH"},{"data":"Wraith Form v2","floor":44,"key":"SMITH"},{"floor":46,"key":"RECALL"},{"floor":49,"key":"REST"},{"floor":53,"key":"REST"}],"neow_cost":"TEN_PERCENT_HP_LOSS","seed_source_timestamp":26209261756687,"circlet_count":0,"master_deck":["AscendersBane","Survivor+1","Neutralize+1","Tactician+1","Calculated Gamble+1","Well Laid Plans+1","Deadly Poison+1","Footwork+1","Reflex+1","Wraith Form v2+1","Acrobatics+1","Endless Agony+1","Well Laid Plans","Prepared+1"],"special_seed":0,"relics":["Ring of the Snake","Potion Belt","Runic Pyramid","Dream Catcher","Empty Cage","Old Coin","Pen Nib","Bronze Scales","OrangePellets","Snake Skull","Anchor","Whetstone"],"potions_floor_usage":[27,38,40,56,56,56],"damage_taken":[{"damage":3.0,"enemies":"Cultist","floor":1.0,"turns":6.0},{"damage":6.0,"enemies":"Jaw Worm","floor":2.0,"turns":5.0},{"damage":0.0,"enemies":"Small Slimes","floor":5.0,"turns":4.0},{"damage":0.0,"enemies":"2 Fungi Beasts","floor":14.0,"turns":5.0},{"damage":6.0,"enemies":"The Guardian","floor":16.0,"turns":9.0},{"damage":0.0,"enemies":"Spheric Guardian","floor":18.0,"turns":4.0},{"damage":1.0,"enemies":"Shell Parasite","floor":22.0,"turns":5.0},{"damage":0.0,"enemies":"Sentry and Sphere","floor":25.0,"turns":4.0},{"damage":6,"enemies":"Cultist and Chosen","floor":27,"turns":10},{"damage":0,"enemies":"Chosen and Byrds","floor":29,"turns":9},{"damage":2,"enemies":"Sentry and Sphere","floor":31,"turns":4},{"damage":0,"enemies":"Champ","floor":33,"turns":8},{"damage":0,"enemies":"3 Shapes","floor":35,"turns":3},{"damage":0,"enemies":"Orb Walker","floor":37,"turns":3},{"damage":0,"enemies":"Maw","floor":38,"turns":4},{"damage":0,"enemies":"Mind Bloom Boss Battle","floor":39,"turns":4},{"damage":0,"enemies":"Reptomancer","floor":40,"turns":7},{"damage":1,"enemies":"Transient","floor":42,"turns":6},{"damage":13,"enemies":"Giant Head","floor":48,"turns":4},{"damage":0,"enemies":"Donu and Deca","floor":50,"turns":5},{"damage":0,"enemies":"Time Eater","floor":51,"turns":8},{"damage":0,"enemies":"Shield and Spear","floor":55,"turns":2},{"damage":0,"enemies":"The Heart","floor":56,"turns":3}],"seed_played":"-3053109704010191933","potions_obtained":[{"floor":1.0,"key":"Dexterity Potion"},{"floor":5.0,"key":"Block Potion"},{"floor":16.0,"key":"Block Potion"},{"floor":22.0,"key":"EssenceOfSteel"},{"floor":27,"key":"EssenceOfSteel"},{"floor":33,"key":"Ancient Potion"},{"floor":35,"key":"Regen Potion"}],"is_trial":false,"path_per_floor":["M","M","?","$","M","R","$","?","T","$","R","?","R","M","R","B",null,"M","?","?","T","M","R","$","M","T","M","R","M","R","M","R","B",null,"M","?","M","M","?","E","?","M","T","R","$","R","$","E","R","B","B",null,"R","$","E","B",null],"character_chosen":"THE_SILENT","items_purchased":["OrangePellets","GhostInAJar","Snake Skull","PowerPotion"],"campfire_rested":2,"item_purchase_floors":[45,45,47,54],"current_hp_per_floor":[56,50,50,50,50,50,50,32,32,32,32,21,21,21,21,15,49,49,49,49,49,48,48,48,48,48,42,42,42,42,40,40,40,55,55,55,55,60,60,60,60,59,59,59,59,59,59,46,60,60,60,60,60,60,60,60],"gold":49,"neow_bonus":"TRANSFORM_TWO_CARDS","is_prod":false,"is_daily":false,"chose_seed":false,"campfire_upgraded":9,"win_rate":0,"timestamp":1549790099,"path_taken":["M","M","?","?","M","R","$","?","T","?","R","?","R","M","R","BOSS","M","?","?","?","M","R","$","M","T","M","R","?","R","M","R","BOSS","M","?","M","M","?","E","?","M","T","R","$","R","$","E","R","BOSS","BOSS","R","$","E","BOSS"],"build_version":"2019-01-23","purchased_purges":5,"victory":true,"max_hp_per_floor":[60,60,60,60,60,60,60,60,60,60,60,60,60,60,60,60,60,60,60,60,60,60,60,60,60,60,60,60,60,60,60,60,60,60,60,60,60,60,60,60,60,60,60,60,60,60,60,60,60,60,60,60,60,60,60,60],"card_choices":[{"not_picked":["Concentrate","Blade Dance"],"picked":"Well Laid Plans","floor":1.0},{"not_picked":["PiercingWail","Cloak And Dagger"],"picked":"Deadly Poison","floor":2.0},{"not_picked":["Distraction","Backflip"],"picked":"Footwork","floor":5.0},{"not_picked":["PiercingWail","Cloak And Dagger"],"picked":"Reflex","floor":14.0},{"not_picked":["Corpse Explosion","A Thousand Cuts"],"picked":"Wraith Form v2","floor":16.0},{"not_picked":["Dagger Throw","Cloak And Dagger"],"picked":"Acrobatics","floor":18.0},{"not_picked":["Prepared","Caltrops","Poisoned Stab"],"picked":"SKIP","floor":22.0},{"not_picked":["Prepared","Caltrops","Poisoned Stab"],"picked":"SKIP","floor":22.0},{"not_picked":["Underhanded Strike","Dodge and Roll","Skewer"],"picked":"SKIP","floor":25.0},{"not_picked":["Flying Knee","Sucker Punch","Quick Slash"],"picked":"SKIP","floor":27},{"not_picked":["Well Laid Plans","Cloak And Dagger"],"picked":"Endless Agony","floor":29},{"not_picked":["Outmaneuver","Noxious Fumes","Blade Dance+1"],"picked":"SKIP","floor":31},{"not_picked":["Accuracy+1","Bane","Finisher"],"picked":"SKIP","floor":35},{"not_picked":["Poisoned Stab","Dagger Throw","Underhanded Strike"],"picked":"SKIP","floor":37},{"not_picked":["Prepared+1","Cloak And Dagger","PiercingWail+1"],"picked":"SKIP","floor":38},{"not_picked":["Flying Knee","Dodge and Roll+1","Terror+1"],"picked":"SKIP","floor":40},{"not_picked":["Dodge and Roll","Deadly Poison+1","Prepared"],"picked":"SKIP","floor":42},{"not_picked":["Unload","Dagger Throw","Sucker Punch+1"],"picked":"SKIP","floor":48},{"not_picked":["All Out Attack","Slice+1"],"picked":"Prepared+1","floor":49},{"not_picked":["Flying Knee","Dodge and Roll","Phantasmal Killer"],"picked":"SKIP","floor":55}],"player_experience":2577128,"relics_obtained":[{"floor":9.0,"key":"Potion Belt"},{"floor":26.0,"key":"Dream Catcher"},{"floor":39,"key":"Old Coin"},{"floor":40,"key":"Pen Nib"},{"floor":43,"key":"Bronze Scales"},{"floor":48,"key":"Anchor"},{"floor":55,"key":"Whetstone"}],"event_choices":[{"damage_healed":0.0,"max_hp_gain":0.0,"max_hp_loss":0.0,"gold_gain":0.0,"event_name":"Upgrade Shrine","player_choice":"Upgraded","floor":3.0,"gold_loss":0.0,"damage_taken":0.0,"cards_upgraded":["Well Laid Plans"]},{"damage_healed":0.0,"max_hp_gain":0.0,"max_hp_loss":0.0,"gold_gain":0.0,"event_name":"Shining Light","player_choice":"Entered Light","floor":8.0,"gold_loss":0.0,"damage_taken":18.0,"cards_upgraded":["Survivor","Strike_G"]},{"damage_healed":0.0,"max_hp_gain":0.0,"max_hp_loss":0.0,"gold_gain":75.0,"event_name":"World of Goop","player_choice":"Gather Gold","floor":12.0,"gold_loss":0.0,"damage_taken":11.0},{"damage_healed":0.0,"max_hp_gain":0.0,"max_hp_loss":0.0,"gold_gain":50.0,"event_name":"Nest","player_choice":"Stole From Cult","floor":19.0,"gold_loss":0.0,"damage_taken":0.0},{"damage_healed":0.0,"max_hp_gain":0.0,"max_hp_loss":0.0,"gold_gain":0.0,"event_name":"Ghosts","player_choice":"Ignored","floor":20.0,"gold_loss":0.0,"damage_taken":0.0},{"damage_healed":0,"gold_gain":0,"player_choice":"Ignored","damage_taken":0,"max_hp_gain":0,"max_hp_loss":0,"event_name":"Tomb of Lord Red Mask","floor":36,"gold_loss":0},{"damage_healed":0,"gold_gain":0,"player_choice":"Fight","damage_taken":0,"max_hp_gain":0,"max_hp_loss":0,"event_name":"MindBloom","floor":39,"gold_loss":0},{"damage_healed":0,"gold_gain":0,"cards_transformed":["Defend_G"],"player_choice":"Transformed","damage_taken":0,"max_hp_gain":0,"max_hp_loss":0,"event_name":"Transmorgrifier","floor":41,"gold_loss":0,"cards_obtained":["Well Laid Plans"]}],"is_beta":false,"boss_relics":[{"not_picked":["Orrery","Lizard Tail"],"picked":"Runic Pyramid"},{"not_picked":["HoveringKite","Philosopher\u0027s Stone"],"picked":"Empty Cage"}],"items_purged_floors":[4,10,24,45,47],"is_endless":false,"potions_floor_spawned":[1,5,16,22,27,29,33,35,37],"ascension_level":20}