{"gold_per_floor":[131,159,183,206,218,270,282,13,13,29,29,29,72,72,72,72],"floor_reached":16,"playtime":434,"items_purged":[],"score":204,"play_id":"227c970b-3eb5-4ecf-ae5e-87dc77821eec","local_time":"20181012005728","is_ascension_mode":true,"campfire_choices":[{"floor":7.0,"key":"REST"},{"floor":12.0,"key":"REST"},{"data":"Zap","floor":15,"key":"SMITH"}],"neow_cost":"NONE","seed_source_timestamp":90525767072201,"circlet_count":0,"master_deck":["Strike_B","Strike_B","Strike_B","Strike_B","Defend_B+1","Defend_B","Defend_B","Defend_B","Zap+1","Dualcast","AscendersBane","Redo+1","Consume","Turbo","Streamline","Self Repair","Seek"],"special_seed":0,"relics":["Cracked Core","MawBank","Golden Idol","Mummified Hand","OrangePellets","Girya","Emotion Chip"],"potions_floor_usage":[13,16],"damage_taken":[{"damage":1.0,"enemies":"Cultist","floor":1.0,"turns":3.0},{"damage":0.0,"enemies":"2 Louse","floor":2.0,"turns":2.0},{"damage":8.0,"enemies":"Small Slimes","floor":3.0,"turns":4.0},{"damage":17.0,"enemies":"Exordium Wildlife","floor":4.0,"turns":4.0},{"damage":35.0,"enemies":"Lagavulin","floor":6.0,"turns":7.0},{"damage":7.0,"enemies":"Looter","floor":10.0,"turns":4.0},{"damage":17,"enemies":"3 Sentries","floor":13,"turns":6},{"damage":0,"enemies":"Slime Boss","floor":16,"turns":5}],"seed_played":"5011860588279429421","potions_obtained":[{"floor":2.0,"key":"GamblersBrew"},{"floor":4.0,"key":"Weak Potion"},{"floor":6.0,"key":"Fire Potion"},{"floor":13,"key":"FocusPotion"}],"is_trial":false,"path_per_floor":["M","M","M","M","?","E","R","$","T","M","?","R","E","$","R"],"character_chosen":"DEFECT","items_purchased":["OrangePellets","Self Repair"],"campfire_rested":2,"item_purchase_floors":[8,8],"current_hp_per_floor":[63,63,55,38,38,3,22,22,22,22,3,22,12,12,12,12],"gold":72,"neow_bonus":"RANDOM_COMMON_RELIC","is_prod":false,"is_daily":false,"chose_seed":false,"campfire_upgraded":1,"win_rate":0,"timestamp":1539277048,"path_taken":["M","?","?","M","?","E","R","?","T","?","?","R","E","$","R","BOSS"],"build_version":"2018-10-04v2","purchased_purges":0,"victory":false,"max_hp_per_floor":[71,71,71,71,64,64,64,64,64,64,64,64,64,64,64,64],"card_choices":[{"not_picked":["Steam","Melter"],"picked":"Redo","floor":1.0},{"not_picked":["Gash","Leap"],"picked":"Consume","floor":2.0},{"not_picked":["FTL","Reprogram"],"picked":"Turbo","floor":3.0},{"not_picked":["BootSequence","Barrage"],"picked":"Streamline","floor":4.0},{"not_picked":["Tempest","Gash","Compile Driver"],"picked":"SKIP","floor":6.0},{"not_picked":["Auto Shields","Gash","Static Discharge"],"picked":"SKIP","floor":10.0},{"not_picked":["FTL","Ball Lightning"],"picked":"Seek","floor":13}],"player_experience":288717,"relics_obtained":[{"floor":6.0,"key":"Mummified Hand"},{"floor":9.0,"key":"Girya"},{"floor":13,"key":"Emotion Chip"}],"event_choices":[{"event_name":"Golden Idol","player_choice":"Lose Max HP","floor":5.0,"damage_taken":0.0},{"event_name":"Shining Light","player_choice":"Entered Light","floor":11.0,"damage_taken":0.0}],"is_beta":false,"boss_relics":[],"items_purged_floors":[],"is_endless":false,"potions_floor_spawned":[2,4,6,13],"killed_by":"Slime Boss","ascension_level":17}