{"gold_per_floor":[113,113,113,131,149,183,458,217,217,5,38,51,66,83,83,156,156,175,146,158,58,78,108,108,124,149,149,167,182,195,211,211,283,283,295,315,84,101,117,117,148,148,148,148,162,162,188,85,85,85,85,85,85,35,67,67],"floor_reached":57,"playtime":5704,"items_purged":["Regret","Defend_G","Strike_G","Defend_G"],"score":2925,"play_id":"4969fd41-73e3-4e83-8098-62fc2b03aac7","local_time":"20190410224417","is_ascension_mode":true,"campfire_choices":[{"data":"Deadly Poison","floor":15.0,"key":"SMITH"},{"data":"Wraith Form v2","floor":24.0,"key":"SMITH"},{"data":"Well Laid Plans","floor":32.0,"key":"SMITH"},{"floor":40.0,"key":"RECALL"},{"data":"Neutralize","floor":44.0,"key":"SMITH"},{"data":"Caltrops","floor":46.0,"key":"SMITH"},{"data":"Backflip","floor":49.0,"key":"SMITH"},{"data":"Survivor","floor":53.0,"key":"SMITH"}],"neow_cost":"NONE","seed_source_timestamp":60567373179992,"circlet_count":0,"master_deck":["AscendersBane","Defend_G+1","Defend_G+1","Defend_G","Strike_G","Survivor+1","Neutralize+1","Endless Agony","After Image","Caltrops+1","Deadly Poison+1","Backflip+1","Wraith Form v2+1","Well Laid Plans+1","Bouncing Flask+1","Wraith Form v2+1","Acrobatics+1","Adrenaline+1","Die Die Die+1","Riddle With Holes+1","Endless Agony+1","Wraith Form v2+1","Calculated Gamble+1","Catalyst+1","Tactician+1","Acrobatics+1"],"special_seed":0,"relics":["Ring of the Snake","NeowsBlessing","Ginger","War Paint","PreservedInsect","Singing Bowl","ClockworkSouvenir","Oddly Smooth Stone","Coffee Dripper","Toxic Egg 2","Happy Flower","Astrolabe","DollysMirror","Darkstone Periapt","Smiling Mask","Nunchaku","Bag of Preparation"],"potions_floor_usage":[56,56],"damage_taken":[{"damage":0.0,"enemies":"Jaw Worm","floor":1.0,"turns":1.0},{"damage":0.0,"enemies":"Small Slimes","floor":4.0,"turns":1.0},{"damage":0.0,"enemies":"Cultist","floor":5.0,"turns":1.0},{"damage":35.0,"enemies":"Lagavulin","floor":6.0,"turns":11.0},{"damage":11.0,"enemies":"Gremlin Nob","floor":11.0,"turns":4.0},{"damage":0.0,"enemies":"Blue Slaver","floor":12.0,"turns":5.0},{"damage":0.0,"enemies":"Red Slaver","floor":13.0,"turns":4.0},{"damage":0.0,"enemies":"Lots of Slimes","floor":14.0,"turns":1.0},{"damage":3.0,"enemies":"Hexaghost","floor":16.0,"turns":11.0},{"damage":2.0,"enemies":"Spheric Guardian","floor":18.0,"turns":7.0},{"damage":1.0,"enemies":"2 Thieves","floor":19.0,"turns":4.0},{"damage":23.0,"enemies":"Cultist and Chosen","floor":20.0,"turns":8.0},{"damage":0.0,"enemies":"Snecko","floor":22.0,"turns":6.0},{"damage":20.0,"enemies":"Book of Stabbing","floor":23.0,"turns":6.0},{"damage":0.0,"enemies":"Centurion and Healer","floor":25.0,"turns":8.0},{"damage":2.0,"enemies":"Shelled Parasite and Fungi","floor":28.0,"turns":6.0},{"damage":0.0,"enemies":"Sentry and Sphere","floor":29.0,"turns":6.0},{"damage":0.0,"enemies":"Snake Plant","floor":30.0,"turns":5.0},{"damage":1.0,"enemies":"Snecko","floor":31.0,"turns":5.0},{"damage":6.0,"enemies":"Champ","floor":33.0,"turns":15.0},{"damage":0.0,"enemies":"3 Darklings","floor":35.0,"turns":5.0},{"damage":0.0,"enemies":"3 Shapes","floor":36.0,"turns":4.0},{"damage":0.0,"enemies":"Spire Growth","floor":38.0,"turns":6.0},{"damage":0.0,"enemies":"4 Shapes","floor":39.0,"turns":3.0},{"damage":0.0,"enemies":"Giant Head","floor":41.0,"turns":8.0},{"damage":0.0,"enemies":"Sphere and 2 Shapes","floor":45.0,"turns":4.0},{"damage":0.0,"enemies":"Nemesis","floor":47.0,"turns":5.0},{"damage":32.0,"enemies":"Awakened One","floor":50.0,"turns":12.0},{"damage":0.0,"enemies":"Donu and Deca","floor":51.0,"turns":10.0},{"damage":0,"enemies":"Shield and Spear","floor":55,"turns":8},{"damage":30,"enemies":"The Heart","floor":56,"turns":7}],"seed_played":"7201877701653663399","potions_obtained":[{"floor":4.0,"key":"SpeedPotion"},{"floor":6.0,"key":"Explosive Potion"},{"floor":12.0,"key":"Block Potion"},{"floor":16.0,"key":"Poison Potion"},{"floor":18.0,"key":"Weak Potion"},{"floor":23.0,"key":"Regen Potion"},{"floor":30.0,"key":"Ancient Potion"},{"floor":45.0,"key":"Poison Potion"}],"is_trial":false,"path_per_floor":["M","?","?","M","M","E","?","$","T","$","E","M","M","M","R","B",null,"M","M","M","$","M","E","R","M","T","?","M","M","M","M","R","B",null,"M","M","$","M","M","R","E","?","T","R","M","R","E","$","R","B","B",null,"R","$","E","B",null],"character_chosen":"THE_SILENT","items_purchased":["PreservedInsect","ClockworkSouvenir","DollysMirror","Acrobatics+1"],"campfire_rested":0,"item_purchase_floors":[8,10,37,48],"current_hp_per_floor":[59,48,48,48,48,13,13,13,13,13,4,6,8,10,10,7,57,57,58,35,35,37,19,19,19,19,19,32,34,36,37,37,31,74,76,78,78,78,78,78,80,80,80,80,82,82,82,82,82,50,50,85,85,85,87,57],"gold":67,"neow_bonus":"THREE_ENEMY_KILL","is_prod":false,"is_daily":false,"chose_seed":false,"campfire_upgraded":7,"win_rate":0,"timestamp":1554907457,"path_taken":["M","?","?","?","M","E","?","$","T","$","E","?","M","M","R","BOSS","M","M","M","$","M","E","R","?","T","?","?","M","?","M","R","BOSS","M","?","$","M","M","R","E","?","T","R","?","R","E","$","R","BOSS","BOSS","R","$","E","BOSS"],"build_version":"2019-01-23","purchased_purges":4,"victory":true,"max_hp_per_floor":[66,66,66,66,66,66,66,66,66,66,68,70,72,74,74,74,74,76,78,78,78,80,82,82,82,82,82,82,84,86,88,88,88,88,90,92,92,92,92,92,94,94,94,94,96,96,96,96,96,96,96,96,96,96,98,98],"card_choices":[{"not_picked":["Dagger Throw","Sucker Punch"],"picked":"Endless Agony","floor":1.0},{"not_picked":["Outmaneuver","Setup"],"picked":"Caltrops","floor":4.0},{"not_picked":["Heel Hook","Choke"],"picked":"Deadly Poison","floor":5.0},{"not_picked":["Poisoned Stab","Predator"],"picked":"Backflip","floor":6.0},{"not_picked":["PiercingWail","Quick Slash","Cloak And Dagger"],"picked":"Singing Bowl","floor":11.0},{"not_picked":["Bane","Masterful Stab","Crippling Poison"],"picked":"Singing Bowl","floor":12.0},{"not_picked":["Accuracy","Dagger Spray","Underhanded Strike"],"picked":"Singing Bowl","floor":13.0},{"not_picked":["Backflip","Skewer","Prepared"],"picked":"Singing Bowl","floor":14.0},{"not_picked":["Storm of Steel","Phantasmal Killer"],"picked":"Wraith Form v2","floor":16.0},{"not_picked":["Dagger Spray","Heel Hook","Blade Dance"],"picked":"Singing Bowl","floor":18.0},{"not_picked":["Underhanded Strike+1","Prepared","Choke"],"picked":"Singing Bowl","floor":19.0},{"not_picked":["PiercingWail","Infinite Blades"],"picked":"Well Laid Plans","floor":20.0},{"not_picked":["Riddle With Holes","Dagger Throw+1","Footwork"],"picked":"Singing Bowl","floor":22.0},{"not_picked":["Footwork","Deadly Poison","Blur"],"picked":"Singing Bowl","floor":23.0},{"not_picked":["Poisoned Stab","Prepared+1"],"picked":"Bouncing Flask+1","floor":25.0},{"not_picked":["Dash","Blade Dance+1"],"picked":"Acrobatics+1","floor":28.0},{"not_picked":["Cloak And Dagger+1","Predator","Flying Knee"],"picked":"Singing Bowl","floor":29.0},{"not_picked":["Distraction+1","Dagger Throw+1","Slice"],"picked":"Singing Bowl","floor":30.0},{"not_picked":["Dagger Throw","Blade Dance+1","Reflex+1"],"picked":"Singing Bowl","floor":31.0},{"not_picked":["Glass Knife","Corpse Explosion+1"],"picked":"Adrenaline+1","floor":33.0},{"not_picked":["Caltrops","Blade Dance+1","Dagger Spray"],"picked":"Singing Bowl","floor":35.0},{"not_picked":["Dagger Spray","Bane+1","Quick Slash"],"picked":"Singing Bowl","floor":36.0},{"not_picked":["PiercingWail+1","Reflex+1"],"picked":"Calculated Gamble+1","floor":38.0},{"not_picked":["Expertise+1","Slice"],"picked":"Catalyst+1","floor":39.0},{"not_picked":["Flying Knee+1","Reflex+1","Dagger Throw"],"picked":"Singing Bowl","floor":41.0},{"not_picked":["Accuracy","Underhanded Strike+1","Choke+1"],"picked":"Singing Bowl","floor":45.0},{"not_picked":["Calculated Gamble+1","Endless Agony"],"picked":"Tactician+1","floor":47.0},{"not_picked":["Leg Sweep+1","Deflect+1","Calculated Gamble+1"],"picked":"Singing Bowl","floor":55}],"player_experience":4216551,"relics_obtained":[{"floor":6.0,"key":"War Paint"},{"floor":9.0,"key":"Singing Bowl"},{"floor":11.0,"key":"Oddly Smooth Stone"},{"floor":23.0,"key":"Toxic Egg 2"},{"floor":26.0,"key":"Happy Flower"},{"floor":41.0,"key":"Darkstone Periapt"},{"floor":47.0,"key":"Nunchaku"},{"floor":55,"key":"Bag of Preparation"}],"event_choices":[{"damage_healed":0.0,"max_hp_gain":0.0,"max_hp_loss":0.0,"gold_gain":0.0,"event_name":"Scrap Ooze","player_choice":"Success","floor":2.0,"gold_loss":0.0,"damage_taken":11.0,"relics_obtained":["Ginger"]},{"damage_healed":0.0,"max_hp_gain":0.0,"max_hp_loss":0.0,"gold_gain":0.0,"event_name":"Match and Keep!","player_choice":"2 cards matched","floor":3.0,"gold_loss":0.0,"damage_taken":0.0,"cards_obtained":["After Image","All Out Attack"]},{"damage_healed":0.0,"max_hp_gain":0.0,"max_hp_loss":0.0,"gold_gain":275.0,"event_name":"Golden Shrine","player_choice":"Desecrate","floor":7.0,"gold_loss":0.0,"damage_taken":0.0,"cards_obtained":["Regret"]},{"damage_healed":0.0,"max_hp_gain":0.0,"max_hp_loss":0.0,"gold_gain":0.0,"event_name":"Duplicator","player_choice":"Copied","floor":27.0,"gold_loss":0.0,"damage_taken":0.0,"cards_obtained":["Wraith Form v2"]},{"cards_removed":["All Out Attack"],"damage_healed":0.0,"max_hp_gain":0.0,"max_hp_loss":0.0,"gold_gain":0.0,"event_name":"WeMeetAgain","player_choice":"Gave Card","floor":42.0,"gold_loss":0.0,"damage_taken":0.0,"relics_obtained":["Smiling Mask"]}],"is_beta":false,"boss_relics":[{"not_picked":["Snecko Eye","WristBlade"],"picked":"Coffee Dripper"},{"not_picked":["Cursed Key","Velvet Choker"],"picked":"Astrolabe"}],"items_purged_floors":[8,21,48,54],"is_endless":false,"potions_floor_spawned":[4,6,12,16,18,20,23,30,33,35,41,45,47],"ascension_level":20}