{"path_per_floor":["M","$","?","?","M","E","R","E","T","M","E","?","E","M","R","B",null,"M","$","?","?","M","E","R","E","T","M","E","$","M","E","R","B",null,"M","?","?","M","T","E","M","E","T","R","M","?","E","M","R","B"],"character_chosen":"IRONCLAD","items_purchased":["Endless Agony","War Paint"],"gold_per_floor":[114,114,114,114,129,159,159,189,189,204,234,234,264,279,279,379,409,424,424,424,339,354,384,384,414,439,454,484,300,315,345,345,445,445,460,460,460,475,500,560,575,605,630,630,645,645,675,690,690,690],"floor_reached":51,"campfire_rested":0,"playtime":1371,"item_purchase_floors":[29,29],"current_hp_per_floor":[74,74,80,80,80,68,68,68,74,74,74,74,74,74,74,80,103,103,103,87,87,87,82,82,58,64,64,60,60,60,60,60,72,115,115,121,127,127,133,133,133,133,146,146,146,146,146,146,146,152],"items_purged":[],"gold":690,"score":1341,"play_id":"781c7b2a-a03e-4cc7-b11a-58c84035caa8","local_time":"20180609111358","daily_mods":["Diverse","Cursed Run","Elite Swarm"],"is_prod":false,"is_daily":true,"chose_seed":false,"is_ascension_mode":false,"campfire_upgraded":6,"win_rate":0,"timestamp":1528514038,"campfire_choices":[{"data":"Bash","floor":7,"key":"SMITH"},{"data":"Limit Break","floor":15,"key":"SMITH"},{"data":"Hyperbeam","floor":24,"key":"SMITH"},{"data":"Blade Dance","floor":32,"key":"SMITH"},{"data":"Seek","floor":44,"key":"SMITH"},{"data":"Havoc","floor":49,"key":"SMITH"}],"path_taken":["M","$","?","?","M","E","R","E","T","M","E","?","E","?","R","BOSS","M","$","?","?","?","E","R","E","T","M","E","?","M","E","R","BOSS","M","?","?","M","?","E","M","E","T","R","?","?","E","M","R","BOSS"],"build_version":"2018-06-07v2","seed_source_timestamp":0,"purchased_purges":0,"victory":true,"master_deck":["Strike_R","Strike_R+1","Strike_R","Defend_R","Defend_R","Defend_R","Defend_R+1","Bash+1","Riddle With Holes","Regret","Quick Slash+1","Flying Knee","Immolate+1","Limit Break+1","Decay","Bullet Time","Coolheaded","Limit Break","Conserve Battery","Regret","Seek+1","Blade Dance+1","Go for the Eyes","Go for the Eyes+1","Hyperbeam+1","Double Tap+1","Clumsy","Beam Cell+1","Hyperbeam","Limit Break","Endless Agony","Stack+1","Seek","Injury","Reaper","Body Slam+1","Dagger Throw+1","Writhe","Decay","Dropkick+1","BootSequence","Doubt","Reboot","Rebound","Reprogram","Parasite","Backstab+1","Buffer","Havoc+1","Clumsy"],"max_hp_per_floor":[80,80,86,86,86,86,86,86,92,92,92,92,92,92,92,98,103,103,103,103,103,103,103,103,103,109,109,109,109,109,109,109,115,115,115,121,127,127,133,133,133,133,146,146,146,146,146,146,146,152],"relics":["Cursed Key","Darkstone Periapt","Du-Vu Doll","Vajra","Meat on the Bone","Bottled Flame","Kunai","Dead Branch","Whetstone","Tiny House","Enchiridion","Sundial","Prayer Wheel","Pen Nib","Lantern","Bag of Marbles","War Paint","Calipers","Philosopher\u0027s Stone","Boot","Tiny Chest","Ice Cream","Strawberry","Art of War"],"card_choices":[{"not_picked":["Rebound","Anger"],"picked":"Riddle With Holes","floor":1},{"not_picked":["Setup","Backflip"],"picked":"Flying Knee","floor":5},{"not_picked":["Berserk","Corpse Explosion"],"picked":"Immolate","floor":6},{"not_picked":["Meteor Strike","Envenom"],"picked":"Limit Break","floor":8},{"not_picked":["Clothesline","Deadly Poison","Streamline"],"picked":"SKIP","floor":10},{"not_picked":["Burst","Buffer"],"picked":"Bullet Time","floor":11},{"not_picked":["A Thousand Cuts","Juggernaut"],"picked":"Limit Break","floor":13},{"not_picked":["Compile Driver","Darkness"],"picked":"Conserve Battery","floor":14},{"not_picked":["Limit Break","Meteor Strike"],"picked":"Seek","floor":16},{"not_picked":["Slice","Darkness"],"picked":"Blade Dance","floor":17},{"not_picked":["Anger","Quick Slash"],"picked":"Go for the Eyes","floor":18},{"not_picked":["Deflect","Redo"],"picked":"Go for the Eyes+1","floor":22},{"not_picked":["Barricade","Offering"],"picked":"Hyperbeam","floor":23},{"not_picked":["Corpse Explosion","Adrenaline"],"picked":"Double Tap","floor":25},{"not_picked":["Sword Boomerang","PiercingWail"],"picked":"Beam Cell+1","floor":27},{"not_picked":["Anger+1","Backflip"],"picked":"Hyperbeam","floor":27},{"not_picked":["Thunder Strike","Biased Cognition"],"picked":"Limit Break","floor":28},{"not_picked":["Carnage","Sweeping Beam"],"picked":"Stack+1","floor":30},{"not_picked":["Prepared","PiercingWail","Deadly Poison"],"picked":"SKIP","floor":30},{"not_picked":["Fission","Glass Knife"],"picked":"Seek","floor":31},{"not_picked":["Unload","Bullet Time"],"picked":"Reaper","floor":33},{"not_picked":["Sweeping Beam","Reflex"],"picked":"Body Slam+1","floor":35},{"not_picked":["Dagger Spray","Steam"],"picked":"Dagger Throw+1","floor":35},{"not_picked":["Inflame","Scrape+1"],"picked":"Dropkick+1","floor":38},{"not_picked":["Inflame+1","Glacier"],"picked":"BootSequence","floor":38},{"not_picked":["Grand Finale","Buffer"],"picked":"Reboot","floor":40},{"not_picked":["Flex+1","Clothesline+1"],"picked":"Rebound","floor":41},{"not_picked":["Double Energy","Pommel Strike"],"picked":"Reprogram","floor":41},{"not_picked":["Limit Break","Grand Finale"],"picked":"Tools of the Trade","floor":42},{"not_picked":["Feel No Pain","Cleave+1"],"picked":"Backstab+1","floor":45},{"not_picked":["Rebound+1","Streamline","Defragment+1"],"picked":"SKIP","floor":45},{"not_picked":["Thunder Strike","Brutality"],"picked":"Buffer","floor":47},{"not_picked":["Cold Snap+1","Cleave"],"picked":"Havoc","floor":48},{"not_picked":["Poisoned Stab+1","Twin Strike","Streamline"],"picked":"SKIP","floor":48}],"player_experience":544137,"potions_floor_usage":[13,16,18,23,23,28,41,50,50,50],"damage_taken":[{"damage":6,"enemies":"Jaw Worm","floor":1,"turns":2},{"damage":0,"enemies":"Small Slimes","floor":5,"turns":2},{"damage":12,"enemies":"Lagavulin","floor":6,"turns":4},{"damage":0,"enemies":"Gremlin Nob","floor":8,"turns":2},{"damage":0,"enemies":"2 Louse","floor":10,"turns":1},{"damage":0,"enemies":"3 Sentries","floor":11,"turns":2},{"damage":0,"enemies":"Gremlin Nob","floor":13,"turns":3},{"damage":0,"enemies":"Blue Slaver","floor":14,"turns":1},{"damage":0,"enemies":"Slime Boss","floor":16,"turns":3},{"damage":0,"enemies":"3 Byrds","floor":18,"turns":1},{"damage":0,"enemies":"2 Thieves","floor":22,"turns":2},{"damage":5,"enemies":"Slavers","floor":23,"turns":3},{"damage":24,"enemies":"Book of Stabbing","floor":25,"turns":3},{"damage":0,"enemies":"Cultist and Chosen","floor":27,"turns":2},{"damage":4,"enemies":"Slavers","floor":28,"turns":2},{"damage":0,"enemies":"Snake Plant","floor":30,"turns":1},{"damage":0,"enemies":"Book of Stabbing","floor":31,"turns":2},{"damage":1,"enemies":"Collector","floor":33,"turns":4},{"damage":0,"enemies":"Orb Walker","floor":35,"turns":1},{"damage":0,"enemies":"Flame Bruiser 1 Orb","floor":38,"turns":1},{"damage":5,"enemies":"Giant Head","floor":40,"turns":4},{"damage":0,"enemies":"Sphere and 2 Shapes","floor":41,"turns":2},{"damage":0,"enemies":"Nemesis","floor":42,"turns":1},{"damage":0,"enemies":"Flame Bruiser 2 Orb","floor":45,"turns":1},{"damage":0,"enemies":"Giant Head","floor":47,"turns":2},{"damage":0,"enemies":"4 Shapes","floor":48,"turns":1},{"damage":0,"enemies":"Awakened One","floor":50,"turns":3}],"relics_obtained":[{"floor":6,"key":"Meat on the Bone"},{"floor":8,"key":"Bottled Flame"},{"floor":9,"key":"Kunai"},{"floor":11,"key":"Dead Branch"},{"floor":13,"key":"Whetstone"},{"floor":20,"key":"Enchiridion"},{"floor":23,"key":"Prayer Wheel"},{"floor":25,"key":"Pen Nib"},{"floor":26,"key":"Lantern"},{"floor":28,"key":"Bag of Marbles"},{"floor":31,"key":"Calipers"},{"floor":39,"key":"Boot"},{"floor":40,"key":"Tiny Chest"},{"floor":42,"key":"Ice Cream"},{"floor":43,"key":"Strawberry"},{"floor":47,"key":"Art of War"}],"event_choices":[{"event_name":"Big Fish","player_choice":"Box","floor":3,"damage_taken":0},{"event_name":"Transmorgrifier","player_choice":"Transform","floor":4,"damage_taken":0},{"event_name":"Living Wall","player_choice":"Change","floor":12,"damage_taken":0},{"event_name":"Cursed Tome","player_choice":"Obtained Book","floor":20,"damage_taken":0},{"event_name":"Addict","player_choice":"Obtained Relic","floor":21,"damage_taken":0},{"event_name":"Winding Halls","player_choice":"Writhe","floor":36,"damage_taken":0},{"event_name":"Wheel of Change","player_choice":"Curse","floor":37,"damage_taken":0},{"event_name":"Falling","player_choice":"Removed Power","floor":46,"damage_taken":0}],"boss_relics":[{"not_picked":["Runic Pyramid","Snecko Eye"],"picked":"Tiny House"},{"not_picked":["Eternal Feather","Busted Crown"],"picked":"Philosopher\u0027s Stone"}],"items_purged_floors":[],"potions_floor_spawned":[5,8,10,16,18,27,33,35,40,41,45],"seed_played":"-8965767018673126133","ascension_level":0,"potions_obtained":[{"floor":5,"key":"Ancient Potion"},{"floor":8,"key":"Poison Potion"},{"floor":10,"key":"Block Potion"},{"floor":16,"key":"Energy Potion"},{"floor":17,"key":"SteroidPotion"},{"floor":18,"key":"Swift Potion"},{"floor":27,"key":"Fire Potion"},{"floor":33,"key":"Regen Potion"},{"floor":35,"key":"EssenceOfSteel"},{"floor":45,"key":"Block Potion"}],"is_trial":false}