{"gold_per_floor":[118,133,144,69,83,83,95,95,119,55,55,30,30,30],"floor_reached":14,"playtime":324,"items_purged":[],"score":160,"play_id":"f17206a3-eb94-48d5-8d45-db699211ce01","local_time":"20190301170805","is_ascension_mode":true,"campfire_choices":[{"data":"Consume","floor":6,"key":"SMITH"},{"data":"Zap","floor":8,"key":"SMITH"},{"data":"Capacitor","floor":11,"key":"SMITH"},{"data":"Hologram","floor":13,"key":"SMITH"}],"neow_cost":"TEN_PERCENT_HP_LOSS","seed_source_timestamp":92247168896639,"circlet_count":0,"master_deck":["AscendersBane","Strike_B","Defend_B","Defend_B","Defend_B","Defend_B","Zap+1","Dualcast","Consume+1","Glacier","Hologram+1","Cold Snap","Capacitor+1","Conserve Battery"],"relics":["Cracked Core","Bronze Scales"],"potions_floor_usage":[7,14,14],"damage_taken":[{"damage":2,"enemies":"Jaw Worm","floor":1,"turns":4},{"damage":0,"enemies":"Small Slimes","floor":2,"turns":2},{"damage":1,"enemies":"2 Louse","floor":3,"turns":3},{"damage":48,"enemies":"Exordium Thugs","floor":5,"turns":5},{"damage":3,"enemies":"Exordium Wildlife","floor":7,"turns":13},{"damage":30,"enemies":"Gremlin Nob","floor":14,"turns":3}],"seed_played":"8994726855567495729","potions_obtained":[{"floor":2,"key":"Weak Potion"},{"floor":5,"key":"SkillPotion"},{"floor":7,"key":"AttackPotion"}],"is_trial":false,"path_per_floor":["M","M","M","?","M","R","M","R","T","?","R","$","R","?"],"character_chosen":"DEFECT","items_purchased":["Conserve Battery"],"campfire_rested":0,"item_purchase_floors":[12],"current_hp_per_floor":[62,62,61,61,13,13,10,10,10,10,10,10,10,0],"gold":30,"neow_bonus":"REMOVE_TWO","is_prod":false,"is_daily":false,"chose_seed":false,"campfire_upgraded":4,"win_rate":0,"timestamp":1551431285,"path_taken":["M","M","M","?","M","R","M","R","T","?","R","$","R","?"],"build_version":"2019-01-23","purchased_purges":0,"victory":false,"max_hp_per_floor":[64,64,64,64,64,64,64,64,64,64,64,64,64,64],"card_choices":[{"not_picked":["Steam","Redo"],"picked":"Consume","floor":1},{"not_picked":["Genetic Algorithm","Cold Snap"],"picked":"Glacier","floor":2},{"not_picked":["Hello World","Rip and Tear"],"picked":"Hologram","floor":3},{"not_picked":["Steam","Streamline"],"picked":"Cold Snap","floor":5},{"not_picked":["Double Energy","Conserve Battery"],"picked":"Capacitor","floor":7}],"player_experience":1056308,"relics_obtained":[{"floor":9,"key":"Bronze Scales"}],"event_choices":[{"cards_removed":["Strike_B"],"damage_healed":0,"gold_gain":0,"player_choice":"Card Removal","damage_taken":0,"max_hp_gain":0,"max_hp_loss":0,"event_name":"The Cleric","floor":4,"gold_loss":75},{"damage_healed":0,"gold_gain":0,"player_choice":"Left Gold","damage_taken":0,"max_hp_gain":0,"max_hp_loss":0,"event_name":"World of Goop","floor":10,"gold_loss":64},{"damage_healed":0,"gold_gain":0,"player_choice":"Searched \u00272\u0027 times","damage_taken":0,"max_hp_gain":0,"max_hp_loss":0,"event_name":"Dead Adventurer","floor":14,"gold_loss":0}],"is_beta":false,"boss_relics":[],"items_purged_floors":[],"is_endless":false,"potions_floor_spawned":[2,5,7],"killed_by":"Gremlin Nob","ascension_level":20}