{"gold_per_floor":[110,29,46,46,59,59,93,113,113,113,148,148,148,174,174,248,248,267,267,281,300,190,190,215,228,228,24,39,39,39,51,51,128,128,144,162,6,6],"floor_reached":38,"playtime":1531,"items_purged":["Regret","Streamline+1"],"score":828,"play_id":"34e090f5-b34a-44a3-82fc-eadf55a9a2d0","local_time":"20190228121704","is_ascension_mode":true,"campfire_choices":[{"data":"Defragment","floor":6.0,"key":"SMITH"},{"data":"Streamline","floor":10.0,"key":"SMITH"},{"data":"Dualcast","floor":12.0,"key":"SMITH"},{"data":"Zap","floor":15.0,"key":"SMITH"},{"data":"Skim","floor":23.0,"key":"SMITH"},{"data":"Consume","floor":29.0,"key":"SMITH"},{"data":"Capacitor","floor":32.0,"key":"SMITH"}],"neow_cost":"NONE","seed_source_timestamp":427106188844,"circlet_count":0,"master_deck":["AscendersBane","Defend_B","Defend_B+1","Defend_B","Defend_B","Zap+1","Dualcast+1","Defragment+1","Genetic Algorithm","Conserve Battery","Self Repair","Ball Lightning","Doom and Gloom+1","Core Surge+1","Skim+1","Capacitor+1","Defragment","Consume+1","Glacier","Heatsinks","Echo Form","Defragment"],"special_seed":0,"relics":["Cracked Core","NeowsBlessing","Ornamental Fan","Molten Egg 2","Singing Bowl","Bronze Scales","Cursed Key","Ancient Tea Set","Empty Cage"],"potions_floor_usage":[33,33,33,33,38,38],"damage_taken":[{"damage":0.0,"enemies":"Small Slimes","floor":1.0,"turns":1.0},{"damage":0.0,"enemies":"2 Louse","floor":3.0,"turns":1.0},{"damage":0.0,"enemies":"Jaw Worm","floor":5.0,"turns":1.0},{"damage":24.0,"enemies":"Lagavulin","floor":7.0,"turns":7.0},{"damage":4.0,"enemies":"Blue Slaver","floor":8.0,"turns":5.0},{"damage":10.0,"enemies":"3 Sentries","floor":11.0,"turns":6.0},{"damage":47.0,"enemies":"Gremlin Nob","floor":14.0,"turns":5.0},{"damage":5.0,"enemies":"Slime Boss","floor":16.0,"turns":6.0},{"damage":8.0,"enemies":"3 Byrds","floor":18.0,"turns":3.0},{"damage":2.0,"enemies":"Chosen","floor":20.0,"turns":4.0},{"damage":7.0,"enemies":"3 Cultists","floor":21.0,"turns":4.0},{"damage":28.0,"enemies":"Slavers","floor":24.0,"turns":4.0},{"damage":15.0,"enemies":"Snecko","floor":25.0,"turns":6.0},{"damage":22.0,"enemies":"Shelled Parasite and Fungi","floor":28.0,"turns":3.0},{"damage":0.0,"enemies":"Centurion and Healer","floor":31.0,"turns":9.0},{"damage":5,"enemies":"Collector","floor":33,"turns":10},{"damage":43,"enemies":"3 Darklings","floor":35,"turns":6},{"damage":29,"enemies":"3 Shapes","floor":36,"turns":10},{"damage":19,"enemies":"Transient","floor":38,"turns":6}],"seed_played":"7270169986152181498","potions_obtained":[{"floor":7.0,"key":"Fire Potion"},{"floor":8.0,"key":"Strength Potion"},{"floor":11.0,"key":"EssenceOfSteel"},{"floor":14.0,"key":"Fire Potion"},{"floor":16.0,"key":"FocusPotion"},{"floor":21.0,"key":"Fire Potion"},{"floor":25.0,"key":"SneckoOil"},{"floor":28.0,"key":"EntropicBrew"},{"floor":36,"key":"Swift Potion"}],"is_trial":false,"path_per_floor":["M","$","M","?","M","R","E","M","T","R","E","R","?","E","R","B",null,"M","?","M","M","?","R","E","M","T","$","M","R","$","M","R","B",null,"M","M","$","M"],"character_chosen":"DEFECT","items_purchased":["Genetic Algorithm","Defragment","Consume","SpeedPotion"],"campfire_rested":0,"item_purchase_floors":[2,27,27,37],"current_hp_per_floor":[64,64,64,57,57,57,33,36,36,36,35,35,59,19,19,21,60,61,61,66,68,68,68,47,41,41,41,26,26,26,33,33,35,68,32,19,19,0],"gold":6,"neow_bonus":"THREE_ENEMY_KILL","is_prod":false,"is_daily":false,"chose_seed":false,"campfire_upgraded":7,"win_rate":0,"timestamp":1551327424,"path_taken":["M","$","M","?","M","R","E","M","T","R","E","R","?","E","R","BOSS","M","?","M","M","?","R","E","M","T","$","M","R","$","?","R","BOSS","M","M","$","M"],"build_version":"2019-01-23","purchased_purges":2,"victory":false,"max_hp_per_floor":[71,71,71,71,71,71,71,71,71,71,73,73,73,73,73,73,73,75,75,75,77,77,77,77,79,79,79,79,79,79,79,79,79,79,79,81,81,81],"card_choices":[{"not_picked":["Steam","Recycle"],"picked":"Defragment","floor":1.0},{"not_picked":["Beam Cell","Scrape"],"picked":"Conserve Battery","floor":3.0},{"not_picked":["Compile Driver","Leap"],"picked":"Streamline","floor":5.0},{"not_picked":["Hologram","Redo"],"picked":"Self Repair","floor":7.0},{"not_picked":["Barrage","Go for the Eyes"],"picked":"Ball Lightning","floor":8.0},{"not_picked":["Steam","Blizzard+1","Consume"],"picked":"Singing Bowl","floor":11.0},{"not_picked":["Sweeping Beam+1","Redo"],"picked":"Doom and Gloom+1","floor":14.0},{"not_picked":["Reboot","Hyperbeam+1"],"picked":"Core Surge+1","floor":16.0},{"not_picked":["Aggregate","Blizzard+1","Beam Cell+1"],"picked":"Singing Bowl","floor":18.0},{"not_picked":["Rebound+1","Compile Driver+1"],"picked":"Skim","floor":20.0},{"not_picked":["Double Energy","Compile Driver+1","Loop"],"picked":"Singing Bowl","floor":21.0},{"not_picked":["Rip and Tear+1","Barrage+1"],"picked":"Capacitor","floor":24.0},{"not_picked":["Tempest","Loop","Heatsinks"],"picked":"Singing Bowl","floor":25.0},{"not_picked":["Steam","Chaos"],"picked":"Glacier","floor":28.0},{"not_picked":["Steam","Consume+1"],"picked":"Heatsinks","floor":31.0},{"not_picked":["Amplify","Meteor Strike+1"],"picked":"Echo Form","floor":33},{"not_picked":["Skim","Chaos"],"picked":"Defragment","floor":35},{"not_picked":["Gash+1","Barrage+1","Stack"],"picked":"Singing Bowl","floor":36}],"player_experience":3216284,"relics_obtained":[{"floor":7.0,"key":"Ornamental Fan"},{"floor":9.0,"key":"Molten Egg 2"},{"floor":11.0,"key":"Singing Bowl"},{"floor":14.0,"key":"Bronze Scales"},{"floor":24.0,"key":"Ancient Tea Set"}],"event_choices":[{"cards_removed":["Strike_B"],"damage_healed":0.0,"max_hp_gain":0.0,"max_hp_loss":0.0,"gold_gain":0.0,"event_name":"Golden Wing","player_choice":"Card Removal","floor":4.0,"gold_loss":0.0,"damage_taken":7.0},{"damage_healed":24.0,"max_hp_gain":0.0,"max_hp_loss":0.0,"gold_gain":0.0,"event_name":"Big Fish","player_choice":"Banana","floor":13.0,"gold_loss":0.0,"damage_taken":0.0},{"damage_healed":0.0,"max_hp_gain":0.0,"max_hp_loss":0.0,"gold_gain":0.0,"event_name":"The Mausoleum","player_choice":"Ignored","floor":19.0,"gold_loss":0.0,"damage_taken":0.0},{"cards_removed":["Strike_B"],"damage_healed":0.0,"max_hp_gain":0.0,"max_hp_loss":0.0,"gold_gain":0.0,"event_name":"Designer","player_choice":"Upgrade and Remove","floor":22.0,"gold_loss":110.0,"damage_taken":0.0,"cards_upgraded":["Defend_B"]}],"is_beta":false,"boss_relics":[{"not_picked":["Calling Bell","Black Star"],"picked":"Cursed Key"},{"not_picked":["Lizard Tail","Eternal Feather"],"picked":"Empty Cage"}],"items_purged_floors":[27,37],"is_endless":false,"potions_floor_spawned":[7,8,11,14,16,20,21,25,28,36],"killed_by":"Transient","ascension_level":20}