{"gold_per_floor":[113,113,133,21,36,36,70,70,70,105,117,117,117,127,127,198,198,210,210,110,160,175,175,208,208,232,258,281,293],"floor_reached":29,"playtime":1021,"items_purged":["Strike_G","Strike_G"],"score":756,"play_id":"20b08d01-e7b5-43fe-9d4f-c8b5f9c0d90e","local_time":"20190124171839","is_ascension_mode":true,"campfire_choices":[{"data":"Bouncing Flask","floor":6.0,"key":"SMITH"},{"data":"Burst","floor":13.0,"key":"SMITH"},{"data":"Acrobatics","floor":15.0,"key":"SMITH"},{"data":"Malaise","floor":23,"key":"SMITH"},{"data":"Prepared","floor":25,"key":"SMITH"}],"neow_cost":"NONE","seed_source_timestamp":0,"circlet_count":0,"master_deck":["AscendersBane","Defend_G+1","Defend_G","Defend_G","Defend_G","Defend_G","Strike_G","Strike_G","Survivor","Neutralize","Backflip","Catalyst+1","Bouncing Flask+1","Prepared+1","Burst+1","Acrobatics+1","Well Laid Plans","Endless Agony","Malaise+1","Concentrate"],"special_seed":0,"relics":["Runic Dome","Omamori","War Paint","Kunai","Runic Pyramid","Boot","MawBank"],"potions_floor_usage":[24],"damage_taken":[{"damage":3.0,"enemies":"Small Slimes","floor":1.0,"turns":5.0},{"damage":1.0,"enemies":"Cultist","floor":3.0,"turns":4.0},{"damage":0.0,"enemies":"Jaw Worm","floor":5.0,"turns":4.0},{"damage":21.0,"enemies":"3 Sentries","floor":7.0,"turns":10.0},{"damage":0.0,"enemies":"Lagavulin","floor":10.0,"turns":5.0},{"damage":28.0,"enemies":"Exordium Wildlife","floor":11.0,"turns":4.0},{"damage":3.0,"enemies":"Lots of Slimes","floor":14.0,"turns":5.0},{"damage":0,"enemies":"Hexaghost","floor":16,"turns":6},{"damage":5,"enemies":"Shell Parasite","floor":18,"turns":4},{"damage":1,"enemies":"3 Byrds","floor":22,"turns":5},{"damage":0,"enemies":"Gremlin Leader","floor":24,"turns":5},{"damage":0,"enemies":"Snake Plant","floor":27,"turns":4},{"damage":14,"enemies":"Chosen and Byrds","floor":28,"turns":6},{"damage":18,"enemies":"Shelled Parasite and Fungi","floor":29,"turns":2}],"seed_played":"-2531019950492992375","potions_obtained":[{"floor":1.0,"key":"Energy Potion"},{"floor":5.0,"key":"Fire Potion"},{"floor":11.0,"key":"SpeedPotion"},{"floor":18,"key":"Energy Potion"},{"floor":28,"key":"FearPotion"}],"is_trial":false,"path_per_floor":["M","?","M","$","M","R","E","$","T","E","M","?","R","M","R","B",null,"M","?","$","?","M","R","E","R","T","M","M","M"],"character_chosen":"THE_SILENT","items_purchased":["Bouncing Flask"],"campfire_rested":0,"item_purchase_floors":[4],"current_hp_per_floor":[56,56,55,55,55,55,34,34,34,34,6,6,6,3,3,3,50,45,27,27,27,26,26,26,26,26,26,12,0],"gold":293,"neow_bonus":"BOSS_RELIC","is_prod":false,"is_daily":false,"chose_seed":false,"campfire_upgraded":5,"win_rate":0,"timestamp":1548321519,"path_taken":["M","?","?","$","M","R","E","?","T","E","M","?","R","?","R","BOSS","M","?","$","?","?","R","E","R","T","M","?","M"],"build_version":"2019-01-23","purchased_purges":2,"victory":false,"max_hp_per_floor":[66,66,66,66,66,66,66,66,66,66,66,66,66,66,66,66,66,66,71,71,71,71,71,71,71,71,71,71,71],"card_choices":[{"not_picked":["Riddle With Holes","Dagger Throw"],"picked":"Backflip","floor":1.0},{"not_picked":["Dagger Throw","Quick Slash"],"picked":"Catalyst","floor":3.0},{"not_picked":["Backstab","Masterful Stab"],"picked":"Prepared","floor":5.0},{"not_picked":["Flechettes","Infinite Blades"],"picked":"Burst","floor":7.0},{"not_picked":["Outmaneuver","Terror"],"picked":"Acrobatics","floor":10.0},{"not_picked":["Tactician","Deadly Poison"],"picked":"Well Laid Plans","floor":11.0},{"not_picked":["Eviscerate","Cloak And Dagger","Dodge and Roll"],"picked":"SKIP","floor":14.0},{"not_picked":["Storm of Steel","Burst"],"picked":"Malaise","floor":16},{"not_picked":["Setup","Prepared","Dash"],"picked":"SKIP","floor":18},{"not_picked":["Prepared","Backflip+1","Dash"],"picked":"SKIP","floor":22},{"not_picked":["Prepared","Blade Dance","Deflect"],"picked":"SKIP","floor":24},{"not_picked":["Phantasmal Killer","Acrobatics"],"picked":"Concentrate","floor":27},{"not_picked":["Dodge and Roll","Predator","Choke"],"picked":"SKIP","floor":28}],"player_experience":1331201,"relics_obtained":[{"floor":7.0,"key":"War Paint"},{"floor":10.0,"key":"Kunai"},{"floor":24,"key":"Boot"},{"floor":26,"key":"MawBank"}],"event_choices":[{"damage_healed":0.0,"max_hp_gain":0.0,"max_hp_loss":0.0,"gold_gain":0.0,"event_name":"WeMeetAgain","player_choice":"Gave Potion","floor":2.0,"gold_loss":0.0,"damage_taken":0.0,"relics_obtained":["Omamori"]},{"damage_healed":0.0,"max_hp_gain":0.0,"max_hp_loss":0.0,"gold_gain":0.0,"cards_transformed":["Strike_G"],"event_name":"Transmorgrifier","player_choice":"Transformed","floor":12.0,"gold_loss":0.0,"damage_taken":0.0,"cards_obtained":["Endless Agony"]},{"damage_healed":0,"gold_gain":0,"player_choice":"Shed Blood","damage_taken":23,"max_hp_gain":5,"max_hp_loss":0,"event_name":"Forgotten Altar","floor":19,"gold_loss":0},{"damage_healed":0,"gold_gain":50,"player_choice":"Stole From Cult","damage_taken":0,"max_hp_gain":0,"max_hp_loss":0,"event_name":"Nest","floor":21,"gold_loss":0}],"is_beta":true,"boss_relics":[{"not_picked":["White Beast Statue","Calling Bell"],"picked":"Runic Pyramid"}],"items_purged_floors":[4,20],"is_endless":false,"potions_floor_spawned":[1,5,11,18,28],"killed_by":"Shelled Parasite and Fungi","ascension_level":20}