{"gold_per_floor":[111,36,50,50,10,10,42,42,42,42,42,61,76,151,151,151],"floor_reached":16,"playtime":232,"items_purged":["Strike_G"],"score":246,"play_id":"e79ed8b4-ec90-49fc-a9c0-23157c092aae","local_time":"20190301111010","is_ascension_mode":true,"campfire_choices":[{"data":"Well Laid Plans","floor":6,"key":"SMITH"},{"data":"Neutralize","floor":8,"key":"SMITH"},{"data":"Masterful Stab","floor":15,"key":"SMITH"}],"neow_cost":"NONE","seed_source_timestamp":5814206498811,"circlet_count":0,"master_deck":["AscendersBane","Defend_G","Defend_G","Defend_G","Defend_G","Defend_G","Strike_G","Strike_G","Strike_G","Strike_G","Survivor+1","Neutralize+1","Well Laid Plans+1","Finisher+1","Masterful Stab+1","Masterful Stab"],"relics":["Ring of the Snake","NeowsBlessing","Dream Catcher","Meat on the Bone"],"potions_floor_usage":[],"damage_taken":[{"damage":0,"enemies":"Cultist","floor":1,"turns":1},{"damage":0,"enemies":"Jaw Worm","floor":3,"turns":1},{"damage":0,"enemies":"Lagavulin","floor":7,"turns":1},{"damage":0,"enemies":"2 Louse","floor":12,"turns":2},{"damage":0,"enemies":"2 Fungi Beasts","floor":13,"turns":3},{"damage":18,"enemies":"Slime Boss","floor":16,"turns":7}],"seed_played":"7930206149689924073","potions_obtained":[{"floor":1,"key":"SpeedPotion"},{"floor":12,"key":"Swift Potion"},{"floor":13,"key":"Ancient Potion"}],"is_trial":false,"path_per_floor":["M","$","M","?","$","R","E","R","T","$","$","M","M","?","R","B"],"character_chosen":"THE_SILENT","items_purchased":["Masterful Stab"],"campfire_rested":0,"item_purchase_floors":[5],"current_hp_per_floor":[59,59,59,39,39,39,39,39,39,39,39,39,39,28,28,10],"gold":151,"neow_bonus":"THREE_ENEMY_KILL","is_prod":false,"is_daily":false,"chose_seed":false,"campfire_upgraded":3,"win_rate":0,"timestamp":1551409810,"path_taken":["M","?","M","?","$","R","E","R","T","?","$","M","M","?","R","BOSS"],"build_version":"2019-01-23","purchased_purges":1,"victory":false,"max_hp_per_floor":[66,66,66,66,66,66,66,66,66,66,66,66,66,66,66,66],"card_choices":[{"not_picked":["Dagger Spray","Outmaneuver"],"picked":"Well Laid Plans","floor":1},{"not_picked":["Dagger Spray","Poisoned Stab"],"picked":"Finisher","floor":3},{"not_picked":["Poisoned Stab","Eviscerate"],"picked":"Masterful Stab","floor":7},{"not_picked":["Blur","Bane","Quick Slash"],"picked":"SKIP","floor":12},{"not_picked":["Dagger Throw","Outmaneuver","Setup"],"picked":"SKIP","floor":13}],"player_experience":3253416,"relics_obtained":[{"floor":7,"key":"Dream Catcher"},{"floor":9,"key":"Meat on the Bone"}],"event_choices":[{"damage_healed":0,"gold_gain":0,"player_choice":"Entered Light","damage_taken":20,"max_hp_gain":0,"max_hp_loss":0,"event_name":"Shining Light","floor":4,"gold_loss":0,"cards_upgraded":["Finisher","Survivor"]},{"damage_healed":0,"gold_gain":75,"player_choice":"Gather Gold","damage_taken":11,"max_hp_gain":0,"max_hp_loss":0,"event_name":"World of Goop","floor":14,"gold_loss":0}],"is_beta":false,"boss_relics":[],"items_purged_floors":[2],"is_endless":false,"potions_floor_spawned":[1,12,13],"killed_by":"Slime Boss","ascension_level":20}