{"gold_per_floor":[20,30,30,30,80,108,108,137,189,189,202,23,49,65,65,65],"floor_reached":16,"playtime":381,"items_purged":[],"score":218,"play_id":"4e90f993-8c89-4427-847e-a7583d7d82c5","local_time":"20180923145754","is_ascension_mode":true,"campfire_choices":[{"data":"Whirlwind","floor":7,"key":"SMITH"},{"data":"Pummel","floor":10,"key":"SMITH"},{"data":"Bash","floor":15,"key":"SMITH"}],"neow_cost":"NO_GOLD","seed_source_timestamp":181634886136678,"circlet_count":0,"master_deck":["Strike_R","Strike_R","Strike_R","Strike_R","Strike_R","Defend_R","Defend_R","Defend_R","Defend_R","Bash+1","AscendersBane","Thunderclap","Whirlwind+1","Pummel+1","Offering"],"relics":["Burning Blood","WingedGreaves","Bronze Scales","Mercury Hourglass","Centennial Puzzle","Pen Nib","Red Skull"],"potions_floor_usage":[13,13,16,16],"damage_taken":[{"damage":2,"enemies":"2 Louse","floor":1,"turns":4},{"damage":7,"enemies":"Small Slimes","floor":2,"turns":4},{"damage":42,"enemies":"Gremlin Nob","floor":6,"turns":5},{"damage":20,"enemies":"3 Sentries","floor":8,"turns":4},{"damage":0,"enemies":"Cultist","floor":11,"turns":2},{"damage":22,"enemies":"Gremlin Nob","floor":13,"turns":2},{"damage":11,"enemies":"Exordium Thugs","floor":14,"turns":2},{"damage":26,"enemies":"The Guardian","floor":16,"turns":7}],"seed_played":"-3143319937681882034","potions_obtained":[{"floor":2,"key":"Poison Potion"},{"floor":8,"key":"Regen Potion"},{"floor":11,"key":"BloodPotion"},{"floor":13,"key":"Swift Potion"},{"floor":14,"key":"Fire Potion"}],"is_trial":false,"path_per_floor":["M","M","?","?","?","E","R","E","T","R","M","$","E","M","R"],"character_chosen":"IRONCLAD","items_purchased":["Offering"],"campfire_rested":0,"item_purchase_floors":[12],"current_hp_per_floor":[72,71,76,76,76,40,40,26,26,26,32,32,29,24,24,0],"gold":65,"neow_bonus":"ONE_RARE_RELIC","is_prod":false,"is_daily":false,"chose_seed":false,"campfire_upgraded":3,"win_rate":0,"timestamp":1537685874,"path_taken":["M","M","?","?","?","E","R","E","T","R","M","$","E","?","R","BOSS"],"build_version":"2018-09-20","purchased_purges":0,"victory":false,"max_hp_per_floor":[75,75,80,80,80,80,80,80,80,80,80,80,80,80,80,80],"card_choices":[{"not_picked":["Sentinel","Clash"],"picked":"Thunderclap","floor":1},{"not_picked":["Warcry","Anger","Iron Wave"],"picked":"SKIP","floor":2},{"not_picked":["Twin Strike","Warcry"],"picked":"Whirlwind","floor":6},{"not_picked":["Hemokinesis","Wild Strike"],"picked":"Pummel","floor":8},{"not_picked":["True Grit","Body Slam","Thunderclap"],"picked":"SKIP","floor":11},{"not_picked":["Combust","Bloodletting","Blood for Blood"],"picked":"SKIP","floor":13},{"not_picked":["Cleave","Havoc","Iron Wave"],"picked":"SKIP","floor":14}],"player_experience":102801,"relics_obtained":[{"floor":6,"key":"Mercury Hourglass"},{"floor":8,"key":"Centennial Puzzle"},{"floor":9,"key":"Pen Nib"},{"floor":13,"key":"Red Skull"}],"event_choices":[{"event_name":"Big Fish","player_choice":"Donut","floor":3,"damage_taken":0},{"event_name":"WeMeetAgain","player_choice":"Potion","floor":4,"damage_taken":0},{"event_name":"Golden Shrine","player_choice":"Pray","floor":5,"damage_taken":0}],"is_beta":false,"boss_relics":[],"items_purged_floors":[],"is_endless":false,"potions_floor_spawned":[2,8,11,13,14],"killed_by":"The Guardian","ascension_level":17}