{"path_per_floor":["M","?","?","$","M","R","$","R","T","E","?","?","M","?","R","B",null,"M","$","?","?","$","R","M","M","T","R","E","R","T","M","R","B",null,"M","?","$","?","M","R","M","M","T","M","$","R","M","E","R"],"character_chosen":"THE_SILENT","items_purchased":["Snake Skull","Calculated Gamble","Molten Egg 2","Letter Opener","Master of Strategy","Prepared"],"gold_per_floor":[112,287,287,68,80,80,40,40,63,93,93,193,208,208,208,333,333,357,2,2,2,2,2,15,40,40,40,81,81,81,101,101,227,227,246,246,2,335,353,353,364,382,382,401,38,38,48,73,73],"floor_reached":50,"campfire_rested":2,"playtime":5928,"current_hp_per_floor":[65,65,65,65,62,62,62,62,62,42,65,65,61,44,44,14,70,53,53,53,53,53,53,53,45,45,45,18,18,18,26,50,3,80,69,69,69,69,66,66,63,42,42,36,36,36,36,29,53],"items_purged":["Defend_G","Defend_G","Underhanded Strike"],"gold":73,"score":486,"play_id":"5e17ea87-aeff-4498-8771-2a0e9f0bd457","is_prod":false,"is_daily":false,"is_ascension_mode":false,"campfire_upgraded":4,"path_taken":["M","?","?","?","?","R","$","R","T","E","?","?","M","?","R","BOSS","M","$","?","?","$","R","M","M","T","R","E","R","?","M","R","BOSS","M","?","$","?","M","R","M","?","T","M","$","R","M","E","R","BOSS"],"build_version":"2018-02-15-PROD1","purchased_purges":4,"victory":false,"master_deck":["Defend_G","Strike_G+1","Strike_G+1","Survivor","Neutralize+1","Venomology","Escape Plan","Burst+1","Calculated Gamble+1","Escape Plan","Doppelganger","Backflip+1","Night Terror","Underhanded Strike+1","Acrobatics+1","Underhanded Strike+1","Bullet Time","Tactician","Master of Strategy","Prepared+1"],"max_hp_per_floor":[70,70,70,70,70,70,70,70,70,70,70,70,70,70,70,70,70,70,70,70,70,70,70,70,70,70,70,80,80,80,80,80,80,80,80,80,80,80,80,80,80,80,80,80,80,80,80,80,80],"relics":["Ring of the Snake","Snake Skull","Whetstone","Sundial","Runic Pyramid","Molten Egg 2","Peace Pipe","Omamori","Pear","Girya","Question Card","Letter Opener","Kunai","Lantern"],"card_choices":[{"not_picked":["Well Laid Plans","Distraction"],"picked":"Escape Plan"},{"not_picked":["Bane","Deflect"],"picked":"Burst"},{"not_picked":["Flechettes","Flying Knee"],"picked":"Underhanded Strike"},{"not_picked":["Accuracy","Bane"],"picked":"Escape Plan"},{"not_picked":["After Image","Glass Knife"],"picked":"Doppelganger"},{"not_picked":["Masterful Stab","Terror"],"picked":"Backflip"},{"not_picked":["Sucker Punch","Dodge and Roll"],"picked":"Underhanded Strike"},{"not_picked":["Quick Slash","Night Terror"],"picked":"Acrobatics"},{"not_picked":["Dagger Spray","Poisoned Stab"],"picked":"Underhanded Strike"},{"not_picked":["Glass Knife","Night Terror"],"picked":"Bullet Time"},{"not_picked":["Deflect","Expertise","Backflip"],"picked":"Tactician"}],"player_experience":95433,"potions_floor_usage":[41,41,41,41,41,41,42,44,44,47,47,47,48,48,50],"damage_taken":[{"damage":5.0,"enemies":"Cultist","floor":1.0,"turns":5.0},{"damage":3.0,"enemies":"2 Louse","floor":5.0,"turns":3.0},{"damage":20.0,"enemies":"Lagavulin","floor":10.0,"turns":8.0},{"damage":4.0,"enemies":"Small Slimes","floor":13.0,"turns":4.0},{"damage":30.0,"enemies":"The Guardian","floor":16.0,"turns":18.0},{"damage":17.0,"enemies":"3 Byrds","floor":18.0,"turns":7.0},{"damage":0.0,"enemies":"Chosen","floor":24.0,"turns":6.0},{"damage":8.0,"enemies":"Snake Plant","floor":25.0,"turns":6.0},{"damage":67.0,"enemies":"Gremlin Leader","floor":28.0,"turns":12.0},{"damage":10.0,"enemies":"Centurion and Healer","floor":31.0,"turns":9.0},{"damage":47.0,"enemies":"Automaton","floor":33.0,"turns":13.0},{"damage":20.0,"enemies":"Orb Walker","floor":35.0,"turns":4.0},{"damage":3.0,"enemies":"3 Darklings","floor":39.0,"turns":3.0},{"damage":3,"enemies":"Maw","floor":41,"turns":6},{"damage":21,"enemies":"4 Shapes","floor":42,"turns":4},{"damage":9,"enemies":"3 Darklings","floor":44,"turns":4},{"damage":0,"enemies":"Maw","floor":47,"turns":4},{"damage":7,"enemies":"2 Orb Walkers","floor":48,"turns":3},{"damage":54,"enemies":"Time Eater","floor":50,"turns":6}],"event_choices":[{"event_name":"Liars Game","player_choice":"agreed","floor":2.0,"damage_taken":0.0},{"event_name":"Living Wall","player_choice":"Forget","floor":3.0,"damage_taken":0.0},{"event_name":"Big Fish","player_choice":"Banana","floor":11.0,"damage_taken":0.0},{"event_name":"Wheel of Change","player_choice":"Gold","floor":12.0,"damage_taken":0.0},{"event_name":"Golden Idol","player_choice":"Take Damage","floor":14.0,"damage_taken":0.0},{"event_name":"Transmorgrifier","player_choice":"Transform","floor":20.0,"damage_taken":0.0},{"event_name":"The Mausoleum","player_choice":"Yes","floor":21.0,"damage_taken":0.0},{"event_name":"The Lab","player_choice":"Got Potions","floor":36.0,"damage_taken":0.0},{"event_name":"The Moai Head","player_choice":"Gave Idol","floor":38.0,"damage_taken":0.0}],"boss_relics":[],"potions_floor_spawned":[1,13,28,31,33,41,44,48],"seed_played":"5200151970206165052","killed_by":"Time Eater","ascension_level":0,"is_trial":false}