{"gold_per_floor":[13,30,42,58,58,58,93,93,141,66,66,66],"floor_reached":12,"playtime":494,"items_purged":["Decay"],"score":156,"play_id":"80b0a8c5-e6bc-487a-8e37-4a70c8e5f5b3","local_time":"20190219110128","is_ascension_mode":true,"campfire_choices":[{"data":"Noxious Fumes","floor":6,"key":"SMITH"},{"data":"Bouncing Flask","floor":11,"key":"SMITH"}],"neow_cost":"NO_GOLD","seed_source_timestamp":587215842667,"circlet_count":0,"master_deck":["AscendersBane","Defend_G","Defend_G","Defend_G+1","Defend_G","Strike_G","Strike_G","Strike_G","Strike_G","Survivor","Neutralize","Noxious Fumes+1","PiercingWail","Bouncing Flask+1","Calculated Gamble+1","Backflip"],"relics":["Ring of the Snake","War Paint"],"potions_floor_usage":[4,7,12],"damage_taken":[{"damage":0,"enemies":"Small Slimes","floor":1,"turns":3},{"damage":0,"enemies":"Cultist","floor":2,"turns":4},{"damage":1,"enemies":"2 Louse","floor":3,"turns":4},{"damage":26,"enemies":"Gremlin Gang","floor":4,"turns":4},{"damage":18,"enemies":"Gremlin Nob","floor":7,"turns":4},{"damage":14,"enemies":"3 Sentries","floor":12,"turns":4}],"seed_played":"-7699848502423288788","potions_obtained":[{"floor":1,"key":"SpeedPotion"},{"floor":3,"key":"PowerPotion"},{"floor":4,"key":"Strength Potion"},{"floor":7,"key":"Energy Potion"}],"is_trial":false,"path_per_floor":["M","M","M","M","$","R","E","?","T","$","R","E"],"character_chosen":"THE_SILENT","items_purchased":[],"campfire_rested":0,"item_purchase_floors":[],"current_hp_per_floor":[59,59,58,32,32,32,14,14,14,14,14,0],"gold":66,"neow_bonus":"REMOVE_TWO","is_prod":false,"is_daily":false,"chose_seed":false,"campfire_upgraded":2,"win_rate":0,"timestamp":1550545288,"path_taken":["M","M","M","M","$","R","E","?","T","$","R","E"],"build_version":"2019-01-23","purchased_purges":1,"victory":false,"max_hp_per_floor":[66,66,66,66,66,66,66,66,66,66,66,66],"card_choices":[{"not_picked":["Caltrops","Bane"],"picked":"Noxious Fumes","floor":1},{"not_picked":["Eviscerate","Quick Slash"],"picked":"PiercingWail","floor":2},{"not_picked":["Deflect","Well Laid Plans"],"picked":"Bouncing Flask","floor":3},{"not_picked":["Deadly Poison","Predator"],"picked":"Calculated Gamble","floor":4},{"not_picked":["Poisoned Stab","Heel Hook"],"picked":"Backflip","floor":7}],"player_experience":1467891,"relics_obtained":[{"floor":9,"key":"War Paint"}],"event_choices":[{"damage_healed":0,"gold_gain":0,"player_choice":"Cursed","damage_taken":0,"max_hp_gain":0,"max_hp_loss":0,"event_name":"Wheel of Change","floor":8,"gold_loss":0,"cards_obtained":["Decay"]}],"is_beta":false,"boss_relics":[],"items_purged_floors":[10],"is_endless":false,"potions_floor_spawned":[1,3,4,7],"killed_by":"3 Sentries","ascension_level":20}