{"gold_per_floor":[114,39,55,55,55,95,95,95,95,119,163,181,181,205,205,296,296,321,335,335,358,358,358,383,308,333,50,84,84,84,84,84,162,162,182,202,202,72,72,98,98,133,159,159,186,186,186,186],"floor_reached":49,"playtime":1480,"items_purged":["Strike_B","Leap"],"score":1491,"play_id":"924ff18b-8bc0-4e52-a556-8c5d52cd3f3c","local_time":"20190129230149","is_ascension_mode":true,"campfire_choices":[{"data":"Hologram","floor":8,"key":"SMITH"},{"data":"Streamline","floor":13,"key":"SMITH"},{"data":"Zap","floor":15,"key":"SMITH"},{"data":"Fission","floor":23,"key":"SMITH"},{"data":"Defragment","floor":29,"key":"SMITH"},{"data":"Loop","floor":32,"key":"SMITH"},{"data":"Biased Cognition","floor":41,"key":"SMITH"},{"data":"Coolheaded","floor":44,"key":"SMITH"},{"data":"Double Energy","floor":46,"key":"SMITH"}],"neow_cost":"NONE","seed_source_timestamp":107164881899658,"circlet_count":0,"master_deck":["AscendersBane","Zap+1","Dualcast","Conserve Battery","Cold Snap","Hologram+1","Biased Cognition+1","Coolheaded+1","Streamline+1","Core Surge","Double Energy+1","Self Repair","Reinforced Body+1","Fission+1","Undo+1","Defragment+1","Loop+1","Seek","Echo Form"],"relics":["Cracked Core","NeowsBlessing","Bloody Idol","The Courier","Lantern","Singing Bowl","Unceasing Top","Oddly Smooth Stone","Pandora\u0027s Box","War Paint","ClockworkSouvenir","Juzu Bracelet","MutagenicStrength","Coffee Dripper","PreservedInsect","Anchor","Vajra","Prayer Wheel"],"potions_floor_usage":[11,24],"damage_taken":[{"damage":0,"enemies":"Small Slimes","floor":1,"turns":1},{"damage":0,"enemies":"2 Louse","floor":3,"turns":1},{"damage":0,"enemies":"Gremlin Nob","floor":6,"turns":1},{"damage":0,"enemies":"Cultist","floor":10,"turns":3},{"damage":6,"enemies":"3 Sentries","floor":11,"turns":6},{"damage":5,"enemies":"Exordium Thugs","floor":12,"turns":5},{"damage":20,"enemies":"Hexaghost","floor":16,"turns":13},{"damage":0,"enemies":"Spheric Guardian","floor":18,"turns":3},{"damage":9,"enemies":"Shell Parasite","floor":19,"turns":5},{"damage":8,"enemies":"Snecko","floor":21,"turns":5},{"damage":0,"enemies":"Snake Plant","floor":24,"turns":4},{"damage":15,"enemies":"Slavers","floor":28,"turns":7},{"damage":13,"enemies":"Champ","floor":33,"turns":9},{"damage":15,"enemies":"3 Darklings","floor":35,"turns":5},{"damage":2,"enemies":"3 Shapes","floor":36,"turns":4},{"damage":3,"enemies":"Nemesis","floor":40,"turns":7},{"damage":0,"enemies":"Giant Head","floor":42,"turns":7},{"damage":7,"enemies":"Reptomancer","floor":45,"turns":6},{"damage":14,"enemies":"Time Eater","floor":48,"turns":11}],"seed_played":"6778104948850192689","potions_obtained":[{"floor":3,"key":"Energy Potion"},{"floor":6,"key":"AttackPotion"},{"floor":10,"key":"FocusPotion"},{"floor":16,"key":"Block Potion"},{"floor":28,"key":"Weak Potion"}],"is_trial":false,"path_per_floor":["M","$","M","?","?","E","?","R","T","M","E","M","R","T","R","B",null,"M","M","?","M","?","R","M","?","T","$","E","R","?","?","R","B",null,"M","M","?","$","?","E","R","E","T","R","E","R","?","B",null],"character_chosen":"DEFECT","items_purchased":["Defragment","ClockworkSouvenir","PreservedInsect"],"campfire_rested":0,"item_purchase_floors":[27,27,38],"current_hp_per_floor":[64,64,64,40,40,40,40,40,40,40,34,29,29,29,29,9,56,65,65,65,64,64,64,66,66,66,66,58,58,58,58,58,57,72,71,81,81,81,81,83,83,85,85,85,87,87,87,80],"gold":186,"neow_bonus":"THREE_ENEMY_KILL","is_prod":false,"is_daily":false,"chose_seed":false,"campfire_upgraded":9,"win_rate":0,"timestamp":1548774109,"path_taken":["M","$","M","?","?","E","?","R","T","M","E","?","R","?","R","BOSS","M","M","?","M","?","R","M","?","T","?","E","R","?","?","R","BOSS","M","M","?","$","?","E","R","E","T","R","E","R","?","BOSS"],"build_version":"2019-01-23","purchased_purges":2,"victory":true,"max_hp_per_floor":[71,71,71,71,71,71,71,71,71,71,71,71,71,71,71,71,71,73,75,75,75,75,75,77,77,77,77,77,77,77,77,77,77,77,79,81,81,81,81,83,83,85,85,85,87,87,87,87],"card_choices":[{"not_picked":["Leap","Rebound"],"picked":"Conserve Battery","floor":1},{"not_picked":["Barrage","Tempest"],"picked":"Cold Snap","floor":3},{"not_picked":["Force Field","Storm"],"picked":"Hologram","floor":6},{"not_picked":["Cold Snap","Steam"],"picked":"Biased Cognition","floor":10},{"not_picked":["Lockon","Capacitor"],"picked":"Coolheaded","floor":11},{"not_picked":["Sweeping Beam","Steam Power"],"picked":"Streamline","floor":12},{"not_picked":["Amplify","Biased Cognition"],"picked":"Core Surge","floor":16},{"not_picked":["Conserve Battery","Streamline","Compile Driver"],"picked":"Singing Bowl","floor":18},{"not_picked":["Darkness","Static Discharge","Turbo"],"picked":"Singing Bowl","floor":19},{"not_picked":["FTL","Rebound"],"picked":"Undo","floor":21},{"not_picked":["Gash+1","Steam","Sweeping Beam"],"picked":"Singing Bowl","floor":24},{"not_picked":["Stack","White Noise"],"picked":"Loop","floor":28},{"not_picked":["Biased Cognition","All For One"],"picked":"Seek","floor":33},{"not_picked":["FTL","Go for the Eyes","Redo"],"picked":"Singing Bowl","floor":35},{"not_picked":["Reinforced Body","Steam Power","Cold Snap"],"picked":"Singing Bowl","floor":36},{"not_picked":["Doom and Gloom","Force Field","Scrape"],"picked":"Singing Bowl","floor":40},{"not_picked":["Turbo","Steam Power","Hello World+1"],"picked":"Singing Bowl","floor":42},{"not_picked":["Self Repair","Force Field+1","Steam Power+1"],"picked":"Singing Bowl","floor":45}],"player_experience":696514,"relics_obtained":[{"floor":6,"key":"The Courier"},{"floor":9,"key":"Singing Bowl"},{"floor":11,"key":"Unceasing Top"},{"floor":14,"key":"Oddly Smooth Stone"},{"floor":26,"key":"War Paint"},{"floor":28,"key":"Juzu Bracelet"},{"floor":40,"key":"Anchor"},{"floor":42,"key":"Vajra"},{"floor":45,"key":"Prayer Wheel"}],"event_choices":[{"damage_healed":0,"gold_gain":0,"player_choice":"Take Damage","damage_taken":24,"relics_obtained":["Golden Idol"],"max_hp_gain":0,"max_hp_loss":0,"event_name":"Golden Idol","floor":4,"gold_loss":0},{"damage_healed":0,"gold_gain":0,"player_choice":"Leave","damage_taken":0,"max_hp_gain":0,"max_hp_loss":0,"event_name":"The Cleric","floor":5,"gold_loss":0},{"damage_healed":0,"gold_gain":0,"player_choice":"Gave Potion","damage_taken":0,"relics_obtained":["Lantern"],"max_hp_gain":0,"max_hp_loss":0,"event_name":"WeMeetAgain","floor":7,"gold_loss":0},{"damage_healed":0,"gold_gain":0,"player_choice":"Ignored","damage_taken":0,"max_hp_gain":0,"max_hp_loss":0,"event_name":"Vampires","floor":20,"gold_loss":0},{"damage_healed":0,"gold_gain":0,"player_choice":"Ignored","damage_taken":0,"max_hp_gain":0,"max_hp_loss":0,"event_name":"Ghosts","floor":22,"gold_loss":0},{"cards_removed":["Streamline"],"damage_healed":0,"gold_gain":0,"player_choice":"Gave Gold","damage_taken":0,"max_hp_gain":0,"max_hp_loss":0,"event_name":"Beggar","floor":25,"gold_loss":75},{"damage_healed":0,"gold_gain":0,"player_choice":"Gave Idol","damage_taken":0,"relics_obtained":["Bloody Idol"],"max_hp_gain":0,"max_hp_loss":0,"event_name":"Forgotten Altar","floor":30,"relics_lost":["Golden Idol"],"gold_loss":0},{"damage_healed":0,"gold_gain":0,"player_choice":"Inject Mutagens","damage_taken":0,"relics_obtained":["MutagenicStrength"],"max_hp_gain":0,"max_hp_loss":0,"event_name":"Drug Dealer","floor":31,"gold_loss":0},{"damage_healed":0,"gold_gain":0,"player_choice":"Ignored","damage_taken":0,"max_hp_gain":0,"max_hp_loss":0,"event_name":"Mysterious Sphere","floor":37,"gold_loss":0},{"damage_healed":0,"gold_gain":0,"cards_transformed":["Ball Lightning"],"player_choice":"Transformed","damage_taken":0,"max_hp_gain":0,"max_hp_loss":0,"event_name":"Transmorgrifier","floor":39,"gold_loss":0,"cards_obtained":["Echo Form"]},{"damage_healed":0,"gold_gain":0,"player_choice":"Took Portal","damage_taken":0,"max_hp_gain":0,"max_hp_loss":0,"event_name":"SecretPortal","floor":47,"gold_loss":0}],"is_beta":false,"boss_relics":[{"not_picked":["Ectoplasm","Inserter"],"picked":"Pandora\u0027s Box"},{"not_picked":["Eternal Feather","FrozenCore"],"picked":"Coffee Dripper"}],"items_purged_floors":[2,27],"is_endless":false,"potions_floor_spawned":[3,6,10,16,21,28,42],"ascension_level":16}