{"gold_per_floor":[119,138,156,156,81,81,101,101,101,101,1,26,45,60,60,184,184,202,202,202,77,92,92,92,105,105,117,137,137,137,147,147,242,242,259,277,293,101,101,101,101,101,101,0,18,18,31,45,45,45],"floor_reached":51,"playtime":2029,"items_purged":["Strike_B","Strike_B","Lockon"],"score":668,"play_id":"b5c1b68e-1f51-4fe7-9f27-37ffeada7cf5","local_time":"20190618035310","is_ascension_mode":false,"campfire_choices":[{"data":"Redo","floor":6.0,"key":"SMITH"},{"data":"Recycle","floor":10.0,"key":"SMITH"},{"data":"Dualcast","floor":15.0,"key":"SMITH"},{"data":"Multi-Cast","floor":23.0,"key":"SMITH"},{"data":"Coolheaded","floor":29.0,"key":"SMITH"},{"data":"Lockon","floor":32.0,"key":"SMITH"},{"data":"Loop","floor":40,"key":"SMITH"},{"data":"Auto Shields","floor":42,"key":"SMITH"},{"data":"Zap","floor":46,"key":"SMITH"},{"floor":49,"key":"REST"}],"neow_cost":"NONE","seed_source_timestamp":55552653601276,"circlet_count":0,"master_deck":["Defend_B","Zap+1","Dualcast+1","Rainbow","Redo+1","Auto Shields+1","Recycle+1","All For One","Genetic Algorithm","Multi-Cast+1","Coolheaded+1","Glacier","Lockon+1","Auto Shields+1","BootSequence","Loop+1"],"special_seed":0,"relics":["Cracked Core","Bloody Idol","Bronze Scales","Velvet Choker","Molten Egg 2","Empty Cage","Bag of Preparation","Singing Bowl","Red Mask"],"potions_floor_usage":[36],"damage_taken":[{"damage":0.0,"enemies":"Cultist","floor":1.0,"turns":3.0},{"damage":0.0,"enemies":"Small Slimes","floor":2.0,"turns":4.0},{"damage":1.0,"enemies":"Jaw Worm","floor":3.0,"turns":4.0},{"damage":1.0,"enemies":"Exordium Wildlife","floor":7.0,"turns":6.0},{"damage":0.0,"enemies":"Gremlin Gang","floor":12.0,"turns":5.0},{"damage":0.0,"enemies":"Lots of Slimes","floor":13.0,"turns":2.0},{"damage":1.0,"enemies":"3 Louse","floor":14.0,"turns":3.0},{"damage":18.0,"enemies":"Slime Boss","floor":16.0,"turns":5.0},{"damage":10.0,"enemies":"2 Thieves","floor":18.0,"turns":3.0},{"damage":0.0,"enemies":"Shell Parasite","floor":22.0,"turns":5.0},{"damage":0.0,"enemies":"Snake Plant","floor":25.0,"turns":4.0},{"damage":14.0,"enemies":"Cultist and Chosen","floor":27.0,"turns":8.0},{"damage":13.0,"enemies":"Centurion and Healer","floor":28.0,"turns":5.0},{"damage":1.0,"enemies":"Snake Plant","floor":31.0,"turns":3.0},{"damage":26.0,"enemies":"Collector","floor":33.0,"turns":9.0},{"damage":23.0,"enemies":"3 Darklings","floor":35.0,"turns":7.0},{"damage":0,"enemies":"3 Shapes","floor":36,"turns":4},{"damage":11,"enemies":"Maw","floor":37,"turns":7},{"damage":0,"enemies":"Writhing Mass","floor":45,"turns":3},{"damage":0,"enemies":"3 Darklings","floor":47,"turns":4},{"damage":7,"enemies":"Jaw Worm Horde","floor":48,"turns":5},{"damage":36,"enemies":"Awakened One","floor":50,"turns":10}],"seed_played":"1723833157247560517","potions_obtained":[{"floor":7.0,"key":"Energy Potion"},{"floor":12.0,"key":"GamblersBrew"},{"floor":13.0,"key":"GamblersBrew"},{"floor":28.0,"key":"FearPotion"},{"floor":31.0,"key":"Fire Potion"},{"floor":36,"key":"Ancient Potion"}],"is_trial":false,"path_per_floor":["M","M","M","?","$","R","M","?","T","R","$","M","M","M","R","B",null,"M","?","?","$","M","R","$","M","T","M","M","R","$","M","R","B",null,"M","M","M","$","?","R","?","R","T","?","M","R","M","M","R","B",null],"character_chosen":"DEFECT","items_purchased":["Bag of Preparation","Loop"],"campfire_rested":1,"item_purchase_floors":[38,38],"current_hp_per_floor":[75,75,74,56,56,56,55,55,55,55,55,55,55,54,54,36,75,65,65,65,65,70,70,70,75,75,66,58,58,58,62,62,41,75,57,62,56,56,56,56,56,56,56,56,63,63,70,70,81,45],"gold":45,"neow_bonus":"ONE_RANDOM_RARE_CARD","is_prod":false,"is_daily":false,"chose_seed":false,"campfire_upgraded":9,"win_rate":0,"timestamp":1560801190,"path_taken":["M","M","?","?","$","R","M","?","T","R","$","?","M","M","R","BOSS","M","?","?","$","M","R","?","M","T","M","?","R","?","M","R","BOSS","M","?","M","$","?","R","?","R","T","?","M","R","M","M","R","BOSS"],"build_version":"2019-01-23","purchased_purges":3,"victory":true,"max_hp_per_floor":[75,75,75,75,75,75,75,75,75,75,75,75,75,75,75,75,75,75,75,75,75,75,75,75,75,75,75,75,75,75,75,75,75,75,75,75,75,75,75,75,75,75,75,75,77,77,79,81,81,81],"card_choices":[{"not_picked":["Streamline","Coolheaded"],"picked":"Redo","floor":1.0},{"not_picked":["Beam Cell","Cold Snap"],"picked":"Auto Shields","floor":2.0},{"not_picked":["Thunder Strike","Static Discharge","Go for the Eyes"],"picked":"SKIP","floor":3.0},{"not_picked":["Stack","Hologram"],"picked":"Recycle","floor":7.0},{"not_picked":["Gash","BootSequence"],"picked":"Lockon","floor":12.0},{"not_picked":["Genetic Algorithm","Stack","Aggregate"],"picked":"SKIP","floor":13.0},{"not_picked":["Stack","Aggregate"],"picked":"Genetic Algorithm","floor":13.0},{"not_picked":["Go for the Eyes","Cold Snap","Beam Cell"],"picked":"SKIP","floor":14.0},{"not_picked":["Machine Learning","Amplify"],"picked":"Multi-Cast","floor":16.0},{"not_picked":["Turbo","Ball Lightning"],"picked":"Coolheaded","floor":18.0},{"not_picked":["Compile Driver","Barrage","Chill"],"picked":"SKIP","floor":22.0},{"not_picked":["Barrage","Hologram","Auto Shields+1"],"picked":"SKIP","floor":25.0},{"not_picked":["Barrage","Hologram"],"picked":"Auto Shields+1","floor":25.0},{"not_picked":["Coolheaded","Stack","Go for the Eyes+1"],"picked":"SKIP","floor":27.0},{"not_picked":["Melter+1","Barrage+1"],"picked":"BootSequence","floor":28.0},{"not_picked":["Sweeping Beam+1","Consume","Rebound+1"],"picked":"SKIP","floor":31.0},{"not_picked":["Coolheaded","Steam+1","Compile Driver+1"],"picked":"SKIP","floor":35.0},{"not_picked":["White Noise+1","Turbo+1","Go for the Eyes+1"],"picked":"SKIP","floor":36},{"not_picked":["Steam","Go for the Eyes+1","Storm"],"picked":"SKIP","floor":37},{"not_picked":["Scrape+1","Barrage+1","Amplify"],"picked":"Singing Bowl","floor":45},{"not_picked":["Go for the Eyes+1","Genetic Algorithm+1","Steam Power"],"picked":"Singing Bowl","floor":47},{"not_picked":["Beam Cell+1","Leap+1","Hologram+1"],"picked":"Singing Bowl","floor":48}],"player_experience":5381352,"relics_obtained":[{"floor":9.0,"key":"Bronze Scales"},{"floor":26.0,"key":"Molten Egg 2"},{"floor":43,"key":"Singing Bowl"}],"event_choices":[{"damage_healed":0.0,"max_hp_gain":0.0,"max_hp_loss":0.0,"gold_gain":0.0,"event_name":"Golden Idol","player_choice":"Take Damage","floor":4.0,"gold_loss":0.0,"damage_taken":18.0,"relics_obtained":["Golden Idol"]},{"damage_healed":0.0,"max_hp_gain":0.0,"max_hp_loss":0.0,"gold_gain":0.0,"cards_transformed":["Strike_B"],"event_name":"Transmorgrifier","player_choice":"Transformed","floor":8.0,"gold_loss":0.0,"damage_taken":0.0,"cards_obtained":["All For One"]},{"damage_healed":0.0,"max_hp_gain":0.0,"max_hp_loss":0.0,"gold_gain":0.0,"cards_transformed":["Strike_B","Defend_B"],"event_name":"Drug Dealer","player_choice":"Became Test Subject","floor":19.0,"gold_loss":0.0,"damage_taken":0.0,"cards_obtained":["Glacier","Lockon"]},{"damage_healed":0.0,"max_hp_gain":0.0,"max_hp_loss":0.0,"gold_gain":0.0,"event_name":"Forgotten Altar","player_choice":"Gave Idol","floor":20.0,"relics_lost":["Golden Idol"],"gold_loss":0.0,"damage_taken":0.0,"relics_obtained":["Bloody Idol"]},{"damage_healed":0,"gold_gain":0,"player_choice":"Ignored","damage_taken":0,"max_hp_gain":0,"max_hp_loss":0,"event_name":"Mysterious Sphere","floor":39,"gold_loss":0},{"damage_healed":0,"gold_gain":0,"player_choice":"Memory 1","damage_taken":0,"max_hp_gain":0,"max_hp_loss":0,"event_name":"SensoryStone","floor":41,"gold_loss":0},{"damage_healed":0,"gold_gain":0,"player_choice":"Paid","damage_taken":0,"relics_obtained":["Red Mask"],"max_hp_gain":0,"max_hp_loss":0,"event_name":"Tomb of Lord Red Mask","floor":44,"gold_loss":101}],"is_beta":false,"boss_relics":[{"not_picked":["Nuclear Battery","Fusion Hammer"],"picked":"Velvet Choker"},{"not_picked":["Black Star","Runic Dome"],"picked":"Empty Cage"}],"items_purged_floors":[5,11,21],"is_endless":false,"potions_floor_spawned":[7,12,13,14,28,31,35,36,37,45],"ascension_level":0}