{"gold_per_floor":[111,125,6,6,24,24,64,64,64,64,79,94,129,144,144,242,242,262,109,133,8,27,27,51,51,74,74,74,88,88,88,88,88],"floor_reached":33,"playtime":1143,"items_purged":["Strike_G","Strike_G","Strike_G"],"score":514,"play_id":"7fe17103-657b-420a-84ee-fa6ebc2cc7cd","local_time":"20190313123940","is_ascension_mode":true,"campfire_choices":[{"data":"Noxious Fumes","floor":6.0,"key":"SMITH"},{"data":"Deadly Poison","floor":8.0,"key":"SMITH"},{"data":"Neutralize","floor":10.0,"key":"SMITH"},{"data":"Footwork","floor":15,"key":"SMITH"},{"data":"Backflip","floor":23,"key":"SMITH"},{"data":"Survivor","floor":25,"key":"SMITH"},{"floor":28,"key":"RECALL"},{"floor":32,"key":"REST"}],"neow_cost":"NONE","seed_source_timestamp":2467691674981,"circlet_count":0,"master_deck":["AscendersBane","Defend_G","Defend_G","Defend_G","Defend_G","Defend_G","Strike_G","Strike_G","Survivor+1","Neutralize+1","Footwork+1","Deadly Poison+1","Noxious Fumes+1","Tactician+1","Backflip+1","Footwork+1"],"special_seed":0,"relics":["Ring of the Snake","NeowsBlessing","Golden Idol","Singing Bowl","Sundial","Art of War","Busted Crown","Blood Vial"],"potions_floor_usage":[16,16],"damage_taken":[{"damage":0.0,"enemies":"Cultist","floor":1.0,"turns":1.0},{"damage":0.0,"enemies":"Small Slimes","floor":2.0,"turns":1.0},{"damage":0.0,"enemies":"Jaw Worm","floor":5.0,"turns":1.0},{"damage":6.0,"enemies":"Lagavulin","floor":7.0,"turns":7.0},{"damage":0.0,"enemies":"Looter","floor":11.0,"turns":5.0},{"damage":5.0,"enemies":"3 Louse","floor":12.0,"turns":7.0},{"damage":23.0,"enemies":"3 Sentries","floor":13.0,"turns":8.0},{"damage":8,"enemies":"Exordium Thugs","floor":14,"turns":6},{"damage":24,"enemies":"The Guardian","floor":16,"turns":9},{"damage":17,"enemies":"2 Thieves","floor":18,"turns":5},{"damage":18,"enemies":"3 Byrds","floor":20,"turns":6},{"damage":8,"enemies":"Snecko","floor":22,"turns":7},{"damage":8,"enemies":"Shelled Parasite and Fungi","floor":24,"turns":7},{"damage":5,"enemies":"Centurion and Healer","floor":29,"turns":9},{"damage":37,"enemies":"Collector","floor":33,"turns":7}],"seed_played":"-1848568966858322368","potions_obtained":[{"floor":1.0,"key":"Ancient Potion"},{"floor":5.0,"key":"Swift Potion"},{"floor":13.0,"key":"Explosive Potion"},{"floor":20,"key":"LiquidBronze"}],"is_trial":false,"path_per_floor":["M","M","$","?","M","R","E","R","T","R","M","M","E","M","R","B",null,"M","$","M","$","M","R","M","R","T","?","R","M","?","?","R","B"],"character_chosen":"THE_SILENT","items_purchased":["Noxious Fumes","Backflip"],"campfire_rested":1,"item_purchase_floors":[3,19],"current_hp_per_floor":[59,59,59,59,59,59,55,55,55,55,57,54,33,27,27,5,55,38,38,22,22,16,16,10,10,10,10,10,9,9,9,33,0],"gold":88,"neow_bonus":"THREE_ENEMY_KILL","is_prod":false,"is_daily":false,"chose_seed":false,"campfire_upgraded":6,"win_rate":0,"timestamp":1552451980,"path_taken":["M","?","$","?","M","R","E","R","T","R","M","M","E","M","R","BOSS","M","$","M","$","M","R","M","R","T","?","R","M","?","?","R","BOSS"],"build_version":"2019-01-23","purchased_purges":3,"victory":false,"max_hp_per_floor":[66,66,66,60,60,60,62,62,62,62,64,66,68,70,70,72,72,72,72,74,74,76,76,78,78,78,78,78,80,80,80,80,80],"card_choices":[{"not_picked":["Flechettes","Dagger Throw"],"picked":"Footwork","floor":1.0},{"not_picked":["Outmaneuver","Endless Agony"],"picked":"Deadly Poison","floor":2.0},{"not_picked":["Deflect","Backstab","Reflex"],"picked":"SKIP","floor":5.0},{"not_picked":["Quick Slash","Slice","Wraith Form v2"],"picked":"Singing Bowl","floor":7.0},{"not_picked":["Slice","Deadly Poison","Dagger Throw"],"picked":"Singing Bowl","floor":11.0},{"not_picked":["Slice","Dagger Spray","Deflect"],"picked":"Singing Bowl","floor":12.0},{"not_picked":["Bane","Acrobatics","Predator"],"picked":"Singing Bowl","floor":13.0},{"not_picked":["Infinite Blades","Dodge and Roll","Acrobatics"],"picked":"Singing Bowl","floor":14},{"not_picked":["Bullet Time","Glass Knife","Envenom"],"picked":"Singing Bowl","floor":16},{"not_picked":[],"picked":"Tactician+1","floor":18},{"not_picked":["Dagger Spray"],"picked":"Singing Bowl","floor":20},{"not_picked":["Quick Slash+1"],"picked":"Singing Bowl","floor":22},{"not_picked":["Dodge and Roll"],"picked":"Singing Bowl","floor":24},{"not_picked":["Dodge and Roll"],"picked":"Singing Bowl","floor":29}],"player_experience":3539356,"relics_obtained":[{"floor":7.0,"key":"Singing Bowl"},{"floor":9.0,"key":"Sundial"},{"floor":13.0,"key":"Art of War"},{"floor":26,"key":"Blood Vial"}],"event_choices":[{"damage_healed":0.0,"max_hp_gain":0.0,"max_hp_loss":6.0,"gold_gain":0.0,"event_name":"Golden Idol","player_choice":"Lose Max HP","floor":4.0,"gold_loss":0.0,"damage_taken":0.0,"relics_obtained":["Golden Idol"]},{"damage_healed":0,"gold_gain":0,"player_choice":"Ignored","damage_taken":0,"max_hp_gain":0,"max_hp_loss":0,"event_name":"Vampires","floor":30,"gold_loss":0},{"damage_healed":0,"gold_gain":0,"player_choice":"Copied","damage_taken":0,"max_hp_gain":0,"max_hp_loss":0,"event_name":"Duplicator","floor":31,"gold_loss":0,"cards_obtained":["Footwork"]}],"is_beta":false,"boss_relics":[{"not_picked":["Fusion Hammer","WristBlade"],"picked":"Busted Crown"}],"items_purged_floors":[3,19,21],"is_endless":false,"potions_floor_spawned":[1,5,12,13,14,20],"killed_by":"Collector","ascension_level":20}