{"gold_per_floor":[115,134,284,303,228,228,242,260,260,274,284,297,297,309,309,309],"floor_reached":16,"playtime":504,"items_purged":["Doubt"],"score":196,"play_id":"9ba1b755-fed5-4059-9fc7-f1d5d02d5d42","local_time":"20181227172728","is_ascension_mode":true,"campfire_choices":[{"data":"Neutralize","floor":6,"key":"SMITH"},{"data":"Noxious Fumes","floor":15,"key":"SMITH"}],"neow_cost":"NONE","seed_source_timestamp":20471362588655,"circlet_count":0,"master_deck":["AscendersBane","Defend_G","Defend_G","Defend_G","Defend_G","Defend_G","Strike_G","Strike_G","Strike_G","Strike_G","Strike_G","Survivor","Neutralize+1","Well Laid Plans","Noxious Fumes+1","Blur","Tools of the Trade"],"special_seed":0,"relics":["Ring of the Snake","NeowsBlessing","Pear"],"potions_floor_usage":[7,11,13,14],"damage_taken":[{"damage":0.0,"enemies":"2 Louse","floor":1.0,"turns":1.0},{"damage":0.0,"enemies":"Jaw Worm","floor":2.0,"turns":1.0},{"damage":0.0,"enemies":"Cultist","floor":4.0,"turns":1.0},{"damage":18,"enemies":"Lots of Slimes","floor":7,"turns":9},{"damage":0,"enemies":"Blue Slaver","floor":8,"turns":8},{"damage":23,"enemies":"Exordium Thugs","floor":10,"turns":8},{"damage":13,"enemies":"Lots of Slimes","floor":11,"turns":5},{"damage":5,"enemies":"Blue Slaver","floor":12,"turns":6},{"damage":18,"enemies":"3 Louse","floor":14,"turns":5},{"damage":0,"enemies":"Slime Boss","floor":16,"turns":1}],"seed_played":"2800417762972738747","potions_obtained":[{"floor":1.0,"key":"Regen Potion"},{"floor":4.0,"key":"Fruit Juice"},{"floor":10,"key":"SpeedPotion"},{"floor":12,"key":"Weak Potion"},{"floor":13,"key":"Regen Potion"}],"is_trial":false,"path_per_floor":["M","M","?","M","$","R","M","M","T","M","M","M","?","M","R","B"],"character_chosen":"THE_SILENT","items_purchased":[],"campfire_rested":0,"item_purchase_floors":[],"current_hp_per_floor":[59,59,59,59,59,59,56,56,66,43,30,25,30,27,27,27],"gold":309,"neow_bonus":"THREE_ENEMY_KILL","is_prod":false,"is_daily":false,"chose_seed":false,"campfire_upgraded":2,"win_rate":0,"timestamp":1545902848,"path_taken":["M","M","?","M","$","R","M","M","T","M","M","M","?","M","R","BOSS"],"build_version":"2018-12-20","purchased_purges":1,"victory":false,"max_hp_per_floor":[66,66,66,66,66,66,66,66,76,76,76,76,81,81,81,81],"card_choices":[{"not_picked":["Reflex","Poisoned Stab"],"picked":"Well Laid Plans","floor":1.0},{"not_picked":["Dagger Throw","Prepared","Slice"],"picked":"SKIP","floor":2.0},{"not_picked":["Prepared","Outmaneuver","Underhanded Strike"],"picked":"SKIP","floor":4.0},{"not_picked":["Outmaneuver","Acrobatics"],"picked":"Noxious Fumes","floor":7},{"not_picked":["Sucker Punch","Underhanded Strike"],"picked":"Blur","floor":8},{"not_picked":["Accuracy","Tactician","Masterful Stab"],"picked":"SKIP","floor":10},{"not_picked":["Cloak And Dagger","Eviscerate","Flying Knee"],"picked":"SKIP","floor":11},{"not_picked":["Dagger Spray","Poisoned Stab","Finisher"],"picked":"SKIP","floor":12},{"not_picked":["Distraction","Outmaneuver"],"picked":"Tools of the Trade","floor":14}],"player_experience":1526891,"relics_obtained":[{"floor":9,"key":"Pear"}],"event_choices":[{"damage_healed":0.0,"max_hp_gain":0.0,"max_hp_loss":0.0,"gold_gain":150.0,"event_name":"Liars Game","player_choice":"AGREE","floor":3.0,"gold_loss":0.0,"damage_taken":0.0,"cards_obtained":["Doubt"]},{"damage_healed":0,"gold_gain":0,"player_choice":"Got Potions","damage_taken":0,"max_hp_gain":0,"max_hp_loss":0,"event_name":"Lab","floor":13,"gold_loss":0}],"is_beta":false,"boss_relics":[],"items_purged_floors":[5],"is_endless":false,"potions_floor_spawned":[1,4,10,12],"killed_by":"Slime Boss","ascension_level":20}