{"gold_per_floor":[113,263,263,273,57,91,91,118,118,153,167,35,45,45,45,124,124,142,162,87,97,97,97,126,142,220,120,120,132,7,7,7,85,85,101,112,127,147,147,147,147,147,147,69,69,85,85,85,85,85,85,85,85,29,62,62],"floor_reached":57,"playtime":1912,"items_purged":["Strike_R","Strike_R","Strike_R"],"score":2986,"play_id":"5334af72-f1dd-4188-b093-b268113691ec","local_time":"20181220131228","is_ascension_mode":true,"campfire_choices":[{"data":"Trip","floor":7.0,"key":"SMITH"},{"data":"Offering","floor":15.0,"key":"SMITH"},{"data":"Evolve","floor":23.0,"key":"SMITH"},{"floor":28.0,"key":"RECALL"},{"data":"Shrug It Off","floor":32.0,"key":"SMITH"},{"data":"Disarm","floor":40,"key":"SMITH"},{"data":"Master of Strategy","floor":45,"key":"SMITH"},{"data":"Master of Strategy","floor":47,"key":"SMITH"},{"data":"Disarm","floor":49,"key":"SMITH"},{"floor":53,"key":"REST"}],"neow_cost":"NONE","seed_source_timestamp":8623865544156,"circlet_count":0,"master_deck":["AscendersBane","Defend_R","Defend_R","Defend_R","Defend_R","Rage","Doubt","Second Wind","Trip+1","Evolve+1","Shrug It Off+1","Inflame+1","Uppercut+1","Pommel Strike+1","Offering+1","Feed+1","Pommel Strike+1","Shrug It Off","Doubt","Shrug It Off","Metallicize+1","Corruption+1","Disarm+1","Inflame+1","Master of Strategy+1","Master of Strategy+1","Clumsy","Inflame+1","Disarm+1"],"special_seed":0,"relics":["Burning Blood","NeowsBlessing","Mercury Hourglass","Pen Nib","Frozen Egg 2","Sundial","Molten Egg 2","Gremlin Horn","Cursed Key","Blue Candle","Matryoshka","Question Card","Runic Dome","Omamori","Gambling Chip","Orichalcum"],"potions_floor_usage":[56,56],"damage_taken":[{"damage":0.0,"enemies":"Small Slimes","floor":1.0,"turns":1.0},{"damage":0.0,"enemies":"Jaw Worm","floor":4.0,"turns":1.0},{"damage":0.0,"enemies":"3 Sentries","floor":6.0,"turns":1.0},{"damage":31.0,"enemies":"Gremlin Nob","floor":8.0,"turns":4.0},{"damage":19.0,"enemies":"3 Sentries","floor":10.0,"turns":6.0},{"damage":0.0,"enemies":"2 Louse","floor":11.0,"turns":3.0},{"damage":1.0,"enemies":"Exordium Wildlife","floor":13.0,"turns":3.0},{"damage":6.0,"enemies":"Slime Boss","floor":16.0,"turns":4.0},{"damage":0.0,"enemies":"Chosen","floor":18.0,"turns":4.0},{"damage":23.0,"enemies":"2 Thieves","floor":19.0,"turns":4.0},{"damage":16.0,"enemies":"Cultist and Chosen","floor":21.0,"turns":5.0},{"damage":7.0,"enemies":"Gremlin Leader","floor":24.0,"turns":5.0},{"damage":11.0,"enemies":"Snake Plant","floor":25.0,"turns":3.0},{"damage":27.0,"enemies":"Shelled Parasite and Fungi","floor":29.0,"turns":4.0},{"damage":7.0,"enemies":"Automaton","floor":33.0,"turns":3.0},{"damage":8.0,"enemies":"Orb Walker","floor":35.0,"turns":3.0},{"damage":9.0,"enemies":"3 Shapes","floor":36.0,"turns":7.0},{"damage":6.0,"enemies":"3 Darklings","floor":37.0,"turns":3.0},{"damage":31.0,"enemies":"Writhing Mass","floor":38.0,"turns":5.0},{"damage":13,"enemies":"Maw","floor":46,"turns":4},{"damage":22,"enemies":"Donu and Deca","floor":50,"turns":3},{"damage":32,"enemies":"Time Eater","floor":51,"turns":6},{"damage":20,"enemies":"Shield and Spear","floor":55,"turns":3},{"damage":82,"enemies":"The Heart","floor":56,"turns":8}],"seed_played":"-127696562817403264","potions_obtained":[{"floor":1.0,"key":"GamblersBrew"},{"floor":6.0,"key":"BloodPotion"},{"floor":13.0,"key":"BloodPotion"},{"floor":18.0,"key":"Block Potion"},{"floor":19.0,"key":"Poison Potion"},{"floor":36.0,"key":"Ancient Potion"},{"floor":46,"key":"AttackPotion"}],"is_trial":false,"path_per_floor":["M","?","?","M","$","E","R","E","T","E","M","$","M","T","R","B",null,"M","M","?","M","?","R","E","M","T","$","R","M","$","?","R","B",null,"M","M","M","M","?","R","?","?","T","$","R","M","R","?","R","B","B",null,"R","$","E","B",null],"character_chosen":"IRONCLAD","items_purchased":["Dropkick","Trip","Evolve","Strength Potion","Inflame+1","PowerPotion"],"campfire_rested":1,"item_purchase_floors":[5,5,5,12,44,54],"current_hp_per_floor":[74,74,48,54,54,60,60,42,42,29,35,35,40,40,40,40,66,75,62,62,56,56,56,59,58,58,58,58,41,41,41,41,44,85,87,88,92,71,71,71,71,61,61,61,61,58,58,82,82,70,48,107,127,127,117,41],"gold":62,"neow_bonus":"THREE_ENEMY_KILL","is_prod":false,"is_daily":false,"chose_seed":false,"campfire_upgraded":8,"win_rate":0,"timestamp":1545282748,"path_taken":["M","?","?","M","$","E","R","E","T","E","M","$","M","?","R","BOSS","M","M","?","M","?","R","E","?","T","$","R","M","$","?","R","BOSS","M","M","M","M","?","R","?","?","T","?","R","M","R","?","R","BOSS","BOSS","R","$","E","BOSS"],"build_version":"2018-12-13","purchased_purges":3,"victory":true,"max_hp_per_floor":[75,75,75,75,75,75,75,75,75,75,75,75,75,75,75,75,75,75,79,79,83,83,83,87,91,91,91,91,95,95,95,95,99,99,103,107,111,115,115,115,115,115,115,115,115,119,119,119,119,123,127,127,127,127,131,131],"card_choices":[{"not_picked":["Entrench","Wild Strike"],"picked":"Rage","floor":1.0},{"not_picked":["Pommel Strike","Anger"],"picked":"Second Wind","floor":4.0},{"not_picked":["Wild Strike","Clothesline"],"picked":"Shrug It Off","floor":6.0},{"not_picked":["Heavy Blade","Fire Breathing"],"picked":"Inflame","floor":8.0},{"not_picked":["Evolve+1","Armaments"],"picked":"Uppercut","floor":10.0},{"not_picked":["Iron Wave+1","Hemokinesis+1"],"picked":"Pommel Strike+1","floor":11.0},{"not_picked":["Thunderclap+1","Clash+1"],"picked":"Offering","floor":13.0},{"not_picked":["Brutality+1","Berserk+1"],"picked":"Feed+1","floor":16.0},{"not_picked":["Twin Strike+1","Thunderclap+1"],"picked":"Pommel Strike+1","floor":18.0},{"not_picked":["Heavy Blade+1","Reckless Charge+1"],"picked":"Shrug It Off","floor":19.0},{"not_picked":["Pommel Strike+1","Spot Weakness","Sword Boomerang+1"],"picked":"SKIP","floor":21.0},{"not_picked":["Twin Strike+1","Clash+1","Wild Strike+1"],"picked":"SKIP","floor":24.0},{"not_picked":["Anger+1","Heavy Blade+1"],"picked":"Corruption+1","floor":25.0},{"not_picked":["Spot Weakness+1","Whirlwind+1","Barricade+1"],"picked":"Shrug It Off","floor":29.0},{"not_picked":["True Grit","Clash+1","Thunderclap+1"],"picked":"Disarm","floor":35.0},{"not_picked":["Rupture+1","Pommel Strike+1","Clothesline+1"],"picked":"Inflame+1","floor":36.0},{"not_picked":["True Grit","Warcry","Uppercut+1","Spot Weakness+1"],"picked":"SKIP","floor":37.0},{"not_picked":["Rampage+1","Wild Strike+1","Perfected Strike+1","Pommel Strike+1"],"picked":"SKIP","floor":38.0},{"not_picked":["Secret Technique","Panache+1","Finesse"],"picked":"Master of Strategy","floor":42},{"not_picked":["Mind Blast+1","Jack Of All Trades","Madness"],"picked":"Master of Strategy","floor":42},{"not_picked":["Heavy Blade+1","Entrench","True Grit"],"picked":"Disarm","floor":46},{"not_picked":["Twin Strike+1","Headbutt+1","Fire Breathing+1","Metallicize+1"],"picked":"SKIP","floor":55}],"player_experience":1401835,"relics_obtained":[{"floor":6.0,"key":"Pen Nib"},{"floor":8.0,"key":"Frozen Egg 2"},{"floor":9.0,"key":"Sundial"},{"floor":10.0,"key":"Molten Egg 2"},{"floor":14.0,"key":"Gremlin Horn"},{"floor":24.0,"key":"Matryoshka"},{"floor":26.0,"key":"Question Card"},{"floor":43,"key":"Omamori"},{"floor":43,"key":"Gambling Chip"},{"floor":55,"key":"Orichalcum"}],"event_choices":[{"damage_healed":0.0,"max_hp_gain":0.0,"max_hp_loss":0.0,"gold_gain":150.0,"event_name":"Liars Game","player_choice":"AGREE","floor":2.0,"gold_loss":0.0,"damage_taken":0.0,"cards_obtained":["Doubt"]},{"damage_healed":0.0,"max_hp_gain":0.0,"max_hp_loss":0.0,"gold_gain":0.0,"event_name":"Scrap Ooze","player_choice":"Success","floor":3.0,"gold_loss":0.0,"damage_taken":26.0,"relics_obtained":["Mercury Hourglass"]},{"cards_removed":["Strike_R"],"damage_healed":0.0,"max_hp_gain":0.0,"max_hp_loss":0.0,"gold_gain":0.0,"event_name":"Beggar","player_choice":"Gave Gold","floor":20.0,"gold_loss":75.0,"damage_taken":0.0},{"cards_removed":["Dropkick"],"damage_healed":0.0,"max_hp_gain":0.0,"max_hp_loss":0.0,"gold_gain":0.0,"event_name":"WeMeetAgain","player_choice":"Gave Card","floor":22.0,"gold_loss":0.0,"damage_taken":0.0,"relics_obtained":["Blue Candle"]},{"damage_healed":0.0,"max_hp_gain":0.0,"max_hp_loss":0.0,"gold_gain":0.0,"cards_transformed":["Strike_R","Bash"],"event_name":"Drug Dealer","player_choice":"Became Test Subject","floor":31.0,"gold_loss":0.0,"damage_taken":0.0,"cards_obtained":["Metallicize","Corruption"]},{"damage_healed":0,"gold_gain":0,"player_choice":"Ignored","damage_taken":0,"max_hp_gain":0,"max_hp_loss":0,"event_name":"Mysterious Sphere","floor":39,"gold_loss":0},{"cards_removed":["Corruption"],"damage_healed":0,"gold_gain":0,"player_choice":"Removed Power","damage_taken":0,"max_hp_gain":0,"max_hp_loss":0,"event_name":"Falling","floor":41,"gold_loss":0},{"damage_healed":0,"gold_gain":0,"player_choice":"Memory 3","damage_taken":10,"max_hp_gain":0,"max_hp_loss":0,"event_name":"SensoryStone","floor":42,"gold_loss":0},{"damage_healed":24,"gold_gain":0,"player_choice":"Writhe","damage_taken":0,"max_hp_gain":0,"max_hp_loss":0,"event_name":"Winding Halls","floor":48,"gold_loss":0,"cards_obtained":["Writhe"]}],"is_beta":false,"boss_relics":[{"not_picked":["Calling Bell","Tiny House"],"picked":"Cursed Key"},{"not_picked":["Fusion Hammer","Orrery"],"picked":"Runic Dome"}],"items_purged_floors":[12,27,30],"is_endless":false,"potions_floor_spawned":[1,6,13,18,19,36,38,46],"ascension_level":20}