{"gold_per_floor":[119,137,137,148,168,168,234,284,284,209,271,334,384,394,394,465,515,531,581,631,699,558,558,608,608,679,679,739,753,260,277,277,353,353,370,57,107,119,169,195,245,257,281,306,320,350,400,461,461,461,461,461,461,111,139,139],"floor_reached":56,"playtime":2312,"items_purged":["Strike_G","Strike_G","Strike_G","Defend_G","Strike_G+1"],"score":2272,"play_id":"c8a2a42c-67aa-4c29-b2c4-e1035aeb6de4","local_time":"20181226222218","is_ascension_mode":true,"campfire_choices":[{"data":"Deadly Poison","floor":6.0,"key":"SMITH"},{"data":"Noxious Fumes","floor":15.0,"key":"SMITH"},{"data":"Footwork","floor":23.0,"key":"SMITH"},{"data":"Crippling Poison","floor":25.0,"key":"SMITH"},{"data":"Neutralize","floor":27.0,"key":"SMITH"},{"data":"Well Laid Plans","floor":32.0,"key":"SMITH"},{"floor":49.0,"key":"RECALL"},{"data":"Footwork","floor":53.0,"key":"SMITH"}],"neow_cost":"NONE","seed_source_timestamp":34561272312404,"circlet_count":0,"master_deck":["AscendersBane","Defend_G+1","Defend_G+1","Defend_G+1","Defend_G+1","Survivor+1","Neutralize+1","Backflip+1","Deadly Poison+1","Escape Plan+1","Crippling Poison+1","Noxious Fumes+1","Footwork+1","Leg Sweep+1","Footwork+1","Venomology+1","Well Laid Plans+1","Noxious Fumes+1","Wraith Form v2+1","Catalyst+1","PiercingWail+1","PiercingWail+1","Catalyst+1","Well Laid Plans+1","Well Laid Plans+1","Footwork+1","Corpse Explosion","After Image"],"special_seed":0,"relics":["Coffee Dripper","SsserpentHead","Ninja Scroll","Tiny House","Ornamental Fan","Membership Card","Bronze Scales","Art of War","Orrery","Potion Belt","TwistedFunnel","Mark of the Bloom","Bag of Marbles","War Paint","Kunai","Vajra","Bottled Lightning","Pen Nib","Paper Crane"],"potions_floor_usage":[55,55,56,56],"damage_taken":[{"damage":0.0,"enemies":"Small Slimes","floor":1.0,"turns":4.0},{"damage":1.0,"enemies":"Cultist","floor":2.0,"turns":6.0},{"damage":9.0,"enemies":"2 Louse","floor":4.0,"turns":3.0},{"damage":4.0,"enemies":"Blue Slaver","floor":5.0,"turns":3.0},{"damage":3.0,"enemies":"Looter","floor":7.0,"turns":3.0},{"damage":9.0,"enemies":"Exordium Thugs","floor":11.0,"turns":6.0},{"damage":3.0,"enemies":"2 Fungi Beasts","floor":12.0,"turns":4.0},{"damage":7.0,"enemies":"Gremlin Gang","floor":14.0,"turns":4.0},{"damage":4.0,"enemies":"Hexaghost","floor":16.0,"turns":9.0},{"damage":0.0,"enemies":"Spheric Guardian","floor":18.0,"turns":5.0},{"damage":0.0,"enemies":"3 Byrds","floor":21.0,"turns":7.0},{"damage":0.0,"enemies":"Snake Plant","floor":28.0,"turns":5.0},{"damage":1.0,"enemies":"Chosen and Byrds","floor":29.0,"turns":5.0},{"damage":0.0,"enemies":"3 Cultists","floor":31.0,"turns":4.0},{"damage":8.0,"enemies":"Collector","floor":33.0,"turns":8.0},{"damage":1.0,"enemies":"3 Darklings","floor":35.0,"turns":5.0},{"damage":0.0,"enemies":"Orb Walker","floor":38.0,"turns":3.0},{"damage":0.0,"enemies":"Reptomancer","floor":40.0,"turns":3.0},{"damage":2.0,"enemies":"Spire Growth","floor":42.0,"turns":5.0},{"damage":0.0,"enemies":"Nemesis","floor":44.0,"turns":5.0},{"damage":0.0,"enemies":"Maw","floor":45.0,"turns":5.0},{"damage":0.0,"enemies":"Reptomancer","floor":46.0,"turns":2.0},{"damage":0.0,"enemies":"4 Shapes","floor":48.0,"turns":5.0},{"damage":43.0,"enemies":"Awakened One","floor":50.0,"turns":15.0},{"damage":0.0,"enemies":"Donu and Deca","floor":51.0,"turns":8.0},{"damage":0,"enemies":"Shield and Spear","floor":55,"turns":5},{"damage":30,"enemies":"The Heart","floor":56,"turns":2}],"seed_played":"5988522257218421467","potions_obtained":[{"floor":5.0,"key":"Ancient Potion"},{"floor":11.0,"key":"SmokeBomb"},{"floor":18.0,"key":"SkillPotion"},{"floor":21.0,"key":"LiquidBronze"},{"floor":31.0,"key":"GhostInAJar"},{"floor":40.0,"key":"SneckoOil"},{"floor":42.0,"key":"Poison Potion"},{"floor":45.0,"key":"AttackPotion"},{"floor":46.0,"key":"Strength Potion"}],"is_trial":false,"path_per_floor":["M","M","?","M","M","R","M","T","T","$","M","M","?","M","R","B",null,"M","?","?","M","$","R","?","R","T","R","M","M","$","M","R","B",null,"M","$","?","M","?","E","?","M","T","E","M","E","?","M","R","B","B",null,"R","$","E","B"],"character_chosen":"THE_SILENT","items_purchased":["Footwork","Membership Card","Well Laid Plans","Bronze Scales","Art of War","Potion Belt","TwistedFunnel","Well Laid Plans","LiquidBronze","Bottled Lightning","Pen Nib"],"campfire_rested":0,"item_purchase_floors":[22,30,30,30,30,36,36,36,54,54,54],"current_hp_per_floor":[59,58,58,49,45,45,42,42,42,42,33,30,30,23,23,19,59,59,39,39,39,39,39,39,39,39,39,39,38,38,38,38,30,65,64,64,64,64,64,64,64,62,62,62,62,62,62,62,62,19,19,19,19,19,19,0],"gold":139,"neow_bonus":"BOSS_RELIC","is_prod":false,"is_daily":false,"chose_seed":false,"campfire_upgraded":7,"win_rate":0,"timestamp":1545834138,"path_taken":["M","M","?","M","M","R","?","?","T","$","?","?","?","M","R","BOSS","M","?","?","?","$","R","?","R","T","R","?","M","$","M","R","BOSS","M","$","?","M","?","E","?","M","T","E","M","E","?","?","R","BOSS","BOSS","R","$","E","BOSS"],"build_version":"2018-12-20","purchased_purges":5,"victory":false,"max_hp_per_floor":[66,66,66,66,66,66,66,66,66,66,66,66,66,66,66,66,71,71,76,76,76,76,76,76,76,76,76,76,76,76,76,76,76,76,76,76,76,76,76,76,76,76,76,76,76,76,72,72,72,72,72,72,72,72,72,72],"card_choices":[{"not_picked":["Poisoned Stab","Slice"],"picked":"Backflip","floor":1.0},{"not_picked":["Dodge and Roll","Underhanded Strike"],"picked":"Deadly Poison","floor":2.0},{"not_picked":["Blur","Slice"],"picked":"Escape Plan","floor":4.0},{"not_picked":["Acrobatics","Leg Sweep"],"picked":"Crippling Poison","floor":5.0},{"not_picked":["PiercingWail","Expertise","Flying Knee"],"picked":"SKIP","floor":7.0},{"not_picked":["Dodge and Roll","Bane","Acrobatics"],"picked":"SKIP","floor":11.0},{"not_picked":["Leg Sweep","Dagger Throw"],"picked":"Noxious Fumes","floor":12.0},{"not_picked":["Skewer","Choke","Dash"],"picked":"SKIP","floor":14.0},{"not_picked":["Bullet Time","Phantasmal Killer"],"picked":"Glass Knife","floor":16.0},{"not_picked":["Cloak And Dagger","Calculated Gamble"],"picked":"Footwork","floor":17.0},{"not_picked":["Terror","Outmaneuver"],"picked":"Leg Sweep","floor":18.0},{"not_picked":["Deadly Poison","Dodge and Roll","Prepared"],"picked":"SKIP","floor":21.0},{"not_picked":["Caltrops","Blade Dance"],"picked":"Venomology","floor":28.0},{"not_picked":["PiercingWail","Outmaneuver","Tactician"],"picked":"SKIP","floor":29.0},{"not_picked":["Poisoned Stab","PiercingWail"],"picked":"Noxious Fumes","floor":31.0},{"not_picked":["Grand Finale","Storm of Steel"],"picked":"Wraith Form v2","floor":33.0},{"not_picked":["Outmaneuver","PiercingWail"],"picked":"Catalyst+1","floor":34.0},{"not_picked":["Choke","Terror"],"picked":"PiercingWail","floor":34.0},{"not_picked":["Skewer","Poisoned Stab+1"],"picked":"PiercingWail","floor":34.0},{"not_picked":["PiercingWail","Backflip"],"picked":"Catalyst","floor":35.0},{"not_picked":["Dagger Spray","Concentrate"],"picked":"Well Laid Plans+1","floor":38.0},{"not_picked":["Glass Knife","Deadly Poison","Distraction"],"picked":"SKIP","floor":40.0},{"not_picked":["Glass Knife","Deadly Poison","Distraction"],"picked":"SKIP","floor":40.0},{"not_picked":["Caltrops+1","Terror","Cloak And Dagger+1"],"picked":"SKIP","floor":42.0},{"not_picked":["Skewer+1","Accuracy","Dagger Throw"],"picked":"SKIP","floor":44.0},{"not_picked":["PiercingWail","Deadly Poison","Acrobatics"],"picked":"SKIP","floor":45.0},{"not_picked":["Reflex","Poisoned Stab"],"picked":"Footwork","floor":46.0},{"not_picked":["Blade Dance","Reflex+1"],"picked":"Corpse Explosion","floor":48.0},{"not_picked":["Dash","Eviscerate+1"],"picked":"After Image","floor":55}],"player_experience":1503817,"relics_obtained":[{"floor":9.0,"key":"Ninja Scroll"},{"floor":26.0,"key":"Ornamental Fan"},{"floor":40.0,"key":"Bag of Marbles"},{"floor":43.0,"key":"War Paint"},{"floor":44.0,"key":"Kunai"},{"floor":46.0,"key":"Vajra"},{"floor":55,"key":"Paper Crane"}],"event_choices":[{"damage_healed":0.0,"max_hp_gain":0.0,"max_hp_loss":0.0,"gold_gain":0.0,"event_name":"FaceTrader","player_choice":"Trade","floor":3.0,"gold_loss":0.0,"damage_taken":0.0,"relics_obtained":["SsserpentHead"]},{"cards_removed":["Strike_G"],"damage_healed":0.0,"max_hp_gain":0.0,"max_hp_loss":0.0,"gold_gain":0.0,"event_name":"Living Wall","player_choice":"Forget","floor":13.0,"gold_loss":0.0,"damage_taken":0.0},{"damage_healed":0.0,"max_hp_gain":5.0,"max_hp_loss":0.0,"gold_gain":0.0,"event_name":"Forgotten Altar","player_choice":"Shed Blood","floor":19.0,"gold_loss":0.0,"damage_taken":25.0},{"damage_healed":0.0,"max_hp_gain":0.0,"max_hp_loss":0.0,"gold_gain":0.0,"event_name":"N\u0027loth","player_choice":"Ignored","floor":20.0,"gold_loss":0.0,"damage_taken":0.0},{"damage_healed":0.0,"max_hp_gain":0.0,"max_hp_loss":0.0,"gold_gain":0.0,"event_name":"Upgrade Shrine","player_choice":"Upgraded","floor":24.0,"gold_loss":0.0,"damage_taken":0.0,"cards_upgraded":["Footwork"]},{"cards_removed":["Glass Knife"],"damage_healed":0.0,"max_hp_gain":0.0,"max_hp_loss":0.0,"gold_gain":0.0,"event_name":"Falling","player_choice":"Removed Attack","floor":37.0,"gold_loss":0.0,"damage_taken":0.0},{"damage_healed":0.0,"max_hp_gain":0.0,"max_hp_loss":0.0,"gold_gain":0.0,"event_name":"MindBloom","player_choice":"Upgrade","floor":39.0,"gold_loss":0.0,"damage_taken":0.0,"cards_upgraded":["Defend_G","Defend_G","Defend_G","Defend_G","Strike_G","Survivor","Backflip","Escape Plan","Leg Sweep","Venomology","Noxious Fumes","Wraith Form v2","PiercingWail","PiercingWail","Catalyst","Well Laid Plans"],"relics_obtained":["Mark of the Bloom"]},{"damage_healed":0.0,"max_hp_gain":0.0,"max_hp_loss":0.0,"gold_gain":0.0,"event_name":"Tomb of Lord Red Mask","player_choice":"Ignored","floor":41.0,"gold_loss":0.0,"damage_taken":0.0},{"damage_healed":0.0,"max_hp_gain":0.0,"max_hp_loss":4.0,"gold_gain":0.0,"event_name":"Winding Halls","player_choice":"Max HP","floor":47.0,"gold_loss":0.0,"damage_taken":0.0}],"is_beta":false,"boss_relics":[{"not_picked":["HoveringKite","Busted Crown"],"picked":"Tiny House"},{"not_picked":["WristBlade","Eternal Feather"],"picked":"Orrery"}],"items_purged_floors":[10,22,30,36,54],"is_endless":false,"potions_floor_spawned":[5,11,14,18,21,31,33,40,42,45,46],"killed_by":"The Heart","ascension_level":20}