{"gold_per_floor":[110,110,35,35,62,95,95,127,127,127,143,155,175,195,195,269,269,169,169,169,169,69,69,69,69,69,69,69,69],"floor_reached":29,"playtime":963,"items_purged":["Regret","Strike_G"],"score":542,"play_id":"4a8368b4-e156-4ae7-a54f-d5bc82459966","local_time":"20181114190321","is_ascension_mode":true,"campfire_choices":[{"data":"Noxious Fumes","floor":7,"key":"SMITH"},{"data":"1","floor":10,"key":"LIFT"},{"data":"Neutralize","floor":15,"key":"SMITH"},{"data":"Footwork","floor":23,"key":"SMITH"},{"data":"Deadly Poison","floor":25,"key":"SMITH"},{"data":"Prepared","floor":28,"key":"SMITH"}],"neow_cost":"NONE","seed_source_timestamp":1120326426896,"circlet_count":0,"master_deck":["AscendersBane","Defend_G","Defend_G","Defend_G","Defend_G","Defend_G","Strike_G","Strike_G","Strike_G","Strike_G","Survivor","Neutralize+1","Noxious Fumes+1","Backflip","Reflex","Prepared+1","Footwork+1","Deadly Poison+1","Adrenaline","Backflip"],"relics":["Ring of the Snake","NeowsBlessing","Thread and Needle","Bag of Preparation","Prayer Wheel","Pantograph","Girya","Ectoplasm","Ginger"],"potions_floor_usage":[16,29,29],"damage_taken":[{"damage":0,"enemies":"Small Slimes","floor":1,"turns":1},{"damage":0,"enemies":"Lagavulin","floor":6,"turns":1},{"damage":0,"enemies":"3 Sentries","floor":8,"turns":1},{"damage":0,"enemies":"Jaw Worm","floor":11,"turns":4},{"damage":0,"enemies":"Cultist","floor":12,"turns":3},{"damage":0,"enemies":"Large Slime","floor":13,"turns":6},{"damage":0,"enemies":"Looter","floor":14,"turns":4},{"damage":46,"enemies":"Slime Boss","floor":16,"turns":13},{"damage":8,"enemies":"2 Thieves","floor":18,"turns":5},{"damage":0,"enemies":"Shell Parasite","floor":19,"turns":8},{"damage":9,"enemies":"Snake Plant","floor":20,"turns":6},{"damage":0,"enemies":"Snecko","floor":24,"turns":6},{"damage":10,"enemies":"3 Cultists","floor":27,"turns":6},{"damage":32,"enemies":"Slavers","floor":29,"turns":5}],"seed_played":"-3795383306404068704","potions_obtained":[{"floor":11,"key":"LiquidBronze"},{"floor":12,"key":"LiquidBronze"},{"floor":16,"key":"Dexterity Potion"},{"floor":27,"key":"SkillPotion"}],"is_trial":false,"path_per_floor":["M","?","$","?","T","E","R","E","T","R","M","M","M","M","R","B",null,"M","M","M","?","$","R","M","R","T","M","R","E"],"character_chosen":"THE_SILENT","items_purchased":[],"campfire_rested":0,"item_purchase_floors":[],"current_hp_per_floor":[59,59,59,59,59,59,59,59,59,59,59,59,59,59,59,20,55,47,47,38,38,38,38,38,38,38,28,28,0],"gold":69,"neow_bonus":"THREE_ENEMY_KILL","is_prod":false,"is_daily":false,"chose_seed":false,"campfire_upgraded":5,"win_rate":0,"timestamp":1542193401,"path_taken":["M","?","$","?","?","E","R","E","T","R","M","M","M","M","R","BOSS","M","M","M","?","$","R","M","R","T","?","R","E"],"build_version":"2018-11-13","purchased_purges":2,"victory":false,"max_hp_per_floor":[66,66,66,66,66,66,66,66,66,66,66,66,66,66,66,66,66,66,66,66,66,66,66,66,66,66,66,66,66],"card_choices":[{"not_picked":["Acrobatics","Endless Agony"],"picked":"Noxious Fumes","floor":1},{"not_picked":["Finisher","Quick Slash","Flying Knee"],"picked":"SKIP","floor":6},{"not_picked":["Endless Agony","Bouncing Flask","Blade Dance"],"picked":"SKIP","floor":8},{"not_picked":["Concentrate","Flying Knee","Accuracy"],"picked":"SKIP","floor":11},{"not_picked":["Terror","Concentrate","Prepared"],"picked":"SKIP","floor":11},{"not_picked":["Outmaneuver","Quick Slash"],"picked":"Backflip","floor":12},{"not_picked":["Poisoned Stab","Blade Dance"],"picked":"Reflex","floor":12},{"not_picked":["Crippling Poison","Catalyst"],"picked":"Prepared","floor":13},{"not_picked":["Doppelganger","Distraction","Cloak And Dagger"],"picked":"SKIP","floor":13},{"not_picked":["Sucker Punch","Acrobatics"],"picked":"Footwork","floor":14},{"not_picked":["Finisher","Sucker Punch","Underhanded Strike"],"picked":"SKIP","floor":14},{"not_picked":["Blade Dance","Cloak And Dagger","Bouncing Flask"],"picked":"SKIP","floor":18},{"not_picked":["PiercingWail","Deflect","Backflip"],"picked":"SKIP","floor":18},{"not_picked":["Sucker Punch","Backstab"],"picked":"Deadly Poison","floor":19},{"not_picked":["Bouncing Flask","Venomology","PiercingWail"],"picked":"SKIP","floor":19},{"not_picked":["Bouncing Flask","Dagger Throw","Sucker Punch"],"picked":"SKIP","floor":20},{"not_picked":["Dodge and Roll","Dagger Spray","Slice+1"],"picked":"SKIP","floor":20},{"not_picked":["Deadly Poison","Dagger Spray","Prepared"],"picked":"SKIP","floor":24},{"not_picked":["Deflect+1","Dagger Spray","PiercingWail"],"picked":"SKIP","floor":24},{"not_picked":["Dodge and Roll","Dagger Spray"],"picked":"Backflip","floor":27},{"not_picked":["All Out Attack","Dagger Throw","Quick Slash"],"picked":"SKIP","floor":27},{"not_picked":["All Out Attack","Dagger Throw","Quick Slash"],"picked":"SKIP","floor":27}],"player_experience":1051907,"relics_obtained":[{"floor":5,"key":"Bag of Preparation"},{"floor":6,"key":"Prayer Wheel"},{"floor":8,"key":"Pantograph"},{"floor":9,"key":"Girya"},{"floor":26,"key":"Ginger"}],"event_choices":[{"damage_healed":0,"gold_gain":0,"player_choice":"Box","damage_taken":0,"relics_obtained":["Thread and Needle"],"max_hp_gain":0,"max_hp_loss":0,"event_name":"Big Fish","floor":2,"gold_loss":0,"cards_obtained":["Regret"]},{"damage_healed":0,"gold_gain":0,"player_choice":"Leave","damage_taken":0,"max_hp_gain":0,"max_hp_loss":0,"event_name":"The Cleric","floor":4,"gold_loss":0},{"damage_healed":0,"gold_gain":0,"player_choice":"1 cards matched","damage_taken":0,"max_hp_gain":0,"max_hp_loss":0,"event_name":"Match and Keep!","floor":21,"gold_loss":0,"cards_obtained":["Adrenaline"]}],"is_beta":true,"boss_relics":[{"not_picked":["White Beast Statue","Snecko Eye"],"picked":"Ectoplasm"}],"items_purged_floors":[3,22],"is_endless":false,"potions_floor_spawned":[11,12,13,14,16,18,19,24,27],"killed_by":"Slavers","ascension_level":18}