{"gold_per_floor":[119,89,89,89,113,147,147,187,187,187,211,90,90,114,114,203,203,227,248,173,12,12,12,32,32,32,56,56,56],"floor_reached":29,"playtime":790,"items_purged":["Strike_B"],"score":416,"play_id":"d2213f8b-8721-4c2d-a0f9-0c2851dd42f9","local_time":"20181011192721","is_ascension_mode":true,"campfire_choices":[{"data":"Zap","floor":7.0,"key":"SMITH"},{"data":"Redo","floor":10.0,"key":"SMITH"},{"data":"Darkness","floor":15.0,"key":"SMITH"},{"floor":23.0,"key":"REST"},{"data":"Buffer","floor":25.0,"key":"SMITH"}],"neow_cost":"NONE","seed_source_timestamp":70360733259583,"circlet_count":0,"master_deck":["Strike_B","Defend_B","Defend_B","Defend_B","Defend_B","Zap+1","Dualcast","AscendersBane","Redo+1","Rebound","Buffer+1","Ball Lightning","Darkness+1","Defragment","FTL","Self Repair"],"special_seed":0,"relics":["Cracked Core","Oddly Smooth Stone","Golden Idol","Mummified Hand","Bottled Tornado","Art of War","Busted Crown","Cables"],"potions_floor_usage":[],"damage_taken":[{"damage":6.0,"enemies":"Jaw Worm","floor":1.0,"turns":3.0},{"damage":0.0,"enemies":"Cultist","floor":5.0,"turns":4.0},{"damage":8.0,"enemies":"Lagavulin","floor":6.0,"turns":7.0},{"damage":24.0,"enemies":"3 Sentries","floor":8.0,"turns":7.0},{"damage":0.0,"enemies":"Small Slimes","floor":11.0,"turns":2.0},{"damage":0.0,"enemies":"3 Louse","floor":14.0,"turns":3.0},{"damage":10.0,"enemies":"The Guardian","floor":16.0,"turns":8.0},{"damage":28.0,"enemies":"2 Thieves","floor":18.0,"turns":4.0},{"damage":12.0,"enemies":"Chosen","floor":19.0,"turns":4.0},{"damage":19.0,"enemies":"Colosseum Slavers","floor":22.0,"turns":4.0},{"damage":0.0,"enemies":"Snake Plant","floor":24.0,"turns":3.0},{"damage":11.0,"enemies":"Sentry and Sphere","floor":27.0,"turns":4.0},{"damage":27,"enemies":"Snecko","floor":29,"turns":4}],"seed_played":"-5883489955838180803","potions_obtained":[{"floor":2.0,"key":"EntropicBrew"},{"floor":2.0,"key":"PowerPotion"},{"floor":14.0,"key":"Regen Potion"},{"floor":16.0,"key":"SpeedPotion"},{"floor":18.0,"key":"FairyPotion"},{"floor":24.0,"key":"Explosive Potion"}],"is_trial":false,"path_per_floor":["M","?","?","?","M","E","R","E","T","R","M","$","$","M","R","B",null,"M","M","?","$","?","R","M","R","T","M","?"],"character_chosen":"DEFECT","items_purchased":["Darkness","Defragment","FTL"],"campfire_rested":1,"item_purchase_floors":[12,21,21],"current_hp_per_floor":[58,58,58,51,51,43,43,19,19,19,19,19,19,19,19,24,54,26,14,14,14,6,25,25,25,25,21,21,0],"gold":56,"neow_bonus":"RANDOM_COMMON_RELIC","is_prod":false,"is_daily":false,"chose_seed":false,"campfire_upgraded":4,"win_rate":0,"timestamp":1539257241,"path_taken":["M","?","?","?","M","E","R","E","T","R","M","?","$","?","R","BOSS","M","M","?","$","?","R","M","R","T","M","?","M"],"build_version":"2018-10-04v2","purchased_purges":1,"victory":false,"max_hp_per_floor":[71,71,64,64,64,64,64,64,64,64,64,64,64,64,64,64,64,64,64,64,64,64,64,64,64,64,64,64,64],"card_choices":[{"not_picked":["Steam Power","Storm"],"picked":"Redo","floor":1.0},{"not_picked":["Beam Cell","Lockon"],"picked":"Rebound","floor":5.0},{"not_picked":["Cold Snap","Static Discharge"],"picked":"Buffer","floor":6.0},{"not_picked":["Steam Power","Barrage","Hyperbeam"],"picked":"SKIP","floor":8.0},{"not_picked":["Compile Driver","Steam"],"picked":"Ball Lightning","floor":11.0},{"not_picked":["Skim","Coolheaded","Redo"],"picked":"SKIP","floor":14.0},{"not_picked":["Streamline"],"picked":"SKIP","floor":18.0},{"not_picked":["Heatsinks"],"picked":"SKIP","floor":19.0},{"not_picked":[],"picked":"Self Repair","floor":24.0},{"not_picked":["Blizzard"],"picked":"SKIP","floor":27.0}],"player_experience":282951,"relics_obtained":[{"floor":6.0,"key":"Mummified Hand"},{"floor":8.0,"key":"Bottled Tornado"},{"floor":9.0,"key":"Art of War"},{"floor":26.0,"key":"Cables"}],"event_choices":[{"event_name":"The Woman in Blue","player_choice":"Bought 2 Potions","floor":2.0,"damage_taken":0.0},{"event_name":"Golden Idol","player_choice":"Lose Max HP","floor":3.0,"damage_taken":0.0},{"event_name":"Golden Wing","player_choice":"Card Removal","floor":4.0,"damage_taken":0.0},{"event_name":"Beggar","player_choice":"Gave Gold","floor":20.0,"damage_taken":0.0},{"event_name":"Colosseum","player_choice":"Fight","floor":22.0,"damage_taken":0.0},{"event_name":"Colosseum","player_choice":"Fled From Nobs","floor":22.0,"damage_taken":0.0},{"event_name":"Cursed Tome","player_choice":"Ignored","floor":28.0,"damage_taken":0.0}],"is_beta":false,"boss_relics":[{"not_picked":["Ectoplasm","Tiny House"],"picked":"Busted Crown"}],"items_purged_floors":[12],"is_endless":false,"potions_floor_spawned":[11,14,16,18,22,24],"killed_by":"Snecko","ascension_level":16}