{"gold_per_floor":[219,107,127,137,155,155,155,166,193,193,227,227,227,277,277,352,352,367,385,123,172,201,213],"floor_reached":23,"playtime":446,"items_purged":["Strike_R","Strike_R"],"score":382,"play_id":"eb3f5873-11a5-48e5-8b14-931899ed2153","local_time":"20190804165535","is_ascension_mode":true,"campfire_choices":[{"data":"Armaments","floor":6.0,"key":"SMITH"},{"data":"Carnage","floor":10.0,"key":"SMITH"},{"data":"Body Slam","floor":12.0,"key":"SMITH"},{"data":"Evolve","floor":15.0,"key":"SMITH"}],"neow_cost":"NONE","seed_source_timestamp":690525531148200,"circlet_count":0,"master_deck":["AscendersBane","Strike_R","Strike_R","Defend_R","Defend_R","Defend_R","Defend_R","Bash","Armaments+1","Evolve+1","Carnage+1","Body Slam+1","Feed","Double Tap","Inflame+1","Limit Break","True Grit"],"special_seed":0,"relics":["Burning Blood","Anchor","Lantern","Sozu","MawBank"],"potions_floor_usage":[],"damage_taken":[{"damage":5.0,"enemies":"Small Slimes","floor":1.0,"turns":5.0},{"damage":2.0,"enemies":"Cultist","floor":3.0,"turns":4.0},{"damage":4.0,"enemies":"2 Louse","floor":4.0,"turns":3.0},{"damage":1.0,"enemies":"Exordium Wildlife","floor":5.0,"turns":4.0},{"damage":7.0,"enemies":"Looter","floor":8.0,"turns":3.0},{"damage":32.0,"enemies":"Gremlin Nob","floor":11.0,"turns":4.0},{"damage":29.0,"enemies":"The Guardian","floor":16.0,"turns":12.0},{"damage":0.0,"enemies":"Spheric Guardian","floor":18.0,"turns":3.0},{"damage":16.0,"enemies":"2 Thieves","floor":19.0,"turns":4.0},{"damage":16.0,"enemies":"Cultist and Chosen","floor":22.0,"turns":5.0},{"damage":53,"enemies":"Gremlin Leader","floor":23,"turns":2}],"seed_played":"2594246953576911774","potions_obtained":[{"floor":5.0,"key":"AttackPotion"},{"floor":8.0,"key":"Strength Potion"}],"is_trial":false,"path_per_floor":["M","$","M","M","M","R","?","M","T","R","E","R","?","?","R","B",null,"M","M","$","T","M","E"],"character_chosen":"IRONCLAD","items_purchased":["Evolve","Limit Break"],"campfire_rested":0,"item_purchase_floors":[2,20],"current_hp_per_floor":[69,69,73,75,75,75,80,79,79,79,53,53,46,38,38,15,64,70,60,60,60,53,0],"gold":213,"neow_bonus":"HUNDRED_GOLD","is_prod":false,"is_daily":false,"chose_seed":false,"campfire_upgraded":4,"win_rate":0,"timestamp":1564908935,"path_taken":["M","$","M","M","M","R","?","M","T","R","E","R","?","?","R","BOSS","M","?","$","?","M","E"],"build_version":"2019-07-17","purchased_purges":2,"victory":false,"max_hp_per_floor":[75,75,75,75,75,75,80,80,80,80,80,80,80,80,80,80,80,80,80,80,80,83,83],"card_choices":[{"not_picked":["Sword Boomerang","Disarm"],"picked":"Armaments","floor":1.0},{"not_picked":["Thunderclap","Pommel Strike"],"picked":"Carnage","floor":3.0},{"not_picked":["Ghostly Armor","Anger","Corruption"],"picked":"SKIP","floor":4.0},{"not_picked":["Spot Weakness","Twin Strike"],"picked":"Body Slam","floor":5.0},{"not_picked":["Thunderclap","Pummel","Twin Strike"],"picked":"SKIP","floor":8.0},{"not_picked":["Feel No Pain","Pommel Strike"],"picked":"Feed","floor":11.0},{"not_picked":["Brutality","Reaper"],"picked":"Double Tap","floor":16.0},{"not_picked":["Bloodletting+1","Cleave","Perfected Strike"],"picked":"SKIP","floor":18.0},{"not_picked":["True Grit","Power Through+1"],"picked":"Inflame+1","floor":19.0},{"not_picked":["Warcry","Evolve"],"picked":"True Grit","floor":22.0}],"player_experience":727715,"relics_obtained":[{"floor":9.0,"key":"Anchor"},{"floor":11.0,"key":"Lantern"},{"floor":21.0,"key":"MawBank"}],"event_choices":[{"damage_healed":0.0,"max_hp_gain":5.0,"max_hp_loss":0.0,"gold_gain":0.0,"event_name":"Big Fish","player_choice":"Donut","floor":7.0,"gold_loss":0.0,"damage_taken":0.0},{"cards_removed":["Strike_R"],"damage_healed":0.0,"max_hp_gain":0.0,"max_hp_loss":0.0,"gold_gain":0.0,"event_name":"Golden Wing","player_choice":"Card Removal","floor":13.0,"gold_loss":0.0,"damage_taken":7.0},{"damage_healed":0.0,"max_hp_gain":0.0,"max_hp_loss":0.0,"gold_gain":50.0,"event_name":"FaceTrader","player_choice":"Touch","floor":14.0,"gold_loss":0.0,"damage_taken":8.0}],"is_beta":false,"boss_relics":[{"not_picked":["Snecko Eye","Orrery"],"picked":"Sozu"}],"items_purged_floors":[2,20],"is_endless":false,"potions_floor_spawned":[5,8,11,19],"killed_by":"Gremlin Leader","ascension_level":20}