{"gold_per_floor":[118,136,156,175,25,25,43,43,121,121,136,170,184,203,203,298,298,308,320,320,220,320,320,320,336,336,211,245,95,113,131,131,227,227,242,262,262,87,106,106,122,122,192,192,192,204,204,220,220,220],"floor_reached":51,"playtime":1299,"items_purged":["Normality","Strike_B","Defend_B","Defend_B","Defend_B"],"score":698,"play_id":"19aeafe5-1d10-4a6b-96a6-05d1b7ebf214","local_time":"20190612154100","is_ascension_mode":false,"campfire_choices":[{"data":"Redo","floor":6,"key":"SMITH"},{"data":"Dualcast","floor":8,"key":"SMITH"},{"data":"Biased Cognition","floor":10,"key":"SMITH"},{"data":"White Noise","floor":15,"key":"SMITH"},{"floor":24,"key":"REST"},{"floor":32,"key":"DIG"},{"floor":40,"key":"DIG"},{"floor":42,"key":"DIG"},{"floor":45,"key":"DIG"},{"floor":47,"key":"DIG"},{"floor":49,"key":"DIG"}],"neow_cost":"CURSE","seed_source_timestamp":18031281125176,"circlet_count":0,"master_deck":["Zap","Dualcast+1","Rainbow","White Noise+1","Redo+1","Biased Cognition+1","Self Repair","Core Surge","Biased Cognition","Darkness+1","Multi-Cast"],"relics":["Cracked Core","Bottled Lightning","Pocketwatch","Empty Cage","Unceasing Top","Dodecahedron","Shovel","Centennial Puzzle","Dream Catcher","Fusion Hammer","DataDisk","Cables","Toxic Egg 2","Potion Belt","Sundial","PreservedInsect"],"potions_floor_usage":[4,22,22,50,50,50,50,50],"damage_taken":[{"damage":0,"enemies":"Cultist","floor":1,"turns":3},{"damage":0,"enemies":"Jaw Worm","floor":2,"turns":3},{"damage":2,"enemies":"2 Louse","floor":3,"turns":2},{"damage":11,"enemies":"Large Slime","floor":4,"turns":5},{"damage":3,"enemies":"Looter","floor":7,"turns":3},{"damage":5,"enemies":"Gremlin Gang","floor":11,"turns":4},{"damage":2,"enemies":"3 Sentries","floor":12,"turns":4},{"damage":5,"enemies":"Blue Slaver","floor":13,"turns":2},{"damage":1,"enemies":"2 Fungi Beasts","floor":14,"turns":2},{"damage":1,"enemies":"The Guardian","floor":16,"turns":6},{"damage":0,"enemies":"Spheric Guardian","floor":18,"turns":4},{"damage":27,"enemies":"2 Thieves","floor":19,"turns":3},{"damage":18,"enemies":"Colosseum Slavers","floor":22,"turns":4},{"damage":15,"enemies":"Colosseum Nobs","floor":22,"turns":3},{"damage":4,"enemies":"Cultist and Chosen","floor":25,"turns":4},{"damage":43,"enemies":"Book of Stabbing","floor":28,"turns":4},{"damage":1,"enemies":"Centurion and Healer","floor":30,"turns":4},{"damage":11,"enemies":"Snake Plant","floor":31,"turns":2},{"damage":3,"enemies":"Collector","floor":33,"turns":5},{"damage":10,"enemies":"3 Shapes","floor":35,"turns":3},{"damage":2,"enemies":"3 Darklings","floor":36,"turns":3},{"damage":0,"enemies":"Sphere and 2 Shapes","floor":39,"turns":3},{"damage":17,"enemies":"4 Shapes","floor":41,"turns":3},{"damage":21,"enemies":"Jaw Worm Horde","floor":46,"turns":3},{"damage":30,"enemies":"Writhing Mass","floor":48,"turns":3},{"damage":6,"enemies":"Donu and Deca","floor":50,"turns":4}],"seed_played":"-2608489836642100200","potions_obtained":[{"floor":1,"key":"Dexterity Potion"},{"floor":2,"key":"EssenceOfSteel"},{"floor":3,"key":"Explosive Potion"},{"floor":14,"key":"Regen Potion"},{"floor":19,"key":"Swift Potion"},{"floor":28,"key":"FocusPotion"},{"floor":31,"key":"Explosive Potion"},{"floor":46,"key":"FearPotion"},{"floor":48,"key":"FocusPotion"}],"is_trial":false,"path_per_floor":["M","M","M","M","$","R","M","R","T","R","M","E","M","M","R","B",null,"M","M","?","$","?","?","R","M","T","$","E","$","M","M","R","B",null,"M","M","?","$","M","R","M","R","T","?","R","M","R","M","R","B",null],"character_chosen":"DEFECT","items_purchased":["Biased Cognition"],"campfire_rested":1,"item_purchase_floors":[5],"current_hp_per_floor":[75,75,73,62,62,62,59,59,59,59,61,66,61,60,60,66,75,75,55,55,55,48,34,58,61,61,61,25,25,31,20,20,24,80,77,80,80,80,80,80,70,70,70,70,70,56,56,26,26,27],"gold":220,"neow_bonus":"TRANSFORM_TWO_CARDS","is_prod":false,"is_daily":false,"chose_seed":false,"campfire_upgraded":4,"win_rate":0,"timestamp":1560325260,"path_taken":["M","M","M","M","$","R","?","R","T","R","M","E","M","M","R","BOSS","M","?","?","?","?","?","R","M","T","$","E","$","M","M","R","BOSS","M","M","?","$","M","R","M","R","T","?","R","M","R","M","R","BOSS"],"build_version":"2019-01-23","purchased_purges":5,"victory":true,"max_hp_per_floor":[75,75,75,75,75,75,75,75,75,75,75,75,75,75,75,75,75,75,75,75,75,75,80,80,80,80,80,80,80,80,80,80,80,80,80,80,80,80,80,80,80,80,80,76,76,76,76,76,76,76],"card_choices":[{"not_picked":["Conserve Battery","Reinforced Body"],"picked":"Redo","floor":1},{"not_picked":["Lockon","Tempest","Streamline"],"picked":"SKIP","floor":2},{"not_picked":["Hologram","Compile Driver","Cold Snap"],"picked":"SKIP","floor":3},{"not_picked":["Coolheaded","Steam","Aggregate"],"picked":"SKIP","floor":4},{"not_picked":["FTL","Go for the Eyes"],"picked":"Self Repair","floor":7},{"not_picked":["Barrage","Ball Lightning","Sweeping Beam"],"picked":"SKIP","floor":11},{"not_picked":["Sunder","Stack"],"picked":"Core Surge","floor":12},{"not_picked":["Rip and Tear","Cold Snap","Rebound"],"picked":"SKIP","floor":13},{"not_picked":["Turbo","Scrape","Go for the Eyes"],"picked":"SKIP","floor":14},{"not_picked":["Amplify","Hyperbeam"],"picked":"Biased Cognition","floor":16},{"not_picked":["Compile Driver","Ball Lightning"],"picked":"Darkness+1","floor":18},{"not_picked":["Streamline","Beam Cell","Stack"],"picked":"SKIP","floor":19},{"not_picked":["Conserve Battery","Tempest+1","Go for the Eyes+1"],"picked":"SKIP","floor":25},{"not_picked":["Tempest+1","Redo","Hologram"],"picked":"SKIP","floor":28},{"not_picked":["Lockon","Cold Snap+1","Leap"],"picked":"SKIP","floor":30},{"not_picked":["Cold Snap+1","Hologram","Stack"],"picked":"SKIP","floor":31},{"not_picked":["Hyperbeam","Rainbow"],"picked":"Multi-Cast","floor":33},{"not_picked":["Force Field+1","Conserve Battery","Stack"],"picked":"SKIP","floor":35},{"not_picked":["Hologram+1","Coolheaded","Go for the Eyes+1"],"picked":"SKIP","floor":36},{"not_picked":["Barrage+1","Cold Snap+1","Ball Lightning+1"],"picked":"SKIP","floor":39},{"not_picked":["Self Repair+1","Redo","Compile Driver"],"picked":"SKIP","floor":41},{"not_picked":["Scrape","Coolheaded+1","Streamline"],"picked":"SKIP","floor":46},{"not_picked":["Hologram+1","Redo+1","Leap+1"],"picked":"SKIP","floor":48}],"player_experience":5103636,"relics_obtained":[{"floor":9,"key":"Bottled Lightning"},{"floor":12,"key":"Pocketwatch"},{"floor":22,"key":"Unceasing Top"},{"floor":22,"key":"Dodecahedron"},{"floor":26,"key":"Shovel"},{"floor":28,"key":"Centennial Puzzle"},{"floor":32,"key":"Dream Catcher"},{"floor":40,"key":"DataDisk"},{"floor":42,"key":"Cables"},{"floor":43,"key":"Toxic Egg 2"},{"floor":45,"key":"Potion Belt"},{"floor":47,"key":"Sundial"},{"floor":49,"key":"PreservedInsect"}],"event_choices":[{"damage_healed":0,"gold_gain":0,"player_choice":"Ignored","damage_taken":0,"max_hp_gain":0,"max_hp_loss":0,"event_name":"Ghosts","floor":20,"gold_loss":0},{"damage_healed":0,"gold_gain":0,"player_choice":"Fight","damage_taken":0,"max_hp_gain":0,"max_hp_loss":0,"event_name":"Colosseum","floor":22,"gold_loss":0},{"damage_healed":0,"gold_gain":0,"player_choice":"Fought Nobs","damage_taken":0,"max_hp_gain":0,"max_hp_loss":0,"event_name":"Colosseum","floor":22,"gold_loss":0},{"damage_healed":0,"gold_gain":0,"player_choice":"Shed Blood","damage_taken":19,"max_hp_gain":5,"max_hp_loss":0,"event_name":"Forgotten Altar","floor":23,"gold_loss":0},{"damage_healed":0,"gold_gain":0,"player_choice":"Ignored","damage_taken":0,"max_hp_gain":0,"max_hp_loss":0,"event_name":"Tomb of Lord Red Mask","floor":37,"gold_loss":0},{"damage_healed":0,"gold_gain":0,"player_choice":"Max HP","damage_taken":0,"max_hp_gain":0,"max_hp_loss":4,"event_name":"Winding Halls","floor":44,"gold_loss":0}],"is_beta":false,"boss_relics":[{"not_picked":["Velvet Choker","Philosopher\u0027s Stone"],"picked":"Empty Cage"},{"not_picked":["FrozenCore","White Beast Statue"],"picked":"Fusion Hammer"}],"items_purged_floors":[5,21,27,29,38],"is_endless":false,"potions_floor_spawned":[1,2,3,14,16,19,22,28,31,33,35,39,46,48],"ascension_level":0}