{"gold_per_floor":[111,25,44,44,44,44,44,44,44,77,2,17,28,53,53,125,125,137,62,42,42,62,62,62,62,86,86],"floor_reached":27,"playtime":929,"items_purged":[],"score":538,"play_id":"43816523-20d9-4591-8a8e-ed17888f985d","local_time":"20190220135529","is_ascension_mode":true,"campfire_choices":[{"data":"Bouncing Flask","floor":6,"key":"SMITH"},{"data":"Deadly Poison","floor":8,"key":"SMITH"},{"data":"Noxious Fumes","floor":15,"key":"SMITH"},{"floor":23,"key":"REST"},{"data":"Grand Finale","floor":25,"key":"SMITH"}],"neow_cost":"NONE","seed_source_timestamp":8992140203896,"circlet_count":0,"master_deck":["AscendersBane","Defend_G","Defend_G","Defend_G+1","Defend_G","Defend_G","Strike_G","Strike_G","Strike_G","Survivor","Neutralize","Deadly Poison+1","Well Laid Plans+1","Bouncing Flask+1","Malaise+1","Well Laid Plans","Noxious Fumes+1","Grand Finale+1","Prepared+1","Calculated Gamble+1","Concentrate+1"],"relics":["Ring of the Snake","NeowsBlessing","Toxic Egg 2","Ancient Tea Set","Lantern","Sozu","Regal Pillow"],"potions_floor_usage":[],"damage_taken":[{"damage":0,"enemies":"Cultist","floor":1,"turns":1},{"damage":0,"enemies":"Small Slimes","floor":3,"turns":1},{"damage":0,"enemies":"Gremlin Nob","floor":10,"turns":1},{"damage":0,"enemies":"Jaw Worm","floor":12,"turns":4},{"damage":11,"enemies":"Exordium Wildlife","floor":13,"turns":5},{"damage":0,"enemies":"Lagavulin","floor":14,"turns":7},{"damage":40,"enemies":"Slime Boss","floor":16,"turns":9},{"damage":0,"enemies":"Spheric Guardian","floor":18,"turns":2},{"damage":16,"enemies":"2 Thieves","floor":20,"turns":4},{"damage":12,"enemies":"3 Cultists","floor":22,"turns":5},{"damage":47,"enemies":"Gremlin Leader","floor":27,"turns":5}],"seed_played":"8496007230627466161","potions_obtained":[{"floor":1,"key":"SkillPotion"},{"floor":10,"key":"Dexterity Potion"}],"is_trial":false,"path_per_floor":["M","$","M","?","?","R","$","R","T","E","?","M","M","E","R","B",null,"M","?","M","?","M","R","?","R","T","E"],"character_chosen":"THE_SILENT","items_purchased":["Well Laid Plans"],"campfire_rested":1,"item_purchase_floors":[2],"current_hp_per_floor":[59,59,59,39,61,61,61,61,61,61,61,61,50,50,50,10,52,52,52,36,36,24,43,43,43,43,0],"gold":86,"neow_bonus":"THREE_ENEMY_KILL","is_prod":false,"is_daily":false,"chose_seed":false,"campfire_upgraded":4,"win_rate":0,"timestamp":1550642129,"path_taken":["M","$","?","?","?","R","?","R","T","E","?","M","?","E","R","BOSS","M","?","M","?","M","R","?","R","T","E"],"build_version":"2019-01-23","purchased_purges":0,"victory":false,"max_hp_per_floor":[66,66,66,66,66,66,66,66,66,66,66,66,66,66,66,66,66,66,66,66,66,66,66,66,66,66,66],"card_choices":[{"not_picked":["Endless Agony","PiercingWail"],"picked":"Deadly Poison","floor":1},{"not_picked":["Dagger Throw","Poisoned Stab"],"picked":"Bouncing Flask","floor":3},{"not_picked":["Calculated Gamble+1","Endless Agony"],"picked":"Malaise+1","floor":10},{"not_picked":["Outmaneuver+1","Dagger Spray","Dodge and Roll+1"],"picked":"SKIP","floor":12},{"not_picked":["Backflip+1","Dodge and Roll+1"],"picked":"Well Laid Plans","floor":13},{"not_picked":["Bullet Time+1","Expertise+1"],"picked":"Noxious Fumes","floor":14},{"not_picked":["Storm of Steel+1","Night Terror+1"],"picked":"Grand Finale","floor":16},{"not_picked":["Cloak And Dagger+1","Accuracy"],"picked":"Prepared+1","floor":18},{"not_picked":["Dodge and Roll+1","Choke"],"picked":"Calculated Gamble+1","floor":20},{"not_picked":["Leg Sweep+1","Bane"],"picked":"Concentrate+1","floor":22}],"player_experience":2986434,"relics_obtained":[{"floor":9,"key":"Toxic Egg 2"},{"floor":10,"key":"Ancient Tea Set"},{"floor":14,"key":"Lantern"},{"floor":26,"key":"Regal Pillow"}],"event_choices":[{"damage_healed":0,"gold_gain":0,"player_choice":"Entered Light","damage_taken":20,"max_hp_gain":0,"max_hp_loss":0,"event_name":"Shining Light","floor":4,"gold_loss":0,"cards_upgraded":["Well Laid Plans","Defend_G"]},{"damage_healed":22,"gold_gain":0,"player_choice":"Banana","damage_taken":0,"max_hp_gain":0,"max_hp_loss":0,"event_name":"Big Fish","floor":5,"gold_loss":0},{"cards_removed":["Strike_G"],"damage_healed":0,"gold_gain":0,"player_choice":"Card Removal","damage_taken":0,"max_hp_gain":0,"max_hp_loss":0,"event_name":"The Cleric","floor":11,"gold_loss":75},{"cards_removed":["Strike_G"],"damage_healed":0,"gold_gain":0,"player_choice":"Gave Gold","damage_taken":0,"max_hp_gain":0,"max_hp_loss":0,"event_name":"Beggar","floor":19,"gold_loss":75},{"damage_healed":0,"gold_gain":0,"player_choice":"Ignored","damage_taken":0,"max_hp_gain":0,"max_hp_loss":0,"event_name":"Vampires","floor":21,"gold_loss":0},{"damage_healed":0,"gold_gain":0,"player_choice":"Ignored","damage_taken":0,"max_hp_gain":0,"max_hp_loss":0,"event_name":"The Mausoleum","floor":24,"gold_loss":0}],"is_beta":false,"boss_relics":[{"not_picked":["Runic Pyramid","White Beast Statue"],"picked":"Sozu"}],"items_purged_floors":[],"is_endless":false,"potions_floor_spawned":[1,10,12,14,18,20],"killed_by":"Gremlin Leader","ascension_level":20}