{"gold_per_floor":[110,110,110,110,125,125,155,171,195,195,195],"floor_reached":11,"playtime":124,"items_purged":[],"score":192,"play_id":"18ec3ff2-e9e5-4a69-b53a-2479bebd3189","local_time":"20190108144931","is_ascension_mode":true,"campfire_choices":[{"data":"Acrobatics","floor":6,"key":"SMITH"},{"data":"Burst","floor":10,"key":"SMITH"}],"neow_cost":"NONE","seed_source_timestamp":12088609928332,"circlet_count":0,"master_deck":["AscendersBane","Defend_G","Defend_G","Defend_G","Defend_G","Defend_G","Strike_G","Strike_G","Strike_G","Strike_G","Survivor","Neutralize","Endless Agony","Acrobatics+1","Burst+1","Catalyst","Acrobatics"],"special_seed":0,"relics":["Ring of the Snake","NeowsBlessing","Omamori","Smiling Mask"],"potions_floor_usage":[8],"damage_taken":[{"damage":0.0,"enemies":"2 Louse","floor":1.0,"turns":2.0},{"damage":0,"enemies":"Jaw Worm","floor":5,"turns":1},{"damage":0,"enemies":"3 Sentries","floor":7,"turns":1},{"damage":1,"enemies":"Cultist","floor":8,"turns":3},{"damage":0,"enemies":"Lagavulin","floor":11,"turns":1}],"seed_played":"-4358557253036633445","potions_obtained":[{"floor":1.0,"key":"AttackPotion"},{"floor":7,"key":"SpeedPotion"},{"floor":8,"key":"LiquidBronze"}],"is_trial":false,"path_per_floor":["M","?","?","?","M","R","E","M","T","R","E"],"character_chosen":"THE_SILENT","items_purchased":[],"campfire_rested":0,"item_purchase_floors":[],"current_hp_per_floor":[59,64,64,64,64,64,64,63,63,63,63],"gold":195,"neow_bonus":"THREE_ENEMY_KILL","is_prod":false,"is_daily":false,"chose_seed":false,"campfire_upgraded":2,"win_rate":0,"timestamp":1546930171,"path_taken":["M","?","?","?","?","R","E","M","T","R","E"],"build_version":"2019-01-03v4","purchased_purges":0,"victory":false,"max_hp_per_floor":[66,71,71,71,71,71,71,71,71,71,71],"card_choices":[{"not_picked":["Choke","Backflip"],"picked":"Endless Agony","floor":1.0},{"not_picked":["Dash","Poisoned Stab","Dagger Spray"],"picked":"SKIP","floor":5},{"not_picked":["Noxious Fumes","Escape Plan"],"picked":"Catalyst","floor":7},{"not_picked":["Masterful Stab","Backflip"],"picked":"Acrobatics","floor":8}],"player_experience":1849848,"relics_obtained":[{"floor":7,"key":"Omamori"},{"floor":9,"key":"Smiling Mask"}],"event_choices":[{"damage_healed":0.0,"max_hp_gain":5.0,"max_hp_loss":0.0,"gold_gain":0.0,"event_name":"Big Fish","player_choice":"Donut","floor":2.0,"gold_loss":0.0,"damage_taken":0.0},{"damage_healed":0.0,"max_hp_gain":0.0,"max_hp_loss":0.0,"gold_gain":0.0,"cards_transformed":["Strike_G"],"event_name":"Living Wall","player_choice":"Change","floor":3.0,"gold_loss":0.0,"damage_taken":0.0,"cards_obtained":["Acrobatics"]},{"damage_healed":0,"gold_gain":0,"player_choice":"1 cards matched","damage_taken":0,"max_hp_gain":0,"max_hp_loss":0,"event_name":"Match and Keep!","floor":4,"gold_loss":0,"cards_obtained":["Burst"]}],"is_beta":false,"boss_relics":[],"items_purged_floors":[],"is_endless":false,"potions_floor_spawned":[1,7,8],"killed_by":"Lagavulin","ascension_level":20}