{"gold_per_floor":[114,129,145,75,86,86,96,271,295,307,307,158,174,191,191,292,292,302,227,237,65,65,100,100,100,100,100,110,110,19,29,29,130,130,142,68,368,368,388,388,388,388,388,388,399,413,413,413,413,413],"floor_reached":51,"playtime":1924,"items_purged":["Strike_G","Strike_G"],"score":687,"play_id":"6b703ece-630a-4f90-a704-6390af5c6f98","local_time":"20181021174136","is_ascension_mode":false,"campfire_choices":[{"data":"Poisoned Stab","floor":6.0,"key":"SMITH"},{"data":"Deadly Poison","floor":15.0,"key":"SMITH"},{"floor":24.0,"key":"REST"},{"floor":27.0,"key":"REST"},{"data":"Noxious Fumes","floor":29.0,"key":"SMITH"},{"floor":32.0,"key":"REST"},{"data":"Catalyst","floor":40.0,"key":"SMITH"},{"data":"Adrenaline","floor":42.0,"key":"SMITH"},{"data":"Footwork","floor":47.0,"key":"SMITH"},{"data":"Footwork","floor":49.0,"key":"SMITH"}],"neow_cost":"NONE","seed_source_timestamp":32994187899580,"circlet_count":0,"master_deck":["Defend_G","Defend_G","Defend_G","Defend_G","Defend_G","Strike_G","Strike_G","Survivor","Neutralize","Leg Sweep","Poisoned Stab+1","Footwork+1","Night Terror","Deadly Poison+1","Adrenaline+1","Backflip","Noxious Fumes+1","Footwork+1","Pain","Purity","Crippling Poison+1","Venomology","Dodge and Roll","Catalyst+1","Escape Plan","Dash","Acrobatics+1","Parasite","Backflip+1"],"special_seed":0,"relics":["Ring of the Snake","PreservedInsect","White Beast Statue","WarpedTongs","Vajra","Ancient Tea Set","Bottled Lightning","Cursed Key","Old Coin"],"potions_floor_usage":[50,50],"damage_taken":[{"damage":0.0,"enemies":"Small Slimes","floor":1.0,"turns":6.0},{"damage":0.0,"enemies":"2 Louse","floor":2.0,"turns":4.0},{"damage":0.0,"enemies":"Cultist","floor":3.0,"turns":4.0},{"damage":3.0,"enemies":"3 Louse","floor":5.0,"turns":5.0},{"damage":2.0,"enemies":"Exordium Wildlife","floor":7.0,"turns":5.0},{"damage":7.0,"enemies":"2 Fungi Beasts","floor":10.0,"turns":6.0},{"damage":5.0,"enemies":"3 Louse","floor":13.0,"turns":5.0},{"damage":3.0,"enemies":"Lots of Slimes","floor":14.0,"turns":4.0},{"damage":35.0,"enemies":"The Guardian","floor":16.0,"turns":9.0},{"damage":0.0,"enemies":"Chosen","floor":18.0,"turns":6.0},{"damage":0.0,"enemies":"Shell Parasite","floor":20.0,"turns":6.0},{"damage":46.0,"enemies":"Gremlin Leader","floor":23.0,"turns":10.0},{"damage":11.0,"enemies":"Sentry and Sphere","floor":28.0,"turns":6.0},{"damage":10.0,"enemies":"Cultist and Chosen","floor":31.0,"turns":8.0},{"damage":38.0,"enemies":"Collector","floor":33.0,"turns":11.0},{"damage":4.0,"enemies":"Orb Walker","floor":35.0,"turns":5.0},{"damage":2.0,"enemies":"Mind Bloom Boss Battle","floor":37.0,"turns":7.0},{"damage":1.0,"enemies":"3 Shapes","floor":39.0,"turns":4.0},{"damage":8.0,"enemies":"Sphere and 2 Shapes","floor":45.0,"turns":7.0},{"damage":6.0,"enemies":"Writhing Mass","floor":46.0,"turns":6.0},{"damage":0.0,"enemies":"Nemesis","floor":48.0,"turns":1.0},{"damage":13,"enemies":"Donu and Deca","floor":50,"turns":12}],"seed_played":"8299997839277085814","potions_obtained":[{"floor":2.0,"key":"Energy Potion"},{"floor":3.0,"key":"EssenceOfSteel"},{"floor":5.0,"key":"SpeedPotion"},{"floor":16.0,"key":"SpeedPotion"},{"floor":18.0,"key":"Dexterity Potion"},{"floor":20.0,"key":"Ancient Potion"},{"floor":23.0,"key":"Explosive Potion"},{"floor":28.0,"key":"AttackPotion"},{"floor":33.0,"key":"Swift Potion"},{"floor":35.0,"key":"Regen Potion"},{"floor":39.0,"key":"Ancient Potion"},{"floor":45.0,"key":"SmokeBomb"}],"is_trial":false,"path_per_floor":["M","M","M","$","M","R","M","?","T","M","?","$","M","M","R","B",null,"M","?","M","$","?","E","R","T","T","R","M","R","$","M","R","B",null,"M","$","?","?","M","R","?","R","T","?","M","M","R","E","R","B"],"character_chosen":"THE_SILENT","items_purchased":["Footwork","Night Terror","Footwork","Purity","Catalyst"],"campfire_rested":3,"item_purchase_floors":[4,12,21,30,36],"current_hp_per_floor":[70,70,70,70,67,67,65,65,65,58,58,58,53,50,50,15,70,70,70,70,70,70,24,45,45,45,66,55,55,55,45,66,28,70,66,66,70,70,69,69,69,69,69,66,66,60,60,60,60,47],"gold":413,"neow_bonus":"THREE_CARDS","is_prod":false,"is_daily":false,"chose_seed":false,"campfire_upgraded":7,"win_rate":0,"timestamp":1540114896,"path_taken":["M","M","M","$","M","R","M","?","T","M","?","$","M","M","R","BOSS","M","?","M","$","?","E","R","?","T","R","?","R","$","M","R","BOSS","M","$","?","?","?","R","?","R","T","?","M","M","R","E","R","BOSS"],"build_version":"2018-10-18","purchased_purges":2,"victory":true,"max_hp_per_floor":[70,70,70,70,70,70,70,70,70,70,70,70,70,70,70,70,70,70,70,70,70,70,70,70,70,70,70,70,70,70,70,70,70,70,70,70,70,70,70,70,70,70,70,66,66,66,66,66,66,66],"card_choices":[{"not_picked":["Prepared","Outmaneuver"],"picked":"Leg Sweep","floor":1.0},{"not_picked":["Sucker Punch","Flechettes"],"picked":"Poisoned Stab","floor":2.0},{"not_picked":["Skewer","Prepared","Dodge and Roll"],"picked":"SKIP","floor":3.0},{"not_picked":["Flying Knee","Dagger Spray","Skewer"],"picked":"SKIP","floor":5.0},{"not_picked":["Sucker Punch","Outmaneuver","Riddle With Holes"],"picked":"SKIP","floor":7.0},{"not_picked":["Riddle With Holes","Dagger Throw"],"picked":"Poisoned Stab","floor":10.0},{"not_picked":["Blade Dance","Endless Agony"],"picked":"Deadly Poison","floor":13.0},{"not_picked":["Poisoned Stab","Expertise","Slice"],"picked":"SKIP","floor":14.0},{"not_picked":["Venomology","Tools of the Trade"],"picked":"Adrenaline","floor":16.0},{"not_picked":["Terror","Quick Slash"],"picked":"Backflip","floor":18.0},{"not_picked":["Riddle With Holes","Deflect"],"picked":"Noxious Fumes","floor":20.0},{"not_picked":["Acrobatics","Finisher","Blade Dance+1"],"picked":"SKIP","floor":23.0},{"not_picked":["Blade Dance+1","Masterful Stab+1","Sucker Punch"],"picked":"SKIP","floor":28.0},{"not_picked":["Deflect","Slice"],"picked":"Crippling Poison+1","floor":31.0},{"not_picked":["Envenom","Bullet Time"],"picked":"Venomology","floor":33.0},{"not_picked":["Choke","Skewer"],"picked":"Dodge and Roll","floor":35.0},{"not_picked":["All Out Attack","Dagger Throw"],"picked":"Escape Plan","floor":37.0},{"not_picked":["Underhanded Strike","Slice"],"picked":"Dash","floor":39.0},{"not_picked":["Bane","Quick Slash+1"],"picked":"Acrobatics+1","floor":45.0},{"not_picked":["Choke","Deadly Poison+1"],"picked":"Backflip+1","floor":46.0}],"player_experience":464098,"relics_obtained":[{"floor":9.0,"key":"PreservedInsect"},{"floor":23.0,"key":"Vajra"},{"floor":25.0,"key":"Ancient Tea Set"},{"floor":26.0,"key":"Bottled Lightning"},{"floor":37.0,"key":"Old Coin"}],"event_choices":[{"damage_healed":0.0,"max_hp_gain":0.0,"max_hp_loss":0.0,"gold_gain":175.0,"event_name":"Liars Game","player_choice":"AGREE","floor":8.0,"gold_loss":0.0,"damage_taken":0.0,"cards_obtained":["Doubt"]},{"cards_removed":["Doubt"],"damage_healed":0.0,"max_hp_gain":0.0,"max_hp_loss":0.0,"gold_gain":0.0,"event_name":"Purifier","player_choice":"Purged","floor":11.0,"gold_loss":0.0,"damage_taken":0.0},{"cards_removed":["Strike_G"],"damage_healed":0.0,"max_hp_gain":0.0,"max_hp_loss":0.0,"gold_gain":0.0,"event_name":"Beggar","player_choice":"Gave Gold","floor":19.0,"gold_loss":75.0,"damage_taken":0.0},{"damage_healed":0.0,"max_hp_gain":0.0,"max_hp_loss":0.0,"gold_gain":0.0,"event_name":"Accursed Blacksmith","player_choice":"Rummage","floor":22.0,"gold_loss":0.0,"damage_taken":0.0,"relics_obtained":["WarpedTongs"],"cards_obtained":["Pain"]},{"damage_healed":0.0,"max_hp_gain":0.0,"max_hp_loss":0.0,"gold_gain":0.0,"event_name":"MindBloom","player_choice":"Fight","floor":37.0,"gold_loss":0.0,"damage_taken":0.0},{"damage_healed":0.0,"max_hp_gain":0.0,"max_hp_loss":0.0,"gold_gain":0.0,"event_name":"SensoryStone","player_choice":"Memory 1","floor":38.0,"gold_loss":0.0,"damage_taken":0.0},{"cards_removed":["Poisoned Stab"],"damage_healed":0.0,"max_hp_gain":0.0,"max_hp_loss":0.0,"gold_gain":0.0,"event_name":"Falling","player_choice":"Removed Attack","floor":41.0,"gold_loss":0.0,"damage_taken":0.0},{"damage_healed":0.0,"max_hp_gain":0.0,"max_hp_loss":4.0,"gold_gain":0.0,"event_name":"Winding Halls","player_choice":"Max HP","floor":44.0,"gold_loss":0.0,"damage_taken":0.0}],"is_beta":false,"boss_relics":[{"not_picked":["HoveringKite","Calling Bell"],"picked":"White Beast Statue"},{"not_picked":["Ring of the Serpent","Black Star"],"picked":"Cursed Key"}],"items_purged_floors":[12,21],"is_endless":false,"potions_floor_spawned":[2,3,5,16,18,20,23,28,31,33,35,37,39,45,46,48],"ascension_level":0}