{"gold_per_floor":[115,40,40,40,40,40,53,53,79,79,94,19,39,62,62,136,136,149,149,35,35],"floor_reached":21,"playtime":823,"items_purged":["Strike_R"],"score":289,"play_id":"b9009bc8-2dfd-4e57-b60d-4d6bf6a568c0","local_time":"20181216135639","is_ascension_mode":true,"campfire_choices":[{"data":"Flex","floor":6.0,"key":"SMITH"},{"data":"Offering","floor":8.0,"key":"SMITH"},{"data":"Bash","floor":10.0,"key":"SMITH"},{"data":"True Grit","floor":15.0,"key":"SMITH"}],"neow_cost":"CURSE","seed_source_timestamp":8119274741987,"circlet_count":0,"master_deck":["AscendersBane","Strike_R+1","Strike_R","Defend_R+1","Defend_R","Defend_R","Bash+1","Offering+1","Flex+1","Rage","Dual Wield","Reaper","True Grit+1","Spot Weakness","Feed","Ghostly Armor+1","Evolve"],"special_seed":0,"relics":["Burning Blood","Odd Mushroom","Empty Cage","Unceasing Top"],"potions_floor_usage":[18,21],"damage_taken":[{"damage":18.0,"enemies":"Jaw Worm","floor":1.0,"turns":3.0},{"damage":9.0,"enemies":"2 Louse","floor":7.0,"turns":3.0},{"damage":0.0,"enemies":"Small Slimes","floor":11.0,"turns":3.0},{"damage":13.0,"enemies":"Blue Slaver","floor":13.0,"turns":3.0},{"damage":24.0,"enemies":"The Mushroom Lair","floor":14.0,"turns":5.0},{"damage":55,"enemies":"The Guardian","floor":16,"turns":14},{"damage":13,"enemies":"Shell Parasite","floor":18,"turns":3},{"damage":71,"enemies":"3 Byrds","floor":21,"turns":8}],"seed_played":"-3591525469656884471","potions_obtained":[{"floor":11.0,"key":"Energy Potion"},{"floor":13.0,"key":"Weak Potion"},{"floor":18,"key":"SpeedPotion"}],"is_trial":false,"path_per_floor":["M","?","?","?","$","R","M","R","T","R","M","$","M","?","R","B",null,"M","?","$","M"],"character_chosen":"IRONCLAD","items_purchased":["Reaper","Evolve"],"campfire_rested":0,"item_purchase_floors":[12,20],"current_hp_per_floor":[56,56,56,33,33,33,30,30,30,30,36,36,37,43,43,17,61,57,57,57,0],"gold":35,"neow_bonus":"THREE_RARE_CARDS","is_prod":false,"is_daily":false,"chose_seed":false,"campfire_upgraded":4,"win_rate":0,"timestamp":1544939799,"path_taken":["M","?","?","?","$","R","M","R","T","R","M","?","M","?","R","BOSS","M","?","?","M"],"build_version":"2018-12-13","purchased_purges":1,"victory":false,"max_hp_per_floor":[75,75,75,75,75,75,75,75,75,75,75,75,75,75,75,75,75,78,78,78,78],"card_choices":[{"not_picked":["Impervious","Juggernaut"],"picked":"Offering","floor":0.0},{"not_picked":["Pummel","Perfected Strike"],"picked":"Flex","floor":1.0},{"not_picked":["Reckless Charge","Shrug It Off"],"picked":"Rage","floor":7.0},{"not_picked":["Rupture","Perfected Strike"],"picked":"Dual Wield","floor":11.0},{"not_picked":["Intimidate","Entrench"],"picked":"True Grit","floor":13.0},{"not_picked":["Armaments","Perfected Strike"],"picked":"Spot Weakness","floor":14.0},{"not_picked":["Exhume","Dark Embrace"],"picked":"Feed","floor":16},{"not_picked":["Thunderclap","Clothesline+1"],"picked":"Ghostly Armor+1","floor":18}],"player_experience":1279886,"relics_obtained":[{"floor":14.0,"key":"Odd Mushroom"}],"event_choices":[{"cards_removed":["Normality"],"damage_healed":0.0,"max_hp_gain":0.0,"max_hp_loss":0.0,"gold_gain":0.0,"event_name":"The Cleric","player_choice":"Card Removal","floor":2.0,"gold_loss":75.0,"damage_taken":0.0},{"cards_removed":["Strike_R"],"damage_healed":0.0,"max_hp_gain":0.0,"max_hp_loss":0.0,"gold_gain":0.0,"event_name":"Living Wall","player_choice":"Forget","floor":3.0,"gold_loss":0.0,"damage_taken":0.0},{"damage_healed":0.0,"max_hp_gain":0.0,"max_hp_loss":0.0,"gold_gain":0.0,"event_name":"Shining Light","player_choice":"Entered Light","floor":4.0,"gold_loss":0.0,"damage_taken":23.0,"cards_upgraded":["Defend_R","Strike_R"]},{"damage_healed":0.0,"max_hp_gain":0.0,"max_hp_loss":0.0,"gold_gain":0.0,"event_name":"Mushrooms","player_choice":"Fought Mushrooms","floor":14.0,"gold_loss":0.0,"damage_taken":0.0},{"damage_healed":0,"gold_gain":0,"player_choice":"Gave Potion","damage_taken":0,"relics_obtained":["Unceasing Top"],"max_hp_gain":0,"max_hp_loss":0,"event_name":"WeMeetAgain","floor":19,"gold_loss":0}],"is_beta":false,"boss_relics":[{"not_picked":["Snecko Eye","Black Star"],"picked":"Empty Cage"}],"items_purged_floors":[20],"is_endless":false,"potions_floor_spawned":[11,13,18],"killed_by":"3 Byrds","ascension_level":15}