{"gold_per_floor":[15,33,50,63,138,138,151,166,166,35,45,64,64,64],"floor_reached":14,"playtime":514,"items_purged":[],"score":172,"play_id":"52a4fd4e-e107-4e61-ad3f-ea02b06cc69f","local_time":"20181125213117","is_ascension_mode":true,"campfire_choices":[{"data":"Well Laid Plans","floor":6,"key":"SMITH"}],"neow_cost":"NO_GOLD","seed_source_timestamp":11116217891627,"circlet_count":0,"master_deck":["AscendersBane","Defend_G","Defend_G","Defend_G","Defend_G","Defend_G","Strike_G","Strike_G","Strike_G","Survivor","Neutralize","Footwork","Deflect","Well Laid Plans+1","Acrobatics","Deadly Poison","Flechettes+1","Heel Hook"],"relics":["Ring of the Snake","Sundial"],"potions_floor_usage":[14],"damage_taken":[{"damage":4,"enemies":"Cultist","floor":1,"turns":6},{"damage":3,"enemies":"Jaw Worm","floor":2,"turns":13},{"damage":0,"enemies":"2 Louse","floor":3,"turns":4},{"damage":0,"enemies":"Blue Slaver","floor":4,"turns":8},{"damage":0,"enemies":"2 Fungi Beasts","floor":7,"turns":7},{"damage":0,"enemies":"Red Slaver","floor":8,"turns":7},{"damage":1,"enemies":"Blue Slaver","floor":11,"turns":4},{"damage":13,"enemies":"3 Louse","floor":12,"turns":5},{"damage":29,"enemies":"Gremlin Nob","floor":14,"turns":3}],"seed_played":"4090100904105709741","potions_obtained":[{"floor":1,"key":"Fire Potion"},{"floor":4,"key":"Poison Potion"}],"is_trial":false,"path_per_floor":["M","M","M","M","?","R","M","M","T","$","M","M","?","E"],"character_chosen":"THE_SILENT","items_purchased":["Deadly Poison","Flechettes"],"campfire_rested":0,"item_purchase_floors":[10,10],"current_hp_per_floor":[55,52,52,52,41,41,41,41,41,41,40,27,27,0],"gold":64,"neow_bonus":"TRANSFORM_TWO_CARDS","is_prod":false,"is_daily":false,"chose_seed":false,"campfire_upgraded":1,"win_rate":0,"timestamp":1543152677,"path_taken":["M","M","M","?","?","R","M","M","T","?","M","M","?","E"],"build_version":"2018-11-15","purchased_purges":0,"victory":false,"max_hp_per_floor":[66,66,66,66,66,66,66,66,66,66,66,66,66,66],"card_choices":[{"not_picked":["Cloak And Dagger","Deflect","Dagger Throw"],"picked":"SKIP","floor":1},{"not_picked":["Quick Slash","Infinite Blades","Riddle With Holes"],"picked":"SKIP","floor":2},{"not_picked":["Deflect","Outmaneuver"],"picked":"Well Laid Plans","floor":3},{"not_picked":["Dodge and Roll","Dagger Throw","Sucker Punch"],"picked":"SKIP","floor":4},{"not_picked":["Dagger Throw","Reflex"],"picked":"Acrobatics","floor":7},{"not_picked":["Dagger Spray","Caltrops","Catalyst"],"picked":"SKIP","floor":8},{"not_picked":["Dagger Throw","Caltrops","Cloak And Dagger"],"picked":"SKIP","floor":11},{"not_picked":["Escape Plan","Bane"],"picked":"Heel Hook","floor":12}],"player_experience":1159169,"relics_obtained":[{"floor":9,"key":"Sundial"}],"event_choices":[{"damage_healed":0,"gold_gain":75,"player_choice":"Gather Gold","damage_taken":11,"max_hp_gain":0,"max_hp_loss":0,"event_name":"World of Goop","floor":5,"gold_loss":0},{"damage_healed":0,"gold_gain":0,"player_choice":"Grow","damage_taken":0,"max_hp_gain":0,"max_hp_loss":0,"event_name":"Living Wall","floor":13,"gold_loss":0,"cards_upgraded":["Flechettes"]}],"is_beta":true,"boss_relics":[],"items_purged_floors":[],"is_endless":false,"potions_floor_spawned":[1,4,7,8],"killed_by":"Gremlin Nob","ascension_level":20}