{"gold_per_floor":[112,33,47,64,64,64,64,64,64,80,94,94,125,144,144,218,218,233,250,610,377,396,396,425,438,438,450,450,481,406,423,423,495,495,505,605,617,617,628,660,660,560,560,607,607,640,660,685,685,685,685,685,685,14,48,48],"floor_reached":57,"playtime":3343,"items_purged":["Strike_G","Defend_G","Strike_G+1"],"score":3274,"play_id":"f8126c5e-d9de-49b2-9c24-5b909c0cd49f","local_time":"20190102232531","is_ascension_mode":true,"campfire_choices":[{"data":"Well Laid Plans","floor":6.0,"key":"SMITH"},{"data":"Grand Finale","floor":8.0,"key":"SMITH"},{"data":"Neutralize","floor":12.0,"key":"SMITH"},{"data":"Expertise","floor":15.0,"key":"SMITH"},{"data":"Adrenaline","floor":23,"key":"SMITH"},{"data":"Catalyst","floor":28,"key":"SMITH"},{"data":"Deadly Poison","floor":32,"key":"SMITH"},{"data":"Wraith Form v2","floor":41,"key":"SMITH"},{"data":"Concentrate","floor":45,"key":"SMITH"},{"floor":49,"key":"RECALL"},{"data":"Burst","floor":53,"key":"SMITH"}],"neow_cost":"NONE","seed_source_timestamp":37186971831064,"circlet_count":0,"master_deck":["AscendersBane","Defend_G","Defend_G","Defend_G","Strike_G+1","Survivor","Neutralize+1","Well Laid Plans+1","Deadly Poison+1","Grand Finale+1","Expertise+1","Adrenaline+1","Backflip","Catalyst+1","Wraith Form v2+1","Calculated Gamble","Acrobatics+1","Concentrate+1","Calculated Gamble","Adrenaline","Burst+1","Malaise","Prepared+1"],"special_seed":0,"relics":["Ring of the Snake","NeowsBlessing","Gambling Chip","Whetstone","Runic Pyramid","Potion Belt","Question Card","Mercury Hourglass","Eternal Feather","Pocketwatch","Strawberry","Molten Egg 2","Shovel","Bird Faced Urn","Singing Bowl","Frozen Eye","Art of War","Centennial Puzzle"],"potions_floor_usage":[24,27,40,56,56],"damage_taken":[{"damage":0.0,"enemies":"Jaw Worm","floor":1.0,"turns":1.0},{"damage":0.0,"enemies":"Cultist","floor":3.0,"turns":1.0},{"damage":0.0,"enemies":"2 Louse","floor":4.0,"turns":1.0},{"damage":0.0,"enemies":"Exordium Wildlife","floor":10.0,"turns":2.0},{"damage":3.0,"enemies":"Large Slime","floor":11.0,"turns":2.0},{"damage":0.0,"enemies":"Gremlin Nob","floor":13.0,"turns":2.0},{"damage":1.0,"enemies":"Blue Slaver","floor":14.0,"turns":2.0},{"damage":0.0,"enemies":"The Guardian","floor":16.0,"turns":7.0},{"damage":0,"enemies":"Spheric Guardian","floor":18,"turns":2},{"damage":0,"enemies":"2 Thieves","floor":19,"turns":1},{"damage":0,"enemies":"Snecko","floor":22,"turns":2},{"damage":5,"enemies":"Book of Stabbing","floor":24,"turns":3},{"damage":0,"enemies":"Cultist and Chosen","floor":25,"turns":3},{"damage":2,"enemies":"Shelled Parasite and Fungi","floor":27,"turns":2},{"damage":0,"enemies":"Slavers","floor":29,"turns":1},{"damage":1,"enemies":"Centurion and Healer","floor":31,"turns":2},{"damage":4,"enemies":"Automaton","floor":33,"turns":8},{"damage":0,"enemies":"Orb Walker","floor":35,"turns":2},{"damage":0,"enemies":"Mind Bloom Boss Battle","floor":36,"turns":5},{"damage":2,"enemies":"3 Shapes","floor":37,"turns":3},{"damage":0,"enemies":"Jaw Worm Horde","floor":39,"turns":1},{"damage":0,"enemies":"Reptomancer","floor":40,"turns":2},{"damage":0,"enemies":"2 Orb Walkers","floor":44,"turns":4},{"damage":1,"enemies":"Nemesis","floor":46,"turns":3},{"damage":0,"enemies":"Maw","floor":47,"turns":4},{"damage":0,"enemies":"Reptomancer","floor":48,"turns":3},{"damage":0,"enemies":"Donu and Deca","floor":50,"turns":3},{"damage":21,"enemies":"Awakened One","floor":51,"turns":10},{"damage":14,"enemies":"Shield and Spear","floor":55,"turns":5},{"damage":39,"enemies":"The Heart","floor":56,"turns":6}],"seed_played":"4440838479885353136","potions_obtained":[{"floor":1.0,"key":"Block Potion"},{"floor":11.0,"key":"SteroidPotion"},{"floor":14.0,"key":"FearPotion"},{"floor":16.0,"key":"Ancient Potion"},{"floor":22,"key":"Strength Potion"},{"floor":25,"key":"EssenceOfSteel"},{"floor":31,"key":"FearPotion"},{"floor":33,"key":"Ancient Potion"},{"floor":39,"key":"Dexterity Potion"},{"floor":40,"key":"GhostInAJar"},{"floor":44,"key":"Energy Potion"}],"is_trial":false,"path_per_floor":["M","$","M","M","?","R","$","R","T","M","M","R","E","M","R","B",null,"M","M","?","$","M","R","E","M","T","M","R","E","?","M","R","B",null,"M","?","M","?","M","E","R","$","T","?","R","E","M","E","R","B","B",null,"R","$","E","B",null],"character_chosen":"THE_SILENT","items_purchased":["Well Laid Plans","Potion Belt","Frozen Eye","Malaise","Art of War"],"campfire_rested":0,"item_purchase_floors":[2,21,54,54,54],"current_hp_per_floor":[59,59,59,59,59,59,59,59,59,59,56,56,56,55,55,55,63,63,63,33,33,33,33,28,28,28,26,26,26,26,25,25,21,55,55,55,53,53,53,60,72,72,72,72,73,72,73,75,75,75,58,71,75,75,65,30],"gold":48,"neow_bonus":"THREE_ENEMY_KILL","is_prod":false,"is_daily":false,"chose_seed":false,"campfire_upgraded":10,"win_rate":0,"timestamp":1546442731,"path_taken":["M","$","M","M","?","R","$","R","T","M","M","R","E","M","R","BOSS","M","M","?","$","M","R","E","M","T","?","R","E","?","M","R","BOSS","M","?","M","?","M","E","R","$","T","?","R","E","M","E","R","BOSS","BOSS","R","$","E","BOSS"],"build_version":"2018-12-20","purchased_purges":3,"victory":true,"max_hp_per_floor":[66,66,66,66,66,66,66,66,66,66,66,66,66,66,66,66,66,66,66,66,66,66,66,66,66,66,66,66,66,66,66,66,66,66,66,66,66,66,66,73,73,73,73,73,73,73,73,75,75,75,75,75,75,75,75,75],"card_choices":[{"not_picked":["Flechettes","Quick Slash","Dagger Throw"],"picked":"SKIP","floor":1.0},{"not_picked":["Poisoned Stab","Slice","Deflect"],"picked":"SKIP","floor":3.0},{"not_picked":["Cloak And Dagger","Deflect"],"picked":"Deadly Poison","floor":4.0},{"not_picked":["Dodge and Roll","Deadly Poison","Poisoned Stab"],"picked":"SKIP","floor":10.0},{"not_picked":["Deadly Poison","Masterful Stab","Quick Slash"],"picked":"SKIP","floor":11.0},{"not_picked":["Deadly Poison","Masterful Stab","Quick Slash"],"picked":"SKIP","floor":11.0},{"not_picked":["PiercingWail","Sucker Punch","Backstab"],"picked":"SKIP","floor":13.0},{"not_picked":["Blade Dance","Footwork"],"picked":"Expertise","floor":14.0},{"not_picked":["Storm of Steel","Grand Finale"],"picked":"Adrenaline","floor":16.0},{"not_picked":["Dodge and Roll","Crippling Poison"],"picked":"Backflip","floor":18},{"not_picked":["Slice","Quick Slash","Dagger Spray+1"],"picked":"SKIP","floor":19},{"not_picked":["Leg Sweep","Well Laid Plans","Slice"],"picked":"SKIP","floor":22},{"not_picked":["Underhanded Strike","Deadly Poison"],"picked":"Catalyst","floor":24},{"not_picked":["Acrobatics","Endless Agony","Deflect"],"picked":"Wraith Form v2","floor":25},{"not_picked":["Noxious Fumes+1","Finisher","Quick Slash+1","Flying Knee"],"picked":"SKIP","floor":27},{"not_picked":["Deflect","Cloak And Dagger","Skewer"],"picked":"Calculated Gamble","floor":29},{"not_picked":["Bouncing Flask","Deadly Poison","Flechettes","Endless Agony"],"picked":"SKIP","floor":31},{"not_picked":["Leg Sweep","Deflect","Poisoned Stab+1"],"picked":"Acrobatics+1","floor":35},{"not_picked":["Well Laid Plans+1","Heel Hook","Terror+1"],"picked":"Concentrate","floor":36},{"not_picked":["Heel Hook+1","Underhanded Strike","Endless Agony","Quick Slash"],"picked":"SKIP","floor":37},{"not_picked":["Cloak And Dagger","Underhanded Strike+1","Distraction"],"picked":"Calculated Gamble","floor":39},{"not_picked":["After Image","Blade Dance","Outmaneuver"],"picked":"Adrenaline","floor":40},{"not_picked":["Blur+1","Well Laid Plans+1","Deflect+1"],"picked":"Burst","floor":46},{"not_picked":["Flechettes+1","Quick Slash+1","Sucker Punch+1","Cloak And Dagger"],"picked":"SKIP","floor":47},{"not_picked":["Doppelganger","Dodge and Roll+1","Bouncing Flask","Sucker Punch+1"],"picked":"Singing Bowl","floor":48},{"not_picked":["Masterful Stab+1","Slice+1","Flying Knee+1"],"picked":"Prepared+1","floor":55}],"player_experience":1679699,"relics_obtained":[{"floor":9.0,"key":"Gambling Chip"},{"floor":13.0,"key":"Whetstone"},{"floor":24,"key":"Question Card"},{"floor":29,"key":"Mercury Hourglass"},{"floor":36,"key":"Pocketwatch"},{"floor":40,"key":"Strawberry"},{"floor":43,"key":"Molten Egg 2"},{"floor":44,"key":"Shovel"},{"floor":46,"key":"Bird Faced Urn"},{"floor":48,"key":"Singing Bowl"},{"floor":55,"key":"Centennial Puzzle"}],"event_choices":[{"damage_healed":0.0,"max_hp_gain":0.0,"max_hp_loss":0.0,"gold_gain":0.0,"cards_transformed":["Strike_G"],"event_name":"Living Wall","player_choice":"Change","floor":5.0,"gold_loss":0.0,"damage_taken":0.0,"cards_obtained":["Grand Finale"]},{"damage_healed":0,"gold_gain":360,"player_choice":"GOLD GOLD GOLD GOLD ","damage_taken":30,"max_hp_gain":0,"max_hp_loss":0,"event_name":"Knowing Skull","floor":20,"potions_obtained":[],"gold_loss":0,"cards_obtained":[]},{"cards_removed":["Strike_G"],"damage_healed":0,"gold_gain":0,"player_choice":"Gave Gold","damage_taken":0,"max_hp_gain":0,"max_hp_loss":0,"event_name":"Beggar","floor":30,"gold_loss":75},{"damage_healed":0,"gold_gain":0,"player_choice":"Fight","damage_taken":0,"max_hp_gain":0,"max_hp_loss":0,"event_name":"MindBloom","floor":36,"gold_loss":0},{"cards_removed":["Defend_G"],"damage_healed":0,"gold_gain":0,"player_choice":"Removed Skill","damage_taken":0,"max_hp_gain":0,"max_hp_loss":0,"event_name":"Falling","floor":38,"gold_loss":0},{"damage_healed":0,"gold_gain":0,"player_choice":"Fight","damage_taken":0,"max_hp_gain":0,"max_hp_loss":0,"event_name":"Mysterious Sphere","floor":44,"gold_loss":0}],"is_beta":false,"boss_relics":[{"not_picked":["Busted Crown","Orrery"],"picked":"Runic Pyramid"},{"not_picked":["White Beast Statue","Fusion Hammer"],"picked":"Eternal Feather"}],"items_purged_floors":[21,42,54],"is_endless":false,"potions_floor_spawned":[1,11,14,16,19,22,25,31,33,39,40,44,46],"ascension_level":20}