{"path_per_floor":["M","$","?","M","?","M","R","M","T","M","M","R","?","M","R"],"character_chosen":"THE_SILENT","items_purchased":["Underhanded Strike","Footwork"],"gold_per_floor":[116,17,17,35,35,48,48,68,68,85,105,105,105,117,117],"floor_reached":16,"campfire_rested":0,"playtime":1238,"current_hp_per_floor":[70,70,70,68,68,68,68,55,55,52,52,52,52,52,52],"items_purged":[],"gold":117,"score":94,"play_id":"ebb70a68-c94c-46de-977a-6c883ae9cc34","is_prod":false,"is_daily":false,"is_ascension_mode":false,"campfire_upgraded":3,"path_taken":["M","$","?","?","?","M","R","M","T","?","M","R","?","M","R","BOSS"],"build_version":"2018-02-22-PROD2","purchased_purges":0,"victory":false,"master_deck":["Defend_G","Defend_G","Defend_G","Defend_G","Defend_G","Strike_G","Strike_G","Strike_G","Strike_G","Strike_G","Survivor+1","Neutralize","Blur","Underhanded Strike","Footwork","Prepared+1","Glass Knife+1","Bane","Choke","Prepared","Tactician+1","Choke","Masterful Stab"],"max_hp_per_floor":[70,70,70,70,70,70,70,70,70,70,70,70,70,70,70],"relics":["Ring of the Snake","Snake Skull"],"card_choices":[{"not_picked":["Escape Plan","Dagger Spray"],"picked":"Blur"},{"not_picked":["Bouncing Flask","Quick Slash"],"picked":"Prepared"},{"not_picked":["Slice","Dagger Throw"],"picked":"Choke"},{"not_picked":["PiercingWail","Poisoned Stab"],"picked":"Prepared"},{"not_picked":["Dagger Spray","Dagger Throw"],"picked":"Tactician"},{"not_picked":["Backflip","Prepared"],"picked":"Choke"},{"not_picked":["Deflect","PiercingWail"],"picked":"Masterful Stab"}],"player_experience":25462,"potions_floor_usage":[],"damage_taken":[{"damage":0,"enemies":"Small Slimes","floor":1,"turns":3},{"damage":2,"enemies":"Cultist","floor":4,"turns":6},{"damage":0,"enemies":"Jaw Worm","floor":6,"turns":3},{"damage":13,"enemies":"Gremlin Gang","floor":8,"turns":4},{"damage":3,"enemies":"2 Fungi Beasts","floor":10,"turns":3},{"damage":0,"enemies":"Exordium Thugs","floor":11,"turns":4},{"damage":0,"enemies":"3 Louse","floor":14,"turns":2},{"damage":56,"enemies":"Hexaghost","floor":16,"turns":16}],"event_choices":[{"event_name":"The Cleric","player_choice":"Leave","floor":3,"damage_taken":0},{"event_name":"Match and Keep!","player_choice":"2 cards matched","floor":5,"damage_taken":0},{"event_name":"The Woman in Blue","player_choice":"Bought 0 Potions","floor":13,"damage_taken":0}],"boss_relics":[],"potions_floor_spawned":[1,8,11],"seed_played":"-5238896152064516230","killed_by":"Hexaghost","ascension_level":0,"is_trial":false}