{"gold_per_floor":[115,115,115,115,129,165,165,165,216,229,252,252,276,76,76,76],"floor_reached":16,"playtime":258,"items_purged":["Strike_G"],"score":250,"play_id":"cf9844eb-bf58-478c-a414-45ede4f084b0","local_time":"20190122163036","is_ascension_mode":true,"campfire_choices":[{"data":"Neutralize","floor":7.0,"key":"SMITH"},{"data":"Prepared","floor":12,"key":"SMITH"},{"floor":15,"key":"RECALL"}],"neow_cost":"NONE","seed_source_timestamp":4366373806514,"circlet_count":0,"master_deck":["AscendersBane","Defend_G","Defend_G","Defend_G","Defend_G","Defend_G","Strike_G","Strike_G","Strike_G","Survivor","Neutralize+1","Escape Plan","Prepared+1","Adrenaline","Calculated Gamble","Terror","Well Laid Plans"],"special_seed":0,"relics":["Ring of the Snake","NeowsBlessing","Golden Idol","Happy Flower"],"potions_floor_usage":[],"damage_taken":[{"damage":0.0,"enemies":"2 Louse","floor":1.0,"turns":1.0},{"damage":0.0,"enemies":"Small Slimes","floor":5.0,"turns":2.0},{"damage":0.0,"enemies":"Lagavulin","floor":6.0,"turns":1.0},{"damage":0,"enemies":"Cultist","floor":10,"turns":5},{"damage":0,"enemies":"Blue Slaver","floor":11,"turns":9},{"damage":13,"enemies":"Exordium Thugs","floor":13,"turns":7},{"damage":0,"enemies":"Hexaghost","floor":16,"turns":1}],"seed_played":"-8246785779894029176","potions_obtained":[{"floor":5.0,"key":"SkillPotion"},{"floor":6.0,"key":"PowerPotion"}],"is_trial":false,"path_per_floor":["?","?","?","?","$"],"character_chosen":"THE_SILENT","items_purchased":["Terror","Well Laid Plans"],"campfire_rested":0,"item_purchase_floors":[14,14],"current_hp_per_floor":[59,59,59,59,59,59,59,59,59,59,59,59,46,46,46,46],"gold":76,"neow_bonus":"THREE_ENEMY_KILL","is_prod":false,"is_daily":false,"chose_seed":false,"campfire_upgraded":2,"win_rate":0,"timestamp":1548145836,"path_taken":["M","?","?","?","M","E","R","?","T","M","M","R","M","?","R","BOSS"],"build_version":"2019-01-20","purchased_purges":1,"victory":false,"max_hp_per_floor":[66,60,60,60,60,60,60,60,60,60,60,60,60,60,60,60],"card_choices":[{"not_picked":["PiercingWail","Underhanded Strike","Choke"],"picked":"SKIP","floor":1.0},{"not_picked":["Flying Knee","Underhanded Strike","Blade Dance"],"picked":"SKIP","floor":5.0},{"not_picked":["Poisoned Stab","Dodge and Roll"],"picked":"Escape Plan","floor":6.0},{"not_picked":["Accuracy","Bane"],"picked":"Prepared","floor":10},{"not_picked":["Outmaneuver","Dagger Throw"],"picked":"Adrenaline","floor":11},{"not_picked":["Prepared","All Out Attack"],"picked":"Calculated Gamble","floor":13}],"player_experience":1312420,"relics_obtained":[{"floor":9,"key":"Happy Flower"}],"event_choices":[{"damage_healed":0.0,"max_hp_gain":0.0,"max_hp_loss":6.0,"gold_gain":0.0,"event_name":"Golden Idol","player_choice":"Lose Max HP","floor":2.0,"gold_loss":0.0,"damage_taken":0.0,"relics_obtained":["Golden Idol"]},{"cards_removed":["Strike_G"],"damage_healed":0.0,"max_hp_gain":0.0,"max_hp_loss":0.0,"gold_gain":0.0,"event_name":"Living Wall","player_choice":"Forget","floor":3.0,"gold_loss":0.0,"damage_taken":0.0},{"damage_healed":0.0,"max_hp_gain":0.0,"max_hp_loss":0.0,"gold_gain":0.0,"event_name":"Liars Game","player_choice":"Ignored","floor":4.0,"gold_loss":0.0,"damage_taken":0.0},{"damage_healed":0,"gold_gain":0,"player_choice":"Searched \u00271\u0027 times","damage_taken":0,"max_hp_gain":0,"max_hp_loss":0,"event_name":"Dead Adventurer","floor":8,"gold_loss":0}],"is_beta":true,"boss_relics":[],"items_purged_floors":[14],"is_endless":false,"potions_floor_spawned":[5,6,11],"killed_by":"Hexaghost","ascension_level":20}