{"gold_per_floor":[113,113,113,124,11,41,41,61,85,111,124,136,147,160,160,236,236,253,303,303,303,320,320,354,366,412,29,29,48,48,66,66,137,137,147,164,181,191,191,191,202,202,275,291,187,187,215,233,233,233,233,233,233,10,41,41],"floor_reached":57,"playtime":3647,"items_purged":["Strike_B+1","Strike_B+1","Dualcast"],"score":2936,"play_id":"03bc4816-1591-4a9b-857d-657d17ce9a84","local_time":"20190226173438","is_ascension_mode":true,"campfire_choices":[{"data":"Defragment","floor":15.0,"key":"SMITH"},{"data":"Coolheaded","floor":23.0,"key":"SMITH"},{"floor":28.0,"key":"REST"},{"data":"Heatsinks","floor":32.0,"key":"SMITH"},{"data":"Defragment","floor":40.0,"key":"SMITH"},{"data":"Zap","floor":42.0,"key":"SMITH"},{"floor":49.0,"key":"RECALL"},{"data":"Thunder Strike","floor":53.0,"key":"SMITH"}],"neow_cost":"NONE","seed_source_timestamp":0,"circlet_count":0,"master_deck":["AscendersBane","Defend_B+1","Defend_B+1","Defend_B+1","Defend_B+1","Zap+1","Capacitor","Go for the Eyes","Defragment+1","BootSequence","Stack","Thunder Strike+1","FTL","Coolheaded+1","Ball Lightning","Heatsinks+1","Recycle+1","Core Surge","Skim+1","Electrodynamics","Turbo+1","Glacier+1","Steam+1","Coolheaded+1","Hologram+1","Double Energy+1","Buffer","Reinforced Body+1","Fission+1","White Noise+1","Consume+1","Defragment+1","Turbo+1","Hologram+1","Steam Power+1","Undo+1","Coolheaded+1"],"special_seed":0,"relics":["Cracked Core","NeowsBlessing","Art of War","Symbiotic Virus","Omamori","Toxic Egg 2","Cursed Key","Centennial Puzzle","Smiling Mask","Pantograph","Inserter","The Courier","Lantern"],"potions_floor_usage":[56,56],"damage_taken":[{"damage":0.0,"enemies":"2 Louse","floor":1.0,"turns":1.0},{"damage":0.0,"enemies":"Jaw Worm","floor":4.0,"turns":1.0},{"damage":0.0,"enemies":"Lagavulin","floor":6.0,"turns":2.0},{"damage":1.0,"enemies":"Cultist","floor":8.0,"turns":3.0},{"damage":39.0,"enemies":"3 Sentries","floor":10.0,"turns":9.0},{"damage":8.0,"enemies":"3 Louse","floor":11.0,"turns":4.0},{"damage":0.0,"enemies":"Gremlin Gang","floor":12.0,"turns":3.0},{"damage":0.0,"enemies":"2 Fungi Beasts","floor":13.0,"turns":3.0},{"damage":3.0,"enemies":"Exordium Wildlife","floor":14.0,"turns":4.0},{"damage":26.0,"enemies":"The Guardian","floor":16.0,"turns":11.0},{"damage":11.0,"enemies":"2 Thieves","floor":18.0,"turns":3.0},{"damage":14.0,"enemies":"Colosseum Slavers","floor":21.0,"turns":4.0},{"damage":1.0,"enemies":"Spheric Guardian","floor":22.0,"turns":3.0},{"damage":27.0,"enemies":"Book of Stabbing","floor":24.0,"turns":6.0},{"damage":0.0,"enemies":"Snecko","floor":25.0,"turns":4.0},{"damage":11.0,"enemies":"Snake Plant","floor":29.0,"turns":3.0},{"damage":1.0,"enemies":"Centurion and Healer","floor":31.0,"turns":4.0},{"damage":0.0,"enemies":"Champ","floor":33.0,"turns":14.0},{"damage":0.0,"enemies":"3 Shapes","floor":35.0,"turns":4.0},{"damage":0.0,"enemies":"3 Darklings","floor":36.0,"turns":3.0},{"damage":0.0,"enemies":"4 Shapes","floor":37.0,"turns":6.0},{"damage":0.0,"enemies":"Writhing Mass","floor":38.0,"turns":9.0},{"damage":0.0,"enemies":"3 Darklings","floor":41.0,"turns":6.0},{"damage":9.0,"enemies":"Transient","floor":44.0,"turns":6.0},{"damage":3.0,"enemies":"Nemesis","floor":47.0,"turns":5.0},{"damage":10.0,"enemies":"4 Shapes","floor":48.0,"turns":2.0},{"damage":22.0,"enemies":"Time Eater","floor":50.0,"turns":8.0},{"damage":4.0,"enemies":"Awakened One","floor":51.0,"turns":14.0},{"damage":0.0,"enemies":"Shield and Spear","floor":55.0,"turns":6.0},{"damage":0,"enemies":"The Heart","floor":56,"turns":14}],"seed_played":"-7761224022965821989","potions_obtained":[{"floor":1.0,"key":"FocusPotion"},{"floor":6.0,"key":"Ancient Potion"},{"floor":11.0,"key":"Explosive Potion"},{"floor":14.0,"key":"Regen Potion"},{"floor":24.0,"key":"SkillPotion"},{"floor":25.0,"key":"Fire Potion"},{"floor":37.0,"key":"Regen Potion"}],"is_trial":false,"path_per_floor":["M","?","?","M","$","E","?","M","T","E","M","M","M","M","R","B",null,"M","?","?","?","M","R","E","M","T","$","R","M","?","M","R","B",null,"M","M","M","M","?","R","M","R","T","M","$","T","E","M","R","B","B",null,"R","$","E","B",null],"character_chosen":"DEFECT","items_purchased":["Defragment","BootSequence","Hologram+1","Pantograph","Hologram+1","Undo+1","LiquidBronze","Swift Potion"],"campfire_rested":1,"item_purchase_floors":[5,5,27,27,45,54,54,54],"current_hp_per_floor":[64,69,69,69,69,69,69,68,68,29,21,21,21,18,18,7,59,48,48,48,34,33,33,6,6,6,6,28,17,17,16,16,41,67,67,67,67,67,67,67,67,67,67,58,58,58,55,45,45,48,69,74,74,74,74,76],"gold":41,"neow_bonus":"THREE_ENEMY_KILL","is_prod":false,"is_daily":false,"chose_seed":false,"campfire_upgraded":6,"win_rate":0,"timestamp":1551173678,"path_taken":["M","?","?","?","$","E","?","M","T","E","M","M","?","M","R","BOSS","M","?","?","?","M","R","E","M","T","?","R","M","?","M","R","BOSS","M","M","?","?","?","R","M","R","T","?","?","?","E","M","R","BOSS","BOSS","R","$","E","BOSS"],"build_version":"2019-01-23","purchased_purges":3,"victory":true,"max_hp_per_floor":[71,76,76,76,76,76,76,76,76,76,76,76,76,76,76,76,76,76,76,76,76,76,76,76,76,76,76,76,76,76,76,76,76,76,76,76,76,76,76,76,76,76,76,76,76,76,76,76,76,76,76,76,76,76,76,76],"card_choices":[{"not_picked":["Cold Snap","Turbo"],"picked":"Capacitor","floor":1.0},{"not_picked":["Melter","Hello World"],"picked":"Go for the Eyes","floor":4.0},{"not_picked":["Go for the Eyes","Storm"],"picked":"Stack","floor":6.0},{"not_picked":["Stack","Leap"],"picked":"Coolheaded","floor":8.0},{"not_picked":["Fusion","Rebound"],"picked":"Ball Lightning","floor":10.0},{"not_picked":["Gash","Stack+1"],"picked":"Heatsinks","floor":11.0},{"not_picked":["Coolheaded+1","Heatsinks"],"picked":"Recycle+1","floor":12.0},{"not_picked":["Streamline","Hello World"],"picked":"Core Surge","floor":13.0},{"not_picked":["Cold Snap","Conserve Battery+1"],"picked":"Skim+1","floor":14.0},{"not_picked":["Hyperbeam","Machine Learning"],"picked":"Electrodynamics","floor":16.0},{"not_picked":["Heatsinks","Double Energy+1"],"picked":"Turbo+1","floor":18.0},{"not_picked":["Sweeping Beam","Ball Lightning"],"picked":"Glacier+1","floor":22.0},{"not_picked":["Streamline","Conserve Battery+1"],"picked":"Steam+1","floor":24.0},{"not_picked":["Chaos+1","Compile Driver"],"picked":"Coolheaded+1","floor":25.0},{"not_picked":["Leap+1","Recycle+1"],"picked":"Double Energy+1","floor":29.0},{"not_picked":["Scrape","Cold Snap"],"picked":"Reinforced Body+1","floor":31.0},{"not_picked":["Multi-Cast+1","Electrodynamics"],"picked":"Fission+1","floor":33.0},{"not_picked":["Go for the Eyes","Gash+1","Barrage"],"picked":"SKIP","floor":35.0},{"not_picked":["Sunder+1","Auto Shields+1","Leap+1"],"picked":"SKIP","floor":36.0},{"not_picked":["Go for the Eyes","Conserve Battery+1"],"picked":"White Noise+1","floor":37.0},{"not_picked":["White Noise+1","Beam Cell+1"],"picked":"Consume+1","floor":38.0},{"not_picked":["Static Discharge","Go for the Eyes","Sweeping Beam"],"picked":"SKIP","floor":41.0},{"not_picked":["Barrage","Beam Cell"],"picked":"Turbo+1","floor":44.0},{"not_picked":["Scrape+1","Recycle+1"],"picked":"Steam Power+1","floor":47.0},{"not_picked":["Leap+1","Thunder Strike","Gash+1"],"picked":"SKIP","floor":48.0},{"not_picked":["Consume+1","Static Discharge"],"picked":"Coolheaded+1","floor":55.0}],"player_experience":1004288,"relics_obtained":[{"floor":6.0,"key":"Symbiotic Virus"},{"floor":9.0,"key":"Omamori"},{"floor":10.0,"key":"Toxic Egg 2"},{"floor":24.0,"key":"Centennial Puzzle"},{"floor":26.0,"key":"Smiling Mask"},{"floor":47.0,"key":"The Courier"},{"floor":55.0,"key":"Lantern"}],"event_choices":[{"damage_healed":0.0,"max_hp_gain":5.0,"max_hp_loss":0.0,"gold_gain":0.0,"event_name":"Big Fish","player_choice":"Donut","floor":2.0,"gold_loss":0.0,"damage_taken":0.0},{"damage_healed":0.0,"max_hp_gain":0.0,"max_hp_loss":0.0,"gold_gain":0.0,"event_name":"WeMeetAgain","player_choice":"Gave Potion","floor":3.0,"gold_loss":0.0,"damage_taken":0.0,"relics_obtained":["Art of War"]},{"damage_healed":0.0,"max_hp_gain":0.0,"max_hp_loss":0.0,"gold_gain":0.0,"event_name":"Match and Keep!","player_choice":"2 cards matched","floor":7.0,"gold_loss":0.0,"damage_taken":0.0,"cards_obtained":["Thunder Strike","FTL"]},{"damage_healed":0.0,"max_hp_gain":0.0,"max_hp_loss":0.0,"gold_gain":50.0,"event_name":"Nest","player_choice":"Stole From Cult","floor":19.0,"gold_loss":0.0,"damage_taken":0.0},{"damage_healed":0.0,"max_hp_gain":0.0,"max_hp_loss":0.0,"gold_gain":0.0,"event_name":"Back to Basics","player_choice":"Simplicity","floor":20.0,"gold_loss":0.0,"damage_taken":0.0,"cards_upgraded":["Strike_B","Strike_B","Strike_B","Strike_B","Defend_B","Defend_B","Defend_B","Defend_B"]},{"damage_healed":0.0,"max_hp_gain":0.0,"max_hp_loss":0.0,"gold_gain":0.0,"event_name":"Colosseum","player_choice":"Fight","floor":21.0,"gold_loss":0.0,"damage_taken":0.0},{"damage_healed":0.0,"max_hp_gain":0.0,"max_hp_loss":0.0,"gold_gain":0.0,"event_name":"Colosseum","player_choice":"Fled From Nobs","floor":21.0,"gold_loss":0.0,"damage_taken":0.0},{"damage_healed":0.0,"max_hp_gain":0.0,"max_hp_loss":0.0,"gold_gain":0.0,"cards_transformed":["Strike_B"],"event_name":"Transmorgrifier","player_choice":"Transformed","floor":30.0,"gold_loss":0.0,"damage_taken":0.0,"cards_obtained":["Buffer"]},{"damage_healed":0.0,"max_hp_gain":0.0,"max_hp_loss":0.0,"gold_gain":0.0,"cards_transformed":["Strike_B"],"event_name":"Transmorgrifier","player_choice":"Transformed","floor":39.0,"gold_loss":0.0,"damage_taken":0.0,"cards_obtained":["Defragment"]}],"is_beta":false,"boss_relics":[{"not_picked":["Empty Cage","Fusion Hammer"],"picked":"Cursed Key"},{"not_picked":["Tiny House","Runic Dome"],"picked":"Inserter"}],"items_purged_floors":[27,45,54],"is_endless":false,"potions_floor_spawned":[1,6,11,14,21,24,25,29,37,44,47,55],"ascension_level":20}