{"gold_per_floor":[116,32,32,43,43,74,74,89,114,126,151,151,170,201,201,280,280,292,305,305,395,395],"floor_reached":22,"playtime":844,"items_purged":[],"score":458,"play_id":"92d07506-fe7e-4751-8136-77ddfe030de4","local_time":"20190219215839","is_ascension_mode":true,"campfire_choices":[{"data":"Well Laid Plans","floor":7,"key":"SMITH"},{"data":"Noxious Fumes","floor":12,"key":"SMITH"},{"data":"A Thousand Cuts","floor":15,"key":"SMITH"}],"neow_cost":"NONE","seed_source_timestamp":49016397893733,"circlet_count":0,"master_deck":["AscendersBane","Survivor","Neutralize","Well Laid Plans+1","Poisoned Stab","Noxious Fumes+1","Acrobatics","A Thousand Cuts+1","Deadly Poison","Infinite Blades","Grand Finale","Setup","Expertise","Night Terror","Burst","Blade Dance","Poisoned Stab","Predator","Endless Agony","Leg Sweep","Caltrops","Calculated Gamble"],"relics":["Ring of the Snake","NeowsBlessing","WarpedTongs","Ancient Tea Set","Centennial Puzzle","Blood Vial","Pandora\u0027s Box"],"potions_floor_usage":[11,14],"damage_taken":[{"damage":0,"enemies":"2 Louse","floor":1,"turns":1},{"damage":0,"enemies":"Cultist","floor":4,"turns":1},{"damage":0,"enemies":"Lagavulin","floor":6,"turns":1},{"damage":1,"enemies":"Jaw Worm","floor":8,"turns":3},{"damage":7,"enemies":"3 Louse","floor":10,"turns":6},{"damage":20,"enemies":"Gremlin Nob","floor":11,"turns":5},{"damage":5,"enemies":"Large Slime","floor":13,"turns":6},{"damage":19,"enemies":"3 Sentries","floor":14,"turns":6},{"damage":16,"enemies":"Hexaghost","floor":16,"turns":8},{"damage":2,"enemies":"3 Byrds","floor":18,"turns":3},{"damage":16,"enemies":"Chosen","floor":19,"turns":4},{"damage":0,"enemies":"Shelled Parasite and Fungi","floor":22,"turns":1}],"seed_played":"2229100418630528285","potions_obtained":[{"floor":6,"key":"Weak Potion"},{"floor":8,"key":"FearPotion"},{"floor":10,"key":"GhostInAJar"},{"floor":14,"key":"FairyPotion"},{"floor":18,"key":"SteroidPotion"}],"is_trial":false,"path_per_floor":["M","$","?","M","$","E","R","M","T","M","E","R","M","E","R","B",null,"M","M","?","?","M"],"character_chosen":"THE_SILENT","items_purchased":["Well Laid Plans"],"campfire_rested":0,"item_purchase_floors":[2],"current_hp_per_floor":[59,59,59,59,59,59,59,58,58,51,31,31,26,7,7,6,51,51,37,37,25,27],"gold":395,"neow_bonus":"THREE_ENEMY_KILL","is_prod":false,"is_daily":false,"chose_seed":false,"campfire_upgraded":3,"win_rate":0,"timestamp":1550584719,"path_taken":["M","$","?","M","?","E","R","?","T","M","E","R","M","E","R","BOSS","M","M","?","?","?"],"build_version":"2019-01-23","purchased_purges":0,"victory":false,"max_hp_per_floor":[66,66,66,66,66,66,66,66,66,66,66,66,66,66,66,66,66,66,66,66,66,66],"card_choices":[{"not_picked":["Quick Slash","Choke","Underhanded Strike"],"picked":"SKIP","floor":1},{"not_picked":["Quick Slash","Underhanded Strike"],"picked":"Poisoned Stab","floor":4},{"not_picked":["Unload","Prepared","Crippling Poison"],"picked":"SKIP","floor":6},{"not_picked":["Calculated Gamble","Flying Knee"],"picked":"Noxious Fumes","floor":8},{"not_picked":["Blade Dance","Reflex"],"picked":"Acrobatics","floor":10},{"not_picked":["Riddle With Holes","Outmaneuver"],"picked":"A Thousand Cuts","floor":11},{"not_picked":["Quick Slash","Prepared"],"picked":"Deadly Poison","floor":13},{"not_picked":["Cloak And Dagger","Quick Slash"],"picked":"Infinite Blades","floor":14},{"not_picked":["Night Terror","Wraith Form v2"],"picked":"Grand Finale","floor":16},{"not_picked":["Quick Slash","Deadly Poison"],"picked":"Calculated Gamble","floor":18},{"not_picked":["Masterful Stab","All Out Attack","Accuracy+1"],"picked":"SKIP","floor":19}],"player_experience":2973858,"relics_obtained":[{"floor":6,"key":"Ancient Tea Set"},{"floor":11,"key":"Centennial Puzzle"},{"floor":14,"key":"Blood Vial"}],"event_choices":[{"damage_healed":0,"gold_gain":0,"player_choice":"Rummage","damage_taken":0,"relics_obtained":["WarpedTongs"],"max_hp_gain":0,"max_hp_loss":0,"event_name":"Accursed Blacksmith","floor":3,"gold_loss":0,"cards_obtained":["Pain"]},{"cards_removed":["Pain"],"damage_healed":0,"gold_gain":0,"player_choice":"Elegance","damage_taken":0,"max_hp_gain":0,"max_hp_loss":0,"event_name":"Back to Basics","floor":20,"gold_loss":0},{"damage_healed":0,"gold_gain":90,"player_choice":"GOLD ","damage_taken":12,"max_hp_gain":0,"max_hp_loss":0,"event_name":"Knowing Skull","floor":21,"potions_obtained":[],"gold_loss":0,"cards_obtained":[]}],"is_beta":false,"boss_relics":[{"not_picked":["HoveringKite","Coffee Dripper"],"picked":"Pandora\u0027s Box"}],"items_purged_floors":[],"is_endless":false,"potions_floor_spawned":[6,8,10,14,18],"killed_by":"Shelled Parasite and Fungi","ascension_level":20}