{"gold_per_floor":[118,67,67,84,84,112,112,37,37,49,74,74,51,68,68,68],"floor_reached":16,"playtime":166,"items_purged":["Strike_R"],"score":233,"play_id":"70134807-5aef-4cf9-8975-5a0d7f45df65","local_time":"20190209145217","is_ascension_mode":true,"campfire_choices":[{"data":"Body Slam","floor":7,"key":"SMITH"},{"data":"True Grit","floor":15,"key":"SMITH"}],"neow_cost":"NONE","seed_source_timestamp":1029578601390150,"circlet_count":0,"master_deck":["AscendersBane","Strike_R+1","Strike_R+1","Strike_R","Defend_R","Defend_R","Defend_R","Defend_R","Bash","Body Slam+1","True Grit+1","Shrug It Off"],"special_seed":0,"relics":["Burning Blood","NeowsBlessing","Turnip","Du-Vu Doll","Paper Frog"],"potions_floor_usage":[11],"damage_taken":[{"damage":0.0,"enemies":"2 Louse","floor":1.0,"turns":1.0},{"damage":0.0,"enemies":"Small Slimes","floor":4.0,"turns":1.0},{"damage":0,"enemies":"3 Sentries","floor":6,"turns":2},{"damage":9,"enemies":"Jaw Worm","floor":10,"turns":3},{"damage":26,"enemies":"Gremlin Nob","floor":11,"turns":4},{"damage":11,"enemies":"Blue Slaver","floor":14,"turns":3},{"damage":0,"enemies":"The Guardian","floor":16,"turns":1}],"seed_played":"-7316525696082538392","potions_obtained":[{"floor":1.0,"key":"SteroidPotion"},{"floor":6,"key":"SteroidPotion"},{"floor":11,"key":"Ancient Potion"}],"is_trial":false,"path_per_floor":["M","$","?","M","?","E","R","$","T","M","E","T","$","M","R","B"],"character_chosen":"IRONCLAD","items_purchased":["Body Slam","True Grit"],"campfire_rested":0,"item_purchase_floors":[2,13],"current_hp_per_floor":[74,74,51,57,57,63,63,63,63,60,40,40,40,35,35,35],"gold":68,"neow_bonus":"THREE_ENEMY_KILL","is_prod":false,"is_daily":false,"chose_seed":false,"campfire_upgraded":2,"win_rate":0,"timestamp":1549695137,"path_taken":["M","$","?","M","?","E","R","?","T","M","E","?","$","M","R","BOSS"],"build_version":"2019-01-23","purchased_purges":1,"victory":false,"max_hp_per_floor":[75,75,75,75,75,75,75,75,75,75,75,75,75,75,75,75],"card_choices":[{"not_picked":["Dropkick","Pommel Strike","Perfected Strike"],"picked":"SKIP","floor":1.0},{"not_picked":["Cleave","Warcry","Thunderclap"],"picked":"SKIP","floor":4.0},{"not_picked":["Body Slam","Flex","Combust"],"picked":"SKIP","floor":6},{"not_picked":["Warcry","Brutality","Perfected Strike"],"picked":"SKIP","floor":10},{"not_picked":["Heavy Blade","Armaments","Fire Breathing"],"picked":"SKIP","floor":11},{"not_picked":["Clothesline","Sentinel"],"picked":"Shrug It Off","floor":14}],"player_experience":713183,"relics_obtained":[{"floor":6,"key":"Turnip"},{"floor":11,"key":"Du-Vu Doll"},{"floor":12,"key":"Paper Frog"}],"event_choices":[{"damage_healed":0.0,"max_hp_gain":0.0,"max_hp_loss":0.0,"gold_gain":0.0,"event_name":"Shining Light","player_choice":"Entered Light","floor":3.0,"gold_loss":0.0,"damage_taken":23.0,"cards_upgraded":["Strike_R","Strike_R"]},{"cards_removed":["Strike_R"],"damage_healed":0,"gold_gain":0,"player_choice":"Forget","damage_taken":0,"max_hp_gain":0,"max_hp_loss":0,"event_name":"Living Wall","floor":5,"gold_loss":0}],"is_beta":false,"boss_relics":[],"items_purged_floors":[8],"is_endless":false,"potions_floor_spawned":[1,6,11],"killed_by":"The Guardian","ascension_level":15}