{"gold_per_floor":[12,12,25,25,43,43,58,87,112,37,37,50,50,50,50,50],"floor_reached":16,"playtime":370,"items_purged":["Strike_G"],"score":180,"play_id":"04ffc863-2d14-404e-afb4-830b9aec5b52","local_time":"20190127153605","is_ascension_mode":true,"campfire_choices":[{"data":"Terror","floor":6,"key":"SMITH"},{"data":"Accuracy","floor":11,"key":"SMITH"},{"data":"Cloak And Dagger","floor":13,"key":"SMITH"},{"data":"Neutralize","floor":15,"key":"SMITH"}],"neow_cost":"NO_GOLD","seed_source_timestamp":7502438211549,"circlet_count":0,"master_deck":["AscendersBane","Defend_G","Defend_G","Defend_G","Defend_G","Strike_G","Strike_G","Survivor","Neutralize+1","Dagger Throw","Accuracy+1","Terror+1","Tactician","Cloak And Dagger+1","Footwork"],"special_seed":0,"relics":["Ring of the Snake","Odd Mushroom","Potion Belt"],"potions_floor_usage":[],"damage_taken":[{"damage":2.0,"enemies":"Jaw Worm","floor":1.0,"turns":4.0},{"damage":8,"enemies":"Small Slimes","floor":3,"turns":4},{"damage":0,"enemies":"2 Louse","floor":5,"turns":3},{"damage":1,"enemies":"2 Fungi Beasts","floor":7,"turns":3},{"damage":5,"enemies":"The Mushroom Lair","floor":8,"turns":5},{"damage":1,"enemies":"Blue Slaver","floor":12,"turns":3},{"damage":0,"enemies":"Slime Boss","floor":16,"turns":1}],"seed_played":"-3483179420291670424","potions_obtained":[{"floor":5,"key":"Energy Potion"},{"floor":7,"key":"Block Potion"},{"floor":8,"key":"SkillPotion"}],"is_trial":false,"path_per_floor":["M","?","M","?","M","R","M","?","T","$","R","M","R","?","R","B"],"character_chosen":"THE_SILENT","items_purchased":[],"campfire_rested":0,"item_purchase_floors":[],"current_hp_per_floor":[57,57,49,49,49,49,48,43,43,43,43,42,42,35,35,35],"gold":50,"neow_bonus":"TRANSFORM_TWO_CARDS","is_prod":false,"is_daily":false,"chose_seed":false,"campfire_upgraded":4,"win_rate":0,"timestamp":1548574565,"path_taken":["M","?","M","?","M","R","M","?","T","$","R","M","R","?","R","BOSS"],"build_version":"2019-01-23","purchased_purges":1,"victory":false,"max_hp_per_floor":[66,66,66,66,66,66,66,66,66,66,66,66,66,66,66,66],"card_choices":[{"not_picked":["Outmaneuver","Dagger Throw"],"picked":"Terror","floor":1.0},{"not_picked":["Sucker Punch","Poisoned Stab"],"picked":"Tactician","floor":3},{"not_picked":["Leg Sweep","Dagger Throw"],"picked":"Cloak And Dagger","floor":5},{"not_picked":["Deadly Poison","Sucker Punch","Masterful Stab"],"picked":"SKIP","floor":7},{"not_picked":["Masterful Stab","Underhanded Strike"],"picked":"Footwork","floor":12}],"player_experience":2320537,"relics_obtained":[{"floor":8,"key":"Odd Mushroom"},{"floor":9,"key":"Potion Belt"}],"event_choices":[{"damage_healed":0.0,"max_hp_gain":0.0,"max_hp_loss":0.0,"gold_gain":0.0,"event_name":"The Cleric","player_choice":"Leave","floor":2.0,"gold_loss":0.0,"damage_taken":0.0},{"damage_healed":0,"gold_gain":0,"player_choice":"Ignored","damage_taken":0,"max_hp_gain":0,"max_hp_loss":0,"event_name":"Liars Game","floor":4,"gold_loss":0},{"damage_healed":0,"gold_gain":0,"player_choice":"Fought Mushrooms","damage_taken":0,"max_hp_gain":0,"max_hp_loss":0,"event_name":"Mushrooms","floor":8,"gold_loss":0},{"cards_removed":["Strike_G"],"damage_healed":0,"gold_gain":0,"player_choice":"Card Removal","damage_taken":7,"max_hp_gain":0,"max_hp_loss":0,"event_name":"Golden Wing","floor":14,"gold_loss":0}],"is_beta":false,"boss_relics":[],"items_purged_floors":[10],"is_endless":false,"potions_floor_spawned":[5,7,8],"killed_by":"Slime Boss","ascension_level":20}