{"path_per_floor":["M","?","?","M","M","E","R","M","T","E","R","M","E","?","R"],"character_chosen":"IRONCLAD","items_purchased":[],"gold_per_floor":[13,13,13,26,39,74,74,86,86,115,115,126,159,220,220],"floor_reached":16,"campfire_rested":0,"playtime":667,"current_hp_per_floor":[80,73,73,73,69,56,56,35,35,25,25,34,41,33,33],"items_purged":[],"gold":220,"score":120,"play_id":"7718833d-c5a2-4808-a998-48c52c41b59e","local_time":"20180319213207","is_prod":false,"is_daily":false,"is_ascension_mode":false,"campfire_upgraded":1,"timestamp":1521491527,"path_taken":["M","?","?","M","M","E","R","M","T","E","R","M","E","?","R","BOSS"],"build_version":"2018-03-15v3","purchased_purges":0,"victory":false,"master_deck":["Strike_R","Strike_R","Strike_R","Strike_R","Strike_R","Defend_R","Defend_R","Bash","Barricade+1","Spot Weakness","Cleave","Clash","Flex","Battle Trance","Double Tap","Rampage"],"max_hp_per_floor":[80,80,80,80,80,80,80,80,80,80,80,80,80,80,80],"relics":["Burning Blood","Bottled Tornado","Girya","Meat on the Bone","Frozen Eye","Ornamental Fan"],"card_choices":[{"not_picked":["Double Tap","Demon Form"],"picked":"Barricade"},{"not_picked":["True Grit","Warcry"],"picked":"Spot Weakness"},{"not_picked":["Shrug It Off","Inflame"],"picked":"Cleave"},{"not_picked":["Body Slam","Wild Strike"],"picked":"Clash"},{"not_picked":["Shrug It Off","Infernal Blade"],"picked":"Flex"},{"not_picked":["Body Slam","Inflame"],"picked":"Battle Trance"},{"not_picked":["Second Wind","Whirlwind"],"picked":"Double Tap"},{"not_picked":["Cleave","Battle Trance"],"picked":"Rampage"}],"player_experience":178072,"potions_floor_usage":[14,14,14],"damage_taken":[{"damage":2,"enemies":"Small Slimes","floor":1,"turns":6},{"damage":6,"enemies":"Cultist","floor":4,"turns":3},{"damage":10,"enemies":"2 Louse","floor":5,"turns":3},{"damage":19,"enemies":"3 Sentries","floor":6,"turns":5},{"damage":27,"enemies":"Looter","floor":8,"turns":4},{"damage":16,"enemies":"Lagavulin","floor":10,"turns":6},{"damage":9,"enemies":"Blue Slaver","floor":12,"turns":3},{"damage":11,"enemies":"3 Sentries","floor":13,"turns":4},{"damage":26,"enemies":"Lagavulin Event","floor":14,"turns":4},{"damage":37,"enemies":"The Guardian","floor":16,"turns":5}],"event_choices":[{"event_name":"Golden Wing","player_choice":"Card Removal","floor":2,"damage_taken":0},{"event_name":"Purifier","player_choice":"One Purge","floor":3,"damage_taken":0},{"event_name":"Dead Adventurer","player_choice":"Searched \u00272\u0027 times","floor":14,"damage_taken":0}],"boss_relics":[],"potions_floor_spawned":[5,6,12,13],"seed_played":"-2213704160966056241","killed_by":"The Guardian","ascension_level":0,"is_trial":false}