{"gold_per_floor":[118,193,193,193,209,209,247,275,275,275,313,9,22,22,22,22],"floor_reached":16,"playtime":306,"items_purged":["Strike_B"],"score":262,"play_id":"22d7469d-4a0f-49dc-9cdf-f54d8e556e13","local_time":"20190612110139","is_ascension_mode":true,"campfire_choices":[{"floor":6.0,"key":"RECALL"},{"floor":10.0,"key":"DIG"},{"data":"Discovery","floor":15,"key":"SMITH"}],"neow_cost":"NONE","seed_source_timestamp":54605618535237,"circlet_count":0,"master_deck":["AscendersBane","Strike_B","Strike_B","Strike_B","Defend_B","Defend_B","Defend_B","Defend_B","Zap","Dualcast+1","Ball Lightning","Cold Snap","Ball Lightning","Defragment","Discovery+1","Sunder","Coolheaded","Regret"],"special_seed":0,"relics":["Cracked Core","NeowsBlessing","Golden Idol","PreservedInsect","Odd Mushroom","Shovel","Pantograph","Gremlin Horn","Du-Vu Doll"],"potions_floor_usage":[16,16],"damage_taken":[{"damage":0.0,"enemies":"2 Louse","floor":1.0,"turns":1.0},{"damage":0.0,"enemies":"Jaw Worm","floor":5.0,"turns":1.0},{"damage":0.0,"enemies":"Lagavulin","floor":7.0,"turns":1.0},{"damage":20.0,"enemies":"The Mushroom Lair","floor":8.0,"turns":4.0},{"damage":18.0,"enemies":"3 Sentries","floor":11.0,"turns":6.0},{"damage":1.0,"enemies":"Cultist","floor":13.0,"turns":3.0},{"damage":41,"enemies":"Hexaghost","floor":16,"turns":9}],"seed_played":"802809216761923845","potions_obtained":[{"floor":1.0,"key":"PowerPotion"},{"floor":8.0,"key":"Poison Potion"},{"floor":11.0,"key":"AttackPotion"}],"is_trial":false,"path_per_floor":["M","?","?","?","M","R","E","?","T","R","E","$","M","?","R","B"],"character_chosen":"DEFECT","items_purchased":["Defragment","Discovery","Sunder"],"campfire_rested":0,"item_purchase_floors":[12,12,12],"current_hp_per_floor":[64,53,53,53,53,53,53,33,33,33,15,15,14,14,14,0],"gold":22,"neow_bonus":"THREE_ENEMY_KILL","is_prod":false,"is_daily":false,"chose_seed":false,"campfire_upgraded":1,"win_rate":0,"timestamp":1560304899,"path_taken":["M","?","?","?","?","R","E","?","T","R","E","$","M","?","R","BOSS"],"build_version":"2019-01-23","purchased_purges":1,"victory":false,"max_hp_per_floor":[71,71,64,64,64,64,64,64,64,64,64,64,64,64,64,64],"card_choices":[{"not_picked":["Rip and Tear","Gash","Beam Cell"],"picked":"SKIP","floor":1.0},{"not_picked":["Gash","Rebound"],"picked":"Ball Lightning","floor":5.0},{"not_picked":["Go for the Eyes","Meteor Strike"],"picked":"Cold Snap","floor":7.0},{"not_picked":["Force Field","Rebound"],"picked":"Ball Lightning","floor":8.0},{"not_picked":["Beam Cell","Rebound","Compile Driver"],"picked":"SKIP","floor":11.0},{"not_picked":["Conserve Battery","Genetic Algorithm"],"picked":"Coolheaded","floor":13.0}],"player_experience":588869,"relics_obtained":[{"floor":7.0,"key":"PreservedInsect"},{"floor":8.0,"key":"Odd Mushroom"},{"floor":9.0,"key":"Shovel"},{"floor":10.0,"key":"Pantograph"},{"floor":11.0,"key":"Gremlin Horn"}],"event_choices":[{"damage_healed":0.0,"max_hp_gain":0.0,"max_hp_loss":0.0,"gold_gain":75.0,"event_name":"World of Goop","player_choice":"Gather Gold","floor":2.0,"gold_loss":0.0,"damage_taken":11.0},{"damage_healed":0.0,"max_hp_gain":0.0,"max_hp_loss":7.0,"gold_gain":0.0,"event_name":"Golden Idol","player_choice":"Lose Max HP","floor":3.0,"gold_loss":0.0,"damage_taken":0.0,"relics_obtained":["Golden Idol"]},{"damage_healed":0.0,"max_hp_gain":0.0,"max_hp_loss":0.0,"gold_gain":0.0,"event_name":"Upgrade Shrine","player_choice":"Upgraded","floor":4.0,"gold_loss":0.0,"damage_taken":0.0,"cards_upgraded":["Dualcast"]},{"damage_healed":0.0,"max_hp_gain":0.0,"max_hp_loss":0.0,"gold_gain":0.0,"event_name":"Mushrooms","player_choice":"Fought Mushrooms","floor":8.0,"gold_loss":0.0,"damage_taken":0.0},{"damage_healed":0.0,"max_hp_gain":0.0,"max_hp_loss":0.0,"gold_gain":0.0,"event_name":"Big Fish","player_choice":"Box","floor":14.0,"gold_loss":0.0,"damage_taken":0.0,"relics_obtained":["Du-Vu Doll"],"cards_obtained":["Regret"]}],"is_beta":false,"boss_relics":[],"items_purged_floors":[12],"is_endless":false,"potions_floor_spawned":[1,8,11],"killed_by":"Hexaghost","ascension_level":20}