{"gold_per_floor":[127,139,163,187,211,223,18,49,49,49,49,49,67,67,67,146,146,161,176,74,74,74],"floor_reached":22,"playtime":548,"items_purged":["Strike_B"],"score":368,"play_id":"bc8a06db-ee05-418e-a1ed-fe2744035357","local_time":"20190224200920","is_ascension_mode":true,"campfire_choices":[{"data":"Sunder","floor":6.0,"key":"SMITH"},{"data":"Zap","floor":12.0,"key":"SMITH"},{"floor":15.0,"key":"REST"}],"neow_cost":"NONE","seed_source_timestamp":605466932303364,"circlet_count":0,"master_deck":["AscendersBane","Strike_B","Strike_B","Strike_B","Defend_B","Defend_B","Defend_B","Zap+1","Dualcast","White Noise","Meteor Strike","Sunder+1","Capacitor","Steam","Leap","Tempest","All For One","Double Energy","Conserve Battery","Enlightenment+1"],"special_seed":0,"relics":["Cracked Core","MawBank","Blue Candle","Sundial","Frozen Egg 2","Philosopher\u0027s Stone"],"potions_floor_usage":[],"damage_taken":[{"damage":2.0,"enemies":"Jaw Worm","floor":1.0,"turns":3.0},{"damage":6.0,"enemies":"Cultist","floor":3.0,"turns":4.0},{"damage":7.0,"enemies":"Small Slimes","floor":4.0,"turns":3.0},{"damage":28.0,"enemies":"Exordium Wildlife","floor":5.0,"turns":5.0},{"damage":10.0,"enemies":"3 Sentries","floor":8.0,"turns":6.0},{"damage":3.0,"enemies":"Red Slaver","floor":13.0,"turns":3.0},{"damage":22.0,"enemies":"Slime Boss","floor":16.0,"turns":8.0},{"damage":40.0,"enemies":"3 Byrds","floor":18.0,"turns":3.0},{"damage":17.0,"enemies":"Spheric Guardian","floor":19.0,"turns":4.0},{"damage":3,"enemies":"Snake Plant","floor":22,"turns":1}],"seed_played":"-7012529709808827832","potions_obtained":[{"floor":3.0,"key":"FearPotion"},{"floor":5.0,"key":"Explosive Potion"},{"floor":8.0,"key":"AttackPotion"},{"floor":16.0,"key":"Ancient Potion"}],"is_trial":false,"path_per_floor":["M","?","M","M","M","R","$","E","T","?","?","R","M","?","R","B",null,"M","M","$","?","M"],"character_chosen":"DEFECT","items_purchased":["Capacitor","Steam","Enlightenment"],"campfire_rested":1,"item_purchase_floors":[7,7,20],"current_hp_per_floor":[62,62,56,49,21,21,21,11,11,11,16,16,13,6,28,6,59,19,2,2,2,0],"gold":74,"neow_bonus":"RANDOM_COMMON_RELIC","is_prod":false,"is_daily":false,"chose_seed":false,"campfire_upgraded":2,"win_rate":0,"timestamp":1551010160,"path_taken":["M","?","?","M","M","R","$","E","T","?","?","R","M","?","R","BOSS","M","M","$","?","M"],"build_version":"2019-01-23","purchased_purges":1,"victory":false,"max_hp_per_floor":[71,71,71,71,71,71,71,71,71,71,76,76,76,76,76,76,76,76,76,76,76,76],"card_choices":[{"not_picked":["Barrage","Scrape"],"picked":"Conserve Battery","floor":1.0},{"not_picked":["Gash","Redo"],"picked":"White Noise","floor":3.0},{"not_picked":["Gash","Rip and Tear"],"picked":"Meteor Strike","floor":4.0},{"not_picked":["Skim","Glacier"],"picked":"Sunder","floor":5.0},{"not_picked":["Compile Driver","Streamline"],"picked":"Leap","floor":8.0},{"not_picked":["Cold Snap","Steam"],"picked":"Tempest","floor":13.0},{"not_picked":["Biased Cognition+1","Fission"],"picked":"All For One","floor":16.0},{"not_picked":["Undo","Reinforced Body"],"picked":"Double Energy","floor":18.0},{"not_picked":["Ball Lightning","Doom and Gloom"],"picked":"Conserve Battery","floor":19.0}],"player_experience":976476,"relics_obtained":[{"floor":8.0,"key":"Sundial"},{"floor":9.0,"key":"Frozen Egg 2"}],"event_choices":[{"cards_removed":["Conserve Battery"],"damage_healed":0.0,"max_hp_gain":0.0,"max_hp_loss":0.0,"gold_gain":0.0,"event_name":"WeMeetAgain","player_choice":"Gave Card","floor":2.0,"gold_loss":0.0,"damage_taken":0.0,"relics_obtained":["Blue Candle"]},{"damage_healed":0.0,"max_hp_gain":0.0,"max_hp_loss":0.0,"gold_gain":0.0,"event_name":"Liars Game","player_choice":"Ignored","floor":10.0,"gold_loss":0.0,"damage_taken":0.0},{"damage_healed":0.0,"max_hp_gain":5.0,"max_hp_loss":0.0,"gold_gain":0.0,"event_name":"Big Fish","player_choice":"Donut","floor":11.0,"gold_loss":0.0,"damage_taken":0.0},{"cards_removed":["Defend_B"],"damage_healed":0.0,"max_hp_gain":0.0,"max_hp_loss":0.0,"gold_gain":0.0,"event_name":"Golden Wing","player_choice":"Card Removal","floor":14.0,"gold_loss":0.0,"damage_taken":7.0},{"damage_healed":0,"gold_gain":0,"player_choice":"Upgraded","damage_taken":0,"max_hp_gain":0,"max_hp_loss":0,"event_name":"Upgrade Shrine","floor":21,"gold_loss":0,"cards_upgraded":["Enlightenment"]}],"is_beta":false,"boss_relics":[{"not_picked":["Ectoplasm","Orrery"],"picked":"Philosopher\u0027s Stone"}],"items_purged_floors":[7],"is_endless":false,"potions_floor_spawned":[3,5,8,16],"killed_by":"Snake Plant","ascension_level":20}