{"gold_per_floor":[114,127,127,127,140,140,474,486,566,579,579,579,611,629,629,707,707,724,639,663,435,449,449,449,449,449,449,35,51,67,96,96,168,168,182,200,75,0,12,42,53,64,113,167,167,194,194,212,212,212,212,212,92,121,121],"floor_reached":56,"playtime":2493,"items_purged":["Rampage","Hemokinesis","Dropkick","Rampage"],"score":2255,"play_id":"32202277-fd77-4f60-af05-4e4839749340","local_time":"20190128174354","is_ascension_mode":true,"campfire_choices":[{"data":"Fiend Fire","floor":6.0,"key":"SMITH"},{"data":"Second Wind","floor":12.0,"key":"SMITH"},{"data":"Body Slam","floor":15.0,"key":"SMITH"},{"data":"Double Tap","floor":23.0,"key":"SMITH"},{"data":"Flex","floor":25.0,"key":"SMITH"},{"data":"Power Through","floor":32.0,"key":"SMITH"},{"floor":47.0,"key":"REST"},{"floor":49.0,"key":"RECALL"},{"data":"Battle Trance","floor":52,"key":"SMITH"}],"neow_cost":"NONE","seed_source_timestamp":301036192025,"circlet_count":0,"master_deck":["AscendersBane","Battle Trance+1","Shrug It Off","Fiend Fire+1","Second Wind+1","Feel No Pain","Evolve","Body Slam+1","Double Tap+1","Metallicize+1","Demon Form+1","Flex+1","Feed","Rage","Power Through+1","Dark Embrace+1","Barricade+1"],"special_seed":0,"relics":["Burning Blood","Happy Flower","Old Coin","Pear","Bag of Preparation","Frozen Egg 2","Pandora\u0027s Box","MawBank","Omamori","Nilry\u0027s Codex","Kunai","Letter Opener","Cursed Key","Red Mask","Prayer Wheel","Oddly Smooth Stone","Mango","The Courier","Pen Nib"],"potions_floor_usage":[55],"damage_taken":[{"damage":1.0,"enemies":"Cultist","floor":1.0,"turns":3.0},{"damage":0.0,"enemies":"Small Slimes","floor":2.0,"turns":3.0},{"damage":0.0,"enemies":"2 Louse","floor":5.0,"turns":3.0},{"damage":6.0,"enemies":"3 Sentries","floor":7.0,"turns":8.0},{"damage":1.0,"enemies":"Looter","floor":8.0,"turns":4.0},{"damage":0.0,"enemies":"Blue Slaver","floor":10.0,"turns":2.0},{"damage":0.0,"enemies":"Lagavulin","floor":13.0,"turns":7.0},{"damage":0.0,"enemies":"Large Slime","floor":14.0,"turns":1.0},{"damage":48.0,"enemies":"The Guardian","floor":16.0,"turns":14.0},{"damage":8.0,"enemies":"3 Byrds","floor":18.0,"turns":5.0},{"damage":37.0,"enemies":"2 Thieves","floor":20.0,"turns":4.0},{"damage":14.0,"enemies":"Cultist and Chosen","floor":22.0,"turns":6.0},{"damage":0.0,"enemies":"Snake Plant","floor":29.0,"turns":2.0},{"damage":0.0,"enemies":"Snecko","floor":30.0,"turns":2.0},{"damage":24.0,"enemies":"Gremlin Leader","floor":31.0,"turns":8.0},{"damage":1.0,"enemies":"Automaton","floor":33.0,"turns":8.0},{"damage":10.0,"enemies":"Orb Walker","floor":35.0,"turns":2.0},{"damage":7.0,"enemies":"3 Darklings","floor":36.0,"turns":4.0},{"damage":26.0,"enemies":"Jaw Worm Horde","floor":39.0,"turns":4.0},{"damage":9.0,"enemies":"Giant Head","floor":40.0,"turns":7.0},{"damage":0.0,"enemies":"Maw","floor":41.0,"turns":6.0},{"damage":0.0,"enemies":"Spire Growth","floor":42.0,"turns":6.0},{"damage":2.0,"enemies":"2 Orb Walkers","floor":44.0,"turns":3.0},{"damage":65.0,"enemies":"Reptomancer","floor":46.0,"turns":5.0},{"damage":0.0,"enemies":"Sphere and 2 Shapes","floor":48.0,"turns":4.0},{"damage":15,"enemies":"Time Eater","floor":50,"turns":10},{"damage":6,"enemies":"Shield and Spear","floor":54,"turns":4},{"damage":7,"enemies":"The Heart","floor":55,"turns":8}],"seed_played":"7608477037166438001","potions_obtained":[{"floor":5.0,"key":"BloodPotion"},{"floor":7.0,"key":"GamblersBrew"},{"floor":13.0,"key":"BloodPotion"},{"floor":14.0,"key":"Strength Potion"},{"floor":16.0,"key":"PowerPotion"},{"floor":35.0,"key":"Energy Potion"},{"floor":36.0,"key":"Swift Potion"},{"floor":48.0,"key":"SkillPotion"}],"is_trial":false,"path_per_floor":["M","M","?","?","M","R","E","M","T","M","?","R","E","M","R","B",null,"M","?","M","$","M","R","?","R","T","?","$","M","M","E","R","B",null,"M","M","$","?","M","E","M","M","T","?","?","E","R","M","R","B",null,"R","$","E","B",null],"character_chosen":"IRONCLAD","items_purchased":["Omamori","Power Through","Kunai"],"campfire_rested":1,"item_purchase_floors":[21,28,28],"current_hp_per_floor":[73,75,75,75,75,75,75,75,85,85,67,67,81,85,85,51,77,78,78,50,50,45,45,45,45,45,24,24,30,36,18,18,23,76,75,74,74,74,54,51,57,63,63,81,81,22,55,61,61,52,96,96,96,96,95],"gold":121,"neow_bonus":"RANDOM_COMMON_RELIC","is_prod":false,"is_daily":false,"chose_seed":false,"campfire_upgraded":7,"win_rate":0,"timestamp":1548668634,"path_taken":["M","?","?","?","M","R","E","M","T","M","?","R","E","M","R","BOSS","M","?","M","$","M","R","?","R","T","?","$","M","M","E","R","BOSS","M","M","$","?","M","E","M","M","T","?","?","E","R","M","R","BOSS","R","$","E","BOSS"],"build_version":"2019-01-23","purchased_purges":4,"victory":true,"max_hp_per_floor":[75,75,75,75,75,75,75,75,85,85,85,85,85,85,85,85,85,88,88,91,91,94,94,94,94,94,94,94,94,94,94,94,94,94,97,97,97,97,97,97,97,97,97,111,111,111,111,111,111,111,111,111,111,111,111],"card_choices":[{"not_picked":["Wild Strike","Reckless Charge"],"picked":"Battle Trance","floor":1.0},{"not_picked":["Heavy Blade","Havoc"],"picked":"Shrug It Off","floor":2.0},{"not_picked":["Anger","Flex"],"picked":"Second Wind","floor":5.0},{"not_picked":["Armaments","Brutality"],"picked":"Feel No Pain","floor":7.0},{"not_picked":["Ghostly Armor","Uppercut","Flame Barrier"],"picked":"SKIP","floor":8.0},{"not_picked":["Hemokinesis","Dual Wield"],"picked":"Evolve","floor":10.0},{"not_picked":["Wild Strike","Disarm"],"picked":"Body Slam","floor":13.0},{"not_picked":["Blood for Blood","Iron Wave","Flex"],"picked":"SKIP","floor":14.0},{"not_picked":["Limit Break","Brutality+1"],"picked":"Double Tap","floor":16.0},{"not_picked":["Flex","Warcry","Sword Boomerang"],"picked":"SKIP","floor":18.0},{"not_picked":["Fire Breathing+1","Ghostly Armor","Flame Barrier"],"picked":"SKIP","floor":20.0},{"not_picked":["Sword Boomerang","Pommel Strike"],"picked":"Rage","floor":22.0},{"not_picked":["Limit Break","Wild Strike","Twin Strike"],"picked":"SKIP","floor":29.0},{"not_picked":["Thunderclap","Armaments","Metallicize+1"],"picked":"SKIP","floor":30.0},{"not_picked":["Heavy Blade","Flame Barrier","Havoc"],"picked":"SKIP","floor":31.0},{"not_picked":["Double Tap","Fiend Fire"],"picked":"Dark Embrace+1","floor":33.0},{"not_picked":["Clothesline+1","Perfected Strike+1","Sword Boomerang"],"picked":"SKIP","floor":35.0},{"not_picked":["Feel No Pain+1","Cleave+1","Intimidate+1"],"picked":"SKIP","floor":36.0},{"not_picked":["Thunderclap","Bloodletting","Anger+1"],"picked":"SKIP","floor":39.0},{"not_picked":["Inflame+1","Anger","Havoc"],"picked":"SKIP","floor":40.0},{"not_picked":["Feel No Pain+1","Battle Trance+1","True Grit"],"picked":"SKIP","floor":41.0},{"not_picked":["Shrug It Off","Warcry+1","Iron Wave"],"picked":"SKIP","floor":41.0},{"not_picked":["Thunderclap+1","Twin Strike","Clothesline"],"picked":"SKIP","floor":42.0},{"not_picked":["Wild Strike","Searing Blow","Twin Strike"],"picked":"SKIP","floor":42.0},{"not_picked":["Dark Embrace+1","Whirlwind","Searing Blow"],"picked":"SKIP","floor":46.0},{"not_picked":["Carnage","Anger+1","Second Wind"],"picked":"SKIP","floor":48.0},{"not_picked":["Flex","Second Wind","Warcry"],"picked":"SKIP","floor":48.0},{"not_picked":["Flex","Body Slam"],"picked":"Barricade+1","floor":54}],"player_experience":692743,"relics_obtained":[{"floor":7.0,"key":"Old Coin"},{"floor":9.0,"key":"Pear"},{"floor":13.0,"key":"Frozen Egg 2"},{"floor":27.0,"key":"Nilry\u0027s Codex"},{"floor":31.0,"key":"Letter Opener"},{"floor":40.0,"key":"Prayer Wheel"},{"floor":43.0,"key":"Oddly Smooth Stone"},{"floor":44.0,"key":"Mango"},{"floor":46.0,"key":"The Courier"},{"floor":54,"key":"Pen Nib"}],"event_choices":[{"damage_healed":0.0,"max_hp_gain":0.0,"max_hp_loss":0.0,"gold_gain":0.0,"event_name":"Liars Game","player_choice":"Ignored","floor":3.0,"gold_loss":0.0,"damage_taken":0.0},{"damage_healed":0.0,"max_hp_gain":0.0,"max_hp_loss":0.0,"gold_gain":0.0,"cards_transformed":["Strike_R"],"event_name":"Living Wall","player_choice":"Change","floor":4.0,"gold_loss":0.0,"damage_taken":0.0,"cards_obtained":["Fiend Fire"]},{"damage_healed":0.0,"max_hp_gain":0.0,"max_hp_loss":0.0,"gold_gain":0.0,"event_name":"Scrap Ooze","player_choice":"Success","floor":11.0,"gold_loss":0.0,"damage_taken":18.0,"relics_obtained":["Bag of Preparation"]},{"damage_healed":0.0,"max_hp_gain":0.0,"max_hp_loss":0.0,"gold_gain":0.0,"event_name":"Addict","player_choice":"Obtained Relic","floor":19.0,"gold_loss":85.0,"damage_taken":0.0,"relics_obtained":["MawBank"]},{"damage_healed":0.0,"max_hp_gain":0.0,"max_hp_loss":0.0,"gold_gain":0.0,"event_name":"Vampires","player_choice":"Ignored","floor":24.0,"gold_loss":0.0,"damage_taken":0.0},{"damage_healed":0.0,"max_hp_gain":0.0,"max_hp_loss":0.0,"gold_gain":0.0,"event_name":"Cursed Tome","player_choice":"Obtained Book","floor":27.0,"gold_loss":0.0,"damage_taken":21.0},{"damage_healed":0.0,"max_hp_gain":0.0,"max_hp_loss":0.0,"gold_gain":0.0,"event_name":"Tomb of Lord Red Mask","player_choice":"Paid","floor":38.0,"gold_loss":75.0,"damage_taken":0.0,"relics_obtained":["Red Mask"]},{"damage_healed":0.0,"max_hp_gain":0.0,"max_hp_loss":0.0,"gold_gain":0.0,"event_name":"Mysterious Sphere","player_choice":"Fight","floor":44.0,"gold_loss":0.0,"damage_taken":0.0},{"cards_removed":["Bash"],"damage_healed":0.0,"max_hp_gain":0.0,"max_hp_loss":0.0,"gold_gain":0.0,"event_name":"Purifier","player_choice":"Purged","floor":45.0,"gold_loss":0.0,"damage_taken":0.0}],"is_beta":false,"boss_relics":[{"not_picked":["Fusion Hammer","Lizard Tail"],"picked":"Pandora\u0027s Box"},{"not_picked":["Calling Bell","Astrolabe"],"picked":"Cursed Key"}],"items_purged_floors":[21,28,37,53],"is_endless":false,"potions_floor_spawned":[5,7,13,14,16,18,30,31,35,36,39,48],"ascension_level":16}