{"gold_per_floor":[112,123,141,160,172,172,34,34,34,67,67,87,87,101,101,204,204,217,217,217],"floor_reached":20,"playtime":1101,"items_purged":[],"score":211,"play_id":"1b7f2aad-b417-4966-817f-0ff75f30a11b","local_time":"20190721201554","is_ascension_mode":true,"campfire_choices":[{"floor":6,"key":"REST"},{"data":"Bludgeon","floor":8,"key":"SMITH"},{"floor":11,"key":"REST"},{"data":"Uppercut","floor":13,"key":"SMITH"},{"data":"Double Tap","floor":15,"key":"SMITH"}],"neow_cost":"PERCENT_DAMAGE","seed_source_timestamp":113034570282962,"circlet_count":0,"master_deck":["Strike_R","Strike_R","Strike_R","Strike_R","Strike_R","Defend_R","Defend_R","Defend_R","Defend_R","Bash","Limit Break","Twin Strike","Pummel","Flame Barrier","Second Wind","Bludgeon+1","Twin Strike","Uppercut+1","Double Tap+1","Barricade","Flex","Heavy Blade","Headbutt","Shockwave","Body Slam","Flex+1"],"relics":["Burning Blood","Matryoshka","Paper Frog","Orrery","Juzu Bracelet"],"potions_floor_usage":[5,16,20],"damage_taken":[{"damage":6,"enemies":"Cultist","floor":1,"turns":4},{"damage":5,"enemies":"Small Slimes","floor":2,"turns":4},{"damage":8,"enemies":"2 Louse","floor":3,"turns":3},{"damage":9,"enemies":"Looter","floor":4,"turns":4},{"damage":55,"enemies":"Exordium Thugs","floor":5,"turns":7},{"damage":24,"enemies":"Gremlin Nob","floor":10,"turns":4},{"damage":0,"enemies":"Large Slime","floor":12,"turns":4},{"damage":15,"enemies":"Gremlin Gang","floor":14,"turns":5},{"damage":46,"enemies":"The Guardian","floor":16,"turns":8},{"damage":46,"enemies":"2 Thieves","floor":18,"turns":4},{"damage":57,"enemies":"Shell Parasite","floor":20,"turns":5}],"seed_played":"-2864048824804579051","potions_obtained":[{"floor":3,"key":"BloodPotion"},{"floor":4,"key":"Regen Potion"},{"floor":14,"key":"Weak Potion"}],"is_trial":false,"path_per_floor":["M","M","M","M","M","R","$","R","T","E","R","M","R","M","R","B",null,"M","?","M"],"character_chosen":"IRONCLAD","items_purchased":["Bludgeon"],"campfire_rested":2,"item_purchase_floors":[7],"current_hp_per_floor":[56,57,55,52,23,47,47,47,47,29,53,59,59,50,50,10,80,40,40,0],"gold":217,"neow_bonus":"THREE_RARE_CARDS","is_prod":false,"is_daily":false,"chose_seed":false,"campfire_upgraded":3,"win_rate":0,"timestamp":1563758154,"path_taken":["M","M","M","M","M","R","?","R","T","E","R","M","R","?","R","BOSS","M","?","M"],"build_version":"2019-07-17","purchased_purges":0,"victory":false,"max_hp_per_floor":[80,80,80,80,80,80,80,80,80,80,80,80,80,80,80,80,80,80,80,80],"card_choices":[{"not_picked":["Berserk","Impervious"],"picked":"Limit Break","floor":0},{"not_picked":["Havoc","Wild Strike"],"picked":"Twin Strike","floor":1},{"not_picked":["True Grit","Ghostly Armor"],"picked":"Pummel","floor":2},{"not_picked":["Disarm","Ghostly Armor"],"picked":"Flame Barrier","floor":3},{"not_picked":["Iron Wave","Shrug It Off"],"picked":"Second Wind","floor":4},{"not_picked":["Warcry","Havoc","Armaments"],"picked":"SKIP","floor":5},{"not_picked":["Second Wind","Blood for Blood"],"picked":"Twin Strike","floor":10},{"not_picked":["Combust","Body Slam"],"picked":"Uppercut","floor":12},{"not_picked":["Havoc","Body Slam"],"picked":"Double Tap","floor":14},{"not_picked":["Limit Break","Exhume"],"picked":"Barricade","floor":16},{"not_picked":["Anger","Warcry"],"picked":"Flex","floor":17},{"not_picked":["Havoc","Intimidate"],"picked":"Heavy Blade","floor":17},{"not_picked":["Perfected Strike","Feel No Pain"],"picked":"Headbutt","floor":17},{"not_picked":["Wild Strike","Sentinel"],"picked":"Shockwave","floor":17},{"not_picked":["Dual Wield","Headbutt"],"picked":"Body Slam","floor":17},{"not_picked":["Headbutt+1","True Grit+1"],"picked":"Flex+1","floor":18}],"player_experience":258221,"relics_obtained":[{"floor":9,"key":"Matryoshka"},{"floor":10,"key":"Paper Frog"}],"event_choices":[{"damage_healed":0,"gold_gain":0,"player_choice":"Opened","damage_taken":0,"relics_obtained":["Juzu Bracelet"],"max_hp_gain":0,"max_hp_loss":0,"event_name":"The Mausoleum","floor":19,"gold_loss":0}],"is_beta":false,"boss_relics":[{"not_picked":["Lizard Tail","Fusion Hammer"],"picked":"Orrery"}],"items_purged_floors":[],"is_endless":false,"potions_floor_spawned":[3,4,14],"killed_by":"Shell Parasite","ascension_level":4}