{"gold_per_floor":[112,122,137,137,153,181,181,208,208,239,252,252,280,280,280,354,354,372,297,267],"floor_reached":20,"playtime":1004,"items_purged":["Defend_R"],"score":397,"play_id":"a5290ca2-bda5-4861-bfcf-aadda6d26225","local_time":"20190804200104","is_ascension_mode":true,"campfire_choices":[{"data":"Rampage","floor":7.0,"key":"SMITH"},{"floor":15.0,"key":"REST"}],"neow_cost":"NONE","seed_source_timestamp":17483073040151,"circlet_count":0,"master_deck":["AscendersBane","Strike_R","Defend_R","Defend_R","Defend_R","Bash","Immolate","Feel No Pain","Corruption","Double Tap","Cleave","Rampage+1","Juggernaut","Shrug It Off","Spot Weakness","Feel No Pain","Exhume","Limit Break","Ghostly Armor+1","Evolve+1","Twin Strike+1","Spot Weakness"],"special_seed":0,"relics":["Burning Blood","Ancient Tea Set","Prayer Wheel","Mango","Champion Belt","Bottled Tornado","Astrolabe"],"potions_floor_usage":[16],"damage_taken":[{"damage":0.0,"enemies":"2 Louse","floor":1.0,"turns":2.0},{"damage":0.0,"enemies":"Cultist","floor":2.0,"turns":2.0},{"damage":7.0,"enemies":"Jaw Worm","floor":3.0,"turns":3.0},{"damage":16.0,"enemies":"Blue Slaver","floor":5.0,"turns":4.0},{"damage":0.0,"enemies":"3 Sentries","floor":6.0,"turns":2.0},{"damage":26.0,"enemies":"Gremlin Nob","floor":8.0,"turns":4.0},{"damage":30.0,"enemies":"3 Sentries","floor":10.0,"turns":4.0},{"damage":8.0,"enemies":"Exordium Thugs","floor":11.0,"turns":3.0},{"damage":21.0,"enemies":"Gremlin Nob","floor":13.0,"turns":4.0},{"damage":44,"enemies":"The Guardian","floor":16,"turns":11},{"damage":57,"enemies":"3 Byrds","floor":18,"turns":6},{"damage":19,"enemies":"2 Thieves","floor":20,"turns":1}],"seed_played":"4382543790583687035","potions_obtained":[{"floor":3.0,"key":"EssenceOfSteel"},{"floor":10.0,"key":"Explosive Potion"},{"floor":11.0,"key":"AttackPotion"},{"floor":13.0,"key":"Strength Potion"}],"is_trial":false,"path_per_floor":["M","M","M","?","M","E","R","E","T","E","M","?","E","?","R","B",null,"M","$","M"],"character_chosen":"IRONCLAD","items_purchased":[],"campfire_rested":1,"item_purchase_floors":[],"current_hp_per_floor":[74,75,74,74,64,70,70,50,64,40,38,38,23,23,49,11,70,19,19,0],"gold":267,"neow_bonus":"ONE_RANDOM_RARE_CARD","is_prod":false,"is_daily":false,"chose_seed":false,"campfire_upgraded":1,"win_rate":0,"timestamp":1564963264,"path_taken":["M","M","M","?","?","E","R","E","T","E","M","?","E","?","R","BOSS","M","$","M"],"build_version":"2019-07-17","purchased_purges":1,"victory":false,"max_hp_per_floor":[75,75,75,75,75,75,75,75,89,89,89,89,89,89,89,89,89,89,89,89],"card_choices":[{"not_picked":["Havoc","Shockwave"],"picked":"Feel No Pain","floor":1.0},{"not_picked":["Headbutt","Pummel"],"picked":"Corruption","floor":2.0},{"not_picked":["Bloodletting","Armaments","Anger"],"picked":"SKIP","floor":3.0},{"not_picked":["Body Slam","Wild Strike"],"picked":"Cleave","floor":5.0},{"not_picked":["Flex","Blood for Blood"],"picked":"Rampage","floor":6.0},{"not_picked":["Heavy Blade","Cleave"],"picked":"Juggernaut","floor":8.0},{"not_picked":["Pommel Strike","Power Through"],"picked":"Shrug It Off","floor":10.0},{"not_picked":["Reckless Charge","Wild Strike"],"picked":"Spot Weakness","floor":11.0},{"not_picked":["Cleave","Bloodletting","Infernal Blade"],"picked":"SKIP","floor":11.0},{"not_picked":["Reaper","Evolve"],"picked":"Feel No Pain","floor":13.0},{"not_picked":["Exhume","Barricade"],"picked":"Limit Break","floor":16},{"not_picked":["Infernal Blade","Pummel"],"picked":"Spot Weakness","floor":18},{"not_picked":["Metallicize","Clash","Pommel Strike+1"],"picked":"SKIP","floor":18}],"player_experience":471119,"relics_obtained":[{"floor":6.0,"key":"Ancient Tea Set"},{"floor":8.0,"key":"Prayer Wheel"},{"floor":9.0,"key":"Mango"},{"floor":10.0,"key":"Champion Belt"},{"floor":13.0,"key":"Bottled Tornado"}],"event_choices":[{"damage_healed":0.0,"max_hp_gain":0.0,"max_hp_loss":0.0,"gold_gain":0.0,"cards_transformed":["Strike_R"],"event_name":"Transmorgrifier","player_choice":"Transformed","floor":4.0,"gold_loss":0.0,"damage_taken":0.0,"cards_obtained":["Double Tap"]},{"damage_healed":0.0,"max_hp_gain":0.0,"max_hp_loss":0.0,"gold_gain":0.0,"event_name":"Golden Idol","player_choice":"Ignored","floor":12.0,"gold_loss":0.0,"damage_taken":0.0},{"damage_healed":0.0,"max_hp_gain":0.0,"max_hp_loss":0.0,"gold_gain":0.0,"event_name":"Match and Keep!","player_choice":"1 cards matched","floor":14.0,"gold_loss":0.0,"damage_taken":0.0,"cards_obtained":["Exhume"]}],"is_beta":false,"boss_relics":[{"not_picked":["Pandora\u0027s Box","Tiny House"],"picked":"Astrolabe"}],"items_purged_floors":[19],"is_endless":false,"potions_floor_spawned":[3,10,11,13],"killed_by":"2 Thieves","ascension_level":15}