{"gold_per_floor":[109,122,122,68,68,93,93,111,111,111,111,137,149,74,74,170,170,188,188,88,100,113,113,126,141,141,153,153,153,163,179,179,277,277,293,293,24,24,39,57,77,77,77,77,77,91,91,101,101,101],"floor_reached":51,"playtime":1743,"items_purged":["Burning Pact","Strike_R","Defend_R"],"score":786,"play_id":"2e040caa-e9fe-4ac6-ab4c-ce687f1c9474","local_time":"20190807054649","is_ascension_mode":false,"campfire_choices":[{"data":"Armaments","floor":7.0,"key":"SMITH"},{"data":"Body Slam","floor":10.0,"key":"SMITH"},{"data":"Perfected Strike","floor":15.0,"key":"SMITH"},{"data":"Shrug It Off","floor":23.0,"key":"SMITH"},{"data":"Pommel Strike","floor":29.0,"key":"SMITH"},{"data":"Havoc","floor":32.0,"key":"SMITH"},{"floor":44,"key":"REST"},{"floor":47,"key":"RECALL"},{"data":"True Grit","floor":49,"key":"SMITH"}],"neow_cost":"NONE","seed_source_timestamp":61437452843480,"circlet_count":0,"master_deck":["Defend_R","Defend_R+1","Armaments+1","Havoc+1","Shrug It Off+1","Pommel Strike+1","Havoc+1","Twin Strike+1","Armaments+1","True Grit+1"],"special_seed":0,"relics":["Burning Blood","NeowsBlessing","Gremlin Horn","Potion Belt","Kunai","Sundial","Empty Cage","Astrolabe","Pen Nib","Meat on the Bone"],"potions_floor_usage":[50,50],"damage_taken":[{"damage":0.0,"enemies":"Jaw Worm","floor":1.0,"turns":1.0},{"damage":0.0,"enemies":"Small Slimes","floor":2.0,"turns":1.0},{"damage":0.0,"enemies":"Gremlin Nob","floor":6.0,"turns":1.0},{"damage":0.0,"enemies":"2 Louse","floor":8.0,"turns":2.0},{"damage":18.0,"enemies":"Lagavulin","floor":12.0,"turns":5.0},{"damage":0.0,"enemies":"2 Fungi Beasts","floor":13.0,"turns":2.0},{"damage":40.0,"enemies":"Hexaghost","floor":16.0,"turns":8.0},{"damage":39.0,"enemies":"3 Byrds","floor":18.0,"turns":9.0},{"damage":5.0,"enemies":"Chosen","floor":21.0,"turns":3.0},{"damage":17.0,"enemies":"Shelled Parasite and Fungi","floor":22.0,"turns":8.0},{"damage":6.0,"enemies":"3 Cultists","floor":24.0,"turns":7.0},{"damage":5.0,"enemies":"Centurion and Healer","floor":25.0,"turns":10.0},{"damage":3.0,"enemies":"Cultist and Chosen","floor":27.0,"turns":7.0},{"damage":6.0,"enemies":"3 Cultists","floor":30.0,"turns":4.0},{"damage":2.0,"enemies":"Snecko","floor":31.0,"turns":4.0},{"damage":37.0,"enemies":"Champ","floor":33.0,"turns":17.0},{"damage":7.0,"enemies":"3 Shapes","floor":35.0,"turns":5.0},{"damage":0.0,"enemies":"3 Darklings","floor":39.0,"turns":2.0},{"damage":0.0,"enemies":"Jaw Worm Horde","floor":40.0,"turns":3.0},{"damage":9.0,"enemies":"Transient","floor":41.0,"turns":5.0},{"damage":5,"enemies":"Spire Growth","floor":46,"turns":2},{"damage":2,"enemies":"3 Darklings","floor":48,"turns":3},{"damage":38,"enemies":"Time Eater","floor":50,"turns":13}],"seed_played":"5549531868258658544","potions_obtained":[{"floor":6.0,"key":"SpeedPotion"},{"floor":13.0,"key":"Fire Potion"},{"floor":18.0,"key":"Weak Potion"},{"floor":25.0,"key":"Energy Potion"},{"floor":27.0,"key":"AttackPotion"},{"floor":31.0,"key":"FearPotion"},{"floor":33.0,"key":"Strength Potion"},{"floor":39.0,"key":"Explosive Potion"}],"is_trial":false,"path_per_floor":["M","M","?","$","?","E","R","M","T","R","?","E","M","$","R","B",null,"M","?","$","M","M","R","M","M","T","M","?","R","M","M","R","B",null,"M","?","$","?","M","M","M","?","T","R","$","M","R","M","R","B",null],"character_chosen":"IRONCLAD","items_purchased":["Armaments","Pen Nib"],"campfire_rested":1,"item_purchase_floors":[4,37],"current_hp_per_floor":[80,80,80,80,68,74,74,80,80,80,64,52,58,58,58,24,80,47,47,47,48,37,37,37,38,38,41,41,41,41,45,45,14,80,79,79,79,79,80,80,77,74,74,80,80,80,80,80,80,48],"gold":101,"neow_bonus":"THREE_ENEMY_KILL","is_prod":false,"is_daily":false,"chose_seed":false,"campfire_upgraded":7,"win_rate":0,"timestamp":1565124409,"path_taken":["M","M","?","$","?","E","R","M","T","R","?","E","M","$","R","BOSS","M","?","$","M","M","R","M","M","T","M","?","R","M","M","R","BOSS","M","?","$","?","M","M","?","?","T","R","$","M","R","M","R","BOSS"],"build_version":"2019-07-17","purchased_purges":3,"victory":true,"max_hp_per_floor":[80,80,80,80,80,80,80,80,80,80,80,80,80,80,80,80,80,80,80,80,80,80,80,80,80,80,80,80,80,80,80,80,80,80,80,80,80,80,80,80,80,80,80,80,80,80,80,80,80,80],"card_choices":[{"not_picked":["Armaments","Cleave"],"picked":"Perfected Strike","floor":1.0},{"not_picked":["Clash","Rupture","Warcry"],"picked":"SKIP","floor":2.0},{"not_picked":["Wild Strike","Combust"],"picked":"Body Slam","floor":6.0},{"not_picked":["Headbutt","Wild Strike","Iron Wave"],"picked":"SKIP","floor":8.0},{"not_picked":["Headbutt","Iron Wave"],"picked":"Wild Strike","floor":8.0},{"not_picked":["Flame Barrier","Havoc"],"picked":"Burning Pact","floor":12.0},{"not_picked":["Thunderclap","Rage","Clothesline"],"picked":"SKIP","floor":13.0},{"not_picked":["Heavy Blade+1","Corruption","Hemokinesis+1"],"picked":"SKIP","floor":18.0},{"not_picked":["Seeing Red","Inflame"],"picked":"Havoc","floor":21.0},{"not_picked":["Havoc","Twin Strike"],"picked":"Shrug It Off","floor":22.0},{"not_picked":["Havoc","Flame Barrier","Barricade"],"picked":"SKIP","floor":24.0},{"not_picked":["Seeing Red","Clothesline+1"],"picked":"Pommel Strike","floor":25.0},{"not_picked":["Havoc","Warcry","Headbutt"],"picked":"SKIP","floor":27.0},{"not_picked":["Twin Strike","Dual Wield","Pommel Strike"],"picked":"SKIP","floor":30.0},{"not_picked":["Perfected Strike","Rampage","Disarm"],"picked":"SKIP","floor":31.0},{"not_picked":["Heavy Blade","Flex+1","Dropkick+1"],"picked":"SKIP","floor":35.0},{"not_picked":["Sword Boomerang+1","Pummel","Fire Breathing+1"],"picked":"SKIP","floor":39.0},{"not_picked":["Pummel+1","Bloodletting","Sever Soul"],"picked":"SKIP","floor":40.0},{"not_picked":["Cleave","Dual Wield","Havoc+1"],"picked":"SKIP","floor":41.0},{"not_picked":["Havoc","Cleave+1","Wild Strike"],"picked":"SKIP","floor":46},{"not_picked":["Limit Break","Armaments"],"picked":"True Grit","floor":48}],"player_experience":794034,"relics_obtained":[{"floor":6.0,"key":"Potion Belt"},{"floor":9.0,"key":"Kunai"},{"floor":12.0,"key":"Sundial"},{"floor":43,"key":"Meat on the Bone"}],"event_choices":[{"cards_removed":["Strike_R"],"damage_healed":0.0,"max_hp_gain":0.0,"max_hp_loss":0.0,"gold_gain":0.0,"event_name":"Living Wall","player_choice":"Forget","floor":3.0,"gold_loss":0.0,"damage_taken":0.0},{"damage_healed":0.0,"max_hp_gain":0.0,"max_hp_loss":0.0,"gold_gain":0.0,"event_name":"Scrap Ooze","player_choice":"Success","floor":5.0,"gold_loss":0.0,"damage_taken":12.0,"relics_obtained":["Gremlin Horn"]},{"damage_healed":0.0,"max_hp_gain":0.0,"max_hp_loss":0.0,"gold_gain":0.0,"event_name":"Shining Light","player_choice":"Entered Light","floor":11.0,"gold_loss":0.0,"damage_taken":16.0,"cards_upgraded":["Bash","Defend_R"]},{"cards_removed":["Strike_R"],"damage_healed":0.0,"max_hp_gain":0.0,"max_hp_loss":0.0,"gold_gain":0.0,"event_name":"Back to Basics","player_choice":"Elegance","floor":19.0,"gold_loss":0.0,"damage_taken":0.0},{"damage_healed":0.0,"max_hp_gain":0.0,"max_hp_loss":0.0,"gold_gain":0.0,"event_name":"The Mausoleum","player_choice":"Ignored","floor":28.0,"gold_loss":0.0,"damage_taken":0.0},{"cards_removed":["Body Slam"],"damage_healed":0.0,"max_hp_gain":0.0,"max_hp_loss":0.0,"gold_gain":0.0,"event_name":"Falling","player_choice":"Removed Attack","floor":36.0,"gold_loss":0.0,"damage_taken":0.0},{"cards_removed":["Defend_R"],"damage_healed":0.0,"max_hp_gain":0.0,"max_hp_loss":0.0,"gold_gain":0.0,"event_name":"Purifier","player_choice":"Purged","floor":38.0,"gold_loss":0.0,"damage_taken":0.0},{"damage_healed":0,"gold_gain":0,"player_choice":"Punched","damage_taken":3,"max_hp_gain":0,"max_hp_loss":0,"event_name":"Designer","floor":42,"gold_loss":0}],"is_beta":false,"boss_relics":[{"not_picked":["Snecko Eye","Velvet Choker"],"picked":"Empty Cage"},{"not_picked":["Cursed Key","Runic Dome"],"picked":"Astrolabe"}],"items_purged_floors":[14,20,37],"is_endless":false,"potions_floor_spawned":[6,13,18,25,27,31,33,39],"ascension_level":0}