{"gold_per_floor":[118,172,97,116,131,158,158,173,199,199,218,41,58,74,74,74],"floor_reached":16,"playtime":1030,"items_purged":["Defend_G","Strike_G"],"score":104,"play_id":"1770cc70-c0b2-49fc-9f04-7c4293da7dac","local_time":"20190528232502","is_ascension_mode":false,"campfire_choices":[{"data":"Prepared","floor":7.0,"key":"SMITH"},{"data":"Tactician","floor":15,"key":"SMITH"}],"neow_cost":"NONE","seed_source_timestamp":17397089822447,"circlet_count":0,"master_deck":["Defend_G","Defend_G","Defend_G","Defend_G","Strike_G","Strike_G","Strike_G","Strike_G","Survivor","Neutralize","Escape Plan","Tactician+1","Prepared+1","Doppelganger","Noxious Fumes","Skewer","Quick Slash"],"special_seed":0,"relics":["Coffee Dripper","Happy Flower","Juzu Bracelet","Omamori","Blood Vial"],"potions_floor_usage":[16],"damage_taken":[{"damage":0.0,"enemies":"Cultist","floor":1.0,"turns":5.0},{"damage":2.0,"enemies":"Small Slimes","floor":4.0,"turns":3.0},{"damage":0.0,"enemies":"Jaw Worm","floor":5.0,"turns":4.0},{"damage":18.0,"enemies":"Lagavulin","floor":6.0,"turns":10.0},{"damage":10.0,"enemies":"Gremlin Gang","floor":8.0,"turns":6.0},{"damage":7.0,"enemies":"3 Louse","floor":11.0,"turns":4.0},{"damage":16.0,"enemies":"Large Slime","floor":13.0,"turns":8.0},{"damage":15,"enemies":"Exordium Wildlife","floor":14,"turns":5},{"damage":19,"enemies":"The Guardian","floor":16,"turns":7}],"seed_played":"7457355849500546842","potions_obtained":[{"floor":4.0,"key":"AttackPotion"},{"floor":11.0,"key":"Regen Potion"},{"floor":14,"key":"Regen Potion"}],"is_trial":false,"path_per_floor":["M","T","$","M","M","E","R","M","T","?","M","$","M","M","R","B"],"character_chosen":"THE_SILENT","items_purchased":["Noxious Fumes"],"campfire_rested":0,"item_purchase_floors":[12],"current_hp_per_floor":[70,70,70,68,68,50,50,40,40,33,28,28,29,16,16,14],"gold":74,"neow_bonus":"BOSS_RELIC","is_prod":false,"is_daily":false,"chose_seed":false,"campfire_upgraded":2,"win_rate":0,"timestamp":1559078702,"path_taken":["M","?","$","M","?","E","R","M","T","?","M","$","M","M","R","BOSS"],"build_version":"2019-01-23","purchased_purges":2,"victory":false,"max_hp_per_floor":[70,70,70,70,70,70,70,70,70,70,70,70,70,70,70,70],"card_choices":[{"not_picked":["Prepared","Masterful Stab"],"picked":"Escape Plan","floor":1.0},{"not_picked":["Concentrate","Underhanded Strike","Masterful Stab"],"picked":"SKIP","floor":4.0},{"not_picked":["Flying Knee","Accuracy"],"picked":"Tactician","floor":5.0},{"not_picked":["Finisher","Noxious Fumes"],"picked":"Prepared","floor":6.0},{"not_picked":["Setup","Cloak And Dagger"],"picked":"Doppelganger","floor":8.0},{"not_picked":["Deadly Poison","Deflect","All Out Attack"],"picked":"SKIP","floor":11.0},{"not_picked":["Quick Slash","Choke"],"picked":"Skewer","floor":13.0},{"not_picked":["Prepared","Dagger Spray"],"picked":"Quick Slash","floor":14}],"player_experience":438848,"relics_obtained":[{"floor":2.0,"key":"Happy Flower"},{"floor":6.0,"key":"Juzu Bracelet"},{"floor":9.0,"key":"Omamori"}],"event_choices":[{"damage_healed":0.0,"max_hp_gain":0.0,"max_hp_loss":0.0,"gold_gain":0.0,"event_name":"Scrap Ooze","player_choice":"Success","floor":10.0,"gold_loss":0.0,"damage_taken":7.0,"relics_obtained":["Blood Vial"]}],"is_beta":false,"boss_relics":[],"items_purged_floors":[3,12],"is_endless":false,"potions_floor_spawned":[4,11,14],"killed_by":"The Guardian","ascension_level":0}