{"gold_per_floor":[117,117,136,136,411,411,438,363,418,435,435,453,453,484,484,561,561],"floor_reached":17,"playtime":358,"items_purged":["Regret"],"score":376,"play_id":"c48f181a-9199-499d-85e9-628bc3800751","local_time":"20190217234528","is_ascension_mode":true,"campfire_choices":[{"data":"Accuracy","floor":6,"key":"SMITH"},{"data":"Tactician","floor":11,"key":"SMITH"},{"data":"Masterful Stab","floor":13,"key":"SMITH"},{"data":"Blade Dance","floor":15,"key":"SMITH"}],"neow_cost":"NONE","seed_source_timestamp":53161247238086,"circlet_count":0,"master_deck":["AscendersBane","Defend_G","Defend_G+1","Defend_G","Defend_G","Defend_G","Strike_G","Survivor+1","Neutralize+1","Backstab","Infinite Blades","Accuracy+1","Tactician+1","Masterful Stab+1","Blade Dance+1","Adrenaline","Dodge and Roll+1","Escape Plan+1","Skewer+1"],"relics":["Ring of the Snake","NeowsBlessing","Strawberry","Ancient Tea Set","War Paint","Astrolabe"],"potions_floor_usage":[14,16],"damage_taken":[{"damage":0,"enemies":"Small Slimes","floor":1,"turns":1},{"damage":0,"enemies":"Cultist","floor":3,"turns":1},{"damage":0,"enemies":"Gremlin Nob","floor":7,"turns":1},{"damage":0,"enemies":"2 Louse","floor":10,"turns":2},{"damage":0,"enemies":"2 Fungi Beasts","floor":12,"turns":4},{"damage":10,"enemies":"3 Sentries","floor":14,"turns":8},{"damage":30,"enemies":"The Guardian","floor":16,"turns":13}],"seed_played":"-7239212913523862452","potions_obtained":[{"floor":10,"key":"AttackPotion"},{"floor":12,"key":"Explosive Potion"},{"floor":14,"key":"SpeedPotion"}],"is_trial":false,"path_per_floor":["M","?","M","?","?","R","E","$","T","M","R","M","R","E","R","B",null],"character_chosen":"THE_SILENT","items_purchased":[],"campfire_rested":0,"item_purchase_floors":[],"current_hp_per_floor":[59,59,59,59,59,59,66,66,66,66,66,66,66,56,56,26,26],"gold":561,"neow_bonus":"THREE_ENEMY_KILL","is_prod":false,"is_daily":false,"chose_seed":false,"campfire_upgraded":4,"win_rate":0,"timestamp":1550418328,"path_taken":["M","?","?","?","?","R","E","$","T","M","R","M","R","E","R","BOSS"],"build_version":"2019-01-23","purchased_purges":1,"victory":false,"max_hp_per_floor":[66,66,66,66,66,66,73,73,73,73,73,73,73,73,73,73,73],"card_choices":[{"not_picked":["Underhanded Strike","Slice"],"picked":"Backstab","floor":1},{"not_picked":["Setup","Blade Dance"],"picked":"Infinite Blades","floor":3},{"not_picked":["Reflex","Poisoned Stab"],"picked":"Tactician","floor":7},{"not_picked":["Riddle With Holes","Underhanded Strike","Crippling Poison"],"picked":"SKIP","floor":10},{"not_picked":["PiercingWail","Flechettes"],"picked":"Masterful Stab","floor":12},{"not_picked":["Predator","Catalyst"],"picked":"Blade Dance","floor":14},{"not_picked":["Doppelganger","Die Die Die"],"picked":"Adrenaline","floor":16}],"player_experience":2884414,"relics_obtained":[{"floor":7,"key":"Strawberry"},{"floor":9,"key":"Ancient Tea Set"},{"floor":14,"key":"War Paint"}],"event_choices":[{"damage_healed":0,"gold_gain":0,"player_choice":"Upgraded","damage_taken":0,"max_hp_gain":0,"max_hp_loss":0,"event_name":"Upgrade Shrine","floor":2,"gold_loss":0,"cards_upgraded":["Neutralize"]},{"damage_healed":0,"gold_gain":0,"cards_transformed":["Strike_G"],"player_choice":"Change","damage_taken":0,"max_hp_gain":0,"max_hp_loss":0,"event_name":"Living Wall","floor":4,"gold_loss":0,"cards_obtained":["Accuracy"]},{"damage_healed":0,"gold_gain":275,"player_choice":"Desecrate","damage_taken":0,"max_hp_gain":0,"max_hp_loss":0,"event_name":"Golden Shrine","floor":5,"gold_loss":0,"cards_obtained":["Regret"]}],"is_beta":false,"boss_relics":[{"not_picked":["Cursed Key","Black Star"],"picked":"Astrolabe"}],"items_purged_floors":[8],"is_endless":false,"potions_floor_spawned":[10,12,14],"ascension_level":20}