{"gold_per_floor":[109,121,46,46,69,112,112,143,169,169,169,193,216,247,247,337,337,361,361,361,380,20,20,35,35,62,85,85,100,100,136,136,231,231,245,145,165,498,598,629,629,644,668,668,668,682,710,723,723,723,723,723,723,16,48,48],"floor_reached":57,"playtime":3616,"items_purged":["Defend_G","Strike_G","Defend_G+1"],"score":3075,"play_id":"4d40304f-a5a2-4812-a028-0cf57da4732f","local_time":"20190402141940","is_ascension_mode":true,"campfire_choices":[{"data":"Deadly Poison","floor":7.0,"key":"SMITH"},{"data":"Neutralize","floor":11.0,"key":"SMITH"},{"data":"Calculated Gamble","floor":15.0,"key":"SMITH"},{"data":"Well Laid Plans","floor":23.0,"key":"SMITH"},{"data":"Calculated Gamble","floor":28.0,"key":"SMITH"},{"data":"Grand Finale","floor":30.0,"key":"SMITH"},{"floor":32.0,"key":"RECALL"},{"data":"Strike_G","floor":41.0,"key":"PURGE"},{"data":"Strike_G","floor":44.0,"key":"PURGE"},{"data":"Defend_G","floor":49,"key":"PURGE"},{"data":"Defend_G","floor":53,"key":"PURGE"}],"neow_cost":"NONE","seed_source_timestamp":22509881136859,"circlet_count":0,"master_deck":["AscendersBane","Defend_G+1","Survivor+1","Neutralize+1","Infinite Blades","Infinite Blades+1","Deadly Poison+1","Calculated Gamble+1","Calculated Gamble+1","Backflip","Grand Finale+1","Calculated Gamble+1","Well Laid Plans+1","Prepared+1","Tactician+1","Burst+1","Malaise+1","Reflex+1","Adrenaline+1","Master of Strategy+1"],"special_seed":0,"relics":["Ring of the Snake","War Paint","Ancient Tea Set","Pen Nib","Bag of Preparation","Dream Catcher","Empty Cage","Toxic Egg 2","Potion Belt","Mummified Hand","Orrery","Peace Pipe","Prayer Wheel","Oddly Smooth Stone","Paper Crane","Unceasing Top"],"potions_floor_usage":[51,51,56,56,56,56,56,56,56,56,56,56,56],"damage_taken":[{"damage":1.0,"enemies":"Cultist","floor":1.0,"turns":4.0},{"damage":0.0,"enemies":"2 Louse","floor":2.0,"turns":3.0},{"damage":0.0,"enemies":"Jaw Worm","floor":5.0,"turns":5.0},{"damage":40.0,"enemies":"3 Sentries","floor":6.0,"turns":10.0},{"damage":2.0,"enemies":"Lagavulin","floor":8.0,"turns":7.0},{"damage":0.0,"enemies":"Exordium Thugs","floor":12.0,"turns":4.0},{"damage":2.0,"enemies":"3 Louse","floor":13.0,"turns":6.0},{"damage":4.0,"enemies":"Gremlin Nob","floor":14.0,"turns":3.0},{"damage":1.0,"enemies":"Hexaghost","floor":16.0,"turns":9.0},{"damage":0.0,"enemies":"Spheric Guardian","floor":18.0,"turns":1.0},{"damage":0.0,"enemies":"2 Thieves","floor":21.0,"turns":1.0},{"damage":0.0,"enemies":"Cultist and Chosen","floor":24.0,"turns":3.0},{"damage":2.0,"enemies":"Centurion and Healer","floor":27.0,"turns":3.0},{"damage":0.0,"enemies":"Snake Plant","floor":29.0,"turns":3.0},{"damage":8.0,"enemies":"Slavers","floor":31.0,"turns":2.0},{"damage":0.0,"enemies":"Automaton","floor":33.0,"turns":4.0},{"damage":0.0,"enemies":"3 Darklings","floor":35.0,"turns":3.0},{"damage":0.0,"enemies":"3 Shapes","floor":37.0,"turns":1.0},{"damage":0.0,"enemies":"Mind Bloom Boss Battle","floor":39.0,"turns":3.0},{"damage":0.0,"enemies":"Reptomancer","floor":40.0,"turns":3.0},{"damage":0.0,"enemies":"Spire Growth","floor":42.0,"turns":3.0},{"damage":0.0,"enemies":"Sphere and 2 Shapes","floor":46.0,"turns":1.0},{"damage":0.0,"enemies":"Giant Head","floor":47.0,"turns":2.0},{"damage":0,"enemies":"Transient","floor":48,"turns":6},{"damage":0,"enemies":"Donu and Deca","floor":50,"turns":1},{"damage":9,"enemies":"Time Eater","floor":51,"turns":13},{"damage":0,"enemies":"Shield and Spear","floor":55,"turns":1},{"damage":19,"enemies":"The Heart","floor":56,"turns":5}],"seed_played":"-7460215599902836719","potions_obtained":[{"floor":1.0,"key":"Regen Potion"},{"floor":8.0,"key":"Poison Potion"},{"floor":12.0,"key":"SkillPotion"},{"floor":16.0,"key":"EntropicBrew"},{"floor":27.0,"key":"Dexterity Potion"},{"floor":29.0,"key":"Energy Potion"},{"floor":33.0,"key":"GhostInAJar"},{"floor":45.0,"key":"EntropicBrew"}],"is_trial":false,"path_per_floor":["M","M","$","?","M","E","R","E","T","?","R","M","M","E","R","B",null,"M","?","?","M","$","R","M","?","T","M","R","M","R","E","R","B",null,"M","$","M","?","?","E","R","M","T","R","?","M","E","M","R","B","B",null,"R","$","E","B",null],"character_chosen":"THE_SILENT","items_purchased":["Well Laid Plans","Toxic Egg 2","Paper Crane","Master of Strategy+1","Dexterity Potion","AttackPotion"],"campfire_rested":0,"item_purchase_floors":[22,22,54,54,54,54],"current_hp_per_floor":[58,58,58,58,58,33,33,31,31,13,13,13,11,7,7,6,47,47,47,47,47,47,47,47,47,47,45,45,45,45,37,37,37,54,54,54,54,54,54,54,54,54,54,54,54,54,54,54,54,54,45,56,56,56,56,37],"gold":48,"neow_bonus":"RANDOM_COMMON_RELIC","is_prod":false,"is_daily":false,"chose_seed":false,"campfire_upgraded":6,"win_rate":0,"timestamp":1554185980,"path_taken":["M","M","$","?","M","E","R","E","T","?","R","?","M","E","R","BOSS","M","?","?","?","$","R","M","?","T","M","R","M","R","E","R","BOSS","M","$","M","?","?","E","R","M","T","R","?","?","E","M","R","BOSS","BOSS","R","$","E","BOSS"],"build_version":"2019-01-23","purchased_purges":3,"victory":true,"max_hp_per_floor":[66,66,66,60,60,60,60,60,60,60,60,60,60,60,60,60,60,60,60,60,60,60,60,60,60,60,60,60,60,60,60,60,60,60,60,60,60,60,60,60,60,60,60,60,60,60,60,60,60,60,60,60,60,60,60,60],"card_choices":[{"not_picked":["Dagger Spray","Poisoned Stab"],"picked":"Infinite Blades","floor":1.0},{"not_picked":["Bane","Outmaneuver","PiercingWail"],"picked":"SKIP","floor":2.0},{"not_picked":["All Out Attack","Choke"],"picked":"Infinite Blades","floor":5.0},{"not_picked":["Eviscerate","Blade Dance"],"picked":"Deadly Poison","floor":6.0},{"not_picked":["Cloak And Dagger","Backstab"],"picked":"Calculated Gamble","floor":8.0},{"not_picked":["PiercingWail","Dodge and Roll"],"picked":"Calculated Gamble","floor":12.0},{"not_picked":["Acrobatics","Sucker Punch","Skewer"],"picked":"SKIP","floor":13.0},{"not_picked":["Acrobatics","Dagger Throw"],"picked":"Backflip","floor":14.0},{"not_picked":["Burst","Bullet Time"],"picked":"Grand Finale","floor":16.0},{"not_picked":["Setup","Masterful Stab","Bane"],"picked":"SKIP","floor":18.0},{"not_picked":["Poisoned Stab","Dagger Throw","Underhanded Strike"],"picked":"SKIP","floor":21.0},{"not_picked":["Unload","Infinite Blades+1","Deflect+1"],"picked":"SKIP","floor":24.0},{"not_picked":["Deadly Poison+1","Concentrate+1"],"picked":"Prepared+1","floor":27.0},{"not_picked":["Flying Knee","Outmaneuver+1"],"picked":"Tactician+1","floor":29.0},{"not_picked":["Blade Dance+1","Prepared+1"],"picked":"Burst+1","floor":31.0},{"not_picked":["Wraith Form v2","A Thousand Cuts"],"picked":"Malaise+1","floor":33.0},{"not_picked":["Backflip+1","Finisher"],"picked":"Reflex+1","floor":34.0},{"not_picked":["Bane","Poisoned Stab+1","Dodge and Roll+1"],"picked":"SKIP","floor":35.0},{"not_picked":["Phantasmal Killer+1","Terror+1","Skewer"],"picked":"SKIP","floor":37.0},{"not_picked":["Skewer","Riddle With Holes","Terror+1"],"picked":"SKIP","floor":40.0},{"not_picked":["Dodge and Roll+1","Deflect+1"],"picked":"Adrenaline+1","floor":42.0},{"not_picked":["Terror+1","PiercingWail+1","Dodge and Roll+1"],"picked":"SKIP","floor":42.0},{"not_picked":["Blade Dance+1","Slice","Choke"],"picked":"SKIP","floor":46.0},{"not_picked":["Deflect+1","Dagger Spray","Prepared+1"],"picked":"SKIP","floor":46.0},{"not_picked":["Underhanded Strike","Infinite Blades+1","Deadly Poison+1"],"picked":"SKIP","floor":47.0},{"not_picked":["Deadly Poison+1","Dodge and Roll+1","Bane"],"picked":"SKIP","floor":48},{"not_picked":["Venomology+1","Cloak And Dagger+1","Sucker Punch"],"picked":"SKIP","floor":48},{"not_picked":["Backflip+1","Setup+1","Dash+1"],"picked":"SKIP","floor":55}],"player_experience":4017467,"relics_obtained":[{"floor":6.0,"key":"Ancient Tea Set"},{"floor":8.0,"key":"Pen Nib"},{"floor":9.0,"key":"Bag of Preparation"},{"floor":14.0,"key":"Dream Catcher"},{"floor":26.0,"key":"Potion Belt"},{"floor":31.0,"key":"Mummified Hand"},{"floor":39.0,"key":"Peace Pipe"},{"floor":40.0,"key":"Prayer Wheel"},{"floor":47.0,"key":"Oddly Smooth Stone"},{"floor":55,"key":"Unceasing Top"}],"event_choices":[{"damage_healed":0.0,"max_hp_gain":0.0,"max_hp_loss":6.0,"gold_gain":0.0,"event_name":"Golden Idol","player_choice":"Lose Max HP","floor":4.0,"gold_loss":0.0,"damage_taken":0.0,"relics_obtained":["Golden Idol"]},{"damage_healed":0.0,"max_hp_gain":0.0,"max_hp_loss":0.0,"gold_gain":0.0,"event_name":"Shining Light","player_choice":"Entered Light","floor":10.0,"gold_loss":0.0,"damage_taken":18.0,"cards_upgraded":["Defend_G","Infinite Blades"]},{"damage_healed":0.0,"max_hp_gain":0.0,"max_hp_loss":0.0,"gold_gain":0.0,"event_name":"Ghosts","player_choice":"Ignored","floor":19.0,"gold_loss":0.0,"damage_taken":0.0},{"damage_healed":0.0,"max_hp_gain":0.0,"max_hp_loss":0.0,"gold_gain":0.0,"event_name":"Duplicator","player_choice":"Copied","floor":20.0,"gold_loss":0.0,"damage_taken":0.0,"cards_obtained":["Calculated Gamble"]},{"damage_healed":0.0,"max_hp_gain":0.0,"max_hp_loss":0.0,"gold_gain":0.0,"event_name":"The Mausoleum","player_choice":"Ignored","floor":25.0,"gold_loss":0.0,"damage_taken":0.0},{"damage_healed":0.0,"max_hp_gain":0.0,"max_hp_loss":0.0,"gold_gain":333.0,"event_name":"The Moai Head","player_choice":"Gave Idol","floor":38.0,"relics_lost":["Golden Idol"],"gold_loss":0.0,"damage_taken":0.0},{"damage_healed":0.0,"max_hp_gain":0.0,"max_hp_loss":0.0,"gold_gain":0.0,"event_name":"MindBloom","player_choice":"Fight","floor":39.0,"gold_loss":0.0,"damage_taken":0.0},{"damage_healed":0.0,"max_hp_gain":0.0,"max_hp_loss":0.0,"gold_gain":0.0,"event_name":"Lab","player_choice":"Got Potions","floor":45.0,"gold_loss":0.0,"damage_taken":0.0}],"is_beta":false,"boss_relics":[{"not_picked":["Fusion Hammer","Philosopher\u0027s Stone"],"picked":"Empty Cage"},{"not_picked":["Calling Bell","Black Star"],"picked":"Orrery"}],"items_purged_floors":[3,36,54],"is_endless":false,"potions_floor_spawned":[1,8,12,16,27,29,33,39,48],"ascension_level":20}