{"gold_per_floor":[109,123,123,123,135,135,146,146,192,204,204,222,238,20,20,118,118,138,38,54,54,69,69,79,79,79,79,89,89,89,122,122,221,271,285,285,88,99,110,110,110,110,133,156,183,208,220,243,255,267],"floor_reached":51,"playtime":1924,"items_purged":["Strike_G","Strike_G","Strike_G"],"score":788,"play_id":"c1128fe1-fc53-4f71-aa34-9f366f62156c","local_time":"20181030225248","is_ascension_mode":false,"campfire_choices":[{"data":"Poisoned Stab","floor":6.0,"key":"SMITH"},{"data":"Catalyst","floor":8.0,"key":"SMITH"},{"data":"Poisoned Stab","floor":11.0,"key":"SMITH"},{"data":"Neutralize","floor":15.0,"key":"SMITH"},{"data":"Envenom","floor":23.0,"key":"SMITH"},{"data":"Leg Sweep","floor":25.0,"key":"SMITH"},{"data":"Survivor","floor":27.0,"key":"SMITH"},{"data":"Defend_G","floor":30.0,"key":"SMITH"},{"data":"Backflip","floor":32.0,"key":"SMITH"},{"data":"Noxious Fumes","floor":40,"key":"SMITH"},{"data":"Envenom","floor":42,"key":"SMITH"},{"data":"Defend_G","floor":47,"key":"SMITH"},{"floor":49,"key":"REST"}],"neow_cost":"PERCENT_DAMAGE","seed_source_timestamp":44874639390185,"circlet_count":0,"master_deck":["Defend_G+1","Defend_G+1","Defend_G","Defend_G+1","Strike_G","Survivor+1","Neutralize+1","PiercingWail","Poisoned Stab+1","Leg Sweep+1","Catalyst+1","Poisoned Stab+1","Envenom+1","Backflip+1","Backflip+1","Dodge and Roll+1","Deflect+1","Backflip+1","Envenom+1","Deadly Poison+1","Noxious Fumes+1","Venomology","PiercingWail+1","Deadly Poison+1","PiercingWail+1"],"special_seed":0,"relics":["Ring of the Snake","Dream Catcher","Potion Belt","Velvet Choker","Vajra","Letter Opener","Anchor","Tiny House","MawBank"],"potions_floor_usage":[44,45,46,50,50,50,50],"damage_taken":[{"damage":0.0,"enemies":"2 Louse","floor":1.0,"turns":2.0},{"damage":0.0,"enemies":"Cultist","floor":2.0,"turns":4.0},{"damage":0.0,"enemies":"Small Slimes","floor":5.0,"turns":4.0},{"damage":20.0,"enemies":"Exordium Wildlife","floor":7.0,"turns":11.0},{"damage":3.0,"enemies":"Large Slime","floor":10.0,"turns":7.0},{"damage":0.0,"enemies":"Lots of Slimes","floor":12.0,"turns":6.0},{"damage":0.0,"enemies":"Blue Slaver","floor":13.0,"turns":4.0},{"damage":0.0,"enemies":"Hexaghost","floor":16.0,"turns":8.0},{"damage":0.0,"enemies":"Shell Parasite","floor":18.0,"turns":5.0},{"damage":0.0,"enemies":"Chosen","floor":20.0,"turns":4.0},{"damage":0.0,"enemies":"Snecko","floor":22.0,"turns":5.0},{"damage":0.0,"enemies":"Sentry and Sphere","floor":24.0,"turns":5.0},{"damage":0.0,"enemies":"Snake Plant","floor":28.0,"turns":4.0},{"damage":6.0,"enemies":"Slavers","floor":31.0,"turns":5.0},{"damage":62.0,"enemies":"Champ","floor":33.0,"turns":15.0},{"damage":0.0,"enemies":"3 Shapes","floor":35.0,"turns":5.0},{"damage":0.0,"enemies":"Orb Walker","floor":38.0,"turns":5.0},{"damage":3,"enemies":"Writhing Mass","floor":39,"turns":8},{"damage":0,"enemies":"3 Darklings","floor":44,"turns":5},{"damage":0,"enemies":"Maw","floor":45,"turns":6},{"damage":0,"enemies":"Transient","floor":46,"turns":5},{"damage":18,"enemies":"Spire Growth","floor":48,"turns":4},{"damage":0,"enemies":"Donu and Deca","floor":50,"turns":13}],"seed_played":"1320247736409478241","potions_obtained":[{"floor":1.0,"key":"Fire Potion"},{"floor":2.0,"key":"SpeedPotion"},{"floor":7.0,"key":"Dexterity Potion"},{"floor":13.0,"key":"SkillPotion"},{"floor":18.0,"key":"Fire Potion"},{"floor":20.0,"key":"Poison Potion"},{"floor":33.0,"key":"Strength Potion"},{"floor":34.0,"key":"Explosive Potion"},{"floor":35.0,"key":"PowerPotion"},{"floor":45,"key":"FearPotion"}],"is_trial":false,"path_per_floor":["M","M","?","?","M","R","M","R","T","M","R","M","M","$","R","B",null,"M","$","M","?","M","R","M","R","T","R","M","?","R","E","R","B",null,"M","?","$","M","M","R","?","R","T","M","M","M","R","M","R","B"],"character_chosen":"THE_SILENT","items_purchased":["Potion Belt","Noxious Fumes"],"campfire_rested":1,"item_purchase_floors":[14,37],"current_hp_per_floor":[49,49,49,49,49,49,29,29,29,26,26,26,26,26,26,26,70,70,70,70,70,70,70,70,70,70,70,70,70,70,64,64,2,75,75,75,75,75,72,72,72,72,72,72,72,72,72,54,75,75],"gold":279,"neow_bonus":"TRANSFORM_TWO_CARDS","is_prod":false,"is_daily":false,"chose_seed":false,"campfire_upgraded":12,"win_rate":0,"timestamp":1540911168,"path_taken":["M","M","?","?","M","R","M","R","T","?","R","M","M","$","R","BOSS","M","$","M","?","M","R","?","R","T","R","M","?","R","E","R","BOSS","M","?","$","M","M","R","?","R","T","M","M","?","R","M","R","BOSS"],"build_version":"2018-10-25v2","purchased_purges":3,"victory":true,"max_hp_per_floor":[70,70,70,70,70,70,70,70,70,70,70,70,70,70,70,70,70,70,70,70,70,70,70,70,70,70,70,70,70,70,70,70,70,75,75,75,75,75,75,75,75,75,75,75,75,75,75,75,75,75],"card_choices":[{"not_picked":["Flechettes","Bane","Outmaneuver"],"picked":"SKIP","floor":1.0},{"not_picked":["Flying Knee","Terror","Riddle With Holes"],"picked":"SKIP","floor":2.0},{"not_picked":["Backflip","Caltrops"],"picked":"Leg Sweep","floor":5.0},{"not_picked":["Blur","PiercingWail"],"picked":"Catalyst","floor":7.0},{"not_picked":["Quick Slash","Prepared"],"picked":"Poisoned Stab","floor":10.0},{"not_picked":["Sucker Punch","Cloak And Dagger","All Out Attack"],"picked":"SKIP","floor":12.0},{"not_picked":["Dodge and Roll","Dash","Poisoned Stab"],"picked":"SKIP","floor":13.0},{"not_picked":["Storm of Steel","Unload"],"picked":"Envenom","floor":16.0},{"not_picked":["Predator+1","Poisoned Stab"],"picked":"Backflip+1","floor":18.0},{"not_picked":["Dagger Spray+1","Deflect"],"picked":"Backflip+1","floor":20.0},{"not_picked":["Dagger Throw","Bane"],"picked":"Dodge and Roll+1","floor":22.0},{"not_picked":["Dodge and Roll","Tactician","All Out Attack"],"picked":"SKIP","floor":24.0},{"not_picked":["Terror","Predator+1"],"picked":"Deflect+1","floor":28.0},{"not_picked":["Caltrops","Flechettes"],"picked":"Backflip","floor":31.0},{"not_picked":["Doppelganger","Adrenaline"],"picked":"Envenom","floor":33.0},{"not_picked":["Poisoned Stab","Predator"],"picked":"Deadly Poison","floor":34.0},{"not_picked":["Cloak And Dagger","Setup+1","Poisoned Stab"],"picked":"SKIP","floor":35.0},{"not_picked":["Acrobatics","Sucker Punch+1"],"picked":"Venomology","floor":38.0},{"not_picked":["Backstab","Slice+1"],"picked":"PiercingWail+1","floor":39},{"not_picked":["Acrobatics+1","Escape Plan+1","Prepared+1"],"picked":"SKIP","floor":44},{"not_picked":["Acrobatics+1","Bane"],"picked":"Deadly Poison+1","floor":45},{"not_picked":["Predator+1","Dagger Spray","Blade Dance"],"picked":"SKIP","floor":46},{"not_picked":["Skewer+1","Deadly Poison","Blade Dance+1"],"picked":"SKIP","floor":48},{"not_picked":["Distraction","Tactician+1"],"picked":"PiercingWail+1","floor":49}],"player_experience":756785,"relics_obtained":[{"floor":9.0,"key":"Dream Catcher"},{"floor":26.0,"key":"Letter Opener"},{"floor":31.0,"key":"Anchor"},{"floor":43,"key":"MawBank"}],"event_choices":[{"damage_healed":0.0,"max_hp_gain":0.0,"max_hp_loss":0.0,"gold_gain":0.0,"event_name":"The Woman in Blue","player_choice":"Bought 0 Potions","floor":3.0,"gold_loss":0.0,"damage_taken":0.0},{"damage_healed":0.0,"max_hp_gain":0.0,"max_hp_loss":0.0,"gold_gain":0.0,"event_name":"Liars Game","player_choice":"Ignored","floor":4.0,"gold_loss":0.0,"damage_taken":0.0},{"damage_healed":0.0,"max_hp_gain":0.0,"max_hp_loss":0.0,"gold_gain":0.0,"event_name":"The Mausoleum","player_choice":"Opened","floor":21.0,"gold_loss":0.0,"damage_taken":0.0,"relics_obtained":["Vajra"]},{"damage_healed":0.0,"max_hp_gain":0.0,"max_hp_loss":0.0,"gold_gain":0.0,"event_name":"Cursed Tome","player_choice":"Ignored","floor":29.0,"gold_loss":0.0,"damage_taken":0.0},{"damage_healed":0.0,"max_hp_gain":0.0,"max_hp_loss":0.0,"gold_gain":0.0,"event_name":"Mysterious Sphere","player_choice":"Ignored","floor":36.0,"gold_loss":0.0,"damage_taken":0.0},{"damage_healed":0,"gold_gain":0,"player_choice":"Upgraded","damage_taken":0,"max_hp_gain":0,"max_hp_loss":0,"event_name":"Upgrade Shrine","floor":41,"gold_loss":0,"cards_upgraded":["Deadly Poison"]}],"is_beta":false,"boss_relics":[{"not_picked":["HoveringKite","Ring of the Serpent"],"picked":"Velvet Choker"},{"not_picked":["Fusion Hammer","White Beast Statue"],"picked":"Tiny House"}],"items_purged_floors":[14,19,37],"is_endless":false,"potions_floor_spawned":[1,2,7,13,18,20,33,35,45,48],"ascension_level":0}