{"gold_per_floor":[109,120,132,152,0,0,0,0,23,33,33,49,12,12,12,114,114,133,43,60,60,86,86,97,122,122,122,222,222,241,241,241,345,345,356,356,369,369,369,369,394,394,394,419,419,164,164,174,174,174],"floor_reached":51,"playtime":2121,"items_purged":["Strike_G"],"score":888,"play_id":"d0852be3-9f58-4efa-adc1-d444d6040f2b","local_time":"20181017153441","is_ascension_mode":false,"campfire_choices":[{"data":"Night Terror","floor":6.0,"key":"SMITH"},{"data":"Deadly Poison","floor":8.0,"key":"SMITH"},{"data":"Neutralize","floor":11,"key":"SMITH"},{"data":"Noxious Fumes","floor":15,"key":"SMITH"},{"data":"Wraith Form v2","floor":23,"key":"SMITH"},{"data":"Crippling Poison","floor":27,"key":"SMITH"},{"data":"Defend_G","floor":29,"key":"SMITH"},{"data":"Defend_G","floor":32,"key":"SMITH"},{"data":"Defend_G","floor":40,"key":"SMITH"},{"data":"Venomology","floor":42,"key":"SMITH"},{"data":"Venomology","floor":47,"key":"SMITH"},{"data":"Survivor","floor":49,"key":"SMITH"}],"neow_cost":"NONE","seed_source_timestamp":17847973772596,"circlet_count":0,"master_deck":["Defend_G+1","Defend_G+1","Defend_G+1","Defend_G+1","Defend_G+1","Strike_G","Survivor+1","Neutralize+1","Deadly Poison+1","Night Terror+1","Crippling Poison+1","Noxious Fumes+1","Wraith Form v2+1","PiercingWail+1","Bouncing Flask+1","Venomology+1","Concentrate+1","Venomology+1","Crippling Poison+1"],"special_seed":0,"relics":["Ring of the Snake","Orichalcum","Runic Pyramid","Anchor","Smiling Mask","Art of War","Turnip","Gremlin Horn","Runic Dome","Letter Opener","Omamori","Girya","Strange Spoon"],"potions_floor_usage":[16,28,28,33,35,37,41,44,44,45,48,50,50,50,50],"damage_taken":[{"damage":0.0,"enemies":"Cultist","floor":1.0,"turns":5.0},{"damage":0.0,"enemies":"Small Slimes","floor":2.0,"turns":4.0},{"damage":0.0,"enemies":"2 Louse","floor":3.0,"turns":3.0},{"damage":0.0,"enemies":"Red Slaver","floor":4.0,"turns":5.0},{"damage":0.0,"enemies":"Looter","floor":7.0,"turns":4.0},{"damage":4,"enemies":"Lots of Slimes","floor":10,"turns":4},{"damage":0,"enemies":"3 Louse","floor":12,"turns":4},{"damage":25,"enemies":"Slime Boss","floor":16,"turns":11},{"damage":0,"enemies":"Shell Parasite","floor":18,"turns":6},{"damage":0,"enemies":"3 Byrds","floor":20,"turns":4},{"damage":0,"enemies":"3 Cultists","floor":24,"turns":6},{"damage":0,"enemies":"Book of Stabbing","floor":25,"turns":8},{"damage":0,"enemies":"Colosseum Slavers","floor":28,"turns":4},{"damage":0,"enemies":"Colosseum Nobs","floor":28,"turns":5},{"damage":0,"enemies":"Centurion and Healer","floor":30,"turns":5},{"damage":0,"enemies":"Automaton","floor":33,"turns":14},{"damage":0,"enemies":"Orb Walker","floor":35,"turns":4},{"damage":0,"enemies":"3 Shapes","floor":37,"turns":4},{"damage":0,"enemies":"Giant Head","floor":41,"turns":10},{"damage":0,"enemies":"2 Orb Walkers","floor":44,"turns":7},{"damage":0,"enemies":"3 Darklings","floor":45,"turns":1},{"damage":4,"enemies":"4 Shapes","floor":48,"turns":3},{"damage":0,"enemies":"Donu and Deca","floor":50,"turns":8}],"seed_played":"3306745247274135005","potions_obtained":[{"floor":1.0,"key":"SkillPotion"},{"floor":4.0,"key":"SteroidPotion"},{"floor":10,"key":"Strength Potion"},{"floor":24,"key":"FearPotion"},{"floor":28,"key":"Weak Potion"},{"floor":30,"key":"SteroidPotion"},{"floor":33,"key":"LiquidBronze"}],"is_trial":false,"path_per_floor":["M","M","M","M","$","R","M","R","T","M","R","M","$","?","R","B",null,"M","?","M","?","T","R","M","E","T","R","?","R","M","?","R","B",null,"M","?","M","?","?","R","E","R","T","E","M","$","R","M","R","B"],"character_chosen":"THE_SILENT","items_purchased":["Night Terror","Noxious Fumes","Strange Spoon"],"campfire_rested":0,"item_purchase_floors":[5,13,46],"current_hp_per_floor":[70,70,70,70,70,70,70,70,70,66,66,66,66,52,52,27,70,70,70,70,70,70,70,70,70,70,70,70,70,70,70,70,70,70,70,70,70,66,66,66,66,66,66,66,66,66,66,66,66,66],"gold":174,"neow_bonus":"REMOVE_CARD","is_prod":false,"is_daily":false,"chose_seed":false,"campfire_upgraded":12,"win_rate":0,"timestamp":1539761681,"path_taken":["M","M","M","M","$","R","M","R","T","M","R","M","?","?","R","BOSS","M","?","M","?","?","R","?","E","T","R","?","R","M","?","R","BOSS","M","?","M","?","?","R","E","R","T","E","?","$","R","M","R","BOSS"],"build_version":"2018-10-11","purchased_purges":1,"victory":true,"max_hp_per_floor":[70,70,70,70,70,70,70,70,70,70,70,70,70,70,70,70,70,70,70,70,70,70,70,70,70,70,70,70,70,70,70,70,70,70,70,70,70,66,66,66,66,66,66,66,66,66,66,66,66,66],"card_choices":[{"not_picked":["Backstab","Riddle With Holes","Prepared"],"picked":"SKIP","floor":1.0},{"not_picked":["Deflect","Backstab"],"picked":"Deadly Poison","floor":2.0},{"not_picked":["Dash","Acrobatics"],"picked":"Backflip","floor":3.0},{"not_picked":["Dodge and Roll","Cloak And Dagger","Endless Agony"],"picked":"SKIP","floor":4.0},{"not_picked":["Flechettes","Flying Knee","Quick Slash"],"picked":"SKIP","floor":7.0},{"not_picked":["Dagger Spray","Outmaneuver","Underhanded Strike"],"picked":"SKIP","floor":10},{"not_picked":["Masterful Stab","Deflect"],"picked":"Crippling Poison","floor":12},{"not_picked":["Envenom","A Thousand Cuts"],"picked":"Wraith Form v2","floor":16},{"not_picked":["PiercingWail","Flying Knee","Cloak And Dagger"],"picked":"SKIP","floor":18},{"not_picked":["Flying Knee","Cloak And Dagger"],"picked":"PiercingWail","floor":18},{"not_picked":["Dodge and Roll","Eviscerate+1","Sucker Punch"],"picked":"SKIP","floor":20},{"not_picked":["Underhanded Strike","Crippling Poison","Distraction"],"picked":"SKIP","floor":24},{"not_picked":["Endless Agony","Expertise"],"picked":"Bouncing Flask+1","floor":25},{"not_picked":["Acrobatics","Blade Dance","Backflip"],"picked":"SKIP","floor":30},{"not_picked":["Doppelganger","Unload"],"picked":"Venomology","floor":33},{"not_picked":["Backstab","Distraction+1"],"picked":"Concentrate+1","floor":35},{"not_picked":["Dagger Throw","Underhanded Strike+1","Quick Slash"],"picked":"SKIP","floor":37},{"not_picked":["Blade Dance+1","Cloak And Dagger"],"picked":"Venomology","floor":41},{"not_picked":["Dodge and Roll","Dash"],"picked":"Crippling Poison+1","floor":44},{"not_picked":["Infinite Blades+1","Sucker Punch","PiercingWail"],"picked":"SKIP","floor":48}],"player_experience":289893,"relics_obtained":[{"floor":9.0,"key":"Orichalcum"},{"floor":22,"key":"Anchor"},{"floor":25,"key":"Smiling Mask"},{"floor":26,"key":"Art of War"},{"floor":28,"key":"Turnip"},{"floor":28,"key":"Gremlin Horn"},{"floor":41,"key":"Letter Opener"},{"floor":43,"key":"Omamori"},{"floor":44,"key":"Girya"}],"event_choices":[{"event_name":"Shining Light","player_choice":"Entered Light","floor":14,"damage_taken":0},{"event_name":"Designer","player_choice":"Full Service","floor":19,"damage_taken":0},{"event_name":"Beggar","player_choice":"Ignored","floor":21,"damage_taken":0},{"event_name":"Colosseum","player_choice":"Fight","floor":28,"damage_taken":0},{"event_name":"Colosseum","player_choice":"Fought Nobs","floor":28,"damage_taken":0},{"event_name":"Back to Basics","player_choice":"Elegance","floor":31,"damage_taken":0},{"event_name":"Wheel of Change","player_choice":"Full Heal","floor":36,"damage_taken":0},{"event_name":"Winding Halls","player_choice":"Max HP","floor":38,"damage_taken":0},{"event_name":"Falling","player_choice":"Removed Skill","floor":39,"damage_taken":0}],"is_beta":false,"boss_relics":[{"not_picked":["Fusion Hammer","Calling Bell"],"picked":"Runic Pyramid"},{"not_picked":["Lizard Tail","HoveringKite"],"picked":"Runic Dome"}],"items_purged_floors":[46],"is_endless":false,"potions_floor_spawned":[1,4,10,12,24,28,30,33,35,48],"ascension_level":0}