{"gold_per_floor":[113,123,48,60,20,20,48,48,48,65,65,65,77,77,77,143,143,160,173,173,173,188,188,215,229,229,65,65,77,93,178,178,244,244,257,272,288,188,188,188,216,224,224,251,260,345,345,387,387,387,387,387,387,32,60,60],"floor_reached":57,"playtime":3644,"items_purged":["Strike_G","Defend_G"],"score":3200,"play_id":"9e2f4f1d-dfd2-4a1e-b527-c56dce9fe3db","local_time":"20190129172113","is_ascension_mode":true,"campfire_choices":[{"data":"Expertise","floor":6.0,"key":"SMITH"},{"data":"Well Laid Plans","floor":8.0,"key":"SMITH"},{"data":"Grand Finale","floor":11.0,"key":"SMITH"},{"data":"Tactician","floor":15.0,"key":"SMITH"},{"data":"Neutralize","floor":23.0,"key":"SMITH"},{"data":"Tools of the Trade","floor":28.0,"key":"SMITH"},{"floor":32.0,"key":"RECALL"},{"data":"Impatience","floor":40.0,"key":"SMITH"},{"data":"Backflip","floor":47.0,"key":"SMITH"},{"floor":49.0,"key":"REST"},{"data":"Survivor","floor":53,"key":"SMITH"}],"neow_cost":"CURSE","seed_source_timestamp":21338220906526,"circlet_count":0,"master_deck":["AscendersBane","Defend_G","Defend_G","Defend_G","Defend_G","Survivor+1","Neutralize+1","Grand Finale+1","Expertise+1","Backflip+1","Well Laid Plans+1","Tactician+1","Tools of the Trade+1","Acrobatics+1","Impatience+1"],"special_seed":0,"relics":["Ring of the Snake","AscMod:CursedBank","AscMod:StarOfAscension","Darkstone Periapt","Meat on the Bone","Empty Cage","Kunai","Incense Burner","Bag of Preparation","Runic Dome","FossilizedHelix","Juzu Bracelet","Centennial Puzzle","Tingsha","ClockworkSouvenir","Strawberry"],"potions_floor_usage":[56,56],"damage_taken":[{"damage":2.0,"enemies":"2 Louse","floor":1.0,"turns":4.0},{"damage":0.0,"enemies":"Small Slimes","floor":2.0,"turns":2.0},{"damage":0.0,"enemies":"Cultist","floor":4.0,"turns":2.0},{"damage":17.0,"enemies":"3 Sentries","floor":7.0,"turns":5.0},{"damage":3.0,"enemies":"Exordium Wildlife","floor":10.0,"turns":3.0},{"damage":16.0,"enemies":"Exordium Thugs","floor":13.0,"turns":5.0},{"damage":3.0,"enemies":"Hexaghost","floor":16.0,"turns":8.0},{"damage":1.0,"enemies":"theJungle:GiantWrat","floor":18.0,"turns":4.0},{"damage":11.0,"enemies":"theJungle:Flameango_and_Byrd","floor":19.0,"turns":3.0},{"damage":0.0,"enemies":"JungleHuntersEvent","floor":20.0,"turns":2.0},{"damage":11.0,"enemies":"theJungle:JungleHuntersEncounter","floor":22.0,"turns":3.0},{"damage":0.0,"enemies":"theJungle:MamaSnecko","floor":24.0,"turns":4.0},{"damage":3.0,"enemies":"Snake Plant","floor":25.0,"turns":5.0},{"damage":0.0,"enemies":"theJungle:SlimyTreeVines","floor":29.0,"turns":5.0},{"damage":0.0,"enemies":"theJungle:JungleHuntersEncounter","floor":30.0,"turns":3.0},{"damage":3.0,"enemies":"theJungle:QueenSpyder","floor":33.0,"turns":8.0},{"damage":0.0,"enemies":"Orb Walker","floor":35.0,"turns":2.0},{"damage":0.0,"enemies":"3 Shapes","floor":36.0,"turns":1.0},{"damage":0.0,"enemies":"Transient","floor":37.0,"turns":6.0},{"damage":19.0,"enemies":"Nemesis","floor":41.0,"turns":3.0},{"damage":0.0,"enemies":"3 Darklings","floor":42.0,"turns":1.0},{"damage":0.0,"enemies":"Reptomancer","floor":44.0,"turns":4.0},{"damage":0.0,"enemies":"Maw","floor":45.0,"turns":2.0},{"damage":0.0,"enemies":"Mind Bloom Boss Battle","floor":46.0,"turns":3.0},{"damage":0,"enemies":"Awakened One","floor":50,"turns":3},{"damage":0,"enemies":"Donu and Deca","floor":51,"turns":3},{"damage":0,"enemies":"Shield and Spear","floor":55,"turns":1},{"damage":59,"enemies":"The Heart","floor":56,"turns":8}],"seed_played":"5895247982725171076","potions_obtained":[{"floor":1.0,"key":"Strength Potion"},{"floor":10.0,"key":"Energy Potion"},{"floor":13.0,"key":"Swift Potion"},{"floor":18.0,"key":"AttackPotion"},{"floor":22.0,"key":"Poison Potion"},{"floor":42.0,"key":"Poison Potion"}],"is_trial":false,"path_per_floor":["M","M","?","M","$","R","E","R","T","M","R","?","M","?","R","B",null,"M","M","?","?","M","R","E","M","T","$","R","M","M","?","R","B",null,"M","M","M","$","?","R","E","M","T","E","M","?","R","?","R","B","B",null,"R","$","E","B",null],"character_chosen":"THE_SILENT","items_purchased":["Well Laid Plans","Bag of Preparation","ClockworkSouvenir"],"campfire_rested":1,"item_purchase_floors":[5,27,54],"current_hp_per_floor":[57,57,57,57,57,57,40,40,40,37,37,30,26,26,26,35,58,57,46,46,46,35,35,35,44,44,44,44,47,47,28,28,37,59,59,59,59,59,49,49,42,42,42,42,42,42,42,42,61,61,61,65,65,65,72,25],"gold":60,"neow_bonus":"THREE_RARE_CARDS","is_prod":false,"is_daily":false,"chose_seed":false,"campfire_upgraded":9,"win_rate":0,"timestamp":1548753673,"path_taken":["M","M","?","M","$","R","E","R","T","M","R","?","M","?","R","BOSS","M","M","?","?","?","R","E","M","T","$","R","?","M","?","R","BOSS","M","M","M","$","?","R","E","M","T","E","M","?","R","?","R","BOSS","BOSS","R","$","E","BOSS"],"build_version":"2019-01-23","purchased_purges":2,"victory":true,"max_hp_per_floor":[66,66,66,66,66,66,66,66,66,66,66,66,66,66,66,66,66,66,66,66,66,66,66,66,66,66,66,66,66,66,66,66,66,66,66,66,66,66,66,66,66,66,66,66,66,66,66,66,66,66,66,66,66,66,73,73],"card_choices":[{"not_picked":["Tools of the Trade","After Image"],"picked":"Grand Finale","floor":0.0},{"not_picked":["Deflect","Cloak And Dagger"],"picked":"Expertise","floor":1.0},{"not_picked":["Flying Knee","Outmaneuver"],"picked":"Backflip","floor":2.0},{"not_picked":["Blade Dance","All Out Attack","PiercingWail"],"picked":"SKIP","floor":4.0},{"not_picked":["Underhanded Strike","Slice","Bane"],"picked":"SKIP","floor":7.0},{"not_picked":["Terror","Outmaneuver","Footwork"],"picked":"SKIP","floor":10.0},{"not_picked":["Masterful Stab","Unload"],"picked":"Tactician","floor":13.0},{"not_picked":["Quick Slash","Dagger Throw+1","Riddle With Holes"],"picked":"SKIP","floor":18.0},{"not_picked":["Backflip","Quick Slash","Dodge and Roll"],"picked":"SKIP","floor":19.0},{"not_picked":["All Out Attack","Choke","Blur"],"picked":"SKIP","floor":22.0},{"not_picked":["Dagger Spray","Quick Slash","Setup"],"picked":"SKIP","floor":24.0},{"not_picked":["Dagger Throw","Riddle With Holes+1","Quick Slash"],"picked":"SKIP","floor":25.0},{"not_picked":["Sucker Punch","Dagger Spray","Setup"],"picked":"SKIP","floor":29.0},{"not_picked":["Sucker Punch","Dagger Spray","Setup"],"picked":"SKIP","floor":29.0},{"not_picked":["Blur","Endless Agony","Eviscerate"],"picked":"SKIP","floor":30.0},{"not_picked":["Blur","Endless Agony","Eviscerate"],"picked":"SKIP","floor":30.0},{"not_picked":["Dagger Spray","All Out Attack","Blur"],"picked":"SKIP","floor":35.0},{"not_picked":["Infinite Blades","Accuracy"],"picked":"Acrobatics+1","floor":36.0},{"not_picked":["Infinite Blades+1","Deflect+1","Prepared"],"picked":"SKIP","floor":37.0},{"not_picked":["Enlightenment","Bandage Up"],"picked":"Impatience","floor":39.0},{"not_picked":["Deflect","Leg Sweep","Deadly Poison+1"],"picked":"SKIP","floor":41.0},{"not_picked":["Endless Agony+1","Cloak And Dagger","Masterful Stab"],"picked":"SKIP","floor":42.0},{"not_picked":["Flying Knee+1","Well Laid Plans","Deflect+1"],"picked":"SKIP","floor":44.0},{"not_picked":["Predator","Flying Knee","Slice"],"picked":"SKIP","floor":45.0},{"not_picked":["Catalyst","All Out Attack","Unload"],"picked":"SKIP","floor":55}],"player_experience":2376253,"relics_obtained":[{"floor":7.0,"key":"Darkstone Periapt"},{"floor":9.0,"key":"Meat on the Bone"},{"floor":20.0,"key":"Kunai"},{"floor":24.0,"key":"Incense Burner"},{"floor":41.0,"key":"FossilizedHelix"},{"floor":43.0,"key":"Juzu Bracelet"},{"floor":44.0,"key":"Centennial Puzzle"},{"floor":46.0,"key":"Tingsha"},{"floor":55,"key":"Strawberry"}],"event_choices":[{"cards_removed":["Regret"],"damage_healed":0.0,"max_hp_gain":0.0,"max_hp_loss":0.0,"gold_gain":0.0,"event_name":"The Cleric","player_choice":"Card Removal","floor":3.0,"gold_loss":75.0,"damage_taken":0.0},{"cards_removed":["Strike_G"],"damage_healed":0.0,"max_hp_gain":0.0,"max_hp_loss":0.0,"gold_gain":0.0,"event_name":"Golden Wing","player_choice":"Card Removal","floor":12.0,"gold_loss":0.0,"damage_taken":7.0},{"damage_healed":0.0,"max_hp_gain":0.0,"max_hp_loss":0.0,"gold_gain":0.0,"cards_transformed":["Strike_G"],"event_name":"Transmorgrifier","player_choice":"Transformed","floor":14.0,"gold_loss":0.0,"damage_taken":0.0,"cards_obtained":["Tools of the Trade"]},{"damage_healed":0.0,"max_hp_gain":0.0,"max_hp_loss":0.0,"gold_gain":0.0,"event_name":"Match and Keep!","player_choice":"0 cards matched","floor":21.0,"gold_loss":0.0,"damage_taken":0.0,"cards_obtained":[]},{"damage_healed":0.0,"max_hp_gain":0.0,"max_hp_loss":0.0,"gold_gain":0.0,"event_name":"SensoryStone","player_choice":"Memory 3","floor":39.0,"gold_loss":0.0,"damage_taken":10.0},{"damage_healed":0.0,"max_hp_gain":0.0,"max_hp_loss":0.0,"gold_gain":0.0,"event_name":"MindBloom","player_choice":"Fight","floor":46.0,"gold_loss":0.0,"damage_taken":0.0},{"damage_healed":0.0,"max_hp_gain":0.0,"max_hp_loss":0.0,"gold_gain":50.0,"event_name":"Golden Shrine","player_choice":"Pray","floor":48.0,"gold_loss":0.0,"damage_taken":0.0}],"is_beta":false,"boss_relics":[{"not_picked":["WristBlade","Sozu"],"picked":"Empty Cage"},{"not_picked":["White Beast Statue","Philosopher\u0027s Stone"],"picked":"Runic Dome"}],"items_purged_floors":[38,54],"is_endless":false,"potions_floor_spawned":[1,10,13,16,18,22,25,30,33,37,42,44,45],"ascension_level":22}