{"gold_per_floor":[119,2,2,2,16,16,16,16,41,75,75,87,87,105,105,183,183,199,114,129,147,7,7,21,55,55,83,99,99,115,115,115,189,239,259,134,356,15,15,15,27,27,78,113,113,113,129,229,229,229,229,229,229,32,62,62],"floor_reached":57,"playtime":4332,"items_purged":["Strike_G","Strike_G","Defend_G","Defend_G","Defend_G"],"score":2892,"play_id":"3bf30bf4-f1e0-4e51-8abc-d347d6e947c6","local_time":"20190210220159","is_ascension_mode":true,"campfire_choices":[{"data":"Poisoned Stab","floor":6.0,"key":"SMITH"},{"data":"Crippling Poison","floor":8.0,"key":"SMITH"},{"data":"Deadly Poison","floor":13.0,"key":"SMITH"},{"data":"Neutralize","floor":15.0,"key":"SMITH"},{"data":"Well Laid Plans","floor":23.0,"key":"SMITH"},{"data":"Footwork","floor":29.0,"key":"SMITH"},{"data":"Malaise","floor":32.0,"key":"SMITH"},{"data":"Acrobatics","floor":40.0,"key":"SMITH"},{"data":"Night Terror","floor":42.0,"key":"SMITH"},{"data":"Caltrops","floor":46.0,"key":"SMITH"},{"floor":49.0,"key":"RECALL"},{"data":"Finesse","floor":53.0,"key":"SMITH"}],"neow_cost":"TEN_PERCENT_HP_LOSS","seed_source_timestamp":43937499560218,"circlet_count":0,"master_deck":["AscendersBane","Defend_G","Survivor+1","Neutralize+1","Crippling Poison+1","PiercingWail","Backstab","Footwork+1","Poisoned Stab+1","Caltrops+1","Deadly Poison+1","Night Terror+1","Malaise+1","Acrobatics+1","Well Laid Plans+1","Backflip+1","Finesse+1"],"special_seed":0,"relics":["Ring of the Snake","Lantern","Oddly Smooth Stone","Busted Crown","Sundial","Bottled Lightning","Red Mask","Tiny House","Membership Card","Strawberry","Letter Opener","Torii","PrismaticShard","Paper Crane"],"potions_floor_usage":[56,56],"damage_taken":[{"damage":0.0,"enemies":"2 Louse","floor":1.0,"turns":3.0},{"damage":0.0,"enemies":"Small Slimes","floor":5.0,"turns":6.0},{"damage":13.0,"enemies":"Lagavulin","floor":10.0,"turns":6.0},{"damage":0.0,"enemies":"Cultist","floor":12.0,"turns":2.0},{"damage":0.0,"enemies":"3 Louse","floor":14.0,"turns":2.0},{"damage":4.0,"enemies":"The Guardian","floor":16.0,"turns":9.0},{"damage":10.0,"enemies":"Spheric Guardian","floor":18.0,"turns":7.0},{"damage":3.0,"enemies":"Shell Parasite","floor":20.0,"turns":5.0},{"damage":6.0,"enemies":"Snake Plant","floor":21.0,"turns":5.0},{"damage":8.0,"enemies":"Snecko","floor":24.0,"turns":5.0},{"damage":0.0,"enemies":"Book of Stabbing","floor":25.0,"turns":7.0},{"damage":1.0,"enemies":"Masked Bandits","floor":27.0,"turns":4.0},{"damage":2.0,"enemies":"Centurion and Healer","floor":28.0,"turns":6.0},{"damage":0.0,"enemies":"Chosen and Byrds","floor":30.0,"turns":4.0},{"damage":3.0,"enemies":"Champ","floor":33.0,"turns":19.0},{"damage":0.0,"enemies":"Orb Walker","floor":35.0,"turns":4.0},{"damage":0.0,"enemies":"3 Shapes","floor":41.0,"turns":3.0},{"damage":0.0,"enemies":"Giant Head","floor":44.0,"turns":5.0},{"damage":6.0,"enemies":"Writhing Mass","floor":47.0,"turns":4.0},{"damage":0.0,"enemies":"Mind Bloom Boss Battle","floor":48.0,"turns":6.0},{"damage":2.0,"enemies":"Awakened One","floor":50.0,"turns":5.0},{"damage":6.0,"enemies":"Donu and Deca","floor":51.0,"turns":8.0},{"damage":11.0,"enemies":"Shield and Spear","floor":55.0,"turns":5.0},{"damage":0,"enemies":"The Heart","floor":56,"turns":9}],"seed_played":"-1642963270771379420","potions_obtained":[{"floor":10.0,"key":"Regen Potion"},{"floor":12.0,"key":"Ancient Potion"},{"floor":27.0,"key":"SpeedPotion"},{"floor":28.0,"key":"Ancient Potion"},{"floor":30.0,"key":"GhostInAJar"},{"floor":33.0,"key":"Dexterity Potion"},{"floor":34.0,"key":"GhostInAJar"}],"is_trial":false,"path_per_floor":["M","$","?","?","M","R","?","R","T","E","$","M","R","M","R","B",null,"M","?","M","M","$","R","M","E","T","?","M","R","M","?","R","B",null,"M","$","?","$","?","R","M","R","T","E","?","R","M","?","R","B","B",null,"R","$","E","B",null],"character_chosen":"THE_SILENT","items_purchased":["Footwork","Well Laid Plans","Membership Card","Finesse","PrismaticShard"],"campfire_rested":0,"item_purchase_floors":[2,22,38,38,54],"current_hp_per_floor":[59,59,59,59,59,59,59,59,59,46,46,46,46,46,46,42,56,60,60,57,51,51,51,43,43,43,42,40,40,40,40,40,37,59,59,59,59,59,59,59,59,59,66,66,66,66,60,60,60,58,52,67,67,67,56,56],"gold":62,"neow_bonus":"TRANSFORM_TWO_CARDS","is_prod":false,"is_daily":false,"chose_seed":false,"campfire_upgraded":11,"win_rate":0,"timestamp":1549807319,"path_taken":["M","$","?","?","M","R","?","R","T","E","$","M","R","M","R","BOSS","M","?","M","M","$","R","M","E","T","?","M","R","M","?","R","BOSS","M","$","?","$","?","R","?","R","T","E","?","R","?","?","R","BOSS","BOSS","R","$","E","BOSS"],"build_version":"2019-01-23","purchased_purges":5,"victory":true,"max_hp_per_floor":[60,60,60,60,60,60,60,60,60,60,60,60,60,60,60,60,60,60,60,60,60,60,60,60,60,60,60,60,60,60,60,60,60,65,65,65,65,65,65,65,65,65,72,72,72,72,72,72,72,72,72,72,72,72,72,72],"card_choices":[{"not_picked":["Underhanded Strike","Sucker Punch"],"picked":"Backstab","floor":1.0},{"not_picked":["Flying Knee","Deflect"],"picked":"Poisoned Stab","floor":5.0},{"not_picked":["Slice","Flechettes"],"picked":"Caltrops","floor":10.0},{"not_picked":["Terror","Heel Hook"],"picked":"Deadly Poison","floor":12.0},{"not_picked":["Cloak And Dagger","Dagger Spray"],"picked":"Night Terror","floor":14.0},{"not_picked":["Night Terror","Die Die Die"],"picked":"Malaise","floor":16.0},{"not_picked":["Concentrate"],"picked":"SKIP","floor":18.0},{"not_picked":["Flying Knee"],"picked":"SKIP","floor":20.0},{"not_picked":[],"picked":"Acrobatics","floor":21.0},{"not_picked":["Deadly Poison"],"picked":"SKIP","floor":24.0},{"not_picked":["Glass Knife"],"picked":"SKIP","floor":25.0},{"not_picked":["Concentrate"],"picked":"SKIP","floor":28.0},{"not_picked":["Flying Knee"],"picked":"SKIP","floor":30.0},{"not_picked":[],"picked":"Backflip+1","floor":34.0},{"not_picked":["PiercingWail"],"picked":"SKIP","floor":35.0},{"not_picked":["Terror"],"picked":"SKIP","floor":41.0},{"not_picked":["Underhanded Strike+1"],"picked":"SKIP","floor":44.0},{"not_picked":["Deadly Poison"],"picked":"SKIP","floor":47.0},{"not_picked":["Dodge and Roll"],"picked":"SKIP","floor":55.0}],"player_experience":2589784,"relics_obtained":[{"floor":9.0,"key":"Lantern"},{"floor":10.0,"key":"Oddly Smooth Stone"},{"floor":25.0,"key":"Bottled Lightning"},{"floor":27.0,"key":"Red Mask"},{"floor":43.0,"key":"Strawberry"},{"floor":44.0,"key":"Letter Opener"},{"floor":48.0,"key":"Torii"},{"floor":55.0,"key":"Paper Crane"}],"event_choices":[{"cards_removed":["Strike_G"],"damage_healed":0.0,"max_hp_gain":0.0,"max_hp_loss":0.0,"gold_gain":0.0,"event_name":"Living Wall","player_choice":"Forget","floor":3.0,"gold_loss":0.0,"damage_taken":0.0},{"damage_healed":0.0,"max_hp_gain":0.0,"max_hp_loss":0.0,"gold_gain":0.0,"event_name":"Liars Game","player_choice":"Ignored","floor":4.0,"gold_loss":0.0,"damage_taken":0.0},{"damage_healed":0.0,"max_hp_gain":0.0,"max_hp_loss":0.0,"gold_gain":0.0,"event_name":"Dead Adventurer","player_choice":"Searched \u00270\u0027 times","floor":7.0,"gold_loss":0.0,"damage_taken":0.0},{"damage_healed":0.0,"max_hp_gain":0.0,"max_hp_loss":0.0,"gold_gain":0.0,"event_name":"Addict","player_choice":"Obtained Relic","floor":19.0,"gold_loss":85.0,"damage_taken":0.0,"relics_obtained":["Sundial"]},{"damage_healed":0.0,"max_hp_gain":0.0,"max_hp_loss":0.0,"gold_gain":0.0,"event_name":"Masked Bandits","player_choice":"Fought Bandits","floor":27.0,"gold_loss":0.0,"damage_taken":0.0},{"cards_removed":["Strike_G"],"damage_healed":0.0,"max_hp_gain":0.0,"max_hp_loss":0.0,"gold_gain":0.0,"event_name":"Purifier","player_choice":"Purged","floor":31.0,"gold_loss":0.0,"damage_taken":0.0},{"damage_healed":0.0,"max_hp_gain":0.0,"max_hp_loss":0.0,"gold_gain":222.0,"event_name":"Tomb of Lord Red Mask","player_choice":"Wore Mask","floor":37.0,"gold_loss":0.0,"damage_taken":0.0},{"damage_healed":0.0,"max_hp_gain":0.0,"max_hp_loss":0.0,"gold_gain":0.0,"event_name":"SecretPortal","player_choice":"Ignored","floor":39.0,"gold_loss":0.0,"damage_taken":0.0},{"damage_healed":0.0,"max_hp_gain":0.0,"max_hp_loss":0.0,"gold_gain":0.0,"event_name":"Lab","player_choice":"Got Potions","floor":45.0,"gold_loss":0.0,"damage_taken":0.0},{"damage_healed":0.0,"max_hp_gain":0.0,"max_hp_loss":0.0,"gold_gain":0.0,"event_name":"MindBloom","player_choice":"Fight","floor":48.0,"gold_loss":0.0,"damage_taken":0.0}],"is_beta":false,"boss_relics":[{"not_picked":["Runic Dome","Eternal Feather"],"picked":"Busted Crown"},{"not_picked":["Pandora\u0027s Box","Lizard Tail"],"picked":"Tiny House"}],"items_purged_floors":[2,22,36,38,54],"is_endless":false,"potions_floor_spawned":[10,12,14,16,27,28,30,33,41,44,47],"ascension_level":20}