{"gold_per_floor":[119,137,137,151,326,326,353,353,353,368,16,16],"floor_reached":12,"playtime":1984,"items_purged":[],"score":103,"play_id":"67bc20ee-8c33-40fd-9f3e-f50aa74d20cf","local_time":"20190802071950","is_ascension_mode":false,"campfire_choices":[{"data":"Flame Barrier","floor":6,"key":"SMITH"}],"neow_cost":"CURSE","seed_source_timestamp":380758418124600,"circlet_count":0,"master_deck":["Strike_R","Strike_R","Strike_R","Strike_R","Strike_R","Defend_R","Defend_R","Defend_R","Defend_R","Bash","Normality","Anger","Twin Strike","Flame Barrier+1","Doubt","Clothesline","Double Tap","Shrug It Off","Secret Technique","Double Tap","Clothesline"],"relics":["Burning Blood","Question Card","Pocketwatch","Golden Idol","Ornamental Fan"],"potions_floor_usage":[],"damage_taken":[{"damage":6,"enemies":"Cultist","floor":1,"turns":3},{"damage":0,"enemies":"2 Louse","floor":2,"turns":2},{"damage":16,"enemies":"Jaw Worm","floor":4,"turns":4},{"damage":46,"enemies":"Lagavulin","floor":7,"turns":9},{"damage":18,"enemies":"Large Slime","floor":10,"turns":7},{"damage":11,"enemies":"Lots of Slimes","floor":12,"turns":4}],"seed_played":"-8697722150483262202","potions_obtained":[{"floor":4,"key":"EntropicBrew"},{"floor":10,"key":"LiquidBronze"}],"is_trial":false,"path_per_floor":["M","M","T","M","?","R","E","?","T","M","$","M"],"character_chosen":"IRONCLAD","items_purchased":["Shrug It Off","Secret Technique","Double Tap","Clothesline"],"campfire_rested":0,"item_purchase_floors":[11,11,11,11],"current_hp_per_floor":[96,96,96,86,86,86,46,22,22,10,10,0],"gold":16,"neow_bonus":"TWENTY_PERCENT_HP_BONUS","is_prod":false,"is_daily":false,"chose_seed":false,"campfire_upgraded":1,"win_rate":0.0,"timestamp":1564751990,"path_taken":["M","M","?","?","?","R","E","?","T","M","$","M"],"build_version":"2019-07-17","purchased_purges":0,"victory":false,"max_hp_per_floor":[96,96,96,96,96,96,96,96,96,96,96,96],"card_choices":[{"not_picked":["Cleave","Pommel Strike"],"picked":"Anger","floor":1},{"not_picked":["Flex","Seeing Red"],"picked":"Twin Strike","floor":2},{"not_picked":["Clothesline","Thunderclap","Blood for Blood"],"picked":"Flame Barrier","floor":4},{"not_picked":["Bloodletting","Warcry","Body Slam"],"picked":"Clothesline","floor":7},{"not_picked":["Uppercut","Cleave","Anger"],"picked":"Double Tap","floor":10}],"player_experience":2880,"relics_obtained":[{"floor":3,"key":"Question Card"},{"floor":7,"key":"Pocketwatch"},{"floor":9,"key":"Ornamental Fan"}],"event_choices":[{"damage_healed":0,"gold_gain":175,"player_choice":"AGREE","damage_taken":0,"max_hp_gain":0,"max_hp_loss":0,"event_name":"Liars Game","floor":5,"gold_loss":0,"cards_obtained":["Doubt"]},{"damage_healed":0,"gold_gain":0,"player_choice":"Take Damage","damage_taken":24,"relics_obtained":["Golden Idol"],"max_hp_gain":0,"max_hp_loss":0,"event_name":"Golden Idol","floor":8,"gold_loss":0}],"is_beta":false,"boss_relics":[],"items_purged_floors":[],"is_endless":false,"potions_floor_spawned":[4,10],"killed_by":"Lots of Slimes","ascension_level":0}