{"gold_per_floor":[119,33,33,43,53,53,84,96,186,198,223,251,263,301,313,399,411,435,462,214,214,224,235,260,185,258,258,258,84,84,100,100,175,175,185,199,219,232,232,232,232,232,232,232,57,67,0,14,14,14],"floor_reached":51,"playtime":1098,"items_purged":["Strike_B","Normality"],"score":1294,"play_id":"1245cfb0-f987-4607-b44d-75de38ace459","local_time":"20190201052130","is_ascension_mode":true,"campfire_choices":[{"data":"Defragment","floor":6,"key":"SMITH"},{"data":"Defragment","floor":8,"key":"SMITH"},{"data":"Dualcast","floor":13,"key":"SMITH"},{"data":"Zap","floor":15,"key":"SMITH"},{"floor":28,"key":"REST"},{"data":"Apotheosis","floor":30,"key":"SMITH"},{"data":"Loop","floor":32,"key":"SMITH"},{"data":"Echo Form","floor":40,"key":"SMITH"},{"data":"Biased Cognition","floor":42,"key":"SMITH"},{"data":"Hologram","floor":44,"key":"SMITH"},{"data":"Echo Form","floor":49,"key":"SMITH"}],"neow_cost":"NONE","seed_source_timestamp":11997906537039,"circlet_count":0,"master_deck":["AscendersBane","Strike_B","Strike_B","Defend_B","Defend_B","Defend_B","Zap+1","Dualcast+1","Leap","Defragment+1","Defragment+1","Ball Lightning","Chill","Ball Lightning","Echo Form+1","Cold Snap+1","Chill+1","Apotheosis+1","Hologram+1","Echo Form+1","Fusion","Loop+1","Biased Cognition+1","Ball Lightning","Ball Lightning","Chill","Thunder Strike","Ball Lightning","Ball Lightning","Defragment+1"],"relics":["Cracked Core","NeowsBlessing","Bird Faced Urn","MawBank","Gremlin Horn","Ice Cream","Cursed Key","Strawberry","Meat on the Bone","Coffee Dripper","Red Mask"],"potions_floor_usage":[16,22,24,50,50],"damage_taken":[{"damage":0,"enemies":"Cultist","floor":1,"turns":1},{"damage":0,"enemies":"Small Slimes","floor":4,"turns":1},{"damage":0,"enemies":"2 Louse","floor":5,"turns":1},{"damage":11,"enemies":"Lagavulin","floor":7,"turns":7},{"damage":9,"enemies":"Large Slime","floor":11,"turns":4},{"damage":1,"enemies":"2 Fungi Beasts","floor":12,"turns":3},{"damage":16,"enemies":"3 Sentries","floor":14,"turns":6},{"damage":0,"enemies":"Slime Boss","floor":16,"turns":5},{"damage":12,"enemies":"Chosen","floor":18,"turns":4},{"damage":14,"enemies":"Shell Parasite","floor":19,"turns":5},{"damage":9,"enemies":"Cultist and Chosen","floor":22,"turns":6},{"damage":1,"enemies":"Centurion and Healer","floor":23,"turns":6},{"damage":33,"enemies":"Gremlin Leader","floor":24,"turns":6},{"damage":1,"enemies":"Sentry and Sphere","floor":31,"turns":6},{"damage":31,"enemies":"Collector","floor":33,"turns":7},{"damage":12,"enemies":"Orb Walker","floor":35,"turns":4},{"damage":0,"enemies":"3 Shapes","floor":36,"turns":5},{"damage":0,"enemies":"Sphere and 2 Shapes","floor":37,"turns":4},{"damage":18,"enemies":"3 Darklings","floor":38,"turns":4},{"damage":10,"enemies":"4 Shapes","floor":46,"turns":4},{"damage":9,"enemies":"Spire Growth","floor":48,"turns":4},{"damage":84,"enemies":"Donu and Deca","floor":50,"turns":7}],"seed_played":"-697937839555023246","potions_obtained":[{"floor":5,"key":"GamblersBrew"},{"floor":7,"key":"PowerPotion"},{"floor":18,"key":"SteroidPotion"},{"floor":31,"key":"PowerPotion"},{"floor":33,"key":"PowerPotion"}],"is_trial":false,"path_per_floor":["M","$","T","M","M","R","E","R","T","?","M","M","R","E","R","B",null,"M","M","$","?","M","M","E","?","T","?","R","$","R","M","R","B",null,"M","M","M","M","?","R","?","R","T","R","$","M","?","M","R","B",null],"character_chosen":"DEFECT","items_purchased":["Defragment","Apotheosis","Loop","Thunder Strike","Ball Lightning"],"campfire_rested":1,"item_purchase_floors":[2,20,29,45,45],"current_hp_per_floor":[64,64,64,66,68,68,60,60,60,65,60,63,63,51,51,63,73,68,62,62,40,39,44,26,26,26,26,52,52,52,65,65,50,79,85,88,88,84,84,84,84,84,84,84,84,78,78,77,77,26],"gold":14,"neow_bonus":"THREE_ENEMY_KILL","is_prod":false,"is_daily":false,"chose_seed":false,"campfire_upgraded":10,"win_rate":0,"timestamp":1548969690,"path_taken":["M","$","?","?","M","R","E","R","T","?","M","M","R","E","R","BOSS","M","M","$","?","M","M","E","?","T","?","R","$","R","M","R","BOSS","M","M","?","M","?","R","?","R","T","R","?","?","?","M","R","BOSS"],"build_version":"2019-01-23","purchased_purges":2,"victory":true,"max_hp_per_floor":[71,71,71,71,71,71,71,71,71,76,76,76,76,76,76,76,76,76,76,76,81,81,81,88,88,88,88,88,88,88,88,88,88,88,88,88,88,88,84,84,84,84,84,84,84,84,84,84,84,84],"card_choices":[{"not_picked":["Redo","Hello World"],"picked":"Leap","floor":1},{"not_picked":["Conserve Battery","Hologram"],"picked":"Defragment","floor":4},{"not_picked":["Barrage","Tempest"],"picked":"Ball Lightning","floor":5},{"not_picked":["Sunder","Compile Driver","Rebound"],"picked":"SKIP","floor":7},{"not_picked":["Coolheaded","Hyperbeam"],"picked":"Chill","floor":11},{"not_picked":["Barrage","Redo","Steam"],"picked":"SKIP","floor":12},{"not_picked":["Fusion","Undo"],"picked":"Ball Lightning","floor":14},{"not_picked":["Core Surge","Seek"],"picked":"Echo Form","floor":16},{"not_picked":["Conserve Battery","Streamline"],"picked":"Cold Snap+1","floor":18},{"not_picked":["Rebound","Coolheaded"],"picked":"Chill+1","floor":19},{"not_picked":["Rebound","Redo","Barrage+1"],"picked":"SKIP","floor":22},{"not_picked":["Redo","Beam Cell+1"],"picked":"Hologram","floor":23},{"not_picked":["BootSequence","Sunder+1"],"picked":"Echo Form","floor":24},{"not_picked":["Leap","Conserve Battery","Hologram"],"picked":"SKIP","floor":31},{"not_picked":["Seek","Multi-Cast"],"picked":"Biased Cognition","floor":33},{"not_picked":["Beam Cell","Ball Lightning","Gash"],"picked":"SKIP","floor":35},{"not_picked":["Beam Cell","Gash"],"picked":"Ball Lightning","floor":35},{"not_picked":["Hologram","Compile Driver","Barrage"],"picked":"SKIP","floor":36},{"not_picked":["Turbo+1","Reinforced Body"],"picked":"Ball Lightning","floor":37},{"not_picked":["Hologram","Fusion+1"],"picked":"Chill","floor":38},{"not_picked":["Chill","Melter"],"picked":"Ball Lightning","floor":46},{"not_picked":["Beam Cell","Coolheaded"],"picked":"Defragment+1","floor":48}],"player_experience":2441255,"relics_obtained":[{"floor":3,"key":"Bird Faced Urn"},{"floor":7,"key":"MawBank"},{"floor":9,"key":"Gremlin Horn"},{"floor":14,"key":"Ice Cream"},{"floor":24,"key":"Strawberry"},{"floor":26,"key":"Meat on the Bone"}],"event_choices":[{"damage_healed":0,"gold_gain":0,"player_choice":"Donut","damage_taken":0,"max_hp_gain":5,"max_hp_loss":0,"event_name":"Big Fish","floor":10,"gold_loss":0},{"damage_healed":0,"gold_gain":0,"player_choice":"Shed Blood","damage_taken":27,"max_hp_gain":5,"max_hp_loss":0,"event_name":"Forgotten Altar","floor":21,"gold_loss":0},{"cards_removed":["Strike_B"],"damage_healed":0,"gold_gain":0,"player_choice":"Gave Gold","damage_taken":0,"max_hp_gain":0,"max_hp_loss":0,"event_name":"Beggar","floor":25,"gold_loss":75},{"damage_healed":0,"gold_gain":0,"player_choice":"1 cards matched","damage_taken":0,"max_hp_gain":0,"max_hp_loss":0,"event_name":"Match and Keep!","floor":27,"gold_loss":0,"cards_obtained":["Fusion"]},{"damage_healed":0,"gold_gain":0,"player_choice":"Max HP","damage_taken":0,"max_hp_gain":0,"max_hp_loss":4,"event_name":"Winding Halls","floor":39,"gold_loss":0},{"cards_removed":["Defend_B"],"damage_healed":0,"gold_gain":0,"player_choice":"Removed Skill","damage_taken":0,"max_hp_gain":0,"max_hp_loss":0,"event_name":"Falling","floor":41,"gold_loss":0},{"damage_healed":0,"gold_gain":0,"player_choice":"Paid","damage_taken":0,"relics_obtained":["Red Mask"],"max_hp_gain":0,"max_hp_loss":0,"event_name":"Tomb of Lord Red Mask","floor":47,"gold_loss":67}],"is_beta":false,"boss_relics":[{"not_picked":["Runic Dome","Snecko Eye"],"picked":"Cursed Key"},{"not_picked":["Astrolabe","Busted Crown"],"picked":"Coffee Dripper"}],"items_purged_floors":[20,29],"is_endless":false,"potions_floor_spawned":[5,7,14,18,19,31,33,36,46],"ascension_level":16}