{"gold_per_floor":[19,19,19,30,30,30,63,63,137,168,180,206,218,155,167,275,287,312,324,336,27,40,40,40,40,40,79,79,99,99,99],"floor_reached":31,"playtime":1578,"items_purged":["Zap"],"score":488,"play_id":"9b1f933c-b0bb-4d3d-9ccb-552c3214ef5d","local_time":"20190526204118","is_ascension_mode":true,"campfire_choices":[{"data":"Chaos","floor":6.0,"key":"SMITH"},{"floor":11.0,"key":"REST"},{"data":"Capacitor","floor":13.0,"key":"SMITH"},{"data":"Seek","floor":15.0,"key":"SMITH"},{"data":"Chill","floor":23.0,"key":"SMITH"},{"data":"Consume","floor":25.0,"key":"SMITH"},{"floor":28.0,"key":"REST"}],"neow_cost":"NO_GOLD","seed_source_timestamp":24049316229230,"circlet_count":0,"master_deck":["AscendersBane","Strike_B+1","Defend_B+1","Defend_B+1","Defend_B+1","Defend_B+1","Dualcast","Gash","Capacitor+1","Coolheaded","Chaos+1","Compile Driver","Chill+1","Seek+1","Echo Form","Leap","Self Repair","Consume+1","Doubt","Barrage"],"special_seed":0,"relics":["Cracked Core","The Courier","Mango","Golden Idol","Mercury Hourglass","MawBank","Cursed Key","Bottled Lightning","Shuriken","Letter Opener","Bronze Scales"],"potions_floor_usage":[31],"damage_taken":[{"damage":11.0,"enemies":"Cultist","floor":1.0,"turns":4.0},{"damage":7.0,"enemies":"Jaw Worm","floor":4.0,"turns":5.0},{"damage":31.0,"enemies":"Lagavulin","floor":7.0,"turns":8.0},{"damage":10.0,"enemies":"3 Sentries","floor":10.0,"turns":8.0},{"damage":10.0,"enemies":"Small Slimes","floor":12.0,"turns":3.0},{"damage":4.0,"enemies":"The Guardian","floor":16.0,"turns":11.0},{"damage":8.0,"enemies":"Spheric Guardian","floor":18.0,"turns":5.0},{"damage":19.0,"enemies":"2 Thieves","floor":22.0,"turns":4.0},{"damage":39.0,"enemies":"Slavers","floor":27.0,"turns":6.0},{"damage":29.0,"enemies":"Cultist and Chosen","floor":29.0,"turns":7.0},{"damage":25,"enemies":"Book of Stabbing","floor":31,"turns":3}],"seed_played":"-4087740585720941442","potions_obtained":[{"floor":4.0,"key":"SkillPotion"},{"floor":10.0,"key":"Fire Potion"},{"floor":16.0,"key":"PowerPotion"},{"floor":29.0,"key":"Energy Potion"}],"is_trial":false,"path_per_floor":["M","$","T","M","$","R","E","?","T","E","R","M","R","?","R","B",null,"M","?","?","$","M","R","T","R","T","E","R","M","?","E"],"character_chosen":"DEFECT","items_purchased":["Self Repair","Bottled Lightning"],"campfire_rested":2,"item_purchase_floors":[21,21],"current_hp_per_floor":[53,53,53,46,46,46,29,29,29,19,42,32,32,32,32,28,65,57,57,57,57,45,45,45,45,45,13,36,21,21,0],"gold":99,"neow_bonus":"TRANSFORM_TWO_CARDS","is_prod":false,"is_daily":false,"chose_seed":false,"campfire_upgraded":5,"win_rate":0,"timestamp":1558896078,"path_taken":["M","?","?","?","$","R","E","?","T","E","R","M","R","?","R","BOSS","M","?","?","$","M","R","?","R","T","E","R","M","?","E"],"build_version":"2019-01-23","purchased_purges":1,"victory":false,"max_hp_per_floor":[71,71,71,71,71,71,85,77,77,77,77,77,77,77,77,77,77,77,77,77,77,77,77,77,77,77,77,77,77,77,77],"card_choices":[{"not_picked":["Turbo","Chaos"],"picked":"Coolheaded","floor":1.0},{"not_picked":["Melter","Steam Power"],"picked":"Chaos","floor":4.0},{"not_picked":["Consume","Beam Cell"],"picked":"Compile Driver","floor":7.0},{"not_picked":["Genetic Algorithm","Loop"],"picked":"Chill","floor":10.0},{"not_picked":["Gash","Conserve Battery"],"picked":"Seek","floor":12.0},{"not_picked":["Hyperbeam","Electrodynamics"],"picked":"Echo Form","floor":16.0},{"not_picked":["Chaos","Stack"],"picked":"Leap","floor":18.0},{"not_picked":["Hello World","Turbo"],"picked":"Consume","floor":22.0},{"not_picked":["Conserve Battery","Chill","Coolheaded"],"picked":"SKIP","floor":27.0},{"not_picked":["Sunder","Sweeping Beam"],"picked":"Barrage","floor":29.0}],"player_experience":589354,"relics_obtained":[{"floor":3.0,"key":"The Courier"},{"floor":7.0,"key":"Mango"},{"floor":9.0,"key":"Mercury Hourglass"},{"floor":10.0,"key":"MawBank"},{"floor":24.0,"key":"Shuriken"},{"floor":26.0,"key":"Letter Opener"},{"floor":27.0,"key":"Bronze Scales"}],"event_choices":[{"damage_healed":0.0,"max_hp_gain":0.0,"max_hp_loss":8.0,"gold_gain":0.0,"event_name":"Golden Idol","player_choice":"Lose Max HP","floor":8.0,"gold_loss":0.0,"damage_taken":0.0,"relics_obtained":["Golden Idol"]},{"cards_removed":["Strike_B"],"damage_healed":0.0,"max_hp_gain":0.0,"max_hp_loss":0.0,"gold_gain":0.0,"event_name":"The Cleric","player_choice":"Card Removal","floor":14.0,"gold_loss":75.0,"damage_taken":0.0},{"damage_healed":0.0,"max_hp_gain":0.0,"max_hp_loss":0.0,"gold_gain":0.0,"event_name":"Ghosts","player_choice":"Ignored","floor":19.0,"gold_loss":0.0,"damage_taken":0.0},{"damage_healed":0.0,"max_hp_gain":0.0,"max_hp_loss":0.0,"gold_gain":0.0,"event_name":"Back to Basics","player_choice":"Simplicity","floor":20.0,"gold_loss":0.0,"damage_taken":0.0,"cards_upgraded":["Strike_B","Defend_B","Defend_B","Defend_B","Defend_B"]},{"cards_removed":["Normality"],"damage_healed":0.0,"max_hp_gain":0.0,"max_hp_loss":0.0,"gold_gain":0.0,"event_name":"Purifier","player_choice":"Purged","floor":30.0,"gold_loss":0.0,"damage_taken":0.0}],"is_beta":false,"boss_relics":[{"not_picked":["Busted Crown","Empty Cage"],"picked":"Cursed Key"}],"items_purged_floors":[21],"is_endless":false,"potions_floor_spawned":[4,10,16,18,29],"killed_by":"Book of Stabbing","ascension_level":18}