{"gold_per_floor":[115,131,147,166,316,316,316,328,328,147,147,159,159,176,176,253,253,266,90,109,122,147,147,147],"floor_reached":24,"playtime":481,"items_purged":["Doubt","Strike_B"],"score":405,"play_id":"dce02717-ffad-4224-8cc6-8efc7f580768","local_time":"20190221171038","is_ascension_mode":true,"campfire_choices":[{"data":"Hyperbeam","floor":6.0,"key":"SMITH"},{"data":"Coolheaded","floor":11.0,"key":"SMITH"},{"data":"Beam Cell","floor":13.0,"key":"SMITH"},{"data":"Hologram","floor":15.0,"key":"SMITH"},{"data":"Defragment","floor":23,"key":"SMITH"}],"neow_cost":"NONE","seed_source_timestamp":17969840822967,"circlet_count":0,"master_deck":["AscendersBane","Strike_B","Strike_B","Defend_B","Defend_B","Defend_B","Defend_B","Zap","Dualcast","Core Surge","Gash","Gash","Gash","Hyperbeam+1","Steam","Gash","Coolheaded+1","Beam Cell+1","Hologram+1","Core Surge","Scrape","Defragment+1","Sunder+1","Steam Power","Gash"],"special_seed":0,"relics":["Cracked Core","Matryoshka","Coffee Dripper","Red Mask"],"potions_floor_usage":[],"damage_taken":[{"damage":0.0,"enemies":"2 Louse","floor":1.0,"turns":3.0},{"damage":2.0,"enemies":"Jaw Worm","floor":2.0,"turns":2.0},{"damage":0.0,"enemies":"Cultist","floor":3.0,"turns":2.0},{"damage":15.0,"enemies":"Gremlin Gang","floor":4.0,"turns":4.0},{"damage":0.0,"enemies":"Exordium Wildlife","floor":8.0,"turns":2.0},{"damage":3.0,"enemies":"Blue Slaver","floor":12.0,"turns":2.0},{"damage":11.0,"enemies":"Looter","floor":14.0,"turns":2.0},{"damage":21.0,"enemies":"Hexaghost","floor":16.0,"turns":6.0},{"damage":15.0,"enemies":"Shell Parasite","floor":18.0,"turns":3.0},{"damage":2.0,"enemies":"Chosen","floor":20.0,"turns":3.0},{"damage":37.0,"enemies":"Snake Plant","floor":21.0,"turns":4.0},{"damage":0,"enemies":"Masked Bandits","floor":22,"turns":3},{"damage":8,"enemies":"Shelled Parasite and Fungi","floor":24,"turns":1}],"seed_played":"-2916473089623875928","potions_obtained":[{"floor":2.0,"key":"GamblersBrew"},{"floor":3.0,"key":"FocusPotion"},{"floor":8.0,"key":"FocusPotion"}],"is_trial":false,"path_per_floor":["M","M","M","M","?","R","?","M","T","$","R","M","R","M","R","B",null,"M","$","M","M","?","R","M"],"character_chosen":"DEFECT","items_purchased":["Gash","Coolheaded","Defragment"],"campfire_rested":0,"item_purchase_floors":[10,10,19],"current_hp_per_floor":[64,62,62,47,47,47,47,47,47,47,47,44,44,33,33,12,56,41,41,39,2,2,2,0],"gold":147,"neow_bonus":"ONE_RANDOM_RARE_CARD","is_prod":false,"is_daily":false,"chose_seed":false,"campfire_upgraded":5,"win_rate":0,"timestamp":1550740238,"path_taken":["M","M","M","M","?","R","?","?","T","$","R","M","R","M","R","BOSS","M","$","M","?","?","R","M"],"build_version":"2019-01-23","purchased_purges":2,"victory":false,"max_hp_per_floor":[71,71,71,71,71,71,71,71,71,71,71,71,71,71,71,71,71,71,71,71,71,71,71,71],"card_choices":[{"not_picked":["Conserve Battery","Hello World"],"picked":"Gash","floor":1.0},{"not_picked":["Ball Lightning","Beam Cell"],"picked":"Gash","floor":2.0},{"not_picked":["Sweeping Beam","Darkness"],"picked":"Gash","floor":3.0},{"not_picked":["Reprogram","Hello World"],"picked":"Hyperbeam","floor":4.0},{"not_picked":["Rebound","Chill","Redo"],"picked":"SKIP","floor":8.0},{"not_picked":["Machine Learning","White Noise"],"picked":"Beam Cell","floor":12.0},{"not_picked":["Beam Cell","Coolheaded"],"picked":"Hologram","floor":14.0},{"not_picked":["Electrodynamics","Echo Form"],"picked":"Core Surge","floor":16.0},{"not_picked":["Ball Lightning","Steam"],"picked":"Scrape","floor":18.0},{"not_picked":["Steam","Genetic Algorithm"],"picked":"Sunder+1","floor":20.0},{"not_picked":["Loop","Barrage"],"picked":"Steam Power","floor":21.0},{"not_picked":["Go for the Eyes","Turbo"],"picked":"Gash","floor":22}],"player_experience":3007959,"relics_obtained":[{"floor":9.0,"key":"Matryoshka"},{"floor":22,"key":"Red Mask"}],"event_choices":[{"damage_healed":0.0,"max_hp_gain":0.0,"max_hp_loss":0.0,"gold_gain":150.0,"event_name":"Liars Game","player_choice":"AGREE","floor":5.0,"gold_loss":0.0,"damage_taken":0.0,"cards_obtained":["Doubt"]},{"damage_healed":0.0,"max_hp_gain":0.0,"max_hp_loss":0.0,"gold_gain":0.0,"cards_transformed":["Strike_B"],"event_name":"Transmorgrifier","player_choice":"Transformed","floor":7.0,"gold_loss":0.0,"damage_taken":0.0,"cards_obtained":["Steam"]},{"damage_healed":0,"gold_gain":0,"player_choice":"Fought Bandits","damage_taken":0,"max_hp_gain":0,"max_hp_loss":0,"event_name":"Masked Bandits","floor":22,"gold_loss":0}],"is_beta":false,"boss_relics":[{"not_picked":["Philosopher\u0027s Stone","Snecko Eye"],"picked":"Coffee Dripper"}],"items_purged_floors":[10,19],"is_endless":false,"potions_floor_spawned":[2,3,8,12,14],"killed_by":"Shelled Parasite and Fungi","ascension_level":20}