{"gold_per_floor":[211,511,436,450,463,463,494,504,504,50,61,61,61,75,75,175,175,189,203,216,234,234,234,83,83,83,83,103,202,45,57,57,155,155,166,182,34,50,61,61,61,77,146,246,0,0,18,34,34,34],"floor_reached":50,"playtime":1463,"items_purged":["Defend_R"],"score":782,"play_id":"47764013-8e29-47a7-b0ed-f5986bf25d91","local_time":"20181011141551","is_ascension_mode":true,"campfire_choices":[{"data":"Inflame","floor":6,"key":"SMITH"},{"data":"Limit Break","floor":13,"key":"SMITH"},{"data":"Heavy Blade","floor":15,"key":"SMITH"},{"data":"Flex","floor":23,"key":"SMITH"},{"data":"Fiend Fire","floor":25,"key":"SMITH"},{"data":"Power Through","floor":27,"key":"SMITH"},{"data":"Bash","floor":32,"key":"SMITH"},{"data":"Fiend Fire","floor":40,"key":"SMITH"},{"data":"Defend_R","floor":41,"key":"SMITH"},{"data":"Defend_R","floor":46,"key":"SMITH"},{"floor":49,"key":"REST"}],"neow_cost":"NONE","seed_source_timestamp":9137717729043,"circlet_count":0,"master_deck":["Strike_R","Strike_R","Strike_R","Strike_R","Strike_R","Defend_R+1","Defend_R","Defend_R+1","Bash+1","AscendersBane","Inflame+1","Limit Break+1","Fiend Fire+1","Heavy Blade+1","Parasite","Power Through+1","Reaper","Flex+1","Flex+1","Fiend Fire+1","Inflame+1","Reaper","Burning Pact"],"relics":["Burning Blood","Old Coin","Champion Belt","Charon\u0027s Ashes","WingedGreaves","Lizard Tail","Vajra","Ginger","Red Skull","Runic Dome","Dodecahedron","Red Mask"],"potions_floor_usage":[19,19,50],"damage_taken":[{"damage":4,"enemies":"Small Slimes","floor":1,"turns":4},{"damage":6,"enemies":"Cultist","floor":4,"turns":3},{"damage":9,"enemies":"Jaw Worm","floor":5,"turns":4},{"damage":35,"enemies":"Lagavulin","floor":7,"turns":6},{"damage":12,"enemies":"Blue Slaver","floor":8,"turns":4},{"damage":14,"enemies":"3 Louse","floor":11,"turns":2},{"damage":2,"enemies":"2 Fungi Beasts","floor":14,"turns":3},{"damage":46,"enemies":"Slime Boss","floor":16,"turns":9},{"damage":15,"enemies":"Chosen","floor":18,"turns":4},{"damage":23,"enemies":"Shell Parasite","floor":19,"turns":5},{"damage":21,"enemies":"Sentry and Sphere","floor":20,"turns":4},{"damage":51,"enemies":"Snecko","floor":21,"turns":7},{"damage":23,"enemies":"Centurion and Healer","floor":28,"turns":3},{"damage":6,"enemies":"Cultist and Chosen","floor":31,"turns":4},{"damage":31,"enemies":"Champ","floor":33,"turns":7},{"damage":51,"enemies":"3 Darklings","floor":35,"turns":6},{"damage":14,"enemies":"Orb Walker","floor":36,"turns":3},{"damage":40,"enemies":"Maw","floor":38,"turns":5},{"damage":55,"enemies":"3 Darklings","floor":39,"turns":8},{"damage":15,"enemies":"Sphere and 2 Shapes","floor":42,"turns":4},{"damage":18,"enemies":"Spire Growth","floor":47,"turns":4},{"damage":54,"enemies":"Maw","floor":48,"turns":5},{"damage":59,"enemies":"Time Eater","floor":50,"turns":4}],"seed_played":"-4524009505684518905","potions_obtained":[{"floor":1,"key":"AttackPotion"},{"floor":8,"key":"Ancient Potion"},{"floor":14,"key":"Poison Potion"},{"floor":16,"key":"GamblersBrew"},{"floor":18,"key":"PowerPotion"},{"floor":28,"key":"Dexterity Potion"},{"floor":31,"key":"Fire Potion"},{"floor":35,"key":"Ancient Potion"}],"is_trial":false,"path_per_floor":["M","?","$","M","M","R","E","M","T","$","M","?","R","M","R","B",null,"M","M","M","M","?","R","$","R","T","R","M","?","$","M","R","B",null,"M","M","$","M","M","R","R","M","T","?","?","R","M","M","R"],"character_chosen":"IRONCLAD","items_purchased":["WingedGreaves","Fiend Fire","Vajra","Red Skull","Reaper"],"campfire_rested":1,"item_purchase_floors":[10,10,24,30,37],"current_hp_per_floor":[74,74,74,74,71,71,42,36,36,36,28,48,48,52,52,12,63,64,47,32,44,80,80,80,80,80,80,63,63,63,79,79,54,74,80,72,72,76,80,80,80,80,80,80,80,80,80,32,56,0],"gold":34,"neow_bonus":"HUNDRED_GOLD","is_prod":false,"is_daily":false,"chose_seed":false,"campfire_upgraded":10,"win_rate":0,"timestamp":1539238551,"path_taken":["M","?","$","M","M","R","E","M","T","$","M","?","R","M","R","BOSS","M","M","M","M","?","R","$","R","T","R","M","?","$","?","R","BOSS","M","M","$","M","M","R","R","M","T","?","?","R","M","?","R","BOSS"],"build_version":"2018-10-04v2","purchased_purges":1,"victory":false,"max_hp_per_floor":[80,80,80,80,80,80,80,80,80,80,80,80,80,80,80,80,80,80,80,80,80,80,80,80,80,80,80,80,80,80,80,80,80,80,80,80,80,80,80,80,80,80,80,80,80,80,80,80,80,80],"card_choices":[{"not_picked":["Infernal Blade","Rage","Armaments"],"picked":"SKIP","floor":1},{"not_picked":["Heavy Blade","Infernal Blade","Body Slam"],"picked":"SKIP","floor":4},{"not_picked":["Warcry","Searing Blow"],"picked":"Inflame","floor":5},{"not_picked":["Anger","Headbutt","Blood for Blood"],"picked":"SKIP","floor":7},{"not_picked":["Cleave","Twin Strike"],"picked":"Limit Break","floor":8},{"not_picked":["Headbutt","Thunderclap"],"picked":"Heavy Blade","floor":11},{"not_picked":["True Grit","Wild Strike"],"picked":"Power Through","floor":14},{"not_picked":["Feed","Immolate"],"picked":"Reaper","floor":16},{"not_picked":["Headbutt","Thunderclap+1"],"picked":"Dual Wield","floor":18},{"not_picked":["Perfected Strike","Searing Blow+1","Infernal Blade"],"picked":"SKIP","floor":19},{"not_picked":["Cleave","Heavy Blade"],"picked":"Flex","floor":20},{"not_picked":["Shrug It Off","Sentinel"],"picked":"Flex+1","floor":21},{"not_picked":["Evolve","Feel No Pain","Rage"],"picked":"SKIP","floor":28},{"not_picked":["Bludgeon","Clothesline","Infernal Blade"],"picked":"SKIP","floor":31},{"not_picked":["Dark Embrace","Immolate"],"picked":"Fiend Fire","floor":33},{"not_picked":["Clothesline","Iron Wave","Body Slam"],"picked":"SKIP","floor":35},{"not_picked":["Iron Wave","Havoc"],"picked":"Inflame+1","floor":36},{"not_picked":["Infernal Blade","Havoc+1","Thunderclap"],"picked":"SKIP","floor":38},{"not_picked":["Thunderclap","Body Slam","Heavy Blade"],"picked":"SKIP","floor":39},{"not_picked":["Clothesline+1","Heavy Blade+1","Pommel Strike"],"picked":"SKIP","floor":42},{"not_picked":["Twin Strike","Heavy Blade"],"picked":"Burning Pact","floor":47},{"not_picked":["Pommel Strike","Havoc","Immolate"],"picked":"SKIP","floor":48}],"player_experience":104966,"relics_obtained":[{"floor":7,"key":"Champion Belt"},{"floor":9,"key":"Charon\u0027s Ashes"},{"floor":26,"key":"Ginger"},{"floor":43,"key":"Dodecahedron"}],"event_choices":[{"event_name":"WeMeetAgain","player_choice":"Potion","floor":2,"damage_taken":0},{"event_name":"Mushrooms","player_choice":"Healed and dodged fight","floor":12,"damage_taken":0},{"event_name":"Bonfire Elementals","player_choice":"UNCOMMON","floor":22,"damage_taken":0},{"event_name":"Nest","player_choice":"Stole From Cult","floor":29,"damage_taken":0},{"event_name":"Golden Shrine","player_choice":"Pray","floor":44,"damage_taken":0},{"event_name":"Tomb of Lord Red Mask","player_choice":"Paid","floor":45,"damage_taken":0}],"is_beta":false,"boss_relics":[{"not_picked":["Black Star","Calling Bell"],"picked":"Lizard Tail"},{"not_picked":["Philosopher\u0027s Stone","Fusion Hammer"],"picked":"Runic Dome"}],"items_purged_floors":[3],"is_endless":false,"potions_floor_spawned":[1,8,14,16,18,28,31,35,38,39,47],"killed_by":"Time Eater","ascension_level":12}