{"gold_per_floor":[119,42,58,58,73,73,73,91,91,105,118,118,148,148,148,249,249,268,268,154,171,171,171,181,81,81,81,99,112,112,125,125,227,227,247,84,0,0,0,0,20,20,20,39,39,39,55,69,69,69],"floor_reached":51,"playtime":1428,"items_purged":["Strike_G","Writhe"],"score":689,"play_id":"671997c5-64f1-4295-9c61-9e3557c93a6f","local_time":"20181125091438","is_ascension_mode":false,"campfire_choices":[{"data":"Catalyst","floor":6,"key":"SMITH"},{"data":"Deadly Poison","floor":12,"key":"SMITH"},{"data":"Well Laid Plans","floor":15,"key":"SMITH"},{"data":"Noxious Fumes","floor":23,"key":"SMITH"},{"data":"Catalyst","floor":30,"key":"SMITH"},{"data":"A Thousand Cuts","floor":32,"key":"SMITH"},{"data":"Corpse Explosion","floor":40,"key":"SMITH"},{"data":"Acrobatics","floor":42,"key":"SMITH"},{"data":"Grand Finale","floor":45,"key":"SMITH"},{"data":"Storm of Steel","floor":49,"key":"SMITH"}],"neow_cost":"NONE","seed_source_timestamp":1290274871681,"circlet_count":0,"master_deck":["Survivor","Neutralize","Infinite Blades","Catalyst+1","Deadly Poison+1","Well Laid Plans+1","After Image","Adrenaline","Blur+1","Noxious Fumes+1","Escape Plan","Catalyst+1","Distraction+1","Corpse Explosion+1","Acrobatics+1","Tactician","A Thousand Cuts+1","Concentrate","Adrenaline","Backflip","Backflip","Blur","Caltrops","Backflip","Prepared","Backstab","Tactician","Dagger Throw+1","Grand Finale+1","Bouncing Flask+1","Backflip","Infinite Blades+1","Storm of Steel+1"],"relics":["Cursed Key","Odd Mushroom","Prayer Wheel","Runic Pyramid","Shuriken","Pandora\u0027s Box","Red Mask"],"potions_floor_usage":[18,28,31,31,50,50],"damage_taken":[{"damage":0,"enemies":"Jaw Worm","floor":1,"turns":5},{"damage":0,"enemies":"Cultist","floor":3,"turns":4},{"damage":0,"enemies":"2 Louse","floor":5,"turns":4},{"damage":7,"enemies":"Blue Slaver","floor":8,"turns":4},{"damage":3,"enemies":"Exordium Wildlife","floor":10,"turns":4},{"damage":4,"enemies":"Red Slaver","floor":11,"turns":3},{"damage":6,"enemies":"The Mushroom Lair","floor":13,"turns":5},{"damage":18,"enemies":"The Guardian","floor":16,"turns":9},{"damage":0,"enemies":"2 Thieves","floor":18,"turns":5},{"damage":0,"enemies":"Spheric Guardian","floor":21,"turns":5},{"damage":0,"enemies":"Centurion and Healer","floor":24,"turns":7},{"damage":8,"enemies":"Snake Plant","floor":28,"turns":4},{"damage":2,"enemies":"Shelled Parasite and Fungi","floor":29,"turns":3},{"damage":3,"enemies":"Sentry and Sphere","floor":31,"turns":5},{"damage":6,"enemies":"Automaton","floor":33,"turns":9},{"damage":0,"enemies":"3 Shapes","floor":35,"turns":3},{"damage":0,"enemies":"Orb Walker","floor":41,"turns":2},{"damage":0,"enemies":"Transient","floor":44,"turns":5},{"damage":0,"enemies":"Maw","floor":47,"turns":3},{"damage":0,"enemies":"Writhing Mass","floor":48,"turns":4},{"damage":18,"enemies":"Time Eater","floor":50,"turns":5}],"seed_played":"2408201939728489314","potions_obtained":[{"floor":1,"key":"LiquidBronze"},{"floor":8,"key":"EssenceOfSteel"},{"floor":11,"key":"SkillPotion"},{"floor":16,"key":"Weak Potion"},{"floor":18,"key":"AttackPotion"},{"floor":29,"key":"Block Potion"},{"floor":31,"key":"Energy Potion"},{"floor":33,"key":"Weak Potion"}],"is_trial":false,"path_per_floor":["M","$","M","$","M","R","?","M","T","M","M","R","?","?","R","B",null,"M","?","$","M","?","R","M","$","T","?","M","M","R","M","R","B",null,"M","$","?","?","?","R","M","R","T","M","R","$","M","M","R","B",null],"character_chosen":"THE_SILENT","items_purchased":["Catalyst","Noxious Fumes","Grand Finale"],"campfire_rested":0,"item_purchase_floors":[2,20,36],"current_hp_per_floor":[70,70,70,70,70,70,70,63,63,60,56,56,50,47,47,29,70,70,70,70,70,70,70,70,70,70,70,62,60,60,57,57,51,70,70,70,70,70,66,66,66,66,66,66,66,66,66,66,66,48],"gold":69,"neow_bonus":"BOSS_RELIC","is_prod":false,"is_daily":false,"chose_seed":false,"campfire_upgraded":10,"win_rate":0,"timestamp":1543108478,"path_taken":["M","$","M","$","M","R","?","?","T","M","M","R","?","?","R","BOSS","M","?","$","M","?","R","M","$","T","?","M","?","R","M","R","BOSS","M","$","?","?","?","R","M","R","T","M","R","$","M","M","R","BOSS"],"build_version":"2018-11-15","purchased_purges":2,"victory":true,"max_hp_per_floor":[70,70,70,70,70,70,70,70,70,70,70,70,70,70,70,70,70,70,70,70,70,70,70,70,70,70,70,70,70,70,70,70,70,70,70,70,70,70,66,66,66,66,66,66,66,66,66,66,66,66],"card_choices":[{"not_picked":["Caltrops","Acrobatics"],"picked":"Infinite Blades","floor":1},{"not_picked":["Poisoned Stab","Bane"],"picked":"Deadly Poison","floor":3},{"not_picked":["Underhanded Strike","Setup","PiercingWail"],"picked":"SKIP","floor":5},{"not_picked":["Noxious Fumes","Outmaneuver"],"picked":"Well Laid Plans","floor":8},{"not_picked":["Dodge and Roll","Flying Knee"],"picked":"After Image","floor":10},{"not_picked":["Poisoned Stab","Outmaneuver","Endless Agony"],"picked":"SKIP","floor":11},{"not_picked":["Envenom","Tools of the Trade"],"picked":"Adrenaline","floor":16},{"not_picked":["Escape Plan","Quick Slash"],"picked":"Blur+1","floor":18},{"not_picked":["PiercingWail","Backstab","Flying Knee"],"picked":"SKIP","floor":18},{"not_picked":["Deflect","Quick Slash"],"picked":"Escape Plan","floor":21},{"not_picked":["Underhanded Strike","Skewer+1","Sucker Punch"],"picked":"SKIP","floor":21},{"not_picked":["Footwork","Concentrate+1"],"picked":"Catalyst","floor":24},{"not_picked":["Flying Knee","Blur"],"picked":"Distraction+1","floor":24},{"not_picked":["Expertise+1","Poisoned Stab"],"picked":"Corpse Explosion","floor":28},{"not_picked":["Flechettes","Prepared"],"picked":"Acrobatics","floor":28},{"not_picked":["Distraction","Eviscerate"],"picked":"Tactician","floor":29},{"not_picked":["Setup","Sucker Punch","Deflect"],"picked":"SKIP","floor":29},{"not_picked":["Poisoned Stab+1","Acrobatics"],"picked":"A Thousand Cuts","floor":31},{"not_picked":["Dagger Throw","Dagger Spray+1"],"picked":"Concentrate","floor":31},{"not_picked":["Tools of the Trade","Die Die Die"],"picked":"Adrenaline","floor":33},{"not_picked":["Eviscerate+1","Flying Knee+1"],"picked":"Tactician","floor":35},{"not_picked":["Dagger Spray","Dodge and Roll"],"picked":"Dagger Throw+1","floor":35},{"not_picked":["Dagger Throw+1","Terror","Deflect+1"],"picked":"SKIP","floor":41},{"not_picked":["Underhanded Strike+1","Deflect","Unload"],"picked":"SKIP","floor":41},{"not_picked":["Flying Knee+1","Dagger Spray+1"],"picked":"Bouncing Flask+1","floor":44},{"not_picked":["Cloak And Dagger+1","Accuracy"],"picked":"Backflip","floor":44},{"not_picked":["Noxious Fumes+1","Well Laid Plans+1"],"picked":"Infinite Blades+1","floor":47},{"not_picked":["Dodge and Roll","Dagger Spray","Sucker Punch+1"],"picked":"SKIP","floor":47},{"not_picked":["Flying Knee","Deflect+1"],"picked":"Storm of Steel","floor":48},{"not_picked":["Dagger Spray","Backstab+1","Bane+1"],"picked":"SKIP","floor":48}],"player_experience":1175279,"relics_obtained":[{"floor":13,"key":"Odd Mushroom"}],"event_choices":[{"cards_removed":["Strike_G"],"damage_healed":0,"gold_gain":0,"player_choice":"Card Removal","damage_taken":0,"max_hp_gain":0,"max_hp_loss":0,"event_name":"Wheel of Change","floor":7,"gold_loss":0},{"damage_healed":0,"gold_gain":0,"player_choice":"Fought Mushrooms","damage_taken":0,"max_hp_gain":0,"max_hp_loss":0,"event_name":"Mushrooms","floor":13,"gold_loss":0},{"damage_healed":0,"gold_gain":0,"player_choice":"Success","damage_taken":3,"relics_obtained":["Prayer Wheel"],"max_hp_gain":0,"max_hp_loss":0,"event_name":"Scrap Ooze","floor":14,"gold_loss":0},{"damage_healed":0,"gold_gain":0,"player_choice":"Ignored","damage_taken":0,"max_hp_gain":0,"max_hp_loss":0,"event_name":"Vampires","floor":19,"gold_loss":0},{"damage_healed":0,"gold_gain":0,"player_choice":"Opened","damage_taken":0,"relics_obtained":["Shuriken"],"max_hp_gain":0,"max_hp_loss":0,"event_name":"The Mausoleum","floor":22,"gold_loss":0,"cards_obtained":["Writhe"]},{"cards_removed":["Defend_G"],"damage_healed":0,"gold_gain":0,"player_choice":"Card Removal","damage_taken":0,"max_hp_gain":0,"max_hp_loss":0,"event_name":"Wheel of Change","floor":27,"gold_loss":0},{"damage_healed":0,"gold_gain":0,"player_choice":"Paid","damage_taken":0,"relics_obtained":["Red Mask"],"max_hp_gain":0,"max_hp_loss":0,"event_name":"Tomb of Lord Red Mask","floor":37,"gold_loss":84},{"damage_healed":0,"gold_gain":0,"player_choice":"Ignored","damage_taken":0,"max_hp_gain":0,"max_hp_loss":0,"event_name":"Mysterious Sphere","floor":38,"gold_loss":0},{"damage_healed":0,"gold_gain":0,"player_choice":"Max HP","damage_taken":0,"max_hp_gain":0,"max_hp_loss":4,"event_name":"Winding Halls","floor":39,"gold_loss":0}],"is_beta":false,"boss_relics":[{"not_picked":["Lizard Tail","Orrery"],"picked":"Runic Pyramid"},{"not_picked":["HoveringKite","Calling Bell"],"picked":"Pandora\u0027s Box"}],"items_purged_floors":[20,25],"is_endless":false,"potions_floor_spawned":[1,8,11,16,18,29,31,33,41,47],"ascension_level":0}