{"gold_per_floor":[14,14,14,33,45,45,71,85,153,178,197,197],"floor_reached":12,"playtime":356,"items_purged":[],"score":180,"play_id":"7899cf0a-2b1a-4bc9-826c-7fc6eb3f54a0","local_time":"20190801103340","is_ascension_mode":true,"campfire_choices":[{"data":"Acrobatics","floor":6.0,"key":"SMITH"}],"neow_cost":"NO_GOLD","seed_source_timestamp":0,"circlet_count":0,"master_deck":["AscendersBane","Strike_G","Strike_G","Strike_G","Strike_G","Defend_G","Defend_G","Defend_G","Defend_G","Defend_G","Survivor","Neutralize","Grand Finale","Acrobatics+1","Noxious Fumes","Well Laid Plans"],"special_seed":0,"relics":["Ring of the Snake","Girya","Matryoshka","Orichalcum"],"potions_floor_usage":[12],"damage_taken":[{"damage":25.0,"enemies":"Jaw Worm","floor":1.0,"turns":7.0},{"damage":4.0,"enemies":"Small Slimes","floor":4.0,"turns":5.0},{"damage":0.0,"enemies":"Cultist","floor":5.0,"turns":2.0},{"damage":9.0,"enemies":"Lagavulin","floor":7.0,"turns":5.0},{"damage":8.0,"enemies":"Blue Slaver","floor":8.0,"turns":4.0},{"damage":26.0,"enemies":"Gremlin Nob","floor":10.0,"turns":4.0},{"damage":0.0,"enemies":"Red Slaver","floor":11.0,"turns":2.0},{"damage":6,"enemies":"Gremlin Gang","floor":12,"turns":3}],"seed_played":"7710006139973574812","potions_obtained":[{"floor":4.0,"key":"Energy Potion"},{"floor":5.0,"key":"SteroidPotion"},{"floor":11.0,"key":"SteroidPotion"}],"is_trial":false,"path_per_floor":["M","?","?","M","M","R","E","M","T","E","M","M"],"character_chosen":"THE_SILENT","items_purchased":[],"campfire_rested":0,"item_purchase_floors":[],"current_hp_per_floor":[34,34,56,52,52,52,43,35,35,9,9,3],"gold":197,"neow_bonus":"THREE_RARE_CARDS","is_prod":false,"is_daily":false,"chose_seed":false,"campfire_upgraded":1,"win_rate":0,"timestamp":1564626820,"path_taken":["M","?","?","M","M","R","E","M","T","E","M","M"],"build_version":"2019-07-17","purchased_purges":0,"victory":false,"max_hp_per_floor":[66,66,66,66,66,66,66,66,66,66,66,66],"card_choices":[{"not_picked":["Glass Knife","Burst"],"picked":"Grand Finale","floor":0.0},{"not_picked":["Dodge and Roll","Cloak And Dagger"],"picked":"Acrobatics","floor":1.0},{"not_picked":["Outmaneuver","Backflip"],"picked":"Noxious Fumes","floor":4.0},{"not_picked":["Leg Sweep","PiercingWail"],"picked":"Well Laid Plans","floor":5.0},{"not_picked":["Dagger Throw","Bane","Crippling Poison"],"picked":"SKIP","floor":7.0},{"not_picked":["Slice","Riddle With Holes","Backflip"],"picked":"SKIP","floor":8.0},{"not_picked":["Blade Dance","Deflect","Endless Agony"],"picked":"SKIP","floor":10.0},{"not_picked":["Deflect","Bane","Slice"],"picked":"SKIP","floor":11.0}],"player_experience":1711999,"relics_obtained":[{"floor":7.0,"key":"Girya"},{"floor":9.0,"key":"Matryoshka"},{"floor":10.0,"key":"Orichalcum"}],"event_choices":[{"cards_removed":["Strike_G"],"damage_healed":0.0,"max_hp_gain":0.0,"max_hp_loss":0.0,"gold_gain":0.0,"event_name":"Living Wall","player_choice":"Forget","floor":2.0,"gold_loss":0.0,"damage_taken":0.0},{"damage_healed":22.0,"max_hp_gain":0.0,"max_hp_loss":0.0,"gold_gain":0.0,"event_name":"Big Fish","player_choice":"Banana","floor":3.0,"gold_loss":0.0,"damage_taken":0.0}],"is_beta":false,"boss_relics":[],"items_purged_floors":[],"is_endless":false,"potions_floor_spawned":[4,5,11],"killed_by":"Gremlin Gang","ascension_level":20}