{"gold_per_floor":[112,31,31,41,41,41,74,74,74,74,92,92,92,117,117,191,191,207,207,207,257,275,275,293,293,293,293,293,85,119,119,119,119],"floor_reached":33,"playtime":728,"items_purged":["Defend_G"],"score":555,"play_id":"e88234b8-3c74-4fd7-9f54-d8b6c857247a","local_time":"20190214124431","is_ascension_mode":true,"campfire_choices":[{"data":"Noxious Fumes","floor":6,"key":"SMITH"},{"data":"Catalyst","floor":12,"key":"SMITH"},{"data":"Neutralize","floor":15,"key":"SMITH"},{"floor":23,"key":"REST"},{"data":"After Image","floor":25,"key":"SMITH"},{"data":"Caltrops","floor":27,"key":"SMITH"},{"floor":32,"key":"REST"}],"neow_cost":"NONE","seed_source_timestamp":149515313419828,"circlet_count":0,"master_deck":["AscendersBane","Defend_G","Defend_G","Defend_G","Survivor","Neutralize+1","Dash","Noxious Fumes+1","Catalyst+1","After Image+1","Caltrops+1","Skewer","Tactician","Acrobatics","Noxious Fumes","Decay"],"relics":["Ring of the Snake","CultistMask","Pen Nib","Tough Bandages","Calipers","Empty Cage","Ninja Scroll","WingedGreaves"],"potions_floor_usage":[30,33,33],"damage_taken":[{"damage":0,"enemies":"2 Louse","floor":1,"turns":2},{"damage":0,"enemies":"Cultist","floor":4,"turns":3},{"damage":9,"enemies":"Lagavulin","floor":7,"turns":7},{"damage":5,"enemies":"Jaw Worm","floor":11,"turns":4},{"damage":17,"enemies":"3 Sentries","floor":14,"turns":6},{"damage":0,"enemies":"Hexaghost","floor":16,"turns":9},{"damage":19,"enemies":"2 Thieves","floor":18,"turns":5},{"damage":9,"enemies":"Spheric Guardian","floor":22,"turns":5},{"damage":19,"enemies":"Snake Plant","floor":24,"turns":5},{"damage":25,"enemies":"Slavers","floor":30,"turns":5},{"damage":26,"enemies":"Automaton","floor":33,"turns":6}],"seed_played":"-975331108433227740","potions_obtained":[{"floor":1,"key":"PowerPotion"},{"floor":7,"key":"Dexterity Potion"},{"floor":30,"key":"Energy Potion"}],"is_trial":false,"path_per_floor":["M","$","?","M","?","R","E","?","T","$","M","R","?","E","R","B",null,"M","?","?","?","M","R","M","R","T","R","?","$","E","?","R","B"],"character_chosen":"THE_SILENT","items_purchased":["Noxious Fumes","Acrobatics","Noxious Fumes"],"campfire_rested":2,"item_purchase_floors":[2,29,29],"current_hp_per_floor":[59,59,59,59,52,52,43,43,43,43,38,38,38,21,21,21,55,36,36,36,36,27,46,27,27,27,27,27,27,2,2,21,0],"gold":119,"neow_bonus":"TRANSFORM_CARD","is_prod":false,"is_daily":false,"chose_seed":false,"campfire_upgraded":5,"win_rate":0,"timestamp":1550119471,"path_taken":["M","$","?","?","?","R","E","?","T","$","M","R","?","E","R","BOSS","M","?","?","?","M","R","M","R","T","R","?","$","E","?","R","BOSS"],"build_version":"2019-01-23","purchased_purges":1,"victory":false,"max_hp_per_floor":[66,66,66,66,66,66,66,66,66,66,66,66,66,66,66,66,66,66,66,66,66,66,66,66,66,66,66,66,66,66,66,66,66],"card_choices":[{"not_picked":["Acrobatics","Dagger Spray"],"picked":"Dash","floor":1},{"not_picked":["Heel Hook","Dodge and Roll","Dash"],"picked":"SKIP","floor":4},{"not_picked":["Dodge and Roll","Acrobatics"],"picked":"Catalyst","floor":7},{"not_picked":["Poisoned Stab","PiercingWail","Riddle With Holes"],"picked":"SKIP","floor":11},{"not_picked":["Expertise","Storm of Steel","Flying Knee"],"picked":"SKIP","floor":14},{"not_picked":["Wraith Form v2","Envenom"],"picked":"After Image","floor":16},{"not_picked":["Sucker Punch+1","Flying Knee","Dodge and Roll"],"picked":"SKIP","floor":18},{"not_picked":["All Out Attack","Slice","Dash"],"picked":"SKIP","floor":22},{"not_picked":["Slice","PiercingWail","Doppelganger"],"picked":"SKIP","floor":24},{"not_picked":["Quick Slash","Deadly Poison","Prepared"],"picked":"SKIP","floor":30}],"player_experience":740488,"relics_obtained":[{"floor":7,"key":"Pen Nib"},{"floor":9,"key":"Tough Bandages"},{"floor":14,"key":"Calipers"},{"floor":26,"key":"Ninja Scroll"},{"floor":30,"key":"WingedGreaves"}],"event_choices":[{"damage_healed":0,"gold_gain":0,"player_choice":"Trade","damage_taken":0,"relics_obtained":["CultistMask"],"max_hp_gain":0,"max_hp_loss":0,"event_name":"FaceTrader","floor":3,"gold_loss":0},{"cards_removed":["Strike_G"],"damage_healed":0,"gold_gain":0,"player_choice":"Card Removal","damage_taken":7,"max_hp_gain":0,"max_hp_loss":0,"event_name":"Golden Wing","floor":5,"gold_loss":0},{"damage_healed":0,"gold_gain":0,"cards_transformed":["Strike_G"],"player_choice":"Change","damage_taken":0,"max_hp_gain":0,"max_hp_loss":0,"event_name":"Living Wall","floor":8,"gold_loss":0,"cards_obtained":["Phantasmal Killer"]},{"damage_healed":0,"gold_gain":0,"player_choice":"Ignored","damage_taken":0,"max_hp_gain":0,"max_hp_loss":0,"event_name":"Liars Game","floor":13,"gold_loss":0},{"cards_removed":["Phantasmal Killer"],"damage_healed":0,"gold_gain":0,"player_choice":"Elegance","damage_taken":0,"max_hp_gain":0,"max_hp_loss":0,"event_name":"Back to Basics","floor":19,"gold_loss":0},{"damage_healed":0,"gold_gain":0,"player_choice":"Read","damage_taken":0,"max_hp_gain":0,"max_hp_loss":0,"event_name":"The Library","floor":20,"gold_loss":0,"cards_obtained":["Caltrops"]},{"damage_healed":0,"gold_gain":50,"player_choice":"Stole From Cult","damage_taken":0,"max_hp_gain":0,"max_hp_loss":0,"event_name":"Nest","floor":21,"gold_loss":0},{"damage_healed":0,"gold_gain":0,"cards_transformed":["Defend_G","Unload"],"player_choice":"Became Test Subject","damage_taken":0,"max_hp_gain":0,"max_hp_loss":0,"event_name":"Drug Dealer","floor":28,"gold_loss":0,"cards_obtained":["Skewer","Tactician"]},{"damage_healed":0,"gold_gain":0,"player_choice":"Smashed Altar","damage_taken":0,"max_hp_gain":0,"max_hp_loss":0,"event_name":"Forgotten Altar","floor":31,"gold_loss":0,"cards_obtained":["Decay"]}],"is_beta":false,"boss_relics":[{"not_picked":["WristBlade","Black Star"],"picked":"Empty Cage"}],"items_purged_floors":[29],"is_endless":false,"potions_floor_spawned":[1,7,14,24,30],"killed_by":"Automaton","ascension_level":15}