{"gold_per_floor":[111,286,176,186,14,14,42,42,42,53,69,82,82,0,0,101,101,119,47,147,165,178,178,178,178,178,178,197,197,197,112,112,208,208,223,234,234,34,34,34,48,48,48,48,59,87,87,100,100,100],"floor_reached":51,"playtime":1406,"items_purged":["Doubt","Strike_G","Defend_G"],"score":848,"play_id":"a5a9a348-9a4d-4c46-8c85-27e398dd2676","local_time":"20181021235035","is_ascension_mode":false,"campfire_choices":[{"data":"Noxious Fumes","floor":6.0,"key":"SMITH"},{"data":"Noxious Fumes","floor":8.0,"key":"SMITH"},{"data":"Noxious Fumes","floor":15.0,"key":"SMITH"},{"data":"Well Laid Plans","floor":23,"key":"SMITH"},{"data":"Footwork","floor":25,"key":"SMITH"},{"data":"Footwork","floor":29,"key":"SMITH"},{"data":"Noxious Fumes","floor":32,"key":"SMITH"},{"data":"After Image","floor":40,"key":"SMITH"},{"data":"Corpse Explosion","floor":42,"key":"SMITH"},{"data":"Adrenaline","floor":44,"key":"SMITH"},{"data":"Catalyst","floor":49,"key":"SMITH"}],"neow_cost":"NONE","seed_source_timestamp":55829386580925,"circlet_count":0,"master_deck":["Defend_G","Strike_G","Strike_G","Survivor","Neutralize","Noxious Fumes+1","Footwork+1","Noxious Fumes+1","Footwork+1","After Image+1","Noxious Fumes+1","Corpse Explosion+1","Backstab+1","Dodge and Roll+1","Expertise+1","Noxious Fumes+1","Well Laid Plans+1","Adrenaline+1","Backflip","Noxious Fumes+1","Parasite","Catalyst+1"],"special_seed":0,"relics":["Ring of the Snake","NeowsBlessing","Thread and Needle","Mummified Hand","Astrolabe","Mango","Singing Bowl","Matryoshka","Ancient Tea Set","Bottled Flame","Strawberry","Coffee Dripper","Pear","StoneCalendar","Oddly Smooth Stone"],"potions_floor_usage":[20,20,20,35,50],"damage_taken":[{"damage":0.0,"enemies":"Small Slimes","floor":1.0,"turns":1.0},{"damage":0.0,"enemies":"2 Louse","floor":4.0,"turns":1.0},{"damage":0.0,"enemies":"Gremlin Nob","floor":7.0,"turns":1.0},{"damage":0.0,"enemies":"Cultist","floor":10.0,"turns":5.0},{"damage":5.0,"enemies":"Exordium Thugs","floor":11.0,"turns":5.0},{"damage":0.0,"enemies":"Blue Slaver","floor":12.0,"turns":5.0},{"damage":0.0,"enemies":"Slime Boss","floor":16.0,"turns":9.0},{"damage":0,"enemies":"Chosen","floor":18,"turns":4},{"damage":0,"enemies":"Colosseum Slavers","floor":20,"turns":3},{"damage":4,"enemies":"Colosseum Nobs","floor":20,"turns":3},{"damage":5,"enemies":"2 Thieves","floor":21,"turns":3},{"damage":5,"enemies":"Snake Plant","floor":22,"turns":4},{"damage":0,"enemies":"Shelled Parasite and Fungi","floor":28,"turns":6},{"damage":19,"enemies":"Collector","floor":33,"turns":7},{"damage":0,"enemies":"3 Darklings","floor":35,"turns":2},{"damage":0,"enemies":"Orb Walker","floor":36,"turns":4},{"damage":0,"enemies":"Writhing Mass","floor":41,"turns":5},{"damage":0,"enemies":"Sphere and 2 Shapes","floor":45,"turns":4},{"damage":29,"enemies":"Reptomancer","floor":46,"turns":5},{"damage":0,"enemies":"3 Darklings","floor":48,"turns":4},{"damage":22,"enemies":"Donu and Deca","floor":50,"turns":6}],"seed_played":"-8215901646555367996","potions_obtained":[{"floor":1.0,"key":"Explosive Potion"},{"floor":11.0,"key":"SteroidPotion"},{"floor":12.0,"key":"SkillPotion"},{"floor":20,"key":"SkillPotion"},{"floor":21,"key":"FearPotion"},{"floor":28,"key":"SteroidPotion"},{"floor":46,"key":"SpeedPotion"},{"floor":48,"key":"EssenceOfSteel"}],"is_trial":false,"path_per_floor":["M","?","$","M","$","R","E","R","T","M","M","M","?","$","R","B",null,"M","$","?","M","M","R","?","R","T","T","M","R","?","?","R","B",null,"M","M","?","$","?","R","M","R","T","R","M","E","$","M","R","B"],"character_chosen":"THE_SILENT","items_purchased":["Noxious Fumes","Footwork","Noxious Fumes","Well Laid Plans","Noxious Fumes"],"campfire_rested":0,"item_purchase_floors":[3,5,14,19,38],"current_hp_per_floor":[70,70,70,70,70,70,70,70,70,70,65,65,65,65,65,65,70,70,70,82,79,76,76,58,58,58,58,60,60,60,67,67,48,104,104,106,106,106,106,106,108,108,118,118,118,91,91,93,93,71],"gold":100,"neow_bonus":"THREE_ENEMY_KILL","is_prod":false,"is_daily":false,"chose_seed":false,"campfire_upgraded":11,"win_rate":0,"timestamp":1540137035,"path_taken":["M","?","$","M","$","R","E","R","T","M","M","?","?","$","R","BOSS","M","$","?","M","M","R","?","R","T","?","?","R","?","?","R","BOSS","M","M","?","$","?","R","M","R","T","R","M","E","$","M","R","BOSS"],"build_version":"2018-10-18","purchased_purges":3,"victory":true,"max_hp_per_floor":[70,70,70,70,70,70,70,70,70,70,70,70,70,70,70,70,70,70,70,86,88,90,90,95,95,95,95,97,97,97,104,104,104,104,104,106,106,106,106,106,108,108,118,118,118,120,120,122,122,122],"card_choices":[{"not_picked":["Outmaneuver","Cloak And Dagger","Underhanded Strike"],"picked":"SKIP","floor":1.0},{"not_picked":["Slice","Dash","Dagger Throw"],"picked":"SKIP","floor":4.0},{"not_picked":["Concentrate","Masterful Stab"],"picked":"Noxious Fumes","floor":7.0},{"not_picked":["Dagger Throw","Prepared","Outmaneuver"],"picked":"SKIP","floor":10.0},{"not_picked":["PiercingWail","Prepared"],"picked":"Footwork","floor":11.0},{"not_picked":["Cloak And Dagger","Caltrops","Slice"],"picked":"SKIP","floor":12.0},{"not_picked":["Glass Knife","Venomology"],"picked":"Corpse Explosion","floor":16.0},{"not_picked":["PiercingWail","Accuracy"],"picked":"Noxious Fumes","floor":18},{"not_picked":["Bane+1","Dagger Spray+1","Caltrops"],"picked":"Singing Bowl","floor":20},{"not_picked":["Bane","Deadly Poison","All Out Attack+1"],"picked":"Singing Bowl","floor":21},{"not_picked":["Bane+1","PiercingWail","Sucker Punch"],"picked":"Singing Bowl","floor":22},{"not_picked":["Dodge and Roll","Blur","PiercingWail+1"],"picked":"Singing Bowl","floor":28},{"not_picked":["Bullet Time","Burst"],"picked":"Adrenaline","floor":33},{"not_picked":["Finisher+1","Expertise"],"picked":"Backflip","floor":35},{"not_picked":["Bane","Endless Agony+1","Dagger Spray"],"picked":"Singing Bowl","floor":36},{"not_picked":["Deadly Poison+1","Blade Dance","Escape Plan"],"picked":"Singing Bowl","floor":41},{"not_picked":["Leg Sweep","Cloak And Dagger+1"],"picked":"Catalyst","floor":45},{"not_picked":["Tactician+1","Acrobatics+1","Dagger Spray"],"picked":"Singing Bowl","floor":46},{"not_picked":["Flechettes+1","Caltrops+1","Quick Slash+1"],"picked":"Singing Bowl","floor":48}],"player_experience":484389,"relics_obtained":[{"floor":7.0,"key":"Thread and Needle"},{"floor":9.0,"key":"Mummified Hand"},{"floor":20,"key":"Mango"},{"floor":20,"key":"Singing Bowl"},{"floor":26,"key":"Matryoshka"},{"floor":27,"key":"Ancient Tea Set"},{"floor":27,"key":"Bottled Flame"},{"floor":43,"key":"Pear"},{"floor":43,"key":"StoneCalendar"},{"floor":46,"key":"Oddly Smooth Stone"}],"event_choices":[{"damage_healed":0.0,"max_hp_gain":0.0,"max_hp_loss":0.0,"gold_gain":175.0,"event_name":"Liars Game","player_choice":"AGREE","floor":2.0,"gold_loss":0.0,"damage_taken":0.0,"cards_obtained":["Doubt"]},{"damage_healed":0.0,"max_hp_gain":0.0,"max_hp_loss":0.0,"gold_gain":0.0,"cards_transformed":["Strike_G"],"event_name":"Living Wall","player_choice":"Change","floor":13.0,"gold_loss":0.0,"damage_taken":0.0,"cards_obtained":["After Image"]},{"damage_healed":0,"gold_gain":0,"player_choice":"Fight","damage_taken":0,"max_hp_gain":0,"max_hp_loss":0,"event_name":"Colosseum","floor":20,"gold_loss":0},{"damage_healed":0,"gold_gain":0,"player_choice":"Fought Nobs","damage_taken":0,"max_hp_gain":0,"max_hp_loss":0,"event_name":"Colosseum","floor":20,"gold_loss":0},{"damage_healed":0,"gold_gain":0,"player_choice":"Shed Blood","damage_taken":23,"max_hp_gain":5,"max_hp_loss":0,"event_name":"Forgotten Altar","floor":24,"gold_loss":0},{"cards_removed":["Defend_G"],"damage_healed":0,"gold_gain":0,"player_choice":"Elegance","damage_taken":0,"max_hp_gain":0,"max_hp_loss":0,"event_name":"Back to Basics","floor":30,"gold_loss":0},{"damage_healed":0,"gold_gain":0,"player_choice":"Obtained Relic","damage_taken":0,"relics_obtained":["Strawberry"],"max_hp_gain":0,"max_hp_loss":0,"event_name":"Addict","floor":31,"gold_loss":85},{"damage_healed":0,"gold_gain":0,"player_choice":"Ignored","damage_taken":0,"max_hp_gain":0,"max_hp_loss":0,"event_name":"Mysterious Sphere","floor":37,"gold_loss":0},{"damage_healed":0,"gold_gain":0,"player_choice":"Forge","damage_taken":0,"max_hp_gain":0,"max_hp_loss":0,"event_name":"Accursed Blacksmith","floor":39,"gold_loss":0,"cards_upgraded":["Noxious Fumes"]}],"is_beta":false,"boss_relics":[{"not_picked":["Black Star","Pandora\u0027s Box"],"picked":"Astrolabe"},{"not_picked":["Tiny House","Snecko Eye"],"picked":"Coffee Dripper"}],"items_purged_floors":[3,5,38],"is_endless":false,"potions_floor_spawned":[1,11,12,20,21,28,46,48],"ascension_level":0}