{"gold_per_floor":[118,193,207,68,68,68,79,79,133,133,133,145,155,33,33,138,138,157,157,57,71,71,90,90,104,104,137,150,150,25,44,44,139,139,150,150,150,0,0,0,15,43,43,43,143,160,160,160,160,160],"floor_reached":51,"playtime":1364,"items_purged":["Strike_B","Strike_B","Strike_B","Strike_B"],"score":683,"play_id":"ecfe564b-dbe8-4013-a206-03785ea0970e","local_time":"20190616074557","is_ascension_mode":false,"campfire_choices":[{"data":"Biased Cognition","floor":6.0,"key":"SMITH"},{"data":"Genetic Algorithm","floor":8.0,"key":"SMITH"},{"data":"Chill","floor":10.0,"key":"SMITH"},{"data":"Thunder Strike","floor":15.0,"key":"SMITH"},{"data":"Electrodynamics","floor":24.0,"key":"SMITH"},{"data":"Ball Lightning","floor":29.0,"key":"SMITH"},{"floor":32.0,"key":"REST"},{"data":"Capacitor","floor":40.0,"key":"SMITH"},{"floor":44.0,"key":"REST"},{"data":"Glacier","floor":47,"key":"SMITH"},{"data":"Defend_B","floor":49,"key":"SMITH"}],"neow_cost":"NONE","seed_source_timestamp":0,"circlet_count":0,"master_deck":["Defend_B","Defend_B","Defend_B+1","Defend_B+1","Zap+1","Dualcast+1","Chill+1","Genetic Algorithm+1","Biased Cognition+1","Thunder Strike+1","Ball Lightning+1","Electrodynamics+1","Coolheaded+1","Capacitor+1","Recycle+1","Capacitor+1","Rainbow+1","Apotheosis+1","Trip+1","Bandage Up+1","Skim+1","Tempest+1","Hologram+1"],"special_seed":0,"relics":["Cracked Core","PreservedInsect","Cursed Key","Toxic Egg 2","Sozu","Anchor","Incense Burner"],"potions_floor_usage":[50,50],"damage_taken":[{"damage":0.0,"enemies":"2 Louse","floor":1.0,"turns":3.0},{"damage":0.0,"enemies":"Small Slimes","floor":3.0,"turns":3.0},{"damage":0.0,"enemies":"Cultist","floor":7.0,"turns":3.0},{"damage":6.0,"enemies":"Red Slaver","floor":12.0,"turns":2.0},{"damage":0.0,"enemies":"2 Fungi Beasts","floor":13.0,"turns":2.0},{"damage":28.0,"enemies":"Slime Boss","floor":16.0,"turns":7.0},{"damage":5.0,"enemies":"Chosen","floor":18.0,"turns":3.0},{"damage":4.0,"enemies":"Spheric Guardian","floor":21.0,"turns":4.0},{"damage":1.0,"enemies":"Chosen and Byrds","floor":23.0,"turns":4.0},{"damage":16.0,"enemies":"Snake Plant","floor":25.0,"turns":4.0},{"damage":5.0,"enemies":"Book of Stabbing","floor":27.0,"turns":3.0},{"damage":11.0,"enemies":"Centurion and Healer","floor":28.0,"turns":4.0},{"damage":0.0,"enemies":"Shelled Parasite and Fungi","floor":31.0,"turns":5.0},{"damage":22.0,"enemies":"Automaton","floor":33.0,"turns":8.0},{"damage":1.0,"enemies":"Orb Walker","floor":35.0,"turns":4.0},{"damage":0.0,"enemies":"3 Shapes","floor":41.0,"turns":4.0},{"damage":21.0,"enemies":"Reptomancer","floor":42.0,"turns":7.0},{"damage":0,"enemies":"Mind Bloom Boss Battle","floor":45,"turns":4},{"damage":0,"enemies":"Sphere and 2 Shapes","floor":46,"turns":4},{"damage":13,"enemies":"Time Eater","floor":50,"turns":7}],"seed_played":"1749338610806943338","potions_obtained":[{"floor":1.0,"key":"Ancient Potion"},{"floor":7.0,"key":"Regen Potion"},{"floor":12.0,"key":"SpeedPotion"},{"floor":16.0,"key":"FocusPotion"}],"is_trial":false,"path_per_floor":["M","?","M","$","?","R","M","R","T","R","?","M","M","$","R","B",null,"M","T","$","M","?","M","R","M","T","E","M","R","$","M","R","B",null,"M","?","?","$","?","R","M","E","T","R","?","M","R","?","R","B",null],"character_chosen":"DEFECT","items_purchased":["Biased Cognition","Ball Lightning"],"campfire_rested":2,"item_purchase_floors":[4,14],"current_hp_per_floor":[75,64,64,64,49,49,49,49,49,49,49,43,43,43,43,15,75,70,70,70,66,66,65,65,49,49,44,33,33,33,33,55,33,75,74,71,71,71,61,61,67,50,50,71,71,71,71,71,71,64],"gold":160,"neow_bonus":"UPGRADE_CARD","is_prod":false,"is_daily":false,"chose_seed":false,"campfire_upgraded":9,"win_rate":0,"timestamp":1560642357,"path_taken":["M","?","M","$","?","R","M","R","T","R","?","?","M","$","R","BOSS","M","?","$","M","?","?","R","M","T","E","M","R","$","M","R","BOSS","M","?","?","$","?","R","M","E","T","R","?","M","R","?","R","BOSS"],"build_version":"2019-01-23","purchased_purges":4,"victory":true,"max_hp_per_floor":[75,75,75,75,75,75,75,75,75,75,75,75,75,75,75,75,75,75,75,75,75,75,75,75,75,75,75,75,75,75,75,75,75,75,75,71,71,71,71,71,71,71,71,71,71,71,71,71,71,71],"card_choices":[{"not_picked":["Leap","Auto Shields"],"picked":"Chill","floor":1.0},{"not_picked":["Cold Snap","Steam"],"picked":"Genetic Algorithm","floor":3.0},{"not_picked":["Lockon","Streamline","Redo"],"picked":"SKIP","floor":7.0},{"not_picked":["Double Energy","Barrage","Steam"],"picked":"SKIP","floor":12.0},{"not_picked":["Aggregate","Sweeping Beam"],"picked":"Thunder Strike","floor":13.0},{"not_picked":["Core Surge","Machine Learning"],"picked":"Electrodynamics","floor":16.0},{"not_picked":["Sweeping Beam+1","Gash+1"],"picked":"Coolheaded","floor":18.0},{"not_picked":["Scrape","Turbo"],"picked":"Capacitor+1","floor":21.0},{"not_picked":["Redo","Capacitor","Compile Driver"],"picked":"SKIP","floor":23.0},{"not_picked":["Undo","Loop"],"picked":"Glacier","floor":25.0},{"not_picked":["Steam","Go for the Eyes"],"picked":"Recycle","floor":27.0},{"not_picked":["Cold Snap+1","Hologram+1","Thunder Strike"],"picked":"SKIP","floor":28.0},{"not_picked":["Scrape","Steam+1"],"picked":"Capacitor","floor":31.0},{"not_picked":["Creative AI","Machine Learning"],"picked":"Rainbow+1","floor":33.0},{"not_picked":["Turbo+1","Streamline+1","Leap+1"],"picked":"SKIP","floor":35.0},{"not_picked":["Mind Blast","The Bomb+1"],"picked":"Apotheosis+1","floor":39.0},{"not_picked":["Deep Breath+1","Jack Of All Trades+1"],"picked":"Trip+1","floor":39.0},{"not_picked":["Secret Technique+1","Swift Strike"],"picked":"Bandage Up+1","floor":39.0},{"not_picked":["Rebound","Doom and Gloom+1"],"picked":"Skim+1","floor":41.0},{"not_picked":["Steam+1","Tempest+1","Go for the Eyes"],"picked":"SKIP","floor":42.0},{"not_picked":["Steam+1","Go for the Eyes"],"picked":"Tempest+1","floor":42.0},{"not_picked":["Gash+1","Rebound"],"picked":"Hologram+1","floor":45},{"not_picked":["Streamline+1","Reprogram+1","Reinforced Body+1"],"picked":"SKIP","floor":46}],"player_experience":5282203,"relics_obtained":[{"floor":9.0,"key":"PreservedInsect"},{"floor":27.0,"key":"Toxic Egg 2"},{"floor":42.0,"key":"Anchor"},{"floor":45,"key":"Incense Burner"}],"event_choices":[{"damage_healed":0.0,"max_hp_gain":0.0,"max_hp_loss":0.0,"gold_gain":75.0,"event_name":"World of Goop","player_choice":"Gather Gold","floor":2.0,"gold_loss":0.0,"damage_taken":11.0},{"damage_healed":0.0,"max_hp_gain":0.0,"max_hp_loss":0.0,"gold_gain":0.0,"event_name":"Shining Light","player_choice":"Entered Light","floor":5.0,"gold_loss":0.0,"damage_taken":15.0,"cards_upgraded":["Dualcast","Defend_B"]},{"damage_healed":0.0,"max_hp_gain":0.0,"max_hp_loss":0.0,"gold_gain":0.0,"event_name":"The Woman in Blue","player_choice":"Bought 0 Potions","floor":11.0,"gold_loss":0.0,"damage_taken":0.0},{"damage_healed":0.0,"max_hp_gain":0.0,"max_hp_loss":0.0,"gold_gain":0.0,"event_name":"Upgrade Shrine","player_choice":"Upgraded","floor":22.0,"gold_loss":0.0,"damage_taken":0.0,"cards_upgraded":["Coolheaded"]},{"damage_healed":0.0,"max_hp_gain":0.0,"max_hp_loss":4.0,"gold_gain":0.0,"event_name":"Winding Halls","player_choice":"Max HP","floor":36.0,"gold_loss":0.0,"damage_taken":0.0},{"damage_healed":0.0,"max_hp_gain":0.0,"max_hp_loss":0.0,"gold_gain":0.0,"event_name":"Tomb of Lord Red Mask","player_choice":"Ignored","floor":37.0,"gold_loss":0.0,"damage_taken":0.0},{"damage_healed":0.0,"max_hp_gain":0.0,"max_hp_loss":0.0,"gold_gain":0.0,"event_name":"SensoryStone","player_choice":"Memory 3","floor":39.0,"gold_loss":0.0,"damage_taken":10.0},{"damage_healed":0,"gold_gain":0,"player_choice":"Fight","damage_taken":0,"max_hp_gain":0,"max_hp_loss":0,"event_name":"MindBloom","floor":45,"gold_loss":0},{"cards_removed":["Glacier"],"damage_healed":0,"gold_gain":0,"player_choice":"Removed Skill","damage_taken":0,"max_hp_gain":0,"max_hp_loss":0,"event_name":"Falling","floor":48,"gold_loss":0}],"is_beta":false,"boss_relics":[{"not_picked":["Lizard Tail","Black Star"],"picked":"Cursed Key"},{"not_picked":["Inserter","Tiny House"],"picked":"Sozu"}],"items_purged_floors":[14,20,30,38],"is_endless":false,"potions_floor_spawned":[1,7,12,16,18,21,33,35,42,45,46],"ascension_level":0}