{"gold_per_floor":[115,215,232,248,68,68,93,105,160,178,178,213,213,225,225,299,299,312,8,8,19,19,47,59,85,122,163,193,205,267,11,11,87,87,101,112,112,132,132,132,165,165,165,214,214,231,231,242,242,242,242,242,242,18,51,51],"floor_reached":56,"playtime":3741,"items_purged":["Shame","Strike_B","Defend_B"],"score":2175,"play_id":"313afce7-231f-47da-b2c4-626bbd16c125","local_time":"20190519014300","is_ascension_mode":true,"campfire_choices":[{"data":"Chaos","floor":6.0,"key":"SMITH"},{"data":"Fission","floor":11.0,"key":"SMITH"},{"data":"Capacitor","floor":13.0,"key":"SMITH"},{"data":"Dualcast","floor":15.0,"key":"SMITH"},{"data":"Hologram","floor":24.0,"key":"SMITH"},{"data":"Blizzard","floor":29.0,"key":"SMITH"},{"data":"Coolheaded","floor":32.0,"key":"SMITH"},{"floor":40.0,"key":"RECALL"},{"data":"Core Surge","floor":42.0,"key":"SMITH"},{"data":"Turbo","floor":45.0,"key":"SMITH"},{"floor":47.0,"key":"REST"},{"floor":49.0,"key":"REST"},{"floor":53.0,"key":"REST"}],"neow_cost":"CURSE","seed_source_timestamp":130823185115587,"circlet_count":0,"master_deck":["AscendersBane","Strike_B+1","Strike_B+1","Defend_B+1","Defend_B+1","Zap+1","Dualcast+1","Seek+1","Fission+1","Undo+1","Chaos+1","Capacitor+1","Ball Lightning+1","Turbo+1","Chill+1","Hologram+1","Rainbow+1","Skim+1","Electrodynamics+1","Cold Snap+1","Self Repair+1","Ghostly+1","Ghostly+1","Ghostly+1","Blizzard+1","Skim+1","Coolheaded+1","Capacitor+1","Meteor Strike+1","Recycle+1","Self Repair+1","Loop+1","Compile Driver+1","Glacier+1","Capacitor+1","Loop+1","Hologram+1","Core Surge+1","Turbo+1","Parasite","Skim+1","Coolheaded+1"],"special_seed":0,"relics":["Cracked Core","Matryoshka","Blood Vial","Whetstone","Question Card","Busted Crown","PreservedInsect","MawBank","Dream Catcher","Pantograph","Orrery","Mark of the Bloom","DataDisk","Shuriken","Du-Vu Doll","ClockworkSouvenir","Pear"],"potions_floor_usage":[56,56],"damage_taken":[{"damage":13.0,"enemies":"Jaw Worm","floor":1.0,"turns":5.0},{"damage":1.0,"enemies":"Cultist","floor":3.0,"turns":4.0},{"damage":5.0,"enemies":"Small Slimes","floor":4.0,"turns":6.0},{"damage":13.0,"enemies":"Lagavulin","floor":7.0,"turns":6.0},{"damage":1.0,"enemies":"Blue Slaver","floor":8.0,"turns":4.0},{"damage":13.0,"enemies":"Lots of Slimes","floor":10.0,"turns":5.0},{"damage":0.0,"enemies":"Gremlin Nob","floor":12.0,"turns":3.0},{"damage":0.0,"enemies":"2 Fungi Beasts","floor":14.0,"turns":1.0},{"damage":25.0,"enemies":"Slime Boss","floor":16.0,"turns":9.0},{"damage":0.0,"enemies":"3 Byrds","floor":18.0,"turns":3.0},{"damage":1.0,"enemies":"Spheric Guardian","floor":21.0,"turns":4.0},{"damage":14.0,"enemies":"Book of Stabbing","floor":23.0,"turns":4.0},{"damage":0.0,"enemies":"Cultist and Chosen","floor":25.0,"turns":5.0},{"damage":17.0,"enemies":"Slavers","floor":27.0,"turns":4.0},{"damage":0.0,"enemies":"Centurion and Healer","floor":28.0,"turns":7.0},{"damage":5.0,"enemies":"Champ","floor":33.0,"turns":14.0},{"damage":21.0,"enemies":"3 Darklings","floor":35.0,"turns":6.0},{"damage":4.0,"enemies":"3 Shapes","floor":36.0,"turns":6.0},{"damage":3.0,"enemies":"Sphere and 2 Shapes","floor":38.0,"turns":7.0},{"damage":0.0,"enemies":"Giant Head","floor":41.0,"turns":7.0},{"damage":0.0,"enemies":"2 Orb Walkers","floor":44.0,"turns":4.0},{"damage":0.0,"enemies":"Writhing Mass","floor":46.0,"turns":5.0},{"damage":0.0,"enemies":"Spire Growth","floor":48.0,"turns":6.0},{"damage":0.0,"enemies":"Awakened One","floor":50.0,"turns":9.0},{"damage":0.0,"enemies":"Donu and Deca","floor":51.0,"turns":8.0},{"damage":5.0,"enemies":"Shield and Spear","floor":55.0,"turns":6.0},{"damage":44,"enemies":"The Heart","floor":56,"turns":8}],"seed_played":"3819822600639412793","potions_obtained":[{"floor":7.0,"key":"SkillPotion"},{"floor":10.0,"key":"Fire Potion"},{"floor":12.0,"key":"Explosive Potion"},{"floor":14.0,"key":"Weak Potion"},{"floor":23.0,"key":"Ancient Potion"},{"floor":33.0,"key":"Weak Potion"},{"floor":35.0,"key":"Strength Potion"}],"is_trial":false,"path_per_floor":["M","?","M","M","$","R","E","M","T","M","R","E","R","M","R","B",null,"M","$","?","M","?","E","R","M","T","E","M","R","?","$","R","B",null,"M","M","$","M","?","R","E","R","T","?","R","M","R","M","R","B","B",null,"R","$","E","B"],"character_chosen":"DEFECT","items_purchased":["Ball Lightning","Turbo","Self Repair","PreservedInsect","Coolheaded","Capacitor","ClockworkSouvenir"],"campfire_rested":3,"item_purchase_floors":[5,5,19,19,31,31,54],"current_hp_per_floor":[51,51,50,45,45,45,32,31,31,20,20,22,22,24,24,1,54,56,56,36,44,38,31,31,38,38,28,37,37,37,37,37,38,38,31,38,38,38,38,38,38,38,38,38,38,38,38,38,38,38,38,38,38,38,33,0],"gold":51,"neow_bonus":"TRANSFORM_TWO_CARDS","is_prod":false,"is_daily":false,"chose_seed":false,"campfire_upgraded":9,"win_rate":0,"timestamp":1558201380,"path_taken":["M","?","M","M","$","R","E","M","T","?","R","E","R","M","R","BOSS","M","$","?","M","?","E","R","M","T","E","M","R","?","?","R","BOSS","M","M","?","M","?","R","E","R","T","?","R","M","R","?","R","BOSS","BOSS","R","$","E","BOSS"],"build_version":"2019-01-23","purchased_purges":3,"victory":false,"max_hp_per_floor":[71,71,71,71,71,71,71,71,71,71,71,71,71,71,71,71,71,71,71,76,76,38,38,38,38,38,38,38,38,38,38,38,38,38,38,38,38,38,38,38,38,38,38,38,38,38,38,38,38,38,38,38,38,38,48,48],"card_choices":[{"not_picked":["Compile Driver","Stack"],"picked":"Undo","floor":1.0},{"not_picked":["Rebound","Barrage"],"picked":"Chaos","floor":3.0},{"not_picked":["Streamline","Barrage"],"picked":"Capacitor","floor":4.0},{"not_picked":["Beam Cell","Rip and Tear"],"picked":"Chill","floor":7.0},{"not_picked":["Leap","Redo"],"picked":"Hologram","floor":8.0},{"not_picked":["Barrage","Go for the Eyes","Storm"],"picked":"SKIP","floor":10.0},{"not_picked":["Melter","Compile Driver"],"picked":"Rainbow","floor":12.0},{"not_picked":["Rebound","Blizzard","Leap"],"picked":"Skim","floor":14.0},{"not_picked":["Rainbow","Thunder Strike","Multi-Cast"],"picked":"Electrodynamics","floor":16.0},{"not_picked":["Fusion"],"picked":"Cold Snap","floor":18.0},{"not_picked":["Leap","Steam Power"],"picked":"SKIP","floor":21.0},{"not_picked":["Stack+1","Redo"],"picked":"SKIP","floor":23.0},{"not_picked":["Steam","Cold Snap"],"picked":"SKIP","floor":25.0},{"not_picked":["Rebound"],"picked":"Blizzard","floor":27.0},{"not_picked":["Steam Power"],"picked":"Skim","floor":28.0},{"not_picked":["Thunder Strike"],"picked":"Meteor Strike","floor":33.0},{"not_picked":["Compile Driver+1"],"picked":"Recycle","floor":34.0},{"not_picked":["Cold Snap"],"picked":"Self Repair","floor":34.0},{"not_picked":["Ball Lightning"],"picked":"Loop","floor":34.0},{"not_picked":["Hello World"],"picked":"Compile Driver","floor":34.0},{"not_picked":["Compile Driver"],"picked":"Glacier","floor":34.0},{"not_picked":["Blizzard"],"picked":"Capacitor","floor":35.0},{"not_picked":["Auto Shields"],"picked":"Loop","floor":36.0},{"not_picked":["Streamline+1"],"picked":"Hologram","floor":38.0},{"not_picked":["Streamline"],"picked":"Core Surge","floor":41.0},{"not_picked":["Leap+1"],"picked":"Turbo","floor":44.0},{"not_picked":["Go for the Eyes","Steam"],"picked":"SKIP","floor":46.0},{"not_picked":["Reprogram+1"],"picked":"Skim+1","floor":48.0},{"not_picked":["Leap"],"picked":"Coolheaded+1","floor":53.0},{"not_picked":["Stack","Sweeping Beam"],"picked":"SKIP","floor":55.0}],"player_experience":4808161,"relics_obtained":[{"floor":7.0,"key":"Matryoshka"},{"floor":9.0,"key":"Blood Vial"},{"floor":9.0,"key":"Whetstone"},{"floor":12.0,"key":"Question Card"},{"floor":23.0,"key":"MawBank"},{"floor":26.0,"key":"Dream Catcher"},{"floor":27.0,"key":"Pantograph"},{"floor":41.0,"key":"DataDisk"},{"floor":43.0,"key":"Shuriken"},{"floor":44.0,"key":"Du-Vu Doll"},{"floor":55.0,"key":"Pear"}],"event_choices":[{"damage_healed":0.0,"max_hp_gain":0.0,"max_hp_loss":0.0,"gold_gain":100.0,"event_name":"Wheel of Change","player_choice":"Gold","floor":2.0,"gold_loss":0.0,"damage_taken":0.0},{"damage_healed":0.0,"max_hp_gain":5.0,"max_hp_loss":0.0,"gold_gain":0.0,"event_name":"Forgotten Altar","player_choice":"Shed Blood","floor":20.0,"gold_loss":0.0,"damage_taken":25.0},{"damage_healed":0.0,"max_hp_gain":0.0,"max_hp_loss":38.0,"gold_gain":0.0,"event_name":"Ghosts","player_choice":"Became a Ghost","floor":22.0,"gold_loss":0.0,"damage_taken":0.0,"cards_obtained":["Ghostly","Ghostly","Ghostly"]},{"damage_healed":0.0,"max_hp_gain":0.0,"max_hp_loss":0.0,"gold_gain":50.0,"event_name":"Nest","player_choice":"Stole From Cult","floor":30.0,"gold_loss":0.0,"damage_taken":0.0},{"damage_healed":0.0,"max_hp_gain":0.0,"max_hp_loss":0.0,"gold_gain":0.0,"event_name":"MindBloom","player_choice":"Upgrade","floor":39.0,"gold_loss":0.0,"damage_taken":0.0,"cards_upgraded":["Defend_B","Defend_B","Zap","Seek","Undo","Ball Lightning","Turbo","Chill","Rainbow","Skim","Electrodynamics","Cold Snap","Self Repair","Ghostly","Ghostly","Ghostly","Skim","Capacitor","Meteor Strike","Recycle","Self Repair","Loop","Compile Driver","Glacier","Capacitor","Loop","Hologram"],"relics_obtained":["Mark of the Bloom"]},{"damage_healed":0.0,"max_hp_gain":0.0,"max_hp_loss":0.0,"gold_gain":0.0,"event_name":"Mysterious Sphere","player_choice":"Fight","floor":44.0,"gold_loss":0.0,"damage_taken":0.0}],"is_beta":false,"boss_relics":[{"not_picked":["Fusion Hammer","Sozu"],"picked":"Busted Crown"},{"not_picked":["Astrolabe","Velvet Choker"],"picked":"Orrery"}],"items_purged_floors":[5,19,31],"is_endless":false,"potions_floor_spawned":[7,10,12,14,23,33,35,36,44,46],"killed_by":"The Heart","ascension_level":20}