{"gold_per_floor":[112,112,60,131,143,168,168,193,193,193,221,221,231,231,231,231],"floor_reached":16,"playtime":556,"items_purged":[],"score":232,"play_id":"67dff9d6-5207-4321-b8a3-bf5c1c4a56c2","local_time":"20181025215619","is_ascension_mode":true,"campfire_choices":[{"data":"Dash","floor":7,"key":"SMITH"},{"data":"Backstab","floor":10,"key":"SMITH"},{"floor":15,"key":"REST"}],"neow_cost":"NONE","seed_source_timestamp":23494483449090,"circlet_count":0,"master_deck":["Defend_G","Defend_G","Defend_G+1","Defend_G","Defend_G+1","Strike_G","Strike_G","Strike_G","Strike_G","Survivor","Neutralize+1","AscendersBane","Dash+1","Backflip","Backstab+1","Crippling Poison+1"],"special_seed":0,"relics":["Ring of the Snake","IncinerationGenerator","Ancient Tea Set","Darkstone Periapt","War Paint","Ice Cream","Art of War","Smiling Mask"],"potions_floor_usage":[],"damage_taken":[{"damage":3.0,"enemies":"Small Slimes","floor":1.0,"turns":6.0},{"damage":0,"enemies":"2 Louse","floor":5,"turns":2},{"damage":34,"enemies":"3 Sentries","floor":6,"turns":16},{"damage":7,"enemies":"Lagavulin","floor":8,"turns":12},{"damage":13,"enemies":"Gremlin Nob","floor":11,"turns":4},{"damage":0,"enemies":"Cultist","floor":13,"turns":2},{"damage":0,"enemies":"Slime Boss","floor":16,"turns":5}],"seed_played":"-8966210212313442430","potions_obtained":[{"floor":5,"key":"Weak Potion"},{"floor":11,"key":"Ancient Potion"}],"is_trial":false,"path_per_floor":["M","?","$","T","M","E","R","E","T","R","E","?","M","?","R"],"character_chosen":"THE_SILENT","items_purchased":["Backflip"],"campfire_rested":1,"item_purchase_floors":[3],"current_hp_per_floor":[56,56,56,56,56,22,22,15,15,15,2,2,2,2,21,21],"gold":231,"neow_bonus":"RANDOM_COMMON_RELIC","is_prod":false,"is_daily":false,"chose_seed":false,"campfire_upgraded":2,"win_rate":0,"timestamp":1540475779,"path_taken":["M","?","$","?","M","E","R","E","T","R","E","?","M","?","R","BOSS"],"build_version":"2018-10-18","purchased_purges":0,"victory":false,"max_hp_per_floor":[66,66,66,66,66,66,66,66,66,66,66,66,66,66,66,66],"card_choices":[{"not_picked":["Poisoned Stab","Bane"],"picked":"Dash","floor":1.0},{"not_picked":["Deflect","Slice","Flying Knee"],"picked":"SKIP","floor":5},{"not_picked":["Eviscerate","Catalyst","Bane"],"picked":"SKIP","floor":6},{"not_picked":["Storm of Steel","Reflex"],"picked":"Backstab","floor":8},{"not_picked":["Deflect","Acrobatics"],"picked":"Crippling Poison","floor":11},{"not_picked":["Calculated Gamble","Deadly Poison","Crippling Poison"],"picked":"SKIP","floor":13}],"player_experience":382292,"relics_obtained":[{"floor":4,"key":"Darkstone Periapt"},{"floor":6,"key":"War Paint"},{"floor":8,"key":"Ice Cream"},{"floor":9,"key":"Art of War"},{"floor":11,"key":"Smiling Mask"}],"event_choices":[{"damage_healed":0,"gold_gain":0,"player_choice":"Grow","damage_taken":0,"max_hp_gain":0,"max_hp_loss":0,"event_name":"Living Wall","floor":2,"gold_loss":0,"cards_upgraded":["Neutralize"]},{"cards_removed":["Strike_G"],"damage_healed":0,"gold_gain":0,"player_choice":"Purged","damage_taken":0,"max_hp_gain":0,"max_hp_loss":0,"event_name":"Purifier","floor":12,"gold_loss":0},{"damage_healed":0,"gold_gain":0,"player_choice":"Forge","damage_taken":0,"max_hp_gain":0,"max_hp_loss":0,"event_name":"Accursed Blacksmith","floor":14,"gold_loss":0,"cards_upgraded":["Crippling Poison"]}],"is_beta":false,"boss_relics":[],"items_purged_floors":[],"is_endless":false,"potions_floor_spawned":[5,11],"killed_by":"Slime Boss","ascension_level":20}