{"gold_per_floor":[110,129,129,204,74,99,119,119,119,136,170,170,170,13,13,85,85,98,110,110,120,120,120],"floor_reached":23,"playtime":684,"items_purged":["Strike_G","Regret"],"score":598,"play_id":"bd25dcf9-88ed-41ee-b4fd-b9e751c80587","local_time":"20190206143022","is_ascension_mode":true,"campfire_choices":[{"data":"Deadly Poison","floor":8.0,"key":"SMITH"},{"data":"Cloak And Dagger","floor":12.0,"key":"SMITH"},{"data":"Well Laid Plans","floor":15,"key":"SMITH"}],"neow_cost":"NONE","seed_source_timestamp":98068464148219,"circlet_count":0,"master_deck":["AscendersBane","Defend_G","Defend_G","Defend_G","Defend_G","Defend_G","Strike_G","Strike_G","Strike_G","Strike_G","Survivor","Neutralize","Well Laid Plans+1","Deadly Poison+1","Cloak And Dagger+1","Outmaneuver","Cloak And Dagger","Outmaneuver","Necronomicurse"],"special_seed":0,"relics":["Ring of the Snake","NeowsBlessing","Paper Crane","Thread and Needle","Dead Branch","Art of War","Bronze Scales","Busted Crown","Necronomicon"],"potions_floor_usage":[16,23,23],"damage_taken":[{"damage":0.0,"enemies":"Jaw Worm","floor":1.0,"turns":1.0},{"damage":0.0,"enemies":"Small Slimes","floor":2.0,"turns":1.0},{"damage":0.0,"enemies":"3 Sentries","floor":6.0,"turns":2.0},{"damage":0.0,"enemies":"2 Louse","floor":7.0,"turns":3.0},{"damage":0.0,"enemies":"Looter","floor":10.0,"turns":4.0},{"damage":0.0,"enemies":"Gremlin Nob","floor":11.0,"turns":4.0},{"damage":0,"enemies":"Hexaghost","floor":16,"turns":9},{"damage":7,"enemies":"3 Byrds","floor":18,"turns":4},{"damage":5,"enemies":"Shell Parasite","floor":19,"turns":6},{"damage":0,"enemies":"Centurion and Healer","floor":21,"turns":7},{"damage":7,"enemies":"Gremlin Leader","floor":23,"turns":2}],"seed_played":"4009969122425362824","potions_obtained":[{"floor":7.0,"key":"GhostInAJar"},{"floor":10.0,"key":"PowerPotion"},{"floor":11.0,"key":"SkillPotion"},{"floor":16,"key":"Block Potion"},{"floor":18,"key":"SpeedPotion"}],"is_trial":false,"path_per_floor":["M","M","?","?","$","E","M","R","T","M","E","R","?","$","R","B",null,"M","M","?","M","?","E"],"character_chosen":"THE_SILENT","items_purchased":["Deadly Poison","Outmaneuver"],"campfire_rested":0,"item_purchase_floors":[5,14],"current_hp_per_floor":[59,59,24,13,13,13,13,13,13,13,13,13,13,13,13,13,53,46,41,23,23,2,0],"gold":120,"neow_bonus":"THREE_ENEMY_KILL","is_prod":false,"is_daily":false,"chose_seed":false,"campfire_upgraded":3,"win_rate":0,"timestamp":1549434622,"path_taken":["M","M","?","?","$","E","M","R","T","M","E","R","?","$","R","BOSS","M","M","?","M","?","E"],"build_version":"2019-01-23","purchased_purges":2,"victory":false,"max_hp_per_floor":[66,66,66,66,66,66,66,66,66,66,66,66,66,66,66,66,66,66,66,71,71,71,71],"card_choices":[{"not_picked":["Dagger Spray","Bane","Blade Dance"],"picked":"SKIP","floor":1.0},{"not_picked":["Poisoned Stab","Outmaneuver"],"picked":"Well Laid Plans","floor":2.0},{"not_picked":["Prepared","Blur","Concentrate"],"picked":"SKIP","floor":6.0},{"not_picked":["Slice","Quick Slash","Flying Knee"],"picked":"SKIP","floor":7.0},{"not_picked":["Dodge and Roll","Blur","Poisoned Stab"],"picked":"SKIP","floor":10.0},{"not_picked":["Prepared","After Image"],"picked":"Cloak And Dagger","floor":11.0},{"not_picked":[],"picked":"Cloak And Dagger","floor":18},{"not_picked":["Deflect"],"picked":"SKIP","floor":19},{"not_picked":[],"picked":"Outmaneuver","floor":21}],"player_experience":1429024,"relics_obtained":[{"floor":6.0,"key":"Thread and Needle"},{"floor":9.0,"key":"Dead Branch"},{"floor":11.0,"key":"Art of War"},{"floor":22,"key":"Necronomicon"}],"event_choices":[{"damage_healed":0.0,"max_hp_gain":0.0,"max_hp_loss":0.0,"gold_gain":0.0,"event_name":"Scrap Ooze","player_choice":"Success","floor":3.0,"gold_loss":0.0,"damage_taken":35.0,"relics_obtained":["Paper Crane"]},{"damage_healed":0.0,"max_hp_gain":0.0,"max_hp_loss":0.0,"gold_gain":75.0,"event_name":"World of Goop","player_choice":"Gather Gold","floor":4.0,"gold_loss":0.0,"damage_taken":11.0},{"damage_healed":0,"gold_gain":0,"player_choice":"Box","damage_taken":0,"relics_obtained":["Bronze Scales"],"max_hp_gain":0,"max_hp_loss":0,"event_name":"Big Fish","floor":13,"gold_loss":0,"cards_obtained":["Regret"]},{"damage_healed":0,"gold_gain":0,"player_choice":"Shed Blood","damage_taken":23,"max_hp_gain":5,"max_hp_loss":0,"event_name":"Forgotten Altar","floor":20,"gold_loss":0},{"damage_healed":0,"gold_gain":0,"player_choice":"Obtained Book","damage_taken":21,"max_hp_gain":0,"max_hp_loss":0,"event_name":"Cursed Tome","floor":22,"gold_loss":0}],"is_beta":true,"boss_relics":[{"not_picked":["WristBlade","Velvet Choker"],"picked":"Busted Crown"}],"items_purged_floors":[5,14],"is_endless":false,"potions_floor_spawned":[7,10,11,16,18],"killed_by":"Gremlin Leader","ascension_level":20}