{"gold_per_floor":[113,127,147,163,174,174,185,185,185,185,195,195,212,222,222,294,294,310,42,42,42,62,62,91,104,128,128,140,140,158,173,173,173],"floor_reached":33,"playtime":1151,"items_purged":["Strike_G"],"score":630,"play_id":"06e3abd0-88ad-43ec-b5a8-abd88994d87f","local_time":"20181210201104","is_ascension_mode":true,"campfire_choices":[{"data":"Poisoned Stab","floor":6,"key":"SMITH"},{"data":"Bouncing Flask","floor":12,"key":"SMITH"},{"data":"Deadly Poison","floor":15,"key":"SMITH"},{"data":"Neutralize","floor":23,"key":"SMITH"},{"data":"Backflip","floor":27,"key":"SMITH"},{"data":"Leg Sweep","floor":29,"key":"SMITH"},{"data":"Flechettes","floor":32,"key":"SMITH"}],"neow_cost":"NONE","seed_source_timestamp":574386268619,"circlet_count":0,"master_deck":["AscendersBane","Defend_G","Defend_G","Defend_G","Defend_G","Defend_G","Strike_G","Strike_G","Strike_G","Survivor","Neutralize+1","Flechettes+1","Poisoned Stab+1","Bouncing Flask+1","Leg Sweep+1","Deadly Poison+1","Die Die Die","Adrenaline","Backflip+1","PiercingWail"],"relics":["Runic Pyramid","Smiling Mask","Velvet Choker","Medical Kit","Lantern","Bronze Scales"],"potions_floor_usage":[4,24,33,33],"damage_taken":[{"damage":1,"enemies":"Cultist","floor":1,"turns":4},{"damage":0,"enemies":"Jaw Worm","floor":2,"turns":4},{"damage":0,"enemies":"Small Slimes","floor":3,"turns":4},{"damage":4,"enemies":"Looter","floor":4,"turns":4},{"damage":15,"enemies":"Red Slaver","floor":5,"turns":4},{"damage":16,"enemies":"Large Slime","floor":7,"turns":6},{"damage":6,"enemies":"Looter","floor":11,"turns":3},{"damage":1,"enemies":"2 Fungi Beasts","floor":13,"turns":3},{"damage":3,"enemies":"Blue Slaver","floor":14,"turns":3},{"damage":0,"enemies":"Hexaghost","floor":16,"turns":8},{"damage":0,"enemies":"Chosen","floor":18,"turns":5},{"damage":11,"enemies":"3 Byrds","floor":22,"turns":4},{"damage":7,"enemies":"Gremlin Leader","floor":24,"turns":7},{"damage":3,"enemies":"Snecko","floor":25,"turns":4},{"damage":27,"enemies":"Shelled Parasite and Fungi","floor":28,"turns":4},{"damage":9,"enemies":"Snake Plant","floor":30,"turns":3},{"damage":0,"enemies":"3 Cultists","floor":31,"turns":4},{"damage":24,"enemies":"Champ","floor":33,"turns":12}],"seed_played":"-2793371339323698058","potions_obtained":[{"floor":1,"key":"Regen Potion"},{"floor":2,"key":"Dexterity Potion"},{"floor":5,"key":"Ancient Potion"},{"floor":13,"key":"GhostInAJar"},{"floor":25,"key":"SpeedPotion"},{"floor":28,"key":"PowerPotion"}],"is_trial":false,"path_per_floor":["M","M","M","M","M","R","M","?","T","?","M","R","M","M","R","B",null,"M","$","?","?","M","R","E","M","T","R","M","R","M","M","R","B"],"character_chosen":"THE_SILENT","items_purchased":["Medical Kit"],"campfire_rested":0,"item_purchase_floors":[19],"current_hp_per_floor":[58,58,58,66,51,51,35,35,35,30,24,24,23,20,20,20,55,55,55,55,76,65,65,58,55,55,55,28,28,19,19,19,0],"gold":173,"neow_bonus":"BOSS_RELIC","is_prod":false,"is_daily":false,"chose_seed":true,"campfire_upgraded":7,"win_rate":0,"timestamp":1544443864,"path_taken":["M","M","M","M","M","R","?","?","T","?","M","R","M","M","R","BOSS","M","$","?","?","M","R","E","M","T","R","M","R","M","M","R","BOSS"],"build_version":"2018-12-06","purchased_purges":1,"victory":false,"max_hp_per_floor":[66,66,66,66,66,66,66,66,66,66,66,66,66,66,66,66,66,66,66,66,76,76,76,76,76,76,76,76,76,76,76,76,76],"card_choices":[{"not_picked":["Accuracy","Sucker Punch"],"picked":"Flechettes","floor":1},{"not_picked":["Skewer","Prepared","Concentrate"],"picked":"SKIP","floor":2},{"not_picked":["Slice","Predator"],"picked":"Bullet Time","floor":3},{"not_picked":["Dagger Spray","Footwork"],"picked":"Poisoned Stab","floor":4},{"not_picked":["Blade Dance","Cloak And Dagger","Flying Knee"],"picked":"SKIP","floor":5},{"not_picked":["Bane","Acrobatics"],"picked":"Bouncing Flask","floor":7},{"not_picked":["Dagger Throw","Accuracy"],"picked":"Leg Sweep","floor":11},{"not_picked":["Sucker Punch","Flying Knee","Poisoned Stab"],"picked":"SKIP","floor":13},{"not_picked":["All Out Attack","Flying Knee"],"picked":"Deadly Poison","floor":14},{"not_picked":["Envenom","Tools of the Trade"],"picked":"Die Die Die","floor":16},{"not_picked":["Flechettes","Escape Plan","Deflect"],"picked":"SKIP","floor":18},{"not_picked":["Underhanded Strike","Deadly Poison","Bane"],"picked":"SKIP","floor":22},{"not_picked":["Infinite Blades+1","Poisoned Stab+1"],"picked":"Adrenaline","floor":24},{"not_picked":["Backflip","Concentrate","Acrobatics"],"picked":"SKIP","floor":25},{"not_picked":["Concentrate","Acrobatics"],"picked":"Backflip","floor":25},{"not_picked":["Crippling Poison","Deflect"],"picked":"PiercingWail","floor":28},{"not_picked":["Bane","Quick Slash","Deflect"],"picked":"SKIP","floor":30},{"not_picked":["Underhanded Strike","Cloak And Dagger","Dodge and Roll"],"picked":"SKIP","floor":31}],"player_experience":1199410,"relics_obtained":[{"floor":24,"key":"Lantern"},{"floor":26,"key":"Bronze Scales"}],"event_choices":[{"damage_healed":0,"gold_gain":0,"player_choice":"Ignored","damage_taken":0,"max_hp_gain":0,"max_hp_loss":0,"event_name":"Liars Game","floor":8,"gold_loss":0},{"damage_healed":0,"gold_gain":0,"player_choice":"Success","damage_taken":5,"relics_obtained":["Smiling Mask"],"max_hp_gain":0,"max_hp_loss":0,"event_name":"Scrap Ooze","floor":10,"gold_loss":0},{"cards_removed":["Strike_G"],"damage_healed":0,"gold_gain":0,"player_choice":"Elegance","damage_taken":0,"max_hp_gain":0,"max_hp_loss":0,"event_name":"Back to Basics","floor":20,"gold_loss":0},{"cards_removed":["Bullet Time"],"damage_healed":11,"gold_gain":0,"player_choice":"Offered Rare","damage_taken":0,"max_hp_gain":10,"max_hp_loss":0,"event_name":"Bonfire Elementals","floor":21,"gold_loss":0}],"is_beta":false,"boss_relics":[{"not_picked":["Philosopher\u0027s Stone","Tiny House"],"picked":"Velvet Choker"}],"items_purged_floors":[19],"is_endless":false,"potions_floor_spawned":[1,2,3,5,11,13,25,28,30],"killed_by":"Champ","ascension_level":20}