{"gold_per_floor":[113,263,277,277,289,289,314,314,360,390,390,417,178,190,190,190],"floor_reached":16,"playtime":338,"items_purged":["Strike_B"],"score":216,"play_id":"224d5529-6618-472c-8bda-336a81ee3e72","local_time":"20181012161823","is_ascension_mode":true,"campfire_choices":[{"data":"Zap","floor":6,"key":"SMITH"},{"data":"Beam Cell","floor":8,"key":"SMITH"},{"data":"Sweeping Beam","floor":11,"key":"SMITH"},{"data":"Streamline","floor":15,"key":"SMITH"}],"neow_cost":"TEN_PERCENT_HP_LOSS","seed_source_timestamp":145980986025760,"circlet_count":0,"master_deck":["Strike_B","Strike_B","Defend_B","Defend_B","Defend_B","Zap+1","Dualcast","AscendersBane","Core Surge","Ball Lightning","Ball Lightning","Beam Cell+1","Sweeping Beam+1","Streamline+1"],"special_seed":0,"relics":["Cracked Core","Bag of Marbles","Bag of Preparation","Tiny Chest","FossilizedHelix","DataDisk"],"potions_floor_usage":[16,16],"damage_taken":[{"damage":8,"enemies":"2 Louse","floor":1,"turns":3},{"damage":10,"enemies":"Small Slimes","floor":3,"turns":3},{"damage":7,"enemies":"Jaw Worm","floor":5,"turns":2},{"damage":11,"enemies":"Gremlin Nob","floor":7,"turns":3},{"damage":15,"enemies":"Lagavulin","floor":12,"turns":3},{"damage":0,"enemies":"Large Slime","floor":14,"turns":3},{"damage":14,"enemies":"The Guardian","floor":16,"turns":6}],"seed_played":"4714960174571086813","potions_obtained":[{"floor":1,"key":"EssenceOfSteel"},{"floor":7,"key":"Weak Potion"}],"is_trial":false,"path_per_floor":["M","?","M","?","M","R","E","R","T","?","R","E","$","M","R"],"character_chosen":"DEFECT","items_purchased":["DataDisk"],"campfire_rested":0,"item_purchase_floors":[13],"current_hp_per_floor":[56,56,46,46,39,39,28,28,28,28,28,13,13,13,13,0],"gold":190,"neow_bonus":"TRANSFORM_TWO_CARDS","is_prod":false,"is_daily":false,"chose_seed":false,"campfire_upgraded":4,"win_rate":0,"timestamp":1539332303,"path_taken":["M","?","M","?","?","R","E","R","T","?","R","E","?","?","R","BOSS"],"build_version":"2018-10-11","purchased_purges":1,"victory":false,"max_hp_per_floor":[64,64,64,64,64,64,64,64,64,64,64,64,64,64,64,64],"card_choices":[{"not_picked":["Stack","Redo"],"picked":"Ball Lightning","floor":1},{"not_picked":["Compile Driver","Stack"],"picked":"Ball Lightning","floor":3},{"not_picked":["Storm","Lockon"],"picked":"Beam Cell","floor":5},{"not_picked":["Loop","Blizzard"],"picked":"Sweeping Beam","floor":7},{"not_picked":["Self Repair","Seek"],"picked":"Streamline","floor":12},{"not_picked":["Coolheaded","White Noise","Ball Lightning"],"picked":"SKIP","floor":14}],"player_experience":312288,"relics_obtained":[{"floor":7,"key":"Bag of Marbles"},{"floor":9,"key":"Bag of Preparation"},{"floor":12,"key":"FossilizedHelix"}],"event_choices":[{"event_name":"Liars Game","player_choice":"agreed","floor":2,"damage_taken":0},{"event_name":"Living Wall","player_choice":"Forget","floor":4,"damage_taken":0},{"event_name":"WeMeetAgain","player_choice":"Card","floor":10,"damage_taken":0}],"is_beta":false,"boss_relics":[],"items_purged_floors":[13],"is_endless":false,"potions_floor_spawned":[1,7,12],"killed_by":"The Guardian","ascension_level":20}