{"gold_per_floor":[114,114,130,140,155,155,180,209,297,329,68,68,68,83,83,180,180,196,196,229,129,129,129,141,141,165,165,165,199,299,313,313,411,411,426,442,442,442],"floor_reached":39,"playtime":1362,"items_purged":["Searing Blow","Strike_R"],"score":599,"play_id":"58b6db92-14da-471b-a080-2cbe2f5a5f94","local_time":"20190804014942","is_ascension_mode":false,"campfire_choices":[{"data":"Bash","floor":6.0,"key":"SMITH"},{"data":"True Grit","floor":13.0,"key":"SMITH"},{"data":"Uppercut","floor":15.0,"key":"SMITH"},{"data":"Clothesline","floor":23.0,"key":"SMITH"},{"data":"Carnage","floor":25.0,"key":"SMITH"},{"data":"Pommel Strike","floor":27.0,"key":"SMITH"},{"data":"Flex","floor":32,"key":"SMITH"}],"neow_cost":"NONE","seed_source_timestamp":1725115533161,"circlet_count":0,"master_deck":["Strike_R","Strike_R","Strike_R","Defend_R","Defend_R","Defend_R","Defend_R","Bash+1","Clothesline+1","Pommel Strike+1","Headbutt","Clash","Carnage+1","True Grit+1","Uppercut+1","Twin Strike+1","Clothesline+1","Twin Strike+1","Shame","Thunderclap+1","Flex+1","Demon Form","Flex","Inflame+1"],"special_seed":0,"relics":["Burning Blood","PreservedInsect","MawBank","Question Card","ClockworkSouvenir","Boot","Cursed Key","Red Mask","Vajra","Turnip","Mango","Matryoshka","Busted Crown"],"potions_floor_usage":[35,38,38,38],"damage_taken":[{"damage":0.0,"enemies":"2 Louse","floor":1.0,"turns":2.0},{"damage":1.0,"enemies":"Cultist","floor":3.0,"turns":4.0},{"damage":3.0,"enemies":"Jaw Worm","floor":4.0,"turns":3.0},{"damage":12.0,"enemies":"Large Slime","floor":5.0,"turns":5.0},{"damage":8.0,"enemies":"Lagavulin","floor":7.0,"turns":3.0},{"damage":8.0,"enemies":"Red Slaver","floor":8.0,"turns":3.0},{"damage":7.0,"enemies":"3 Louse","floor":10.0,"turns":2.0},{"damage":5.0,"enemies":"Looter","floor":14.0,"turns":3.0},{"damage":36.0,"enemies":"Hexaghost","floor":16.0,"turns":16.0},{"damage":5.0,"enemies":"Spheric Guardian","floor":18.0,"turns":3.0},{"damage":27.0,"enemies":"Masked Bandits","floor":20.0,"turns":4.0},{"damage":0.0,"enemies":"3 Byrds","floor":24.0,"turns":5.0},{"damage":12.0,"enemies":"Book of Stabbing","floor":29.0,"turns":3.0},{"damage":4.0,"enemies":"Colosseum Slavers","floor":30.0,"turns":3.0},{"damage":0.0,"enemies":"Colosseum Nobs","floor":30.0,"turns":3.0},{"damage":6.0,"enemies":"Cultist and Chosen","floor":31.0,"turns":3.0},{"damage":63,"enemies":"Automaton","floor":33,"turns":8},{"damage":22,"enemies":"3 Shapes","floor":35,"turns":5},{"damage":34,"enemies":"3 Darklings","floor":36,"turns":4},{"damage":58,"enemies":"Time Eater","floor":38,"turns":8}],"seed_played":"7612898381230229170","potions_obtained":[{"floor":1.0,"key":"SpeedPotion"},{"floor":5.0,"key":"Regen Potion"},{"floor":8.0,"key":"SteroidPotion"},{"floor":10.0,"key":"Energy Potion"},{"floor":24.0,"key":"Dexterity Potion"},{"floor":30.0,"key":"Block Potion"},{"floor":35,"key":"Swift Potion"}],"is_trial":false,"path_per_floor":["M","?","M","M","M","R","E","M","T","M","$","T","R","M","R","B",null,"M","$","?","$","?","R","M","R","T","R","?","E","?","M","R","B",null,"M","M","?","B",null],"character_chosen":"IRONCLAD","items_purchased":["ClockworkSouvenir"],"campfire_rested":0,"item_purchase_floors":[11],"current_hp_per_floor":[80,80,80,80,74,74,72,70,70,69,69,69,69,70,70,40,80,80,80,59,59,59,59,65,65,65,65,65,59,81,81,81,24,94,78,50,50,13],"gold":442,"neow_bonus":"RANDOM_COMMON_RELIC","is_prod":false,"is_daily":false,"chose_seed":false,"campfire_upgraded":7,"win_rate":0,"timestamp":1564904982,"path_taken":["M","?","?","M","M","R","E","M","T","M","$","?","R","?","R","BOSS","M","$","?","$","?","R","?","R","T","R","?","E","?","M","R","BOSS","M","M","?","BOSS"],"build_version":"2019-07-17","purchased_purges":2,"victory":true,"max_hp_per_floor":[80,80,80,80,80,80,80,80,80,80,80,80,80,80,80,80,80,80,80,80,80,80,80,80,80,80,80,80,80,94,94,94,94,94,94,94,94,94],"card_choices":[{"not_picked":["Dropkick","Cleave"],"picked":"Clothesline","floor":1.0},{"not_picked":["Perfected Strike","Body Slam"],"picked":"Headbutt","floor":3.0},{"not_picked":["Heavy Blade","Havoc"],"picked":"Clash","floor":4.0},{"not_picked":["Wild Strike","Rupture"],"picked":"Carnage","floor":5.0},{"not_picked":["Warcry","Spot Weakness"],"picked":"Searing Blow","floor":7.0},{"not_picked":["Impervious","Pommel Strike","Wild Strike"],"picked":"SKIP","floor":8.0},{"not_picked":["Burning Pact","Carnage","Heavy Blade"],"picked":"True Grit","floor":10.0},{"not_picked":["Disarm","Armaments","Shrug It Off"],"picked":"Uppercut","floor":14.0},{"not_picked":["Seeing Red","Warcry","Perfected Strike+1"],"picked":"Twin Strike+1","floor":18.0},{"not_picked":["Feel No Pain","Reckless Charge","Anger"],"picked":"Clothesline+1","floor":20.0},{"not_picked":["Warcry+1","Blood for Blood+1","Heavy Blade"],"picked":"Twin Strike+1","floor":24.0},{"not_picked":["Headbutt","Pommel Strike+1","True Grit"],"picked":"Thunderclap+1","floor":29.0},{"not_picked":["Perfected Strike","Clash+1","Havoc"],"picked":"Flex","floor":31.0},{"not_picked":["Brutality","Immolate","Berserk"],"picked":"Demon Form","floor":33},{"not_picked":["Shrug It Off"],"picked":"Flex","floor":35},{"not_picked":["Warcry+1"],"picked":"Inflame+1","floor":36}],"player_experience":1611524,"relics_obtained":[{"floor":7.0,"key":"MawBank"},{"floor":9.0,"key":"Question Card"},{"floor":12.0,"key":"Boot"},{"floor":20.0,"key":"Red Mask"},{"floor":26.0,"key":"Vajra"},{"floor":29.0,"key":"Turnip"},{"floor":30.0,"key":"Mango"},{"floor":30.0,"key":"Matryoshka"}],"event_choices":[{"damage_healed":0.0,"max_hp_gain":0.0,"max_hp_loss":0.0,"gold_gain":0.0,"cards_transformed":["Strike_R"],"event_name":"Transmorgrifier","player_choice":"Transformed","floor":2.0,"gold_loss":0.0,"damage_taken":0.0,"cards_obtained":["Pommel Strike"]},{"damage_healed":0.0,"max_hp_gain":0.0,"max_hp_loss":0.0,"gold_gain":0.0,"event_name":"Masked Bandits","player_choice":"Fought Bandits","floor":20.0,"gold_loss":0.0,"damage_taken":0.0},{"damage_healed":0.0,"max_hp_gain":0.0,"max_hp_loss":0.0,"gold_gain":0.0,"event_name":"The Woman in Blue","player_choice":"Bought 0 Potions","floor":22.0,"gold_loss":0.0,"damage_taken":0.0},{"damage_healed":0.0,"max_hp_gain":0.0,"max_hp_loss":0.0,"gold_gain":0.0,"event_name":"Vampires","player_choice":"Ignored","floor":28.0,"gold_loss":0.0,"damage_taken":0.0},{"damage_healed":0.0,"max_hp_gain":0.0,"max_hp_loss":0.0,"gold_gain":0.0,"event_name":"Colosseum","player_choice":"Fight","floor":30.0,"gold_loss":0.0,"damage_taken":0.0},{"damage_healed":0.0,"max_hp_gain":0.0,"max_hp_loss":0.0,"gold_gain":0.0,"event_name":"Colosseum","player_choice":"Fought Nobs","floor":30.0,"gold_loss":0.0,"damage_taken":0.0},{"damage_healed":0,"gold_gain":0,"player_choice":"Took Portal","damage_taken":0,"max_hp_gain":0,"max_hp_loss":0,"event_name":"SecretPortal","floor":37,"gold_loss":0}],"is_beta":false,"boss_relics":[{"not_picked":["Runic Dome","Black Blood"],"picked":"Cursed Key"},{"not_picked":["Empty Cage","Mark of Pain"],"picked":"Busted Crown"}],"items_purged_floors":[11,21],"is_endless":false,"potions_floor_spawned":[1,5,8,10,14,24,30,33,35],"ascension_level":0}