{"path_per_floor":["M","M","M","M","$","R","E","?","T","M","?","T","R","M","R","B",null,"M","$","?","?","M","E","R","M","T","M","E","M","?","M","R","B",null,"M","M","M","M","?","E","$","E","T","T","$","?","R","E","R","B"],"character_chosen":"IRONCLAD","items_purchased":["Singing Bowl","Gambling Chip","Twin Strike","Bottled Flame"],"gold_per_floor":[114,129,144,159,159,159,189,189,239,254,307,362,362,377,377,477,477,492,42,42,42,57,87,87,102,127,142,172,187,187,202,202,302,302,317,332,347,362,379,409,387,417,417,467,267,267,267,297,297,297],"floor_reached":51,"campfire_rested":1,"playtime":1539,"current_hp_per_floor":[73,93,94,94,94,94,94,87,87,85,91,91,91,92,92,61,101,101,101,101,101,101,80,80,86,86,92,84,90,74,72,72,80,107,103,107,107,107,107,102,102,109,109,109,109,99,99,105,109,109],"items_purged":[],"gold":297,"score":1227,"play_id":"ad504022-6503-4c76-8fc8-79c15e7e2ace","local_time":"20180430162851","daily_mods":["Allstar","Vintage","Hoarder"],"is_prod":false,"is_daily":true,"chose_seed":false,"is_ascension_mode":false,"campfire_upgraded":6,"timestamp":1525076931,"path_taken":["M","M","M","M","$","R","E","?","T","M","?","?","R","?","R","BOSS","M","$","?","?","M","E","R","M","T","M","E","M","?","M","R","BOSS","M","M","M","M","?","E","$","E","T","?","$","?","R","E","R","BOSS"],"build_version":"2018-04-27v3","seed_source_timestamp":0,"purchased_purges":0,"victory":true,"master_deck":["Strike_R","Strike_R","Strike_R","Strike_R","Strike_R","Defend_R","Defend_R+1","Defend_R","Defend_R","Bash+1","Thinking Ahead","Thinking Ahead","Thinking Ahead","Panache","Panache","Panache","Blind","Blind","Blind+1","Blind","Blind","Apotheosis+1","Apotheosis+1","Rampage","Rampage","Rampage","Shrug It Off","Shrug It Off","Shrug It Off","Perfected Strike","Perfected Strike","Perfected Strike","Double Tap+1","Double Tap","Double Tap+1","Perfected Strike","Perfected Strike","Perfected Strike+1","Twin Strike","Twin Strike","Twin Strike","Twin Strike+1","Twin Strike+1","Twin Strike+1","Wild Strike","Wild Strike","Wild Strike","Twin Strike","Twin Strike","Twin Strike","Pommel Strike","Pommel Strike","Pommel Strike","Pommel Strike+1","Pommel Strike+1","Pommel Strike+1","Secret Technique","Secret Technique","Secret Technique","Secret Weapon","Secret Weapon","Secret Weapon","Secret Technique","Secret Technique","Secret Technique","Pommel Strike","Pommel Strike","Pommel Strike","Twin Strike+1","Twin Strike+1","Twin Strike+1"],"max_hp_per_floor":[80,94,94,94,94,94,94,94,94,101,101,101,101,101,101,101,101,101,101,101,101,101,103,103,103,103,103,105,105,105,105,105,107,107,107,107,107,107,107,107,107,109,109,109,109,109,109,109,109,109],"relics":["Burning Blood","Art of War","Mango","Dodecahedron","Darkstone Periapt","Vajra","Prayer Wheel","Strawberry","Ornamental Fan","Tiny Chest","Bag of Marbles","Mercury Hourglass","Philosopher\u0027s Stone","Sundial","Singing Bowl","Gambling Chip","Pen Nib","Oddly Smooth Stone","The Courier","Dream Catcher","War Paint","Du-Vu Doll","Letter Opener","Nilry\u0027s Codex","Paper Frog","Happy Flower","Black Star","Ancient Tea Set","Bag of Preparation","Bronze Scales","Juzu Bracelet","Red Skull","Turnip","Torii","Matryoshka","Smiling Mask","Anchor","Bottled Tornado","Lantern","Omamori","Bottled Flame","Thread and Needle","Ginger"],"card_choices":[{"not_picked":["Searing Blow","Uppercut"],"picked":"Rampage","floor":7},{"not_picked":["Clash","Power Through"],"picked":"Shrug It Off","floor":11},{"not_picked":["Flex","Cleave"],"picked":"Perfected Strike","floor":12},{"not_picked":["Impervious","Berserk"],"picked":"Double Tap","floor":16},{"not_picked":["Metallicize","Warcry"],"picked":"Twin Strike","floor":26},{"not_picked":["Battle Trance","Havoc"],"picked":"Twin Strike","floor":39},{"not_picked":["Iron Wave","Clash"],"picked":"Wild Strike","floor":40},{"not_picked":["Clash","Thunderclap"],"picked":"Pommel Strike","floor":43},{"not_picked":["Headbutt","Body Slam"],"picked":"Pommel Strike","floor":44},{"not_picked":["Swift Strike","Master of Strategy"],"picked":"Secret Technique","floor":46},{"not_picked":["Mind Blast","Thinking Ahead"],"picked":"Secret Weapon","floor":46},{"not_picked":["Secret Weapon","Trip"],"picked":"Secret Technique","floor":46},{"not_picked":["Twin Strike","Carnage"],"picked":"Pommel Strike","floor":48},{"not_picked":["Flex","Clothesline"],"picked":"Twin Strike","floor":49}],"player_experience":447682,"potions_floor_usage":[10,11,33,38,50,50],"damage_taken":[{"damage":13,"enemies":"Jaw Worm","floor":1,"turns":3},{"damage":0,"enemies":"Small Slimes","floor":2,"turns":2},{"damage":5,"enemies":"2 Louse","floor":3,"turns":4},{"damage":0,"enemies":"2 Fungi Beasts","floor":4,"turns":3},{"damage":0,"enemies":"3 Sentries","floor":7,"turns":4},{"damage":15,"enemies":"Gremlin Gang","floor":10,"turns":4},{"damage":0,"enemies":"Lagavulin Event","floor":11,"turns":3},{"damage":5,"enemies":"Blue Slaver","floor":14,"turns":3},{"damage":37,"enemies":"Hexaghost","floor":16,"turns":8},{"damage":0,"enemies":"Shell Parasite","floor":18,"turns":2},{"damage":1,"enemies":"3 Byrds","floor":22,"turns":2},{"damage":29,"enemies":"Slavers","floor":23,"turns":3},{"damage":0,"enemies":"Snake Plant","floor":25,"turns":1},{"damage":0,"enemies":"Cultist and Chosen","floor":27,"turns":3},{"damage":16,"enemies":"Book of Stabbing","floor":28,"turns":2},{"damage":0,"enemies":"Snecko","floor":29,"turns":1},{"damage":8,"enemies":"Slaver and Parasite","floor":31,"turns":3},{"damage":0,"enemies":"Collector","floor":33,"turns":4},{"damage":10,"enemies":"3 Darklings","floor":35,"turns":2},{"damage":0,"enemies":"Flame Bruiser 1 Orb","floor":36,"turns":1},{"damage":0,"enemies":"Spire Growth","floor":37,"turns":1},{"damage":3,"enemies":"Sphere and 2 Shapes","floor":38,"turns":1},{"damage":3,"enemies":"…Ò√ÿ‘≤«Ú","floor":39,"turns":1},{"damage":11,"enemies":"Giant Head","floor":40,"turns":5},{"damage":0,"enemies":"2 Orb Walkers","floor":42,"turns":1},{"damage":0,"enemies":"Nemesis","floor":48,"turns":1},{"damage":0,"enemies":"Donu and Deca","floor":50,"turns":3}],"event_choices":[{"event_name":"Golden Wing","player_choice":"Card Removal","floor":8,"damage_taken":0},{"event_name":"Dead Adventurer","player_choice":"Searched \u00272\u0027 times","floor":11,"damage_taken":0},{"event_name":"Duplicator","player_choice":"One dupe","floor":20,"damage_taken":0},{"event_name":"Back to Basics","player_choice":"Elegance","floor":21,"damage_taken":0},{"event_name":"Cursed Tome","player_choice":"Obtained Book","floor":30,"damage_taken":0},{"event_name":"Mysterious Sphere","player_choice":"Fight","floor":39,"damage_taken":0},{"event_name":"SensoryStone","player_choice":"Memory 3","floor":46,"damage_taken":0}],"boss_relics":[{"not_picked":["Astrolabe","Snecko Eye"],"picked":"Philosopher\u0027s Stone"},{"not_picked":["Tiny House","Black Blood"],"picked":"Black Star"}],"potions_floor_spawned":[2,3,7,11,16,22,25,29,33,35,37,40,42],"seed_played":"459085969939576442","ascension_level":0,"is_trial":false}