{"gold_per_floor":[109,32,32,32,51,81,81,101,146,71,71,88,88,106,106,180,180,198,215,234,30,43,43,75,75,123,123,123,123,138,138,138,138],"floor_reached":33,"playtime":964,"items_purged":["Strike_G","Strike_G"],"score":580,"play_id":"a53ccc21-375c-4ead-b5bf-cf4cd17cf6b2","local_time":"20190212191729","is_ascension_mode":true,"campfire_choices":[{"data":"Catalyst","floor":7,"key":"SMITH"},{"data":"Poisoned Stab","floor":11,"key":"SMITH"},{"data":"Neutralize","floor":13,"key":"SMITH"},{"data":"Grand Finale","floor":15,"key":"SMITH"},{"data":"Acrobatics","floor":23,"key":"SMITH"},{"data":"Acrobatics","floor":25,"key":"SMITH"},{"floor":29,"key":"REST"},{"floor":32,"key":"REST"}],"neow_cost":"NONE","seed_source_timestamp":33696807787107,"circlet_count":0,"master_deck":["AscendersBane","Defend_G","Defend_G","Defend_G+1","Defend_G","Defend_G","Strike_G+1","Survivor","Neutralize+1","Catalyst+1","Poisoned Stab+1","Grand Finale+1","Acrobatics+1","Backflip","Acrobatics+1","Acrobatics+1"],"special_seed":0,"relics":["Ring of the Snake","NeowsBlessing","PreservedInsect","Orichalcum","Juzu Bracelet","Potion Belt","Nloth\u0027s Gift"],"potions_floor_usage":[12,18,19,19,19,20,20,30],"damage_taken":[{"damage":0.0,"enemies":"Small Slimes","floor":1.0,"turns":1.0},{"damage":0,"enemies":"Cultist","floor":5,"turns":1},{"damage":0,"enemies":"Gremlin Nob","floor":6,"turns":1},{"damage":0,"enemies":"2 Louse","floor":8,"turns":3},{"damage":0,"enemies":"Gremlin Gang","floor":12,"turns":4},{"damage":3,"enemies":"Looter","floor":14,"turns":3},{"damage":21,"enemies":"The Guardian","floor":16,"turns":11},{"damage":9,"enemies":"Shell Parasite","floor":18,"turns":8},{"damage":5,"enemies":"Spheric Guardian","floor":19,"turns":3},{"damage":0,"enemies":"Centurion and Healer","floor":20,"turns":13},{"damage":27,"enemies":"Cultist and Chosen","floor":22,"turns":5},{"damage":9,"enemies":"Slavers","floor":24,"turns":2},{"damage":1,"enemies":"Chosen and Byrds","floor":30,"turns":3},{"damage":53,"enemies":"Automaton","floor":33,"turns":6}],"seed_played":"-2226277046603710937","potions_obtained":[{"floor":5,"key":"AttackPotion"},{"floor":8,"key":"Dexterity Potion"},{"floor":14,"key":"Weak Potion"},{"floor":18,"key":"EntropicBrew"},{"floor":19,"key":"FearPotion"}],"is_trial":false,"path_per_floor":["M","$","?","?","M","E","R","M","T","$","R","M","R","M","R","B",null,"M","M","M","$","M","R","E","R","T","?","?","R","M","?","R","B"],"character_chosen":"THE_SILENT","items_purchased":["Catalyst","Acrobatics","Explosive Potion"],"campfire_rested":2,"item_purchase_floors":[2,21,21],"current_hp_per_floor":[59,59,39,39,39,39,39,39,39,39,39,39,39,36,36,15,53,44,39,39,39,12,12,3,3,3,3,3,22,21,21,40,0],"gold":138,"neow_bonus":"THREE_ENEMY_KILL","is_prod":false,"is_daily":false,"chose_seed":false,"campfire_upgraded":6,"win_rate":0,"timestamp":1549970249,"path_taken":["M","$","?","?","?","E","R","M","T","?","R","M","R","?","R","BOSS","M","M","M","$","M","R","E","R","T","?","?","R","M","?","R","BOSS"],"build_version":"2019-01-23","purchased_purges":2,"victory":false,"max_hp_per_floor":[66,66,66,66,66,66,66,66,66,66,66,66,66,66,66,66,66,66,66,66,66,66,66,66,66,66,66,66,66,66,66,66,66],"card_choices":[{"not_picked":["Slice","Predator","Dagger Throw"],"picked":"SKIP","floor":1.0},{"not_picked":["Terror","Cloak And Dagger"],"picked":"Poisoned Stab","floor":5},{"not_picked":["Bouncing Flask","Riddle With Holes"],"picked":"Grand Finale","floor":6},{"not_picked":["Flying Knee","Choke","All Out Attack"],"picked":"SKIP","floor":8},{"not_picked":["Cloak And Dagger","Sucker Punch","Slice"],"picked":"SKIP","floor":12},{"not_picked":["Quick Slash","Underhanded Strike","Flying Knee"],"picked":"SKIP","floor":14},{"not_picked":["Finisher+1","Sucker Punch","Masterful Stab"],"picked":"SKIP","floor":18},{"not_picked":["Cloak And Dagger","Bane","Reflex"],"picked":"SKIP","floor":19},{"not_picked":["Cloak And Dagger","Choke","Dagger Throw"],"picked":"SKIP","floor":20},{"not_picked":["Deadly Poison","Tactician"],"picked":"Backflip","floor":22},{"not_picked":["Skewer","Sucker Punch"],"picked":"Acrobatics","floor":24},{"not_picked":["Masterful Stab+1","Dagger Throw","Unload"],"picked":"SKIP","floor":30}],"player_experience":2655528,"relics_obtained":[{"floor":6,"key":"PreservedInsect"},{"floor":9,"key":"Orichalcum"},{"floor":24,"key":"Juzu Bracelet"},{"floor":26,"key":"Potion Belt"}],"event_choices":[{"damage_healed":0.0,"max_hp_gain":0.0,"max_hp_loss":0.0,"gold_gain":0.0,"event_name":"Shining Light","player_choice":"Entered Light","floor":3.0,"gold_loss":0.0,"damage_taken":20.0,"cards_upgraded":["Strike_G","Defend_G"]},{"damage_healed":0,"gold_gain":0,"player_choice":"Ignored","damage_taken":0,"max_hp_gain":0,"max_hp_loss":0,"event_name":"WeMeetAgain","floor":4,"gold_loss":0},{"damage_healed":0,"gold_gain":0,"player_choice":"Copied","damage_taken":0,"max_hp_gain":0,"max_hp_loss":0,"event_name":"Duplicator","floor":27,"gold_loss":0,"cards_obtained":["Acrobatics"]},{"damage_healed":0,"gold_gain":0,"player_choice":"Ignored","damage_taken":0,"max_hp_gain":0,"max_hp_loss":0,"event_name":"Cursed Tome","floor":28,"gold_loss":0},{"damage_healed":0,"gold_gain":0,"player_choice":"Traded Relic","damage_taken":0,"relics_obtained":["Nloth\u0027s Gift"],"max_hp_gain":0,"max_hp_loss":0,"event_name":"N\u0027loth","floor":31,"relics_lost":["Empty Cage"],"gold_loss":0}],"is_beta":false,"boss_relics":[{"not_picked":["White Beast Statue","Snecko Eye"],"picked":"Empty Cage"}],"items_purged_floors":[10,21],"is_endless":false,"potions_floor_spawned":[5,8,14,18,19],"killed_by":"Automaton","ascension_level":20}