{"gold_per_floor":[112,112,125,50,24,24,52,52,52,52,52,63,63,74,74,147,147,162,162,177,177,177,92,92,92],"floor_reached":25,"playtime":676,"items_purged":[],"score":432,"play_id":"9583fd5d-e759-45e3-bdf9-06ce393cbe77","local_time":"20190216003307","is_ascension_mode":true,"campfire_choices":[{"data":"Neutralize","floor":6.0,"key":"SMITH"},{"floor":8.0,"key":"REST"},{"data":"Deadly Poison","floor":11.0,"key":"SMITH"},{"data":"Grand Finale","floor":13.0,"key":"SMITH"},{"data":"Poisoned Stab","floor":15.0,"key":"SMITH"},{"data":"Adrenaline","floor":24,"key":"SMITH"}],"neow_cost":"PERCENT_DAMAGE","seed_source_timestamp":278296688799807,"circlet_count":0,"master_deck":["AscendersBane","Defend_G","Defend_G","Defend_G","Defend_G","Defend_G","Strike_G","Survivor","Neutralize+1","Grand Finale+1","Deadly Poison+1","Heel Hook","Poisoned Stab+1","Adrenaline+1","Ghostly","Ghostly","Ghostly","Tactician","Wraith Form v2"],"special_seed":0,"relics":["Ring of the Snake","Thread and Needle","Calipers","Philosopher\u0027s Stone","Kunai"],"potions_floor_usage":[16],"damage_taken":[{"damage":0.0,"enemies":"2 Louse","floor":1.0,"turns":2.0},{"damage":1.0,"enemies":"Small Slimes","floor":3.0,"turns":5.0},{"damage":30.0,"enemies":"Lagavulin","floor":7.0,"turns":11.0},{"damage":0.0,"enemies":"Jaw Worm","floor":12.0,"turns":4.0},{"damage":9.0,"enemies":"Blue Slaver","floor":14.0,"turns":5.0},{"damage":0,"enemies":"Hexaghost","floor":16,"turns":9},{"damage":2,"enemies":"Shell Parasite","floor":18,"turns":5},{"damage":20,"enemies":"Spheric Guardian","floor":20,"turns":7},{"damage":15,"enemies":"Chosen and Byrds","floor":25,"turns":6}],"seed_played":"2579270393648666334","potions_obtained":[{"floor":3.0,"key":"Strength Potion"},{"floor":12.0,"key":"Dexterity Potion"},{"floor":14.0,"key":"SteroidPotion"}],"is_trial":false,"path_per_floor":["M","?","M","?","$","R","E","R","T","?","R","M","R","M","R","B",null,"M","?","M","?","?","?","R","M"],"character_chosen":"THE_SILENT","items_purchased":["Deadly Poison"],"campfire_rested":1,"item_purchase_floors":[5],"current_hp_per_floor":[44,37,36,36,36,36,6,25,25,30,30,30,30,21,21,21,59,57,37,17,17,17,17,17,2],"gold":92,"neow_bonus":"THREE_RARE_CARDS","is_prod":false,"is_daily":false,"chose_seed":false,"campfire_upgraded":5,"win_rate":0,"timestamp":1550248387,"path_taken":["M","?","M","?","$","R","E","R","T","?","R","M","R","M","R","BOSS","M","?","M","?","?","?","R","M"],"build_version":"2019-01-23","purchased_purges":0,"victory":false,"max_hp_per_floor":[66,66,66,66,66,66,66,66,66,71,71,71,71,71,71,71,71,71,76,76,38,38,38,38,38],"card_choices":[{"not_picked":["Storm of Steel","Tools of the Trade"],"picked":"Grand Finale","floor":0.0},{"not_picked":["Prepared","Blade Dance","Outmaneuver"],"picked":"SKIP","floor":1.0},{"not_picked":["Cloak And Dagger","Leg Sweep","Crippling Poison"],"picked":"SKIP","floor":3.0},{"not_picked":["Flying Knee","Terror","Poisoned Stab"],"picked":"SKIP","floor":7.0},{"not_picked":["Outmaneuver","Cloak And Dagger"],"picked":"Heel Hook","floor":12.0},{"not_picked":["Poisoned Stab","Deflect","Concentrate"],"picked":"SKIP","floor":14.0},{"not_picked":["Deflect","Concentrate"],"picked":"Poisoned Stab","floor":14.0},{"not_picked":["After Image","Doppelganger"],"picked":"Adrenaline","floor":16},{"not_picked":["Slice+1","Terror+1","Deflect"],"picked":"SKIP","floor":18},{"not_picked":["Quick Slash","Choke","Outmaneuver"],"picked":"SKIP","floor":20}],"player_experience":773893,"relics_obtained":[{"floor":7.0,"key":"Thread and Needle"},{"floor":9.0,"key":"Calipers"}],"event_choices":[{"cards_removed":["Strike_G"],"damage_healed":0.0,"max_hp_gain":0.0,"max_hp_loss":0.0,"gold_gain":0.0,"event_name":"Golden Wing","player_choice":"Card Removal","floor":2.0,"gold_loss":0.0,"damage_taken":7.0},{"cards_removed":["Strike_G"],"damage_healed":0.0,"max_hp_gain":0.0,"max_hp_loss":0.0,"gold_gain":0.0,"event_name":"The Cleric","player_choice":"Card Removal","floor":4.0,"gold_loss":75.0,"damage_taken":0.0},{"damage_healed":0.0,"max_hp_gain":5.0,"max_hp_loss":0.0,"gold_gain":0.0,"event_name":"Big Fish","player_choice":"Donut","floor":10.0,"gold_loss":0.0,"damage_taken":0.0},{"damage_healed":0,"gold_gain":0,"player_choice":"Shed Blood","damage_taken":25,"max_hp_gain":5,"max_hp_loss":0,"event_name":"Forgotten Altar","floor":19,"gold_loss":0},{"damage_healed":0,"gold_gain":0,"player_choice":"Became a Ghost","damage_taken":0,"max_hp_gain":0,"max_hp_loss":38,"event_name":"Ghosts","floor":21,"gold_loss":0,"cards_obtained":["Ghostly","Ghostly","Ghostly"]},{"damage_healed":0,"gold_gain":0,"cards_transformed":["Strike_G","Strike_G"],"player_choice":"Became Test Subject","damage_taken":0,"max_hp_gain":0,"max_hp_loss":0,"event_name":"Drug Dealer","floor":22,"gold_loss":0,"cards_obtained":["Tactician","Wraith Form v2"]},{"damage_healed":0,"gold_gain":0,"player_choice":"Obtained Relic","damage_taken":0,"relics_obtained":["Kunai"],"max_hp_gain":0,"max_hp_loss":0,"event_name":"Addict","floor":23,"gold_loss":85}],"is_beta":false,"boss_relics":[{"not_picked":["Snecko Eye","Velvet Choker"],"picked":"Philosopher\u0027s Stone"}],"items_purged_floors":[],"is_endless":false,"potions_floor_spawned":[3,12,14],"killed_by":"Chosen and Byrds","ascension_level":15}