{"gold_per_floor":[112,112,132,158,158,190,210,227,275,293,293,31,45,45,45,45],"floor_reached":16,"playtime":370,"items_purged":["Strike_B"],"score":254,"play_id":"0bf4b036-a9c6-45a6-ad05-f9bcc381bf5c","local_time":"20190131152152","is_ascension_mode":true,"campfire_choices":[{"data":"Zap","floor":15,"key":"SMITH"}],"neow_cost":"NONE","seed_source_timestamp":253493476261854,"circlet_count":0,"master_deck":["AscendersBane","Strike_B+1","Strike_B","Defend_B","Defend_B+1","Defend_B","Defend_B","Zap+1","Dualcast","Consume","Ball Lightning","Glacier","Cold Snap","Thunder Strike","Coolheaded"],"special_seed":0,"relics":["Cracked Core","NeowsBlessing","Smiling Mask","Kunai","Centennial Puzzle","Medical Kit"],"potions_floor_usage":[16],"damage_taken":[{"damage":0.0,"enemies":"Jaw Worm","floor":1.0,"turns":1.0},{"damage":0.0,"enemies":"2 Louse","floor":3.0,"turns":1.0},{"damage":0,"enemies":"Gremlin Nob","floor":6,"turns":1},{"damage":0,"enemies":"Cultist","floor":7,"turns":3},{"damage":17,"enemies":"3 Louse","floor":8,"turns":3},{"damage":1,"enemies":"Red Slaver","floor":10,"turns":3},{"damage":2,"enemies":"2 Fungi Beasts","floor":13,"turns":4},{"damage":33,"enemies":"Slime Boss","floor":16,"turns":10}],"seed_played":"-3682226827675150660","potions_obtained":[{"floor":1.0,"key":"Regen Potion"},{"floor":13,"key":"LiquidBronze"}],"is_trial":false,"path_per_floor":["M","?","M","T","?","E","M","M","T","M","?","$","M","$","R","B"],"character_chosen":"DEFECT","items_purchased":["Medical Kit"],"campfire_rested":0,"item_purchase_floors":[12],"current_hp_per_floor":[64,43,43,43,43,43,43,26,26,25,18,18,16,16,16,0],"gold":45,"neow_bonus":"THREE_ENEMY_KILL","is_prod":false,"is_daily":false,"chose_seed":false,"campfire_upgraded":1,"win_rate":0,"timestamp":1548919312,"path_taken":["M","?","M","?","?","E","M","?","T","M","?","$","M","$","R","BOSS"],"build_version":"2019-01-23","purchased_purges":1,"victory":false,"max_hp_per_floor":[71,71,71,71,71,71,71,71,71,71,71,71,71,71,71,71],"card_choices":[{"not_picked":["BootSequence","Go for the Eyes"],"picked":"Consume","floor":1.0},{"not_picked":["Chill","Leap"],"picked":"Ball Lightning","floor":3.0},{"not_picked":["Force Field","Streamline"],"picked":"Cold Snap","floor":6},{"not_picked":["Steam","Tempest"],"picked":"Thunder Strike","floor":7},{"not_picked":["Redo","Gash"],"picked":"Coolheaded","floor":8},{"not_picked":["Reprogram","Melter","Steam"],"picked":"SKIP","floor":10},{"not_picked":["Consume","Steam","Barrage"],"picked":"SKIP","floor":13}],"player_experience":887439,"relics_obtained":[{"floor":4.0,"key":"Smiling Mask"},{"floor":6,"key":"Kunai"},{"floor":9,"key":"Centennial Puzzle"}],"event_choices":[{"damage_healed":0.0,"max_hp_gain":0.0,"max_hp_loss":0.0,"gold_gain":0.0,"event_name":"Shining Light","player_choice":"Entered Light","floor":2.0,"gold_loss":0.0,"damage_taken":21.0,"cards_upgraded":["Defend_B","Strike_B"]},{"damage_healed":0,"gold_gain":0,"player_choice":"1 cards matched","damage_taken":0,"max_hp_gain":0,"max_hp_loss":0,"event_name":"Match and Keep!","floor":5,"gold_loss":0,"cards_obtained":["Glacier"]},{"cards_removed":["Strike_B"],"damage_healed":0,"gold_gain":0,"player_choice":"Card Removal","damage_taken":7,"max_hp_gain":0,"max_hp_loss":0,"event_name":"Golden Wing","floor":11,"gold_loss":0}],"is_beta":false,"boss_relics":[],"items_purged_floors":[12],"is_endless":false,"potions_floor_spawned":[1,13],"killed_by":"Slime Boss","ascension_level":20}