{"gold_per_floor":[118,134,50,50,50,83,83,83,83,103,119,153,153,191,191,286,286,311,361,361,379,379,397,416,416,416,138,138,153,40,40,40,139,139,152,177,127,146,146,146,165,165,192,253,278,321,321,321,321,321,321,321,321,19,62,62],"floor_reached":57,"playtime":3281,"items_purged":["Strike_B","Strike_B","Defend_B"],"score":2946,"play_id":"50d9d3dc-72f8-4514-99be-695b2dbbc035","local_time":"20190109213815","is_ascension_mode":true,"campfire_choices":[{"data":"Hyperbeam","floor":7.0,"key":"SMITH"},{"data":"Coolheaded","floor":15.0,"key":"SMITH"},{"floor":28.0,"key":"RECALL"},{"data":"Dualcast","floor":32,"key":"SMITH"},{"data":"Wraith Form v2","floor":40,"key":"SMITH"},{"data":"Zap","floor":42,"key":"SMITH"},{"data":"Defend_B","floor":47,"key":"PURGE"},{"data":"Defend_B","floor":49,"key":"PURGE"},{"data":"Defend_B","floor":53,"key":"PURGE"}],"neow_cost":"NONE","seed_source_timestamp":31341524649772,"circlet_count":0,"master_deck":["AscendersBane","Zap+1","Dualcast+1","Streamline","Coolheaded+1","Core Surge","Coolheaded+1","White Noise+1","Recycle+1","Multi-Cast+1","Double Energy+1","Ghostly+1","Ghostly+1","Ghostly+1","Redo+1","Coolheaded+1","Coolheaded+1","Coolheaded+1","Wraith Form v2+1","Finesse+1","Finesse+1","Bandage Up+1","Deep Breath+1"],"special_seed":0,"relics":["Cracked Core","NeowsBlessing","Golden Idol","Toxic Egg 2","Strawberry","Shuriken","Bottled Flame","Symbiotic Virus","Bag of Marbles","Runic Pyramid","Nilry\u0027s Codex","FossilizedHelix","Membership Card","PrismaticShard","Philosopher\u0027s Stone","Mango","Peace Pipe","Oddly Smooth Stone","Sling","Mercury Hourglass"],"potions_floor_usage":[56,56],"damage_taken":[{"damage":0.0,"enemies":"2 Louse","floor":1.0,"turns":1.0},{"damage":0.0,"enemies":"Small Slimes","floor":2.0,"turns":1.0},{"damage":0.0,"enemies":"Gremlin Nob","floor":6.0,"turns":1.0},{"damage":0.0,"enemies":"Jaw Worm","floor":10.0,"turns":1.0},{"damage":0.0,"enemies":"Looter","floor":11.0,"turns":2.0},{"damage":21.0,"enemies":"Lagavulin","floor":12.0,"turns":6.0},{"damage":5.0,"enemies":"3 Sentries","floor":14.0,"turns":2.0},{"damage":5.0,"enemies":"Slime Boss","floor":16.0,"turns":5.0},{"damage":6.0,"enemies":"3 Byrds","floor":18.0,"turns":4.0},{"damage":0.0,"enemies":"2 Thieves","floor":21.0,"turns":1.0},{"damage":0.0,"enemies":"3 Cultists","floor":23.0,"turns":4.0},{"damage":3.0,"enemies":"Snake Plant","floor":24.0,"turns":2.0},{"damage":0,"enemies":"Cultist and Chosen","floor":29,"turns":3},{"damage":0,"enemies":"Champ","floor":33,"turns":11},{"damage":0,"enemies":"3 Shapes","floor":35,"turns":5},{"damage":0,"enemies":"3 Darklings","floor":36,"turns":1},{"damage":0,"enemies":"Spire Growth","floor":38,"turns":5},{"damage":0,"enemies":"Transient","floor":41,"turns":6},{"damage":0,"enemies":"2 Orb Walkers","floor":44,"turns":4},{"damage":0,"enemies":"Jaw Worm Horde","floor":45,"turns":4},{"damage":0,"enemies":"Giant Head","floor":46,"turns":9},{"damage":0,"enemies":"Awakened One","floor":50,"turns":9},{"damage":9,"enemies":"Time Eater","floor":51,"turns":7},{"damage":0,"enemies":"Shield and Spear","floor":55,"turns":4},{"damage":17,"enemies":"The Heart","floor":56,"turns":9}],"seed_played":"-3776432561893572501","potions_obtained":[{"floor":1.0,"key":"EssenceOfSteel"},{"floor":6.0,"key":"Fire Potion"},{"floor":16.0,"key":"Block Potion"},{"floor":24.0,"key":"LiquidBronze"}],"is_trial":false,"path_per_floor":["M","M","$","?","?","E","R","?","T","M","M","E","T","E","R","B",null,"M","?","?","M","?","M","M","?","T","$","R","M","$","?","R","B",null,"M","M","$","M","?","R","M","R","T","?","M","E","R","?","R","B","B",null,"R","$","E","B",null],"character_chosen":"DEFECT","items_purchased":["Hyperbeam","Membership Card","Coolheaded+1","PrismaticShard","Deep Breath+1","Oddly Smooth Stone","Sling"],"campfire_rested":0,"item_purchase_floors":[3,27,27,30,54,54,54],"current_hp_per_floor":[64,64,64,64,46,53,53,46,46,46,46,25,25,20,20,15,57,51,51,35,35,14,14,11,9,9,9,9,9,9,9,9,9,29,29,29,29,29,19,19,25,25,25,45,49,49,49,49,49,49,46,48,48,48,49,38],"gold":62,"neow_bonus":"THREE_ENEMY_KILL","is_prod":false,"is_daily":false,"chose_seed":false,"campfire_upgraded":5,"win_rate":0,"timestamp":1547041095,"path_taken":["M","M","$","?","?","E","R","?","T","M","M","E","?","E","R","BOSS","M","?","?","M","?","M","M","?","T","$","R","?","$","?","R","BOSS","M","M","$","M","?","R","M","R","T","?","?","E","R","?","R","BOSS","BOSS","R","$","E","BOSS"],"build_version":"2019-01-03v4","purchased_purges":3,"victory":true,"max_hp_per_floor":[71,71,71,64,64,71,71,71,71,71,71,71,71,71,71,71,71,71,71,35,35,35,35,35,35,35,35,35,35,35,35,35,35,35,35,35,35,35,35,35,35,35,35,49,49,49,49,49,49,49,49,49,49,49,49,49],"card_choices":[{"not_picked":["Undo","Turbo"],"picked":"Streamline","floor":1.0},{"not_picked":["Beam Cell","Go for the Eyes"],"picked":"Coolheaded","floor":2.0},{"not_picked":["Rebound","Coolheaded+1"],"picked":"Core Surge","floor":6.0},{"not_picked":["Rebound","Storm"],"picked":"Coolheaded+1","floor":10.0},{"not_picked":["Conserve Battery+1","Ball Lightning","Go for the Eyes"],"picked":"SKIP","floor":11.0},{"not_picked":["Gash","Turbo+1"],"picked":"White Noise+1","floor":12.0},{"not_picked":["Self Repair","Rainbow+1"],"picked":"Recycle+1","floor":14.0},{"not_picked":["Thunder Strike","Hyperbeam"],"picked":"Multi-Cast+1","floor":16.0},{"not_picked":["Blizzard","Barrage"],"picked":"Double Energy+1","floor":18.0},{"not_picked":["Streamline","Gash"],"picked":"Redo+1","floor":21.0},{"not_picked":["Stack+1","Aggregate+1","Lockon"],"picked":"SKIP","floor":23.0},{"not_picked":["Leap+1","Sweeping Beam"],"picked":"Coolheaded+1","floor":24.0},{"not_picked":["Ball Lightning+1","Gash"],"picked":"Coolheaded+1","floor":29},{"not_picked":["Reaper","Magnetism"],"picked":"Wraith Form v2","floor":33},{"not_picked":["Beam Cell+1","Leap+1","Rage+1"],"picked":"SKIP","floor":35},{"not_picked":["Twin Strike","Tempest+1","PiercingWail+1"],"picked":"SKIP","floor":36},{"not_picked":["Underhanded Strike","Reckless Charge+1","Double Energy+1"],"picked":"SKIP","floor":38},{"not_picked":["Flash of Steel","The Bomb+1"],"picked":"Finesse+1","floor":39},{"not_picked":["Deep Breath+1","Forethought+1"],"picked":"Finesse+1","floor":39},{"not_picked":["Forethought+1","Secret Technique+1"],"picked":"Bandage Up+1","floor":39},{"not_picked":["White Noise+1","Flying Knee","Beam Cell"],"picked":"SKIP","floor":41},{"not_picked":["Aggregate+1","PiercingWail+1","Evolve"],"picked":"SKIP","floor":45},{"not_picked":["Hologram+1","Outmaneuver+1","Steam+1"],"picked":"SKIP","floor":46},{"not_picked":["Sweeping Beam","Heavy Blade+1","Dodge and Roll+1"],"picked":"SKIP","floor":55}],"player_experience":1891361,"relics_obtained":[{"floor":6.0,"key":"Strawberry"},{"floor":9.0,"key":"Shuriken"},{"floor":12.0,"key":"Bottled Flame"},{"floor":13.0,"key":"Symbiotic Virus"},{"floor":14.0,"key":"Bag of Marbles"},{"floor":22.0,"key":"Nilry\u0027s Codex"},{"floor":26.0,"key":"FossilizedHelix"},{"floor":44,"key":"Mango"},{"floor":46,"key":"Peace Pipe"},{"floor":55,"key":"Mercury Hourglass"}],"event_choices":[{"damage_healed":0.0,"max_hp_gain":0.0,"max_hp_loss":7.0,"gold_gain":0.0,"event_name":"Golden Idol","player_choice":"Lose Max HP","floor":4.0,"gold_loss":0.0,"damage_taken":0.0,"relics_obtained":["Golden Idol"]},{"damage_healed":0.0,"max_hp_gain":0.0,"max_hp_loss":0.0,"gold_gain":0.0,"event_name":"Scrap Ooze","player_choice":"Success","floor":5.0,"gold_loss":0.0,"damage_taken":18.0,"relics_obtained":["Toxic Egg 2"]},{"cards_removed":["Strike_B"],"damage_healed":0.0,"max_hp_gain":0.0,"max_hp_loss":0.0,"gold_gain":0.0,"event_name":"Golden Wing","player_choice":"Card Removal","floor":8.0,"gold_loss":0.0,"damage_taken":7.0},{"damage_healed":0.0,"max_hp_gain":0.0,"max_hp_loss":0.0,"gold_gain":50.0,"event_name":"Nest","player_choice":"Stole From Cult","floor":19.0,"gold_loss":0.0,"damage_taken":0.0},{"damage_healed":0.0,"max_hp_gain":0.0,"max_hp_loss":36.0,"gold_gain":0.0,"event_name":"Ghosts","player_choice":"Became a Ghost","floor":20.0,"gold_loss":0.0,"damage_taken":0.0,"cards_obtained":["Ghostly","Ghostly","Ghostly"]},{"damage_healed":0.0,"max_hp_gain":0.0,"max_hp_loss":0.0,"gold_gain":0.0,"event_name":"Cursed Tome","player_choice":"Obtained Book","floor":22.0,"gold_loss":0.0,"damage_taken":21.0},{"damage_healed":0.0,"max_hp_gain":0.0,"max_hp_loss":0.0,"gold_gain":0.0,"event_name":"The Woman in Blue","player_choice":"Bought 0 Potions","floor":25.0,"gold_loss":0.0,"damage_taken":0.0},{"cards_removed":["Strike_B"],"damage_healed":0,"gold_gain":0,"player_choice":"Elegance","damage_taken":0,"max_hp_gain":0,"max_hp_loss":0,"event_name":"Back to Basics","floor":31,"gold_loss":0},{"damage_healed":0,"gold_gain":0,"player_choice":"Memory 3","damage_taken":10,"max_hp_gain":0,"max_hp_loss":0,"event_name":"SensoryStone","floor":39,"gold_loss":0},{"damage_healed":0,"gold_gain":0,"player_choice":"Fight","damage_taken":0,"max_hp_gain":0,"max_hp_loss":0,"event_name":"Mysterious Sphere","floor":44,"gold_loss":0},{"cards_removed":["Hyperbeam"],"damage_healed":0,"gold_gain":0,"player_choice":"Removed Attack","damage_taken":0,"max_hp_gain":0,"max_hp_loss":0,"event_name":"Falling","floor":48,"gold_loss":0}],"is_beta":false,"boss_relics":[{"not_picked":["Orrery","Pandora\u0027s Box"],"picked":"Runic Pyramid"},{"not_picked":["Lizard Tail","Fusion Hammer"],"picked":"Philosopher\u0027s Stone"}],"items_purged_floors":[27,37,54],"is_endless":false,"potions_floor_spawned":[1,6,11,16,24,29,35,36,45,55],"ascension_level":20}