{"gold_per_floor":[114,114,114,129,142,142,142,142,168,181,181,214,214,235,235,328,328,344,365,385,435,453,453,476,476,527,539,572,605,617,652,664,765,777,808,820,832,858,870,882],"floor_reached":40,"playtime":1101,"items_purged":[],"score":780,"play_id":"04a200b9-cacf-4488-9d71-65d1931a32bc","local_time":"20190311113035","is_ascension_mode":true,"campfire_choices":[{"data":"Body Slam","floor":6.0,"key":"SMITH"},{"data":"Bash","floor":8.0,"key":"SMITH"},{"data":"Dropkick","floor":13.0,"key":"SMITH"},{"floor":15,"key":"RECALL"},{"data":"Fiend Fire","floor":23,"key":"SMITH"},{"data":"Battle Trance","floor":25,"key":"SMITH"},{"data":"Disarm","floor":27,"key":"SMITH"},{"data":"Defend_R","floor":30,"key":"SMITH"},{"data":"Defend_R","floor":32,"key":"SMITH"}],"neow_cost":"NONE","seed_source_timestamp":643365846588,"circlet_count":0,"master_deck":["AscendersBane","Defend_R+1","Defend_R","Defend_R","Bash+1","Body Slam+1","Dropkick+1","Dropkick+1","Fiend Fire+1","Carnage+1","Shockwave+1","Battle Trance+1","Disarm+1","Impervious","Seeing Red+1","Master of Strategy","Dark Shackles"],"special_seed":0,"relics":["Burning Blood","NeowsBlessing","Golden Idol","Red Skull","Mango","Astrolabe","MawBank","Empty Cage"],"potions_floor_usage":[22,33,40],"damage_taken":[{"damage":0.0,"enemies":"Jaw Worm","floor":1.0,"turns":1.0},{"damage":0.0,"enemies":"Small Slimes","floor":4.0,"turns":1.0},{"damage":0.0,"enemies":"Cultist","floor":5.0,"turns":1.0},{"damage":29.0,"enemies":"Large Slime","floor":10.0,"turns":7.0},{"damage":32.0,"enemies":"Gremlin Nob","floor":12.0,"turns":4.0},{"damage":3,"enemies":"3 Louse","floor":14,"turns":4},{"damage":27,"enemies":"Hexaghost","floor":16,"turns":7},{"damage":17,"enemies":"2 Thieves","floor":18,"turns":3},{"damage":12,"enemies":"Chosen","floor":19,"turns":3},{"damage":20,"enemies":"Snecko","floor":20,"turns":4},{"damage":33,"enemies":"Chosen and Byrds","floor":22,"turns":4},{"damage":9,"enemies":"Centurion and Healer","floor":24,"turns":4},{"damage":15,"enemies":"Snake Plant","floor":28,"turns":3},{"damage":0,"enemies":"Snecko","floor":29,"turns":1},{"damage":5,"enemies":"Centurion and Healer","floor":31,"turns":3},{"damage":13,"enemies":"Champ","floor":33,"turns":5},{"damage":48,"enemies":"3 Darklings","floor":35,"turns":6},{"damage":0,"enemies":"Orb Walker","floor":38,"turns":2},{"damage":18,"enemies":"Reptomancer","floor":40,"turns":2}],"seed_played":"5681855204878897997","potions_obtained":[{"floor":1.0,"key":"Swift Potion"},{"floor":4.0,"key":"Regen Potion"},{"floor":12.0,"key":"EssenceOfSteel"},{"floor":22,"key":"GamblersBrew"},{"floor":33,"key":"AttackPotion"}],"is_trial":false,"path_per_floor":["M","?","?","M","M","R","?","R","T","M","?","E","R","M","R","B",null,"M","M","M","?","M","R","M","R","T","R","M","M","R","M","R","B",null,"M","?","?","M","?","E"],"character_chosen":"IRONCLAD","items_purchased":[],"campfire_rested":0,"item_purchase_floors":[],"current_hp_per_floor":[74,79,72,72,72,72,72,72,72,49,49,37,37,40,40,19,69,58,52,38,38,20,20,17,17,17,17,8,14,14,15,15,8,67,25,15,15,21,21,3],"gold":882,"neow_bonus":"THREE_ENEMY_KILL","is_prod":false,"is_daily":false,"chose_seed":false,"campfire_upgraded":8,"win_rate":0,"timestamp":1552275035,"path_taken":["M","?","?","M","M","R","?","R","T","M","?","E","R","M","R","BOSS","M","M","M","?","M","R","M","R","T","R","M","M","R","M","R","BOSS","M","?","?","M","?","E"],"build_version":"2019-01-23","purchased_purges":0,"victory":false,"max_hp_per_floor":[75,80,72,72,72,72,72,72,72,72,72,86,86,86,86,86,86,86,86,86,86,86,86,86,86,86,86,86,86,86,86,86,86,86,86,86,86,86,86,86],"card_choices":[{"not_picked":["Infernal Blade","Rupture"],"picked":"Body Slam","floor":1.0},{"not_picked":["Whirlwind","Sword Boomerang","Sentinel"],"picked":"SKIP","floor":4.0},{"not_picked":["Sentinel","Rage","Wild Strike"],"picked":"SKIP","floor":5.0},{"not_picked":["Sword Boomerang","Carnage","Hemokinesis"],"picked":"SKIP","floor":10.0},{"not_picked":["Thunderclap","Flex"],"picked":"Dropkick","floor":12.0},{"not_picked":["Iron Wave","Anger","Carnage"],"picked":"SKIP","floor":14},{"not_picked":["Bludgeon","Exhume"],"picked":"Fiend Fire","floor":16},{"not_picked":["Bloodletting+1","Iron Wave"],"picked":"Battle Trance","floor":18},{"not_picked":["Perfected Strike","Cleave+1","Wild Strike"],"picked":"SKIP","floor":19},{"not_picked":["Thunderclap","Rampage"],"picked":"Disarm","floor":20},{"not_picked":["Dropkick","Searing Blow","Flex"],"picked":"SKIP","floor":22},{"not_picked":["Sword Boomerang","Flame Barrier","Body Slam+1"],"picked":"SKIP","floor":24},{"not_picked":["Inflame+1","Rupture","Shrug It Off"],"picked":"SKIP","floor":28},{"not_picked":["Anger","Sword Boomerang","Reckless Charge"],"picked":"SKIP","floor":29},{"not_picked":["Spot Weakness","Armaments","Cleave"],"picked":"SKIP","floor":31},{"not_picked":["Berserk","Reaper"],"picked":"Impervious","floor":33},{"not_picked":["Seeing Red+1","Whirlwind","Wild Strike"],"picked":"SKIP","floor":35},{"not_picked":["Whirlwind","Wild Strike"],"picked":"Seeing Red+1","floor":35},{"not_picked":["Thinking Ahead","Discovery"],"picked":"Master of Strategy","floor":36},{"not_picked":["Apotheosis","Enlightenment"],"picked":"Dark Shackles","floor":36},{"not_picked":["Pommel Strike","Cleave","Thunderclap+1"],"picked":"SKIP","floor":38}],"player_experience":3471556,"relics_obtained":[{"floor":9.0,"key":"Red Skull"},{"floor":12.0,"key":"Mango"},{"floor":26,"key":"MawBank"}],"event_choices":[{"damage_healed":0.0,"max_hp_gain":5.0,"max_hp_loss":0.0,"gold_gain":0.0,"event_name":"Big Fish","player_choice":"Donut","floor":2.0,"gold_loss":0.0,"damage_taken":0.0},{"damage_healed":0.0,"max_hp_gain":0.0,"max_hp_loss":8.0,"gold_gain":0.0,"event_name":"Golden Idol","player_choice":"Lose Max HP","floor":3.0,"gold_loss":0.0,"damage_taken":0.0,"relics_obtained":["Golden Idol"]},{"damage_healed":0.0,"max_hp_gain":0.0,"max_hp_loss":0.0,"gold_gain":0.0,"cards_transformed":["Strike_R"],"event_name":"Living Wall","player_choice":"Change","floor":7.0,"gold_loss":0.0,"damage_taken":0.0,"cards_obtained":["Dropkick"]},{"damage_healed":0.0,"max_hp_gain":0.0,"max_hp_loss":0.0,"gold_gain":0.0,"event_name":"Upgrade Shrine","player_choice":"Upgraded","floor":11.0,"gold_loss":0.0,"damage_taken":0.0,"cards_upgraded":["Dropkick"]},{"damage_healed":0,"gold_gain":50,"player_choice":"Stole From Cult","damage_taken":0,"max_hp_gain":0,"max_hp_loss":0,"event_name":"Nest","floor":21,"gold_loss":0},{"damage_healed":0,"gold_gain":0,"player_choice":"Memory 3","damage_taken":10,"max_hp_gain":0,"max_hp_loss":0,"event_name":"SensoryStone","floor":36,"gold_loss":0},{"cards_removed":["Defend_R"],"damage_healed":0,"gold_gain":0,"player_choice":"Removed Skill","damage_taken":0,"max_hp_gain":0,"max_hp_loss":0,"event_name":"Falling","floor":37,"gold_loss":0},{"damage_healed":0,"gold_gain":0,"player_choice":"Ignored","damage_taken":0,"max_hp_gain":0,"max_hp_loss":0,"event_name":"Tomb of Lord Red Mask","floor":39,"gold_loss":0}],"is_beta":false,"boss_relics":[{"not_picked":["Cursed Key","Sozu"],"picked":"Astrolabe"},{"not_picked":["Runic Dome","Busted Crown"],"picked":"Empty Cage"}],"items_purged_floors":[],"is_endless":false,"potions_floor_spawned":[1,4,10,12,22,28,29,31,33],"killed_by":"Reptomancer","ascension_level":20}