{"gold_per_floor":[111,286,361,361,373,402,421,444,444,444,458,231,181,0,0,100,100,110,110,110,20,32,32,32,62,87,87,105,105,105,137,137,237,237,257,237,187,187,198,198,263,29,29,62,75,175,205,220,220,220,220,220,15,45,45],"floor_reached":56,"playtime":1920,"items_purged":["Doubt","Strike_B","Defend_B","Defend_B","Cold Snap+1"],"score":1647,"play_id":"0d1c63d1-562e-4700-8f72-5e59fc5a08b0","local_time":"20181107003223","is_ascension_mode":false,"campfire_choices":[{"data":"Zap","floor":10.0,"key":"SMITH"},{"data":"Hologram","floor":15.0,"key":"SMITH"},{"data":"Consume","floor":23.0,"key":"SMITH"},{"data":"Loop","floor":27.0,"key":"SMITH"},{"floor":29.0,"key":"RECALL"},{"data":"Electrodynamics","floor":32.0,"key":"SMITH"},{"data":"Core Surge","floor":40.0,"key":"SMITH"},{"data":"Defend_B","floor":49.0,"key":"PURGE"},{"data":"Zap+1","floor":52.0,"key":"PURGE"}],"neow_cost":"NONE","seed_source_timestamp":565613327036921,"circlet_count":0,"master_deck":["Dualcast+1","Hologram+1","Consume+1","Loop+1","Conserve Battery+1","Fission+1","Discovery+1","Electrodynamics+1","Blizzard+1","Darkness+1","Core Surge+1","Capacitor+1","Skim+1","Glacier+1","Defragment"],"special_seed":0,"relics":["Cracked Core","NeowsBlessing","Toxic Egg 2","Odd Mushroom","Singing Bowl","Lantern","Coffee Dripper","Whetstone","Anchor","Smiling Mask","Black Star","Tiny Chest","Potion Belt","Pen Nib","Peace Pipe","Calipers","Girya","Omamori","Bag of Marbles","Ancient Tea Set","Bag of Preparation","DataDisk"],"potions_floor_usage":[],"damage_taken":[{"damage":0.0,"enemies":"Small Slimes","floor":1.0,"turns":1.0},{"damage":0.0,"enemies":"Cultist","floor":5.0,"turns":1.0},{"damage":0.0,"enemies":"Lagavulin","floor":6.0,"turns":1.0},{"damage":6.0,"enemies":"Jaw Worm","floor":7.0,"turns":3.0},{"damage":13.0,"enemies":"The Mushroom Lair","floor":8.0,"turns":5.0},{"damage":10.0,"enemies":"Exordium Thugs","floor":11.0,"turns":6.0},{"damage":1.0,"enemies":"The Guardian","floor":16.0,"turns":12.0},{"damage":3.0,"enemies":"Shell Parasite","floor":18.0,"turns":5.0},{"damage":0.0,"enemies":"3 Byrds","floor":22.0,"turns":1.0},{"damage":0.0,"enemies":"Slavers","floor":25.0,"turns":3.0},{"damage":0.0,"enemies":"Snake Plant","floor":28.0,"turns":3.0},{"damage":0.0,"enemies":"Gremlin Leader","floor":31.0,"turns":4.0},{"damage":33.0,"enemies":"Collector","floor":33.0,"turns":7.0},{"damage":0.0,"enemies":"3 Shapes","floor":35.0,"turns":2.0},{"damage":0.0,"enemies":"Orb Walker","floor":39.0,"turns":3.0},{"damage":11.0,"enemies":"Giant Head","floor":41.0,"turns":8.0},{"damage":9.0,"enemies":"Nemesis","floor":44.0,"turns":9.0},{"damage":0.0,"enemies":"Sphere and 2 Shapes","floor":45.0,"turns":2.0},{"damage":7.0,"enemies":"Mind Bloom Boss Battle","floor":46.0,"turns":6.0},{"damage":0.0,"enemies":"Reptomancer","floor":47.0,"turns":5.0},{"damage":0.0,"enemies":"Writhing Mass","floor":48.0,"turns":4.0},{"damage":0.0,"enemies":"Time Eater","floor":50.0,"turns":7.0},{"damage":0.0,"enemies":"Shield and Spear","floor":54.0,"turns":5.0},{"damage":53,"enemies":"The Heart","floor":55,"turns":12}],"seed_played":"2452712266971591304","potions_obtained":[{"floor":1.0,"key":"AttackPotion"},{"floor":7.0,"key":"Energy Potion"},{"floor":18.0,"key":"SkillPotion"},{"floor":28.0,"key":"SkillPotion"},{"floor":31.0,"key":"Weak Potion"},{"floor":33.0,"key":"FairyPotion"},{"floor":36.0,"key":"Fruit Juice"},{"floor":39.0,"key":"FearPotion"},{"floor":41.0,"key":"Poison Potion"},{"floor":46.0,"key":"SkillPotion"},{"floor":48.0,"key":"AttackPotion"}],"is_trial":false,"path_per_floor":["M","?","?","?","M","E","M","?","T","R","M","$","?","$","R","B",null,"M","$","?","?","M","R","$","E","T","R","M","R","?","E","R","B",null,"M","?","$","?","M","R","E","$","T","E","M","?","E","M","R","B",null,"R","$","E","B",null],"character_chosen":"DEFECT","items_purchased":["Lantern","Discovery+1","Glacier+1","Pen Nib","Ancient Tea Set"],"campfire_rested":0,"item_purchase_floors":[12,14,42,42,53],"current_hp_per_floor":[75,75,64,64,64,64,58,45,45,45,37,37,37,37,37,36,77,74,74,74,74,76,76,76,76,76,76,78,78,78,80,80,47,83,83,83,83,79,86,86,75,75,75,68,70,65,67,69,69,69,96,96,96,96,43],"gold":45,"neow_bonus":"THREE_ENEMY_KILL","is_prod":false,"is_daily":false,"chose_seed":false,"campfire_upgraded":6,"win_rate":0,"timestamp":1541521943,"path_taken":["M","?","?","?","M","E","M","?","T","R","M","$","?","$","R","BOSS","M","$","?","?","?","R","$","E","T","R","M","R","?","E","R","BOSS","M","?","?","?","M","R","E","?","T","E","?","?","E","M","R","BOSS","R","$","E","BOSS"],"build_version":"2018-11-05","purchased_purges":5,"victory":true,"max_hp_per_floor":[75,75,75,75,75,75,75,75,75,75,77,77,77,77,77,77,77,77,77,77,77,79,79,79,79,79,79,81,81,81,83,83,83,83,83,83,83,79,86,86,86,86,86,88,90,92,94,96,96,96,96,96,96,96,96],"card_choices":[{"not_picked":["Steam","Cold Snap"],"picked":"Hologram","floor":1.0},{"not_picked":["Go for the Eyes","Beam Cell"],"picked":"Consume","floor":5.0},{"not_picked":["Recycle","Lockon"],"picked":"Loop","floor":6.0},{"not_picked":["Fusion+1","Gash"],"picked":"Conserve Battery+1","floor":7.0},{"not_picked":["Hologram+1","Sweeping Beam"],"picked":"Fission+1","floor":8.0},{"not_picked":["Stack+1","Force Field+1","Cold Snap"],"picked":"Singing Bowl","floor":11.0},{"not_picked":["Rainbow+1","All For One"],"picked":"Electrodynamics","floor":16.0},{"not_picked":["Compile Driver","Coolheaded+1"],"picked":"Blizzard+1","floor":18.0},{"not_picked":["Reprogram+1","Beam Cell","Creative AI"],"picked":"Singing Bowl","floor":22.0},{"not_picked":["Compile Driver","Amplify+1"],"picked":"Darkness+1","floor":25.0},{"not_picked":["Steam+1","Rebound","Hologram+1"],"picked":"Singing Bowl","floor":28.0},{"not_picked":["Beam Cell+1","Cold Snap","Conserve Battery+1"],"picked":"Singing Bowl","floor":31.0},{"not_picked":["Biased Cognition","Hyperbeam"],"picked":"Core Surge","floor":33.0},{"not_picked":["Ball Lightning","Fusion+1"],"picked":"Capacitor+1","floor":35.0},{"not_picked":["Reinforced Body+1","Hologram+1","Cold Snap"],"picked":"Singing Bowl","floor":39.0},{"not_picked":["Stack+1","Steam+1"],"picked":"Skim+1","floor":41.0},{"not_picked":["Hologram+1","BootSequence+1","Ball Lightning+1"],"picked":"Singing Bowl","floor":44.0},{"not_picked":["Storm+1","Gash","Beam Cell"],"picked":"Singing Bowl","floor":45.0},{"not_picked":["Loop+1","Conserve Battery+1","Streamline"],"picked":"Singing Bowl","floor":46.0},{"not_picked":["Creative AI","Compile Driver+1","Static Discharge"],"picked":"Singing Bowl","floor":47.0},{"not_picked":["Rebound+1","Redo+1","Hologram+1"],"picked":"Singing Bowl","floor":48.0},{"not_picked":["Coolheaded+1","Consume+1"],"picked":"Defragment","floor":54.0}],"player_experience":462470,"relics_obtained":[{"floor":6.0,"key":"Toxic Egg 2"},{"floor":8.0,"key":"Odd Mushroom"},{"floor":9.0,"key":"Singing Bowl"},{"floor":25.0,"key":"Whetstone"},{"floor":26.0,"key":"Anchor"},{"floor":31.0,"key":"Smiling Mask"},{"floor":41.0,"key":"Tiny Chest"},{"floor":41.0,"key":"Potion Belt"},{"floor":44.0,"key":"Peace Pipe"},{"floor":44.0,"key":"Calipers"},{"floor":46.0,"key":"Girya"},{"floor":47.0,"key":"Omamori"},{"floor":47.0,"key":"Bag of Marbles"},{"floor":54.0,"key":"Bag of Preparation"},{"floor":54.0,"key":"DataDisk"}],"event_choices":[{"damage_healed":0.0,"max_hp_gain":0.0,"max_hp_loss":0.0,"gold_gain":175.0,"event_name":"Liars Game","player_choice":"AGREE","floor":2.0,"gold_loss":0.0,"damage_taken":0.0,"cards_obtained":["Doubt"]},{"damage_healed":0.0,"max_hp_gain":0.0,"max_hp_loss":0.0,"gold_gain":75.0,"event_name":"World of Goop","player_choice":"Gather Gold","floor":3.0,"gold_loss":0.0,"damage_taken":11.0},{"damage_healed":0.0,"max_hp_gain":0.0,"max_hp_loss":0.0,"gold_gain":0.0,"cards_transformed":["Strike_B"],"event_name":"Living Wall","player_choice":"Change","floor":4.0,"gold_loss":0.0,"damage_taken":0.0,"cards_obtained":["Cold Snap"]},{"damage_healed":0.0,"max_hp_gain":0.0,"max_hp_loss":0.0,"gold_gain":0.0,"event_name":"Mushrooms","player_choice":"Fought Mushrooms","floor":8.0,"gold_loss":0.0,"damage_taken":0.0},{"cards_removed":["Strike_B"],"damage_healed":0.0,"max_hp_gain":0.0,"max_hp_loss":0.0,"gold_gain":0.0,"event_name":"The Cleric","player_choice":"Card Removal","floor":13.0,"gold_loss":50.0,"damage_taken":0.0},{"cards_removed":["Strike_B"],"damage_healed":0.0,"max_hp_gain":0.0,"max_hp_loss":0.0,"gold_gain":0.0,"event_name":"Back to Basics","player_choice":"Elegance","floor":20.0,"gold_loss":0.0,"damage_taken":0.0},{"cards_removed":["Defend_B"],"damage_healed":0.0,"max_hp_gain":0.0,"max_hp_loss":0.0,"gold_gain":0.0,"event_name":"Designer","player_choice":"Upgrade and Remove","floor":21.0,"gold_loss":90.0,"damage_taken":0.0,"cards_upgraded":["Dualcast"]},{"damage_healed":0.0,"max_hp_gain":0.0,"max_hp_loss":0.0,"gold_gain":0.0,"event_name":"Ghosts","player_choice":"Ignored","floor":30.0,"gold_loss":0.0,"damage_taken":0.0},{"damage_healed":0.0,"max_hp_gain":0.0,"max_hp_loss":0.0,"gold_gain":0.0,"event_name":"The Woman in Blue","player_choice":"Bought 1 Potion","floor":36.0,"gold_loss":0.0,"damage_taken":0.0},{"damage_healed":0.0,"max_hp_gain":0.0,"max_hp_loss":4.0,"gold_gain":0.0,"event_name":"Winding Halls","player_choice":"Max HP","floor":38.0,"gold_loss":0.0,"damage_taken":0.0},{"damage_healed":0.0,"max_hp_gain":0.0,"max_hp_loss":0.0,"gold_gain":0.0,"event_name":"MindBloom","player_choice":"Fight","floor":46.0,"gold_loss":0.0,"damage_taken":0.0}],"is_beta":true,"boss_relics":[{"not_picked":["White Beast Statue","Orrery"],"picked":"Coffee Dripper"},{"not_picked":["Calling Bell","Philosopher\u0027s Stone"],"picked":"Black Star"}],"items_purged_floors":[12,14,37,42,53],"is_endless":false,"potions_floor_spawned":[1,7,18,28,31,33,39,41,46,47,48],"ascension_level":0}