{"gold_per_floor":[110,35,310,14,31,31,62,62,62,62,76,95,95,106,106,106],"floor_reached":16,"playtime":497,"items_purged":["Regret"],"score":200,"play_id":"c1e5f052-cbd7-46c6-bf37-85a96380e554","local_time":"20190126231738","is_ascension_mode":true,"campfire_choices":[{"data":"Deadly Poison","floor":6.0,"key":"SMITH"},{"data":"Neutralize","floor":10.0,"key":"SMITH"},{"data":"Cloak And Dagger","floor":13,"key":"SMITH"},{"data":"Noxious Fumes","floor":15,"key":"SMITH"}],"neow_cost":"NONE","seed_source_timestamp":52742295307413,"circlet_count":0,"master_deck":["AscendersBane","Defend_G","Defend_G","Defend_G","Defend_G","Defend_G","Strike_G","Strike_G","Strike_G","Strike_G","Survivor","Neutralize+1","Burst","Cloak And Dagger+1","Deadly Poison+1","Escape Plan","Noxious Fumes+1"],"special_seed":0,"relics":["Ring of the Snake","Toy Ornithopter","Vajra","Bottled Lightning"],"potions_floor_usage":[16,16],"damage_taken":[{"damage":4.0,"enemies":"Jaw Worm","floor":1.0,"turns":9.0},{"damage":3.0,"enemies":"Cultist","floor":5.0,"turns":5.0},{"damage":39.0,"enemies":"Lagavulin","floor":7.0,"turns":7.0},{"damage":0.0,"enemies":"2 Louse","floor":11.0,"turns":2.0},{"damage":4,"enemies":"Exordium Thugs","floor":12,"turns":5},{"damage":0,"enemies":"2 Fungi Beasts","floor":14,"turns":3},{"damage":10,"enemies":"Slime Boss","floor":16,"turns":5}],"seed_played":"3888388885813217582","potions_obtained":[{"floor":7.0,"key":"PowerPotion"},{"floor":11.0,"key":"LiquidBronze"}],"is_trial":false,"path_per_floor":["M","?","?","$","M","R","E","$","T","R","M","M","R","M","R","B"],"character_chosen":"THE_SILENT","items_purchased":["Toy Ornithopter"],"campfire_rested":0,"item_purchase_floors":[4],"current_hp_per_floor":[55,55,55,55,52,52,13,13,13,13,13,9,9,9,9,9],"gold":106,"neow_bonus":"ONE_RANDOM_RARE_CARD","is_prod":false,"is_daily":false,"chose_seed":false,"campfire_upgraded":4,"win_rate":0,"timestamp":1548515858,"path_taken":["M","?","?","$","M","R","E","$","T","R","M","M","R","M","R","BOSS"],"build_version":"2019-01-23","purchased_purges":1,"victory":false,"max_hp_per_floor":[66,66,66,66,66,66,66,66,66,66,66,66,66,66,66,66],"card_choices":[{"not_picked":["Prepared","Quick Slash"],"picked":"Cloak And Dagger","floor":1.0},{"not_picked":["Flying Knee","Blade Dance"],"picked":"Deadly Poison","floor":5.0},{"not_picked":["Underhanded Strike","Eviscerate"],"picked":"Escape Plan","floor":7.0},{"not_picked":["Quick Slash","Crippling Poison","Dagger Spray"],"picked":"SKIP","floor":11.0},{"not_picked":["Dagger Spray","Dagger Throw","Dodge and Roll"],"picked":"SKIP","floor":12},{"not_picked":["Infinite Blades","Prepared"],"picked":"Noxious Fumes","floor":14}],"player_experience":2301178,"relics_obtained":[{"floor":7.0,"key":"Vajra"},{"floor":9.0,"key":"Bottled Lightning"}],"event_choices":[{"cards_removed":["Strike_G"],"damage_healed":0.0,"max_hp_gain":0.0,"max_hp_loss":0.0,"gold_gain":0.0,"event_name":"The Cleric","player_choice":"Card Removal","floor":2.0,"gold_loss":75.0,"damage_taken":0.0},{"damage_healed":0.0,"max_hp_gain":0.0,"max_hp_loss":0.0,"gold_gain":275.0,"event_name":"Golden Shrine","player_choice":"Desecrate","floor":3.0,"gold_loss":0.0,"damage_taken":0.0,"cards_obtained":["Regret"]}],"is_beta":false,"boss_relics":[],"items_purged_floors":[4],"is_endless":false,"potions_floor_spawned":[7,11,12],"killed_by":"Slime Boss","ascension_level":20}