{"gold_per_floor":[112,37,137,37,37,37,37,52,52,66,77,77,2,20,20,20],"floor_reached":16,"playtime":292,"items_purged":["Strike_B","Defend_B"],"score":200,"play_id":"946cb3b3-a4f3-4f3a-8aae-3fdf0429d7e9","local_time":"20190325132358","is_ascension_mode":true,"campfire_choices":[{"data":"Gash","floor":6,"key":"SMITH"},{"data":"Static Discharge","floor":12,"key":"SMITH"},{"data":"Coolheaded","floor":15,"key":"SMITH"}],"neow_cost":"PERCENT_DAMAGE","seed_source_timestamp":8562981569102,"circlet_count":0,"master_deck":["AscendersBane","Strike_B","Strike_B","Strike_B","Defend_B","Defend_B","Zap","Dualcast","Gash+1","Coolheaded+1","Static Discharge+1","FTL"],"relics":["Cracked Core","Incense Burner","Centennial Puzzle"],"potions_floor_usage":[7],"damage_taken":[{"damage":10,"enemies":"Small Slimes","floor":1,"turns":4},{"damage":0,"enemies":"Gremlin Nob","floor":7,"turns":1},{"damage":1,"enemies":"Cultist","floor":8,"turns":3},{"damage":4,"enemies":"2 Louse","floor":10,"turns":3},{"damage":11,"enemies":"Large Slime","floor":11,"turns":6},{"damage":3,"enemies":"Lots of Slimes","floor":14,"turns":2},{"damage":17,"enemies":"Hexaghost","floor":16,"turns":4}],"seed_played":"7869212592661105554","potions_obtained":[{"floor":5,"key":"SmokeBomb"},{"floor":5,"key":"FairyPotion"},{"floor":8,"key":"Poison Potion"},{"floor":14,"key":"Ancient Potion"}],"is_trial":false,"path_per_floor":["M","$","?","$","?","R","E","M","T","M","M","R","?","M","R","B"],"character_chosen":"DEFECT","items_purchased":[],"campfire_rested":0,"item_purchase_floors":[],"current_hp_per_floor":[36,36,36,36,36,36,36,35,35,31,20,20,20,17,17,0],"gold":20,"neow_bonus":"ONE_RARE_RELIC","is_prod":false,"is_daily":false,"chose_seed":false,"campfire_upgraded":3,"win_rate":0,"timestamp":1553491438,"path_taken":["M","$","?","?","?","R","E","?","T","M","M","R","?","M","R","BOSS"],"build_version":"2019-01-23","purchased_purges":2,"victory":false,"max_hp_per_floor":[71,71,71,71,71,71,71,71,71,71,71,71,71,71,71,71],"card_choices":[{"not_picked":["Beam Cell","Go for the Eyes"],"picked":"Gash","floor":1},{"not_picked":["Conserve Battery","Steam"],"picked":"Coolheaded","floor":8},{"not_picked":["Go for the Eyes","Storm","Redo"],"picked":"SKIP","floor":10},{"not_picked":["Meteor Strike","Rebound"],"picked":"Static Discharge","floor":11},{"not_picked":["Rebound","Chill"],"picked":"FTL","floor":14}],"player_experience":3860429,"relics_obtained":[{"floor":9,"key":"Centennial Puzzle"}],"event_choices":[{"damage_healed":0,"gold_gain":100,"player_choice":"Gold","damage_taken":0,"max_hp_gain":0,"max_hp_loss":0,"event_name":"Wheel of Change","floor":3,"gold_loss":0},{"damage_healed":0,"gold_gain":0,"player_choice":"Got Potions","damage_taken":0,"max_hp_gain":0,"max_hp_loss":0,"event_name":"Lab","floor":5,"gold_loss":0},{"cards_removed":["Defend_B"],"damage_healed":0,"gold_gain":0,"player_choice":"Card Removal","damage_taken":0,"max_hp_gain":0,"max_hp_loss":0,"event_name":"The Cleric","floor":13,"gold_loss":75}],"is_beta":false,"boss_relics":[],"items_purged_floors":[2,4],"is_endless":false,"potions_floor_spawned":[8,14],"killed_by":"Hexaghost","ascension_level":20}