{"gold_per_floor":[113,126,5,5,5,5,5,23,100,100,25,25,52,52,52,131,131,141,155,171,71,85,85,97,117,169,169,169,182,182,217,217,290,290,310,585,120,132,132,132,163,175,175,175],"floor_reached":44,"playtime":2522,"items_purged":["Pain","Strike_G","Strike_G"],"score":1167,"play_id":"06e635e4-4df9-4472-8b71-d37054a17c9a","local_time":"20181013181032","is_ascension_mode":true,"campfire_choices":[{"data":"Deadly Poison","floor":6,"key":"SMITH"},{"data":"Deadly Poison","floor":10,"key":"SMITH"},{"data":"Neutralize","floor":15,"key":"SMITH"},{"floor":23,"key":"REST"},{"data":"Corpse Explosion","floor":28,"key":"SMITH"},{"data":"Bouncing Flask","floor":30,"key":"SMITH"},{"data":"Bouncing Flask","floor":32,"key":"SMITH"},{"data":"Wraith Form v2","floor":40,"key":"SMITH"}],"neow_cost":"","seed_source_timestamp":31218096297512,"circlet_count":0,"master_deck":["Defend_G","Defend_G","Defend_G","Defend_G","Defend_G","Strike_G","Survivor","Neutralize+1","AscendersBane","Masterful Stab","Deadly Poison+1","Footwork+1","Deadly Poison+1","Escape Plan","Corpse Explosion+1","Backflip","Glass Knife","Ghostly","Ghostly","Ghostly","Ghostly","Ghostly","Bouncing Flask+1","Bouncing Flask+1","Wraith Form v2+1","Leg Sweep","Catalyst"],"relics":["Ring of the Snake","WarpedTongs","Question Card","Omamori","Velvet Choker","Orichalcum","Mercury Hourglass","Empty Cage","Gambling Chip","Bronze Scales","Bottled Tornado"],"potions_floor_usage":[22,33,41],"damage_taken":[{"damage":7,"enemies":"Jaw Worm","floor":1,"turns":6},{"damage":0,"enemies":"Cultist","floor":2,"turns":4},{"damage":1,"enemies":"2 Louse","floor":8,"turns":2},{"damage":11,"enemies":"The Guardian","floor":16,"turns":9},{"damage":1,"enemies":"3 Byrds","floor":18,"turns":2},{"damage":12,"enemies":"Shell Parasite","floor":19,"turns":6},{"damage":14,"enemies":"Centurion and Healer","floor":20,"turns":4},{"damage":22,"enemies":"Chosen and Byrds","floor":22,"turns":4},{"damage":14,"enemies":"Shelled Parasite and Fungi","floor":24,"turns":5},{"damage":13,"enemies":"Centurion and Healer","floor":25,"turns":4},{"damage":0,"enemies":"Snake Plant","floor":29,"turns":4},{"damage":0,"enemies":"Slavers","floor":31,"turns":4},{"damage":0,"enemies":"Automaton","floor":33,"turns":10},{"damage":0,"enemies":"Orb Walker","floor":35,"turns":4},{"damage":0,"enemies":"3 Darklings","floor":38,"turns":3},{"damage":0,"enemies":"Nemesis","floor":41,"turns":7},{"damage":0,"enemies":"Transient","floor":42,"turns":6},{"damage":48,"enemies":"Giant Head","floor":44,"turns":7}],"seed_played":"8106253307771252373","potions_obtained":[{"floor":1,"key":"Strength Potion"},{"floor":20,"key":"Poison Potion"},{"floor":22,"key":"GamblersBrew"},{"floor":33,"key":"Weak Potion"},{"floor":38,"key":"Fruit Juice"}],"is_trial":false,"path_per_floor":["M","M","$","?","?","R","?","M","T","R","$","?","T","$","R","B",null,"M","M","M","$","M","R","M","M","T","?","R","M","R","E","R","B",null,"M","?","$","M","?","R","E","M","T"],"character_chosen":"THE_SILENT","items_purchased":["Footwork","Deadly Poison","Gambling Chip"],"campfire_rested":1,"item_purchase_floors":[3,3,37],"current_hp_per_floor":[52,52,52,52,57,57,57,56,56,56,56,56,56,56,56,45,65,64,52,38,38,16,37,23,10,10,10,10,10,10,10,10,10,29,29,29,29,29,29,29,34,34,34,0],"gold":175,"neow_bonus":"","is_prod":false,"is_daily":false,"chose_seed":false,"campfire_upgraded":7,"win_rate":0,"timestamp":1539425432,"path_taken":["M","M","$","?","?","R","?","M","T","R","$","?","?","?","R","BOSS","M","M","?","$","M","R","M","M","T","?","R","M","R","E","R","BOSS","M","?","$","M","?","R","E","?","T","E"],"build_version":"2018-10-11","purchased_purges":3,"victory":false,"max_hp_per_floor":[66,66,66,66,71,71,71,71,71,71,71,71,71,71,71,71,71,71,71,71,71,71,71,71,71,71,35,35,35,35,35,35,35,35,35,35,35,35,35,35,40,40,40,40],"card_choices":[{"not_picked":["Concentrate","Eviscerate"],"picked":"Masterful Stab","floor":1},{"not_picked":["Flechettes","Bane"],"picked":"Deadly Poison","floor":2},{"not_picked":["Acrobatics","Outmaneuver"],"picked":"Escape Plan","floor":8},{"not_picked":["Burst","Malaise","Night Terror"],"picked":"Corpse Explosion","floor":16},{"not_picked":["Tactician","Calculated Gamble","Quick Slash","Poisoned Stab"],"picked":"SKIP","floor":18},{"not_picked":["Dagger Throw","Dagger Spray","Choke","Prepared"],"picked":"SKIP","floor":19},{"not_picked":["Dagger Throw","Slice","Calculated Gamble"],"picked":"Backflip","floor":20},{"not_picked":["Sucker Punch","Dagger Throw","Acrobatics"],"picked":"Glass Knife","floor":22},{"not_picked":["Concentrate","Poisoned Stab","Blade Dance+1","Dodge and Roll"],"picked":"SKIP","floor":24},{"not_picked":["Dagger Throw","Infinite Blades","Eviscerate","Unload"],"picked":"SKIP","floor":25},{"not_picked":["Cloak And Dagger","Blade Dance","Setup"],"picked":"Bouncing Flask","floor":29},{"not_picked":["Prepared","Deflect","Predator"],"picked":"Bouncing Flask","floor":31},{"not_picked":["Die Die Die","Glass Knife","Burst"],"picked":"Wraith Form v2","floor":33},{"not_picked":["Flying Knee","Flechettes","Sucker Punch","Endless Agony"],"picked":"SKIP","floor":35},{"not_picked":["Blade Dance","Acrobatics","Finisher"],"picked":"Leg Sweep","floor":38},{"not_picked":["Die Die Die","Terror+1","Tactician+1","Poisoned Stab"],"picked":"SKIP","floor":41},{"not_picked":["Caltrops","Crippling Poison+1","Distraction"],"picked":"Catalyst","floor":42}],"player_experience":166306,"relics_obtained":[{"floor":9,"key":"Question Card"},{"floor":13,"key":"Omamori"},{"floor":26,"key":"Orichalcum"},{"floor":31,"key":"Mercury Hourglass"},{"floor":41,"key":"Bronze Scales"},{"floor":43,"key":"Bottled Tornado"}],"event_choices":[{"event_name":"FaceTrader","player_choice":"Leave","floor":4,"damage_taken":0},{"event_name":"Big Fish","player_choice":"Donut","floor":5,"damage_taken":0},{"event_name":"Accursed Blacksmith","player_choice":"Rummage","floor":7,"damage_taken":0},{"event_name":"Living Wall","player_choice":"Grow","floor":12,"damage_taken":0},{"event_name":"Ghosts","player_choice":"Became a Ghost","floor":27,"damage_taken":0},{"event_name":"Golden Shrine","player_choice":"Desecrate","floor":36,"damage_taken":0},{"event_name":"Match and Keep!","player_choice":"0 cards matched","floor":39,"damage_taken":0}],"is_beta":false,"boss_relics":[{"not_picked":["Coffee Dripper","Pandora\u0027s Box"],"picked":"Velvet Choker"},{"not_picked":["HoveringKite","Tiny House"],"picked":"Empty Cage"}],"items_purged_floors":[11,21,37],"is_endless":false,"potions_floor_spawned":[1,20,22,24,31,33,38],"killed_by":"Giant Head","ascension_level":20}