{"gold_per_floor":[113,30,30,43,59,59,59,98,98,134,134,134],"floor_reached":12,"playtime":191,"items_purged":[],"score":172,"play_id":"5030916f-4b45-431b-841a-993498a1477e","local_time":"20190408133045","is_ascension_mode":true,"campfire_choices":[{"data":"Neutralize","floor":6.0,"key":"SMITH"}],"neow_cost":"NONE","seed_source_timestamp":6094494410049,"circlet_count":0,"master_deck":["AscendersBane","Defend_G","Defend_G","Defend_G","Defend_G","Defend_G","Strike_G","Strike_G","Strike_G","Strike_G","Strike_G","Survivor","Neutralize+1","Heel Hook","Noxious Fumes","Heel Hook","Tactician"],"special_seed":0,"relics":["Ring of the Snake","NeowsBlessing","Golden Idol","Unceasing Top","Bird Faced Urn","Girya","Pear"],"potions_floor_usage":[10],"damage_taken":[{"damage":0.0,"enemies":"2 Louse","floor":1.0,"turns":1.0},{"damage":0.0,"enemies":"Small Slimes","floor":4.0,"turns":1.0},{"damage":0.0,"enemies":"Jaw Worm","floor":5.0,"turns":1.0},{"damage":24.0,"enemies":"Gremlin Nob","floor":8.0,"turns":4.0},{"damage":36,"enemies":"Lagavulin","floor":10,"turns":8},{"damage":0,"enemies":"3 Sentries","floor":12,"turns":1}],"seed_played":"5638956322300665523","potions_obtained":[{"floor":1.0,"key":"Strength Potion"},{"floor":5.0,"key":"LiquidBronze"},{"floor":8.0,"key":"Strength Potion"}],"is_trial":false,"path_per_floor":["M","$","?","M","M","R","?","E","T","E","T","E"],"character_chosen":"THE_SILENT","items_purchased":["Noxious Fumes"],"campfire_rested":0,"item_purchase_floors":[2],"current_hp_per_floor":[59,59,64,64,64,64,64,40,40,6,16,16],"gold":134,"neow_bonus":"THREE_ENEMY_KILL","is_prod":false,"is_daily":false,"chose_seed":false,"campfire_upgraded":1,"win_rate":0,"timestamp":1554701445,"path_taken":["M","$","?","M","M","R","?","E","T","E","?","E"],"build_version":"2019-01-23","purchased_purges":0,"victory":false,"max_hp_per_floor":[66,66,71,71,71,71,64,64,64,64,74,74],"card_choices":[{"not_picked":["Finisher","Sucker Punch"],"picked":"Heel Hook","floor":1.0},{"not_picked":["Setup","Prepared","Quick Slash"],"picked":"SKIP","floor":4.0},{"not_picked":["Reflex","Slice"],"picked":"Heel Hook","floor":5.0},{"not_picked":["Wraith Form v2","Backstab"],"picked":"Tactician","floor":8.0},{"not_picked":["Underhanded Strike","Slice","Quick Slash"],"picked":"SKIP","floor":10}],"player_experience":4149726,"relics_obtained":[{"floor":8.0,"key":"Unceasing Top"},{"floor":9.0,"key":"Bird Faced Urn"},{"floor":10,"key":"Girya"},{"floor":11,"key":"Pear"}],"event_choices":[{"damage_healed":0.0,"max_hp_gain":5.0,"max_hp_loss":0.0,"gold_gain":0.0,"event_name":"Big Fish","player_choice":"Donut","floor":3.0,"gold_loss":0.0,"damage_taken":0.0},{"damage_healed":0.0,"max_hp_gain":0.0,"max_hp_loss":7.0,"gold_gain":0.0,"event_name":"Golden Idol","player_choice":"Lose Max HP","floor":7.0,"gold_loss":0.0,"damage_taken":0.0,"relics_obtained":["Golden Idol"]}],"is_beta":false,"boss_relics":[],"items_purged_floors":[],"is_endless":false,"potions_floor_spawned":[1,5,8],"killed_by":"3 Sentries","ascension_level":20}