{"gold_per_floor":[111,36,51,51,51,51,51,51,75,87,87,107,107,124,124,124],"floor_reached":16,"playtime":690,"items_purged":["Strike_G"],"score":200,"play_id":"a9cac811-af10-4469-8fb5-12d22ed38462","local_time":"20190101155500","is_ascension_mode":true,"campfire_choices":[{"data":"Deadly Poison","floor":6,"key":"SMITH"},{"data":"Neutralize","floor":8,"key":"SMITH"},{"data":"Tactician","floor":11,"key":"SMITH"},{"data":"Reflex","floor":15,"key":"SMITH"}],"neow_cost":"PERCENT_DAMAGE","seed_source_timestamp":14669496473560,"circlet_count":0,"master_deck":["AscendersBane","Defend_G","Defend_G","Defend_G","Defend_G","Defend_G","Strike_G","Strike_G","Strike_G","Survivor","Neutralize+1","Unload","Tactician+1","Deadly Poison+1","Backflip","Reflex+1"],"relics":["Ring of the Snake","Bronze Scales"],"potions_floor_usage":[7,16],"damage_taken":[{"damage":12,"enemies":"Jaw Worm","floor":1,"turns":4},{"damage":1,"enemies":"Small Slimes","floor":3,"turns":5},{"damage":0,"enemies":"Gremlin Nob","floor":7,"turns":2},{"damage":0,"enemies":"Cultist","floor":10,"turns":3},{"damage":6,"enemies":"Looter","floor":12,"turns":3},{"damage":0,"enemies":"Exordium Wildlife","floor":14,"turns":4},{"damage":19,"enemies":"Hexaghost","floor":16,"turns":9}],"seed_played":"658846161115678213","potions_obtained":[{"floor":5,"key":"EssenceOfSteel"},{"floor":5,"key":"SmokeBomb"}],"is_trial":false,"path_per_floor":["M","$","M","?","?","R","E","R","T","M","R","M","?","M","R","B"],"character_chosen":"THE_SILENT","items_purchased":[],"campfire_rested":0,"item_purchase_floors":[],"current_hp_per_floor":[32,32,31,31,31,31,31,31,31,31,31,25,18,18,18,0],"gold":124,"neow_bonus":"THREE_RARE_CARDS","is_prod":false,"is_daily":false,"chose_seed":false,"campfire_upgraded":4,"win_rate":0,"timestamp":1546329300,"path_taken":["M","$","M","?","?","R","E","R","T","?","R","M","?","M","R","BOSS"],"build_version":"2018-12-20","purchased_purges":1,"victory":false,"max_hp_per_floor":[66,66,66,66,66,66,66,66,66,66,66,66,66,66,66,66],"card_choices":[{"not_picked":["Envenom","Doppelganger"],"picked":"Unload","floor":0},{"not_picked":["Blade Dance","Calculated Gamble"],"picked":"Tactician","floor":1},{"not_picked":["Dash","PiercingWail"],"picked":"Deadly Poison","floor":3},{"not_picked":["Flechettes","PiercingWail","Caltrops"],"picked":"SKIP","floor":10},{"not_picked":["Predator","Prepared"],"picked":"Backflip","floor":12},{"not_picked":["Infinite Blades","PiercingWail"],"picked":"Reflex","floor":14}],"player_experience":1642887,"relics_obtained":[{"floor":9,"key":"Bronze Scales"}],"event_choices":[{"damage_healed":0,"gold_gain":0,"player_choice":"Leave","damage_taken":0,"max_hp_gain":0,"max_hp_loss":0,"event_name":"The Cleric","floor":4,"gold_loss":0},{"damage_healed":0,"gold_gain":0,"player_choice":"Got Potions","damage_taken":0,"max_hp_gain":0,"max_hp_loss":0,"event_name":"Lab","floor":5,"gold_loss":0},{"cards_removed":["Strike_G"],"damage_healed":0,"gold_gain":0,"player_choice":"Card Removal","damage_taken":7,"max_hp_gain":0,"max_hp_loss":0,"event_name":"Golden Wing","floor":13,"gold_loss":0}],"is_beta":false,"boss_relics":[],"items_purged_floors":[2],"is_endless":false,"potions_floor_spawned":[7],"killed_by":"Hexaghost","ascension_level":20}