{"path_per_floor":["M","M","?","?","M","R","M","R","T","$","$","R","M","T","R","B",null,"M","$","M","?","$","R","M","M","T","R","?","M","M","$","R"],"character_chosen":"THE_SILENT","items_purchased":["Footwork","Poisoned Stab","Singing Bowl"],"gold_per_floor":[16,28,28,128,147,147,122,122,122,55,55,55,65,65,65,142,142,159,159,169,169,115,115,130,148,148,148,148,159,170,14,14,14],"floor_reached":33,"campfire_rested":1,"playtime":1060,"item_purchase_floors":[10,22,31],"current_hp_per_floor":[63,59,45,45,45,45,45,45,45,45,45,45,41,41,41,4,54,54,54,54,54,54,54,45,38,38,38,38,34,19,19,40,0],"items_purged":[],"gold":14,"score":391,"play_id":"78bf3583-864d-4cef-92ca-b580dc7426a3","local_time":"20180615112729","is_prod":false,"is_daily":false,"chose_seed":false,"is_ascension_mode":true,"campfire_upgraded":6,"win_rate":0,"timestamp":1529033249,"campfire_choices":[{"data":"Neutralize","floor":6,"key":"SMITH"},{"data":"Infinite Blades","floor":8,"key":"SMITH"},{"data":"Footwork","floor":12,"key":"SMITH"},{"data":"Calculated Gamble","floor":15,"key":"SMITH"},{"data":"Tools of the Trade","floor":23,"key":"SMITH"},{"data":"Choke","floor":27,"key":"SMITH"},{"floor":32,"key":"REST"}],"path_taken":["M","M","?","?","M","R","M","R","T","?","$","R","M","?","R","BOSS","M","$","M","?","$","R","M","?","T","R","?","?","M","?","R","BOSS"],"build_version":"2018-06-14","seed_source_timestamp":6674862115660,"purchased_purges":0,"victory":false,"master_deck":["Survivor","Neutralize+1","AscendersBane","Blur","Backstab+1","Infinite Blades+1","Calculated Gamble+1","Infinite Blades+1","Footwork+1","Tools of the Trade+1","Dodge and Roll","Dodge and Roll","Deflect","Deadly Poison","Deflect","Deflect","Dash","Choke+1","Poisoned Stab","Poisoned Stab"],"max_hp_per_floor":[70,70,70,70,70,70,70,70,70,70,70,70,70,70,70,70,70,70,70,70,70,70,70,70,70,70,70,70,70,70,70,70,70],"relics":["Ring of the Snake","Darkstone Periapt","Ninja Scroll","Pandora\u0027s Box","Gremlin Horn","Singing Bowl"],"card_choices":[{"not_picked":["Deflect","Slice"],"picked":"Infinite Blades","floor":1},{"not_picked":["Acrobatics","Eviscerate"],"picked":"Calculated Gamble","floor":2},{"not_picked":["Prepared","Dodge and Roll","Backflip"],"picked":"SKIP","floor":5},{"not_picked":["PiercingWail","Outmaneuver"],"picked":"Infinite Blades","floor":7},{"not_picked":["Reflex","Blade Dance","Infinite Blades"],"picked":"SKIP","floor":13},{"not_picked":["Bullet Time","Phantasmal Killer"],"picked":"Tools of the Trade","floor":16},{"not_picked":["Outmaneuver","Sucker Punch","Acrobatics"],"picked":"SKIP","floor":18},{"not_picked":["Dagger Spray","Bane","All Out Attack"],"picked":"SKIP","floor":20},{"not_picked":["Bouncing Flask","Acrobatics","Prepared"],"picked":"SKIP","floor":24},{"not_picked":["Dagger Spray","Dodge and Roll"],"picked":"Poisoned Stab","floor":25},{"not_picked":["Deadly Poison","Acrobatics","Prepared"],"picked":"SKIP","floor":29},{"not_picked":["Backstab","Dodge and Roll","Backflip"],"picked":"SKIP","floor":30}],"player_experience":606239,"potions_floor_usage":[7,16,24,25,30,33],"damage_taken":[{"damage":0,"enemies":"2 Louse","floor":1,"turns":2},{"damage":4,"enemies":"Small Slimes","floor":2,"turns":3},{"damage":0,"enemies":"Cultist","floor":5,"turns":4},{"damage":0,"enemies":"Exordium Thugs","floor":7,"turns":5},{"damage":4,"enemies":"Blue Slaver","floor":13,"turns":4},{"damage":37,"enemies":"Hexaghost","floor":16,"turns":17},{"damage":0,"enemies":"3 Byrds","floor":18,"turns":6},{"damage":0,"enemies":"Shell Parasite","floor":20,"turns":4},{"damage":9,"enemies":"Snecko","floor":24,"turns":5},{"damage":7,"enemies":"Cultist and Chosen","floor":25,"turns":7},{"damage":4,"enemies":"Centurion and Healer","floor":29,"turns":7},{"damage":15,"enemies":"Snake Plant","floor":30,"turns":4},{"damage":50,"enemies":"Collector","floor":33,"turns":6}],"relics_obtained":[{"floor":9,"key":"Darkstone Periapt"},{"floor":14,"key":"Ninja Scroll"},{"floor":26,"key":"Gremlin Horn"}],"event_choices":[{"event_name":"Shining Light","player_choice":"Entered Light","floor":3,"damage_taken":0},{"event_name":"Golden Shrine","player_choice":"Pray","floor":4,"damage_taken":0},{"event_name":"Ghosts","player_choice":"Ignored","floor":21,"damage_taken":0},{"event_name":"Drug Dealer","player_choice":"Ignored","floor":28,"damage_taken":0}],"boss_relics":[{"not_picked":["Ectoplasm","Philosopher\u0027s Stone"],"picked":"Pandora\u0027s Box"}],"items_purged_floors":[],"is_endless":false,"potions_floor_spawned":[5,7,13,16,20,25,29,30],"seed_played":"-7003566841528796517","killed_by":"Collector","ascension_level":13,"potions_obtained":[{"floor":5,"key":"AttackPotion"},{"floor":7,"key":"AttackPotion"},{"floor":13,"key":"Poison Potion"},{"floor":16,"key":"SteroidPotion"},{"floor":25,"key":"SpeedPotion"},{"floor":29,"key":"Ancient Potion"},{"floor":30,"key":"Explosive Potion"}],"is_trial":false}