{"gold_per_floor":[118,135,155,166,238,238,95,112,139,101,126,138,169,196,208,316,328,358,381,393,405,432,369,480,502,537,573,485,485,310,320,320,415,415,433,433,447,100,117,152,152,152,197,197,197,197,211,211,211,211],"floor_reached":51,"playtime":2191,"items_purged":["Strike_G","Strike_G","Defend_G","Strike_G"],"score":819,"play_id":"6ea90c80-652b-4dab-bc36-35b0bf478a74","local_time":"20181024163306","is_ascension_mode":false,"campfire_choices":[{"data":"Dagger Spray","floor":6.0,"key":"SMITH"},{"data":"Well Laid Plans","floor":12.0,"key":"SMITH"},{"data":"Well Laid Plans","floor":15.0,"key":"SMITH"},{"floor":32,"key":"REST"},{"floor":41,"key":"REST"},{"floor":42,"key":"REST"},{"floor":44,"key":"REST"},{"floor":49,"key":"REST"}],"neow_cost":"NONE","seed_source_timestamp":21435218059555,"circlet_count":0,"master_deck":["Defend_G","Defend_G","Survivor","Neutralize+1","Dagger Spray+1","Escape Plan","Well Laid Plans+1","Well Laid Plans+1","Poisoned Stab+1","Corpse Explosion","Backflip","Malaise","PiercingWail+1","Escape Plan","PiercingWail+1","Burst","Crippling Poison+1","Madness","Madness"],"special_seed":0,"relics":["Ring of the Snake","Dodecahedron","MawBank","Fusion Hammer","WingedGreaves","Whetstone","Pen Nib","Runic Pyramid","Bronze Scales","DollysMirror","Omamori","Orichalcum","Molten Egg 2"],"potions_floor_usage":[37,40,50],"damage_taken":[{"damage":0.0,"enemies":"Cultist","floor":1.0,"turns":4.0},{"damage":0.0,"enemies":"2 Louse","floor":2.0,"turns":2.0},{"damage":0.0,"enemies":"Jaw Worm","floor":3.0,"turns":5.0},{"damage":3.0,"enemies":"Lots of Slimes","floor":4.0,"turns":4.0},{"damage":0.0,"enemies":"2 Fungi Beasts","floor":8.0,"turns":3.0},{"damage":1.0,"enemies":"Exordium Thugs","floor":11.0,"turns":4.0},{"damage":11.0,"enemies":"Large Slime","floor":13.0,"turns":8.0},{"damage":0.0,"enemies":"Exordium Wildlife","floor":14.0,"turns":5.0},{"damage":29.0,"enemies":"Slime Boss","floor":16.0,"turns":11.0},{"damage":0.0,"enemies":"2 Thieves","floor":18.0,"turns":3.0},{"damage":0.0,"enemies":"Shell Parasite","floor":19.0,"turns":6.0},{"damage":0.0,"enemies":"Sentry and Sphere","floor":22.0,"turns":3.0},{"damage":0.0,"enemies":"3 Cultists","floor":25.0,"turns":3.0},{"damage":0.0,"enemies":"Snecko","floor":31.0,"turns":4.0},{"damage":48,"enemies":"Champ","floor":33,"turns":10},{"damage":0,"enemies":"3 Darklings","floor":35,"turns":4},{"damage":0,"enemies":"Orb Walker","floor":37,"turns":3},{"damage":0,"enemies":"Writhing Mass","floor":39,"turns":7},{"damage":55,"enemies":"Nemesis","floor":40,"turns":9},{"damage":0,"enemies":"3 Darklings","floor":47,"turns":3},{"damage":0,"enemies":"Time Eater","floor":50,"turns":16}],"seed_played":"-5091620910243042300","potions_obtained":[{"floor":1.0,"key":"Block Potion"},{"floor":4.0,"key":"AttackPotion"},{"floor":16.0,"key":"Explosive Potion"},{"floor":25.0,"key":"Explosive Potion"},{"floor":37,"key":"EssenceOfSteel"},{"floor":39,"key":"FearPotion"}],"is_trial":false,"path_per_floor":["M","M","M","M","T","R","$","M","T","?","M","R","M","M","R","B",null,"M","M","?","T","M","?","?","M","T","T","$","?","$","M","R","B",null,"M","?","M","$","M","E","R","R","T","R","T","$","M","?","R","B"],"character_chosen":"THE_SILENT","items_purchased":["Well Laid Plans","AttackPotion","DollysMirror"],"campfire_rested":5,"item_purchase_floors":[7,30,38],"current_hp_per_floor":[70,70,70,67,67,67,67,67,67,67,66,66,55,55,55,26,70,70,70,70,70,70,70,70,70,70,70,70,70,70,70,70,22,70,70,70,70,70,70,15,36,57,57,70,70,70,70,61,70,70],"gold":211,"neow_bonus":"REMOVE_CARD","is_prod":false,"is_daily":false,"chose_seed":false,"campfire_upgraded":3,"win_rate":0,"timestamp":1540369986,"path_taken":["M","M","M","M","?","R","$","M","T","?","M","R","?","M","R","BOSS","M","M","?","?","M","?","?","?","T","?","$","?","$","M","R","BOSS","M","?","?","$","M","E","R","R","T","R","?","?","?","?","R","BOSS"],"build_version":"2018-10-18","purchased_purges":4,"victory":true,"max_hp_per_floor":[70,70,70,70,70,70,70,70,70,70,70,70,70,70,70,70,70,70,70,70,70,70,70,70,70,70,70,70,70,70,70,70,70,70,70,70,70,70,70,70,70,70,70,70,70,70,70,70,70,70],"card_choices":[{"not_picked":["Blur","Slice"],"picked":"Dagger Spray","floor":1.0},{"not_picked":["Endless Agony","Prepared"],"picked":"Escape Plan","floor":2.0},{"not_picked":["Crippling Poison","Eviscerate","Prepared"],"picked":"SKIP","floor":3.0},{"not_picked":["Dagger Throw","Acrobatics","Slice"],"picked":"SKIP","floor":4.0},{"not_picked":["Infinite Blades","Crippling Poison"],"picked":"Well Laid Plans","floor":8.0},{"not_picked":["Cloak And Dagger","Masterful Stab","Deflect"],"picked":"SKIP","floor":11.0},{"not_picked":["Underhanded Strike","PiercingWail","Flying Knee"],"picked":"SKIP","floor":13.0},{"not_picked":["Prepared","Slice"],"picked":"Poisoned Stab","floor":14.0},{"not_picked":["Wraith Form v2","Doppelganger"],"picked":"Corpse Explosion","floor":16.0},{"not_picked":["Dodge and Roll","Deflect","Dagger Throw"],"picked":"SKIP","floor":18.0},{"not_picked":["Bane","Flechettes","All Out Attack"],"picked":"SKIP","floor":19.0},{"not_picked":["Masterful Stab","Slice","Tactician"],"picked":"SKIP","floor":22.0},{"not_picked":["Distraction+1","Blade Dance","Cloak And Dagger"],"picked":"SKIP","floor":25.0},{"not_picked":["Blur","Deflect"],"picked":"Backflip","floor":31},{"not_picked":["Bullet Time","Corpse Explosion"],"picked":"Malaise","floor":33},{"not_picked":["Calculated Gamble+1","Caltrops"],"picked":"PiercingWail+1","floor":35},{"not_picked":["Poisoned Stab","Slice+1","Prepared+1"],"picked":"SKIP","floor":37},{"not_picked":["Bane+1","Setup"],"picked":"PiercingWail+1","floor":39},{"not_picked":["Dodge and Roll","Cloak And Dagger+1"],"picked":"Burst","floor":40},{"not_picked":["Slice+1","Dodge and Roll+1"],"picked":"Crippling Poison+1","floor":47}],"player_experience":605012,"relics_obtained":[{"floor":5.0,"key":"Dodecahedron"},{"floor":9.0,"key":"MawBank"},{"floor":21.0,"key":"WingedGreaves"},{"floor":26.0,"key":"Whetstone"},{"floor":27.0,"key":"Pen Nib"},{"floor":40,"key":"Omamori"},{"floor":43,"key":"Orichalcum"},{"floor":45,"key":"Molten Egg 2"}],"event_choices":[{"cards_removed":["Defend_G"],"damage_healed":0.0,"max_hp_gain":0.0,"max_hp_loss":0.0,"gold_gain":0.0,"event_name":"The Cleric","player_choice":"Card Removal","floor":10.0,"gold_loss":50.0,"damage_taken":0.0},{"damage_healed":0.0,"max_hp_gain":0.0,"max_hp_loss":0.0,"gold_gain":0.0,"event_name":"Vampires","player_choice":"Ignored","floor":20.0,"gold_loss":0.0,"damage_taken":0.0},{"cards_removed":["Strike_G"],"damage_healed":0.0,"max_hp_gain":0.0,"max_hp_loss":0.0,"gold_gain":0.0,"event_name":"Beggar","player_choice":"Gave Gold","floor":23.0,"gold_loss":75.0,"damage_taken":0.0},{"damage_healed":0.0,"max_hp_gain":0.0,"max_hp_loss":0.0,"gold_gain":99.0,"event_name":"Nest","player_choice":"Stole From Cult","floor":24.0,"gold_loss":0.0,"damage_taken":0.0},{"cards_removed":["Defend_G"],"damage_healed":0.0,"max_hp_gain":0.0,"max_hp_loss":0.0,"gold_gain":0.0,"event_name":"Back to Basics","player_choice":"Elegance","floor":29.0,"gold_loss":0.0,"damage_taken":0.0},{"damage_healed":0,"gold_gain":0,"player_choice":"Gave Potion","damage_taken":0,"relics_obtained":["Bronze Scales"],"max_hp_gain":0,"max_hp_loss":0,"event_name":"WeMeetAgain","floor":36,"gold_loss":0},{"damage_healed":0,"gold_gain":0,"player_choice":"Embrace Madness","damage_taken":9,"max_hp_gain":0,"max_hp_loss":0,"event_name":"Winding Halls","floor":48,"gold_loss":0,"cards_obtained":["Madness","Madness"]}],"is_beta":false,"boss_relics":[{"not_picked":["Busted Crown","Tiny House"],"picked":"Fusion Hammer"},{"not_picked":["White Beast Statue","Snecko Eye"],"picked":"Runic Pyramid"}],"items_purged_floors":[7,28,30,38],"is_endless":false,"potions_floor_spawned":[1,4,16,25,31,33,37,39],"ascension_level":0}