{"gold_per_floor":[110,110,23,34,34,34,34,58,82,82,118,118,29,53,53,151,151,172,16,40,40,65,65,0,23,76,76,100,100],"floor_reached":29,"playtime":712,"items_purged":["Strike_G"],"score":446,"play_id":"0f4d1657-ca5a-461b-8b02-7dfb439d6ddc","local_time":"20190718181936","is_ascension_mode":true,"campfire_choices":[{"data":"Deadly Poison","floor":6.0,"key":"SMITH"},{"data":"Neutralize","floor":12.0,"key":"SMITH"},{"data":"Noxious Fumes","floor":15.0,"key":"SMITH"},{"data":"Deadly Poison","floor":23.0,"key":"SMITH"},{"data":"Footwork","floor":27,"key":"SMITH"}],"neow_cost":"PERCENT_DAMAGE","seed_source_timestamp":317098004901500,"circlet_count":0,"master_deck":["AscendersBane","Strike_G","Defend_G+1","Defend_G","Defend_G+1","Defend_G","Survivor","Neutralize+1","Deadly Poison+1","Footwork+1","Noxious Fumes+1","Adrenaline","Well Laid Plans","Deadly Poison+1"],"special_seed":0,"relics":["Ring of the Snake","Golden Idol","War Paint","Dream Catcher","Eternal Feather","Tiny Chest"],"potions_floor_usage":[28,29],"damage_taken":[{"damage":0.0,"enemies":"Jaw Worm","floor":1.0,"turns":6.0},{"damage":0.0,"enemies":"2 Louse","floor":4.0,"turns":4.0},{"damage":0.0,"enemies":"Small Slimes","floor":8.0,"turns":3.0},{"damage":40.0,"enemies":"Gremlin Nob","floor":11.0,"turns":5.0},{"damage":0.0,"enemies":"Blue Slaver","floor":14.0,"turns":4.0},{"damage":3.0,"enemies":"The Guardian","floor":16.0,"turns":9.0},{"damage":0.0,"enemies":"Shell Parasite","floor":18.0,"turns":5.0},{"damage":0.0,"enemies":"Chosen","floor":20.0,"turns":6.0},{"damage":18.0,"enemies":"Centurion and Healer","floor":22.0,"turns":7.0},{"damage":11,"enemies":"Snake Plant","floor":25,"turns":4},{"damage":22,"enemies":"Snecko","floor":28,"turns":9},{"damage":0,"enemies":"Gremlin Leader","floor":29,"turns":2}],"seed_played":"-685706537930939902","potions_obtained":[{"floor":4.0,"key":"EssenceOfSteel"},{"floor":8.0,"key":"SteroidPotion"},{"floor":14.0,"key":"SpeedPotion"}],"is_trial":false,"path_per_floor":["M","?","$","M","?","R","?","M","T","?","E","R","$","M","R","B",null,"M","$","M","?","M","R","?","M","T","R","M","E"],"character_chosen":"THE_SILENT","items_purchased":["Footwork","Noxious Fumes","Well Laid Plans"],"campfire_rested":0,"item_purchase_floors":[3,13,19],"current_hp_per_floor":[44,37,37,37,59,59,59,59,59,59,19,19,19,19,19,16,49,49,49,49,49,31,37,37,26,26,32,10,10],"gold":100,"neow_bonus":"REMOVE_TWO","is_prod":false,"is_daily":false,"chose_seed":false,"campfire_upgraded":5,"win_rate":0,"timestamp":1563445176,"path_taken":["M","?","$","M","?","R","?","?","T","?","E","R","?","M","R","BOSS","M","$","?","?","M","R","?","M","T","R","M","E"],"build_version":"2019-07-17","purchased_purges":1,"victory":false,"max_hp_per_floor":[66,66,66,66,66,66,60,60,60,60,60,60,60,60,60,60,60,60,60,60,60,60,60,60,60,60,60,60,60],"card_choices":[{"not_picked":["Underhanded Strike","Catalyst"],"picked":"Deadly Poison","floor":1.0},{"not_picked":["Prepared","Blur","Backstab"],"picked":"SKIP","floor":4.0},{"not_picked":["Caltrops","Deflect","Accuracy"],"picked":"SKIP","floor":8.0},{"not_picked":["Poisoned Stab","Sucker Punch","Blade Dance"],"picked":"SKIP","floor":11.0},{"not_picked":["Poisoned Stab","Sucker Punch","Blade Dance"],"picked":"SKIP","floor":11.0},{"not_picked":["Distraction","Outmaneuver","Bane"],"picked":"SKIP","floor":14.0},{"not_picked":["Glass Knife","Die Die Die"],"picked":"Adrenaline","floor":16.0},{"not_picked":["Blur","Acrobatics","Eviscerate"],"picked":"SKIP","floor":18.0},{"not_picked":["PiercingWail","Underhanded Strike","Backstab"],"picked":"SKIP","floor":20.0},{"not_picked":["Dagger Spray","Blade Dance"],"picked":"Deadly Poison","floor":22.0},{"not_picked":["Underhanded Strike","PiercingWail","Deflect"],"picked":"SKIP","floor":25},{"not_picked":["Crippling Poison","Slice","Bane"],"picked":"SKIP","floor":28}],"player_experience":658787,"relics_obtained":[{"floor":9.0,"key":"War Paint"},{"floor":11.0,"key":"Dream Catcher"},{"floor":26,"key":"Tiny Chest"}],"event_choices":[{"cards_removed":["Strike_G"],"damage_healed":0.0,"max_hp_gain":0.0,"max_hp_loss":0.0,"gold_gain":0.0,"event_name":"Golden Wing","player_choice":"Card Removal","floor":2.0,"gold_loss":0.0,"damage_taken":7.0},{"damage_healed":22.0,"max_hp_gain":0.0,"max_hp_loss":0.0,"gold_gain":0.0,"event_name":"Big Fish","player_choice":"Banana","floor":5.0,"gold_loss":0.0,"damage_taken":0.0},{"damage_healed":0.0,"max_hp_gain":0.0,"max_hp_loss":6.0,"gold_gain":0.0,"event_name":"Golden Idol","player_choice":"Lose Max HP","floor":7.0,"gold_loss":0.0,"damage_taken":0.0,"relics_obtained":["Golden Idol"]},{"cards_removed":["Strike_G"],"damage_healed":0.0,"max_hp_gain":0.0,"max_hp_loss":0.0,"gold_gain":0.0,"event_name":"Bonfire Elementals","player_choice":"Offered Basic","floor":10.0,"gold_loss":0.0,"damage_taken":0.0},{"damage_healed":0.0,"max_hp_gain":0.0,"max_hp_loss":0.0,"gold_gain":0.0,"event_name":"The Mausoleum","player_choice":"Ignored","floor":21.0,"gold_loss":0.0,"damage_taken":0.0},{"damage_healed":0,"gold_gain":0,"player_choice":"Paid Fearfully","damage_taken":0,"max_hp_gain":0,"max_hp_loss":0,"event_name":"Masked Bandits","floor":24,"gold_loss":65}],"is_beta":false,"boss_relics":[{"not_picked":["Snecko Eye","Black Star"],"picked":"Eternal Feather"}],"items_purged_floors":[19],"is_endless":false,"potions_floor_spawned":[4,8,14,20,25],"killed_by":"Gremlin Leader","ascension_level":20}