{"gold_per_floor":[119,119,169,189,212,212,230,271,297,297,333,16,41,41,41,41],"floor_reached":16,"playtime":612,"items_purged":["Strike_R"],"score":220,"play_id":"273cf0ed-aefc-421f-864a-e2357d7575a5","local_time":"20190714192725","is_ascension_mode":true,"campfire_choices":[{"data":"Shockwave","floor":6,"key":"SMITH"},{"floor":10,"key":"REST"},{"floor":15,"key":"REST"}],"neow_cost":"NONE","seed_source_timestamp":63748256955749,"circlet_count":0,"master_deck":["AscendersBane","Strike_R","Strike_R","Strike_R","Defend_R","Defend_R","Defend_R","Defend_R","Bash","Cleave","Shockwave+1","Thunderclap","Evolve","Inflame","Immolate"],"relics":["Burning Blood","Red Skull","Golden Idol","Ancient Tea Set","Smiling Mask","Art of War","Toxic Egg 2"],"potions_floor_usage":[11],"damage_taken":[{"damage":13,"enemies":"2 Louse","floor":1,"turns":5},{"damage":2,"enemies":"Jaw Worm","floor":4,"turns":3},{"damage":1,"enemies":"Cultist","floor":5,"turns":3},{"damage":17,"enemies":"3 Louse","floor":7,"turns":4},{"damage":30,"enemies":"Lagavulin","floor":8,"turns":6},{"damage":6,"enemies":"Gremlin Nob","floor":11,"turns":3},{"damage":0,"enemies":"Gremlin Gang","floor":13,"turns":1},{"damage":62,"enemies":"The Guardian","floor":16,"turns":8}],"seed_played":"-8973672044168732838","potions_obtained":[{"floor":7,"key":"Ancient Potion"},{"floor":8,"key":"FearPotion"}],"is_trial":false,"path_per_floor":["M","?","?","M","M","R","M","E","T","R","E","$","M","?","R","B"],"character_chosen":"IRONCLAD","items_purchased":["Toxic Egg 2"],"campfire_rested":2,"item_purchase_floors":[12],"current_hp_per_floor":[61,35,35,39,44,44,33,9,9,31,31,31,37,37,59,0],"gold":41,"neow_bonus":"RANDOM_COMMON_RELIC","is_prod":false,"is_daily":false,"chose_seed":false,"campfire_upgraded":1,"win_rate":0,"timestamp":1563125245,"path_taken":["M","?","?","M","?","R","M","E","T","R","E","$","M","?","R","BOSS"],"build_version":"2019-07-05","purchased_purges":1,"victory":false,"max_hp_per_floor":[75,75,75,75,75,75,75,75,75,75,75,75,75,75,75,75],"card_choices":[{"not_picked":["Wild Strike","Power Through"],"picked":"Cleave","floor":1},{"not_picked":["Flex","Twin Strike","Armaments"],"picked":"SKIP","floor":4},{"not_picked":["Perfected Strike","Iron Wave"],"picked":"Shockwave","floor":5},{"not_picked":["Wild Strike","Headbutt"],"picked":"Thunderclap","floor":7},{"not_picked":["Seeing Red","Intimidate"],"picked":"Evolve","floor":8},{"not_picked":["Armaments","Sentinel"],"picked":"Inflame","floor":11},{"not_picked":["Uppercut","True Grit+1"],"picked":"Immolate","floor":13}],"player_experience":700771,"relics_obtained":[{"floor":8,"key":"Ancient Tea Set"},{"floor":9,"key":"Smiling Mask"},{"floor":11,"key":"Art of War"}],"event_choices":[{"damage_healed":0,"gold_gain":0,"player_choice":"Take Damage","damage_taken":26,"relics_obtained":["Golden Idol"],"max_hp_gain":0,"max_hp_loss":0,"event_name":"Golden Idol","floor":2,"gold_loss":0},{"damage_healed":0,"gold_gain":50,"player_choice":"Pray","damage_taken":0,"max_hp_gain":0,"max_hp_loss":0,"event_name":"Golden Shrine","floor":3,"gold_loss":0},{"cards_removed":["Strike_R"],"damage_healed":0,"gold_gain":0,"player_choice":"Offered Basic","damage_taken":0,"max_hp_gain":0,"max_hp_loss":0,"event_name":"Bonfire Elementals","floor":14,"gold_loss":0}],"is_beta":false,"boss_relics":[],"items_purged_floors":[12],"is_endless":false,"potions_floor_spawned":[7,8],"killed_by":"The Guardian","ascension_level":20}