{"gold_per_floor":[113,113,10,10,22,22,36,36,85,85,113,132,163,181,181,284,284,296,296,307,327,341,341,374,187,187,197,197,211,228,3,3,103,103,114,34,47,57,73,103,103,138,138,167,186,186,186,31,31,31],"floor_reached":51,"playtime":1772,"items_purged":["Strike_R","Strike_R","Strike_R"],"score":1204,"play_id":"712193b7-5fe2-451a-b3a6-46b41b57ed43","local_time":"20180921233522","is_ascension_mode":true,"campfire_choices":[{"data":"Limit Break","floor":10.0,"key":"SMITH"},{"data":"Flex","floor":15.0,"key":"SMITH"},{"floor":23.0,"key":"REST"},{"data":"Flex","floor":28.0,"key":"SMITH"},{"data":"Inflame","floor":32.0,"key":"SMITH"},{"data":"Inflame","floor":41.0,"key":"SMITH"},{"data":"Madness","floor":49.0,"key":"SMITH"}],"neow_cost":"NONE","seed_source_timestamp":38286315907494,"circlet_count":0,"master_deck":["Strike_R","Strike_R+1","Defend_R","Defend_R+1","Defend_R","Defend_R","Bash","AscendersBane","Limit Break+1","Flex+1","Whirlwind","Flex+1","Reaper","Shrug It Off","Headbutt","Shrug It Off","Battle Trance","Offering","Limit Break+1","Heavy Blade+1","Reaper","Inflame+1","Inflame+1","Feed","Offering","Flex+1","Madness+1","Madness","Exhume"],"special_seed":0,"relics":["Burning Blood","Strawberry","Happy Flower","The Courier","Pocketwatch","Philosopher\u0027s Stone","Kunai","Mummified Hand","Chemical X","Lizard Tail","Bottled Flame","Omamori","Art of War","Anchor","Champion Belt"],"potions_floor_usage":[50,50],"damage_taken":[{"damage":7.0,"enemies":"Jaw Worm","floor":1.0,"turns":4.0},{"damage":14.0,"enemies":"Small Slimes","floor":5.0,"turns":4.0},{"damage":1.0,"enemies":"Cultist","floor":7.0,"turns":3.0},{"damage":27.0,"enemies":"Lagavulin","floor":11.0,"turns":6.0},{"damage":13.0,"enemies":"Exordium Thugs","floor":12.0,"turns":4.0},{"damage":38.0,"enemies":"3 Sentries","floor":13.0,"turns":9.0},{"damage":13.0,"enemies":"3 Louse","floor":14.0,"turns":3.0},{"damage":25.0,"enemies":"Slime Boss","floor":16.0,"turns":8.0},{"damage":8.0,"enemies":"Spheric Guardian","floor":18.0,"turns":3.0},{"damage":25.0,"enemies":"Shell Parasite","floor":20.0,"turns":4.0},{"damage":6.0,"enemies":"3 Cultists","floor":21.0,"turns":2.0},{"damage":79.0,"enemies":"Shelled Parasite and Fungi","floor":22.0,"turns":5.0},{"damage":35.0,"enemies":"Slavers","floor":24.0,"turns":3.0},{"damage":60.0,"enemies":"Cultist and Chosen","floor":27.0,"turns":10.0},{"damage":6.0,"enemies":"3 Cultists","floor":29.0,"turns":2.0},{"damage":23.0,"enemies":"Snake Plant","floor":30.0,"turns":3.0},{"damage":36.0,"enemies":"Automaton","floor":33.0,"turns":5.0},{"damage":36.0,"enemies":"3 Darklings","floor":35.0,"turns":3.0},{"damage":5.0,"enemies":"Orb Walker","floor":37.0,"turns":2.0},{"damage":17.0,"enemies":"Sphere and 2 Shapes","floor":38.0,"turns":4.0},{"damage":12.0,"enemies":"Maw","floor":39.0,"turns":5.0},{"damage":33.0,"enemies":"Nemesis","floor":40.0,"turns":5.0},{"damage":49.0,"enemies":"2 Orb Walkers","floor":42.0,"turns":3.0},{"damage":12.0,"enemies":"Giant Head","floor":44.0,"turns":3.0},{"damage":23.0,"enemies":"Transient","floor":45.0,"turns":5.0},{"damage":12.0,"enemies":"Mind Bloom Boss Battle","floor":46.0,"turns":2.0},{"damage":101,"enemies":"Time Eater","floor":50,"turns":7}],"seed_played":"-6858349776996697211","potions_obtained":[{"floor":7.0,"key":"Energy Potion"},{"floor":11.0,"key":"AttackPotion"},{"floor":13.0,"key":"LiquidBronze"},{"floor":18.0,"key":"EssenceOfSteel"},{"floor":22.0,"key":"SteroidPotion"},{"floor":24.0,"key":"Regen Potion"},{"floor":27.0,"key":"SpeedPotion"},{"floor":35.0,"key":"Regen Potion"},{"floor":38.0,"key":"SteroidPotion"},{"floor":42.0,"key":"Energy Potion"}],"is_trial":false,"path_per_floor":["M","?","$","$","M","?","M","?","T","R","E","M","E","M","R","B",null,"M","?","M","M","M","R","E","$","T","M","R","M","M","$","R","B",null,"M","$","M","M","M","E","R","E","T","E","M","?","?","$","R","B"],"character_chosen":"IRONCLAD","items_purchased":["Flex","Whirlwind","Reaper","Chemical X","Inflame","Exhume"],"campfire_rested":1,"item_purchase_floors":[3,3,25,31,31,48],"current_hp_per_floor":[71,55,55,55,47,47,52,59,59,59,38,37,21,32,32,19,70,82,82,87,87,22,48,46,46,46,24,24,87,87,87,87,87,87,78,78,84,76,73,58,58,50,50,93,93,93,81,81,81,8],"gold":31,"neow_bonus":"ONE_RANDOM_RARE_CARD","is_prod":false,"is_daily":false,"chose_seed":false,"campfire_upgraded":6,"win_rate":0,"timestamp":1537544122,"path_taken":["M","?","?","$","M","?","M","?","T","R","E","M","E","M","R","BOSS","M","?","M","?","?","R","E","$","T","M","R","?","M","$","R","BOSS","M","$","M","M","M","E","R","E","T","E","M","?","?","$","R","BOSS"],"build_version":"2018-09-20","purchased_purges":3,"victory":true,"max_hp_per_floor":[80,80,80,80,80,80,80,87,87,87,87,87,87,87,87,87,87,87,87,87,87,87,87,87,87,87,87,87,87,87,87,87,87,87,87,87,87,90,93,93,93,93,93,93,93,93,93,93,93,93],"card_choices":[{"not_picked":["Pommel Strike","Clothesline","Disarm"],"picked":"SKIP","floor":1.0},{"not_picked":["Clash","Perfected Strike"],"picked":"Flex","floor":5.0},{"not_picked":["Thunderclap","Spot Weakness"],"picked":"Reaper","floor":7.0},{"not_picked":["Armaments","Flame Barrier"],"picked":"Shrug It Off","floor":11.0},{"not_picked":["True Grit","Warcry"],"picked":"Headbutt","floor":12.0},{"not_picked":["Sentinel","Impervious"],"picked":"Shrug It Off","floor":13.0},{"not_picked":["Ghostly Armor","Shrug It Off"],"picked":"Battle Trance","floor":14.0},{"not_picked":["Brutality","Demon Form"],"picked":"Offering","floor":16.0},{"not_picked":["Cleave","Entrench+1","Iron Wave+1"],"picked":"SKIP","floor":18.0},{"not_picked":["Cleave+1","Twin Strike"],"picked":"Heavy Blade+1","floor":20.0},{"not_picked":["Uppercut","Combust","Blood for Blood+1"],"picked":"SKIP","floor":21.0},{"not_picked":["Warcry","Shockwave","Sword Boomerang"],"picked":"SKIP","floor":22.0},{"not_picked":["Clothesline","Perfected Strike","Twin Strike"],"picked":"SKIP","floor":24.0},{"not_picked":["Power Through+1","Headbutt"],"picked":"Inflame","floor":27.0},{"not_picked":["Hemokinesis","Warcry+1","Berserk"],"picked":"SKIP","floor":29.0},{"not_picked":["Feel No Pain","Flex","Havoc+1"],"picked":"SKIP","floor":30.0},{"not_picked":["Limit Break","Reaper"],"picked":"Feed","floor":33.0},{"not_picked":["Perfected Strike+1","Twin Strike+1","Hemokinesis"],"picked":"SKIP","floor":35.0},{"not_picked":["Uppercut","Spot Weakness+1","Pommel Strike+1"],"picked":"SKIP","floor":37.0},{"not_picked":["Heavy Blade","Anger+1","Feel No Pain"],"picked":"SKIP","floor":38.0},{"not_picked":["Thunderclap","Iron Wave+1","Spot Weakness+1"],"picked":"SKIP","floor":39.0},{"not_picked":["Combust+1","Flex"],"picked":"Offering","floor":40.0},{"not_picked":["Anger","Entrench","Brutality"],"picked":"SKIP","floor":42.0},{"not_picked":["Flex","Corruption","Rupture+1"],"picked":"SKIP","floor":44.0},{"not_picked":["Dual Wield+1","Rampage"],"picked":"Flex+1","floor":45.0}],"player_experience":77421,"relics_obtained":[{"floor":9.0,"key":"Happy Flower"},{"floor":11.0,"key":"The Courier"},{"floor":13.0,"key":"Pocketwatch"},{"floor":24.0,"key":"Kunai"},{"floor":26.0,"key":"Mummified Hand"},{"floor":40.0,"key":"Bottled Flame"},{"floor":42.0,"key":"Omamori"},{"floor":43.0,"key":"Art of War"},{"floor":44.0,"key":"Anchor"},{"floor":46.0,"key":"Champion Belt"}],"event_choices":[{"event_name":"Shining Light","player_choice":"Entered Light","floor":2.0,"damage_taken":0.0},{"event_name":"The Cleric","player_choice":"Leave","floor":6.0,"damage_taken":0.0},{"event_name":"Dead Adventurer","player_choice":"Searched \u00271\u0027 times","floor":8.0,"damage_taken":0.0},{"event_name":"Duplicator","player_choice":"One dupe","floor":19.0,"damage_taken":0.0},{"event_name":"MindBloom","player_choice":"Fight","floor":46.0,"damage_taken":0.0},{"event_name":"Winding Halls","player_choice":"Embrace Madness","floor":47.0,"damage_taken":0.0}],"is_beta":false,"boss_relics":[{"not_picked":["Eternal Feather","Fusion Hammer"],"picked":"Philosopher\u0027s Stone"},{"not_picked":["White Beast Statue","Snecko Eye"],"picked":"Lizard Tail"}],"items_purged_floors":[25,36,48],"is_endless":false,"potions_floor_spawned":[7,11,13,18,22,24,27,30,35,38,40,42,44],"ascension_level":10}