{"gold_per_floor":[118,118,132,143,143,174,174,187,187,187,203,278,278,310,310,310],"floor_reached":16,"playtime":576,"items_purged":[],"score":220,"play_id":"ce65f42e-9ab4-4c36-a534-a6c6f455a06a","local_time":"20190228154149","is_ascension_mode":true,"campfire_choices":[{"data":"Zap","floor":7,"key":"SMITH"},{"data":"Recycle","floor":10,"key":"SMITH"},{"data":"Coolheaded","floor":13,"key":"SMITH"},{"data":"Double Energy","floor":15,"key":"SMITH"}],"neow_cost":"NONE","seed_source_timestamp":394536197141,"circlet_count":0,"master_deck":["AscendersBane","Strike_B","Strike_B","Strike_B","Defend_B","Defend_B","Defend_B","Defend_B","Zap+1","Dualcast","Cold Snap","Core Surge","Hologram","Self Repair","Coolheaded+1","Recycle+1","Seek","Stack","Skim","Turbo","Double Energy+1","Go for the Eyes"],"special_seed":0,"relics":["Cracked Core","NeowsBlessing","Prayer Wheel","Ornamental Fan","Question Card"],"potions_floor_usage":[14,14],"damage_taken":[{"damage":0.0,"enemies":"Small Slimes","floor":1.0,"turns":1.0},{"damage":0,"enemies":"Cultist","floor":3,"turns":1},{"damage":0,"enemies":"Jaw Worm","floor":4,"turns":1},{"damage":40,"enemies":"Gremlin Nob","floor":6,"turns":6},{"damage":1,"enemies":"Blue Slaver","floor":8,"turns":5},{"damage":0,"enemies":"2 Fungi Beasts","floor":11,"turns":6},{"damage":11,"enemies":"3 Sentries","floor":14,"turns":19},{"damage":13,"enemies":"Slime Boss","floor":16,"turns":11}],"seed_played":"8235961607397639678","potions_obtained":[{"floor":4,"key":"SkillPotion"},{"floor":11,"key":"Block Potion"}],"is_trial":false,"path_per_floor":["M","?","M","M","?","E","R","M","T","R","M","?","R","E","R","B"],"character_chosen":"DEFECT","items_purchased":[],"campfire_rested":0,"item_purchase_floors":[],"current_hp_per_floor":[64,64,64,64,57,24,24,30,30,30,37,26,26,22,22,9],"gold":310,"neow_bonus":"THREE_ENEMY_KILL","is_prod":false,"is_daily":false,"chose_seed":false,"campfire_upgraded":4,"win_rate":0,"timestamp":1551339709,"path_taken":["M","?","M","?","?","E","R","M","T","R","M","?","R","E","R","BOSS"],"build_version":"2019-01-23","purchased_purges":0,"victory":false,"max_hp_per_floor":[71,71,71,71,71,71,71,71,71,71,71,71,71,71,71,71],"card_choices":[{"not_picked":["Stack","Steam Power"],"picked":"Cold Snap","floor":1.0},{"not_picked":["Leap","Redo"],"picked":"Coolheaded","floor":3},{"not_picked":["Capacitor","Ball Lightning"],"picked":"Recycle","floor":4},{"not_picked":["Fusion","Lockon"],"picked":"Seek","floor":6},{"not_picked":["FTL","Fusion"],"picked":"Stack","floor":8},{"not_picked":["Undo","Auto Shields"],"picked":"Skim","floor":8},{"not_picked":["Darkness","Ball Lightning"],"picked":"Turbo","floor":11},{"not_picked":["Go for the Eyes","Barrage"],"picked":"Double Energy","floor":11},{"not_picked":["Thunder Strike","Storm"],"picked":"Go for the Eyes","floor":14}],"player_experience":1039784,"relics_obtained":[{"floor":6,"key":"Prayer Wheel"},{"floor":9,"key":"Ornamental Fan"},{"floor":14,"key":"Question Card"}],"event_choices":[{"damage_healed":0,"gold_gain":0,"player_choice":"3 cards matched","damage_taken":0,"max_hp_gain":0,"max_hp_loss":0,"event_name":"Match and Keep!","floor":2,"gold_loss":0,"cards_obtained":["Core Surge","Hologram","Self Repair"]},{"cards_removed":["Strike_B"],"damage_healed":0,"gold_gain":0,"player_choice":"Card Removal","damage_taken":7,"max_hp_gain":0,"max_hp_loss":0,"event_name":"Golden Wing","floor":5,"gold_loss":0},{"damage_healed":0,"gold_gain":75,"player_choice":"Gather Gold","damage_taken":11,"max_hp_gain":0,"max_hp_loss":0,"event_name":"World of Goop","floor":12,"gold_loss":0}],"is_beta":false,"boss_relics":[],"items_purged_floors":[],"is_endless":false,"potions_floor_spawned":[4,11],"killed_by":"Slime Boss","ascension_level":20}