{"gold_per_floor":[109,124,138,37,56,67,67,102,129,129,146,146,179,191,191,191],"floor_reached":16,"playtime":416,"items_purged":[],"score":228,"play_id":"192264b1-8945-4d4f-991c-a1c075036660","local_time":"20190223214735","is_ascension_mode":true,"campfire_choices":[{"data":"Sunder","floor":7.0,"key":"SMITH"},{"data":"Hologram","floor":12.0,"key":"SMITH"},{"data":"Beam Cell","floor":15,"key":"SMITH"}],"neow_cost":"NONE","seed_source_timestamp":0,"circlet_count":0,"master_deck":["AscendersBane","Strike_B","Strike_B","Strike_B","Defend_B+1","Defend_B","Defend_B","Defend_B","Zap","Dualcast","Coolheaded","Hologram+1","Doom and Gloom","Sunder+1","Coolheaded","Steam+1","Conserve Battery","Hologram","Ball Lightning","Beam Cell+1","Buffer"],"special_seed":0,"relics":["Cracked Core","NeowsBlessing","War Paint"],"potions_floor_usage":[],"damage_taken":[{"damage":0.0,"enemies":"Cultist","floor":1.0,"turns":1.0},{"damage":0.0,"enemies":"2 Louse","floor":2.0,"turns":1.0},{"damage":0.0,"enemies":"Small Slimes","floor":3.0,"turns":1.0},{"damage":6.0,"enemies":"Blue Slaver","floor":5.0,"turns":6.0},{"damage":8.0,"enemies":"Large Slime","floor":6.0,"turns":5.0},{"damage":3.0,"enemies":"3 Sentries","floor":8.0,"turns":4.0},{"damage":0.0,"enemies":"3 Louse","floor":11.0,"turns":3.0},{"damage":17.0,"enemies":"Lagavulin","floor":13.0,"turns":6.0},{"damage":24,"enemies":"Exordium Thugs","floor":14,"turns":5},{"damage":19,"enemies":"The Guardian","floor":16,"turns":2}],"seed_played":"-5978970694829172850","potions_obtained":[{"floor":2.0,"key":"SkillPotion"},{"floor":3.0,"key":"Poison Potion"}],"is_trial":false,"path_per_floor":["M","M","M","$","M","M","R","E","T","?","M","R","E","M","R","B"],"character_chosen":"DEFECT","items_purchased":["Sunder","Coolheaded"],"campfire_rested":0,"item_purchase_floors":[4,4],"current_hp_per_floor":[64,64,64,64,58,50,50,47,47,47,47,47,30,6,6,0],"gold":191,"neow_bonus":"THREE_ENEMY_KILL","is_prod":false,"is_daily":false,"chose_seed":false,"campfire_upgraded":3,"win_rate":0,"timestamp":1550929655,"path_taken":["M","M","M","?","?","M","R","E","T","?","M","R","E","M","R","BOSS"],"build_version":"2019-01-23","purchased_purges":0,"victory":false,"max_hp_per_floor":[71,71,71,71,71,71,71,71,71,71,71,71,71,71,71,71],"card_choices":[{"not_picked":["Sweeping Beam","Loop"],"picked":"Coolheaded","floor":1.0},{"not_picked":["Gash","Beam Cell"],"picked":"Hologram","floor":2.0},{"not_picked":["Hologram","Sweeping Beam"],"picked":"Doom and Gloom","floor":3.0},{"not_picked":["Rebound","Barrage"],"picked":"Steam","floor":5.0},{"not_picked":["Gash","Reboot"],"picked":"Conserve Battery","floor":6.0},{"not_picked":["Coolheaded","Rebound"],"picked":"Hologram","floor":8.0},{"not_picked":["Sunder","Ball Lightning","Heatsinks"],"picked":"SKIP","floor":11.0},{"not_picked":["Sunder","Ball Lightning","Heatsinks"],"picked":"SKIP","floor":11.0},{"not_picked":["Sweeping Beam","Storm"],"picked":"Beam Cell","floor":13.0},{"not_picked":["Gash","Redo"],"picked":"Buffer","floor":14}],"player_experience":948470,"relics_obtained":[{"floor":13.0,"key":"War Paint"}],"event_choices":[{"damage_healed":0.0,"max_hp_gain":0.0,"max_hp_loss":0.0,"gold_gain":0.0,"cards_transformed":["Strike_B"],"event_name":"Transmorgrifier","player_choice":"Transformed","floor":10.0,"gold_loss":0.0,"damage_taken":0.0,"cards_obtained":["Ball Lightning"]}],"is_beta":false,"boss_relics":[],"items_purged_floors":[],"is_endless":false,"potions_floor_spawned":[2,3,6,11],"killed_by":"The Guardian","ascension_level":20}