{"gold_per_floor":[119,134,134,152,164,193,193,10,33,62,80,80,108,121,121,192,192,207,207,220,220,30,60,60,75,75,75,125,139,172,184,184,256,256,269,30,0,0,0],"floor_reached":39,"playtime":3222,"items_purged":["Pain","Strike_G"],"score":908,"play_id":"4338cb98-db58-4825-9222-88289e15f25e","local_time":"20190720192132","is_ascension_mode":true,"campfire_choices":[{"floor":7,"key":"REST"},{"floor":15,"key":"REST"},{"floor":24,"key":"REST"},{"floor":27,"key":"REST"},{"data":"Footwork","floor":32,"key":"SMITH"}],"neow_cost":"NONE","seed_source_timestamp":80797065864193,"circlet_count":0,"master_deck":["AscendersBane","Strike_G+1","Strike_G","Strike_G","Defend_G","Defend_G","Defend_G","Defend_G","Defend_G","Survivor","Neutralize+1","Dagger Throw","Dagger Throw","Poisoned Stab","Bandage Up","Footwork+1","Acrobatics","Malaise","Leg Sweep","Deflect","Noxious Fumes","Caltrops","Backflip","Backflip","Concentrate"],"relics":["Ring of the Snake","WarpedTongs","Potion Belt","Snake Skull","Odd Mushroom","Whetstone","Runic Pyramid","Nilry\u0027s Codex","Letter Opener","Pantograph","Darkstone Periapt","Fusion Hammer","Happy Flower","Red Mask"],"potions_floor_usage":[6,13,16,18,29,30,39],"damage_taken":[{"damage":1,"enemies":"Jaw Worm","floor":1,"turns":5},{"damage":0,"enemies":"Cultist","floor":2,"turns":3},{"damage":1,"enemies":"2 Louse","floor":4,"turns":3},{"damage":19,"enemies":"Exordium Thugs","floor":5,"turns":7},{"damage":9,"enemies":"Gremlin Nob","floor":6,"turns":3},{"damage":8,"enemies":"The Mushroom Lair","floor":10,"turns":4},{"damage":3,"enemies":"2 Fungi Beasts","floor":11,"turns":3},{"damage":12,"enemies":"3 Sentries","floor":13,"turns":7},{"damage":3,"enemies":"3 Louse","floor":14,"turns":3},{"damage":51,"enemies":"Hexaghost","floor":16,"turns":11},{"damage":11,"enemies":"Shell Parasite","floor":18,"turns":14},{"damage":2,"enemies":"3 Byrds","floor":20,"turns":8},{"damage":39,"enemies":"Book of Stabbing","floor":23,"turns":8},{"damage":4,"enemies":"Cultist and Chosen","floor":25,"turns":17},{"damage":5,"enemies":"Sentry and Sphere","floor":29,"turns":6},{"damage":39,"enemies":"Slavers","floor":30,"turns":5},{"damage":5,"enemies":"Snecko","floor":31,"turns":7},{"damage":30,"enemies":"Collector","floor":33,"turns":10},{"damage":10,"enemies":"3 Darklings","floor":35,"turns":7},{"damage":89,"enemies":"2 Orb Walkers","floor":39,"turns":5}],"seed_played":"4646638527489705731","potions_obtained":[{"floor":1,"key":"LiquidBronze"},{"floor":4,"key":"SteroidPotion"},{"floor":6,"key":"Weak Potion"},{"floor":11,"key":"Poison Potion"},{"floor":16,"key":"FairyPotion"},{"floor":18,"key":"Regen Potion"},{"floor":20,"key":"FairyPotion"},{"floor":29,"key":"Strength Potion"},{"floor":33,"key":"Explosive Potion"}],"is_trial":false,"path_per_floor":["M","M","?","M","M","E","R","$","T","?","M","?","E","M","R","B",null,"M","?","M","?","$","E","R","M","T","R","?","M","E","M","R","B",null,"M","$","?","?","?"],"character_chosen":"THE_SILENT","items_purchased":["Bandage Up","Noxious Fumes","Happy Flower","Concentrate"],"campfire_rested":4,"item_purchase_floors":[8,22,36,36],"current_hp_per_floor":[64,64,64,63,44,35,56,56,56,52,53,46,38,39,60,15,58,53,53,55,34,34,7,28,36,36,57,57,72,37,38,38,37,63,59,59,59,59,0],"gold":0,"neow_bonus":"TEN_PERCENT_HP_BONUS","is_prod":false,"is_daily":false,"chose_seed":false,"campfire_upgraded":1,"win_rate":0,"timestamp":1563643292,"path_taken":["M","M","?","?","M","E","R","$","T","?","M","?","E","M","R","BOSS","M","?","M","?","$","E","R","M","T","R","?","?","E","M","R","BOSS","M","$","?","?","?"],"build_version":"2019-07-17","purchased_purges":2,"victory":false,"max_hp_per_floor":[72,72,72,72,72,72,72,72,72,72,72,72,72,72,72,72,72,72,72,72,72,72,72,72,72,72,72,72,72,72,72,72,72,72,72,72,72,72,72],"card_choices":[{"not_picked":["Flying Knee","Sucker Punch"],"picked":"Backstab","floor":1},{"not_picked":["Cloak And Dagger","Masterful Stab"],"picked":"Dagger Throw","floor":2},{"not_picked":["Deadly Poison","Poisoned Stab"],"picked":"Dagger Throw","floor":4},{"not_picked":["Setup","All Out Attack","Outmaneuver"],"picked":"SKIP","floor":5},{"not_picked":["Cloak And Dagger","Setup"],"picked":"Poisoned Stab","floor":6},{"not_picked":["Calculated Gamble","Flying Knee","Outmaneuver"],"picked":"SKIP","floor":11},{"not_picked":["Deadly Poison","Masterful Stab"],"picked":"Footwork","floor":13},{"not_picked":["Dodge and Roll","Concentrate"],"picked":"Acrobatics","floor":14},{"not_picked":["Grand Finale","Die Die Die"],"picked":"Malaise","floor":16},{"not_picked":["Well Laid Plans","Slice"],"picked":"Leg Sweep","floor":18},{"not_picked":["Eviscerate","Dagger Spray"],"picked":"Deflect","floor":20},{"not_picked":["Slice+1","Storm of Steel","Dagger Spray"],"picked":"SKIP","floor":23},{"not_picked":["Backflip","Blade Dance+1"],"picked":"Caltrops","floor":25},{"not_picked":["Poisoned Stab","Leg Sweep"],"picked":"Backflip","floor":29},{"not_picked":["Flechettes","Grand Finale"],"picked":"Backflip","floor":30},{"not_picked":["Sucker Punch+1","Bane","Dagger Throw+1"],"picked":"SKIP","floor":31},{"not_picked":["Deadly Poison","Backstab","Bouncing Flask+1"],"picked":"SKIP","floor":35}],"player_experience":737711,"relics_obtained":[{"floor":6,"key":"Potion Belt"},{"floor":9,"key":"Snake Skull"},{"floor":10,"key":"Odd Mushroom"},{"floor":13,"key":"Whetstone"},{"floor":21,"key":"Nilry\u0027s Codex"},{"floor":23,"key":"Letter Opener"},{"floor":26,"key":"Pantograph"},{"floor":30,"key":"Darkstone Periapt"}],"event_choices":[{"damage_healed":0,"gold_gain":0,"player_choice":"Rummage","damage_taken":0,"relics_obtained":["WarpedTongs"],"max_hp_gain":0,"max_hp_loss":0,"event_name":"Accursed Blacksmith","floor":3,"gold_loss":0,"cards_obtained":["Pain"]},{"damage_healed":0,"gold_gain":0,"player_choice":"Fought Mushrooms","damage_taken":0,"max_hp_gain":0,"max_hp_loss":0,"event_name":"Mushrooms","floor":10,"gold_loss":0},{"cards_removed":["Strike_G"],"damage_healed":0,"gold_gain":0,"player_choice":"Card Removal","damage_taken":7,"max_hp_gain":0,"max_hp_loss":0,"event_name":"Golden Wing","floor":12,"gold_loss":0},{"damage_healed":0,"gold_gain":0,"player_choice":"Ignored","damage_taken":0,"max_hp_gain":0,"max_hp_loss":0,"event_name":"Ghosts","floor":19,"gold_loss":0},{"damage_healed":0,"gold_gain":0,"player_choice":"Obtained Book","damage_taken":21,"max_hp_gain":0,"max_hp_loss":0,"event_name":"Cursed Tome","floor":21,"gold_loss":0},{"damage_healed":0,"gold_gain":50,"player_choice":"Pray","damage_taken":0,"max_hp_gain":0,"max_hp_loss":0,"event_name":"Golden Shrine","floor":28,"gold_loss":0},{"damage_healed":0,"gold_gain":0,"player_choice":"Paid","damage_taken":0,"relics_obtained":["Red Mask"],"max_hp_gain":0,"max_hp_loss":0,"event_name":"Tomb of Lord Red Mask","floor":37,"gold_loss":30},{"cards_removed":["Backstab"],"damage_healed":0,"gold_gain":0,"player_choice":"Removed Attack","damage_taken":0,"max_hp_gain":0,"max_hp_loss":0,"event_name":"Falling","floor":38,"gold_loss":0},{"damage_healed":0,"gold_gain":0,"player_choice":"Fight","damage_taken":0,"max_hp_gain":0,"max_hp_loss":0,"event_name":"Mysterious Sphere","floor":39,"gold_loss":0}],"is_beta":false,"boss_relics":[{"not_picked":["Ring of the Serpent","Ectoplasm"],"picked":"Runic Pyramid"},{"not_picked":["Sozu","Empty Cage"],"picked":"Fusion Hammer"}],"items_purged_floors":[8,22],"is_endless":false,"potions_floor_spawned":[1,4,6,11,16,18,20,29,33],"killed_by":"2 Orb Walkers","ascension_level":20}