{"path_per_floor":["M","M","M","M","M","E","R","M","T","?","R","?","$","?","R","B",null,"M","M","M","?","M","R","M","?","T","?","R","$","E","M","R"],"character_chosen":"THE_SILENT","items_purchased":["Toxic Egg 2","Terror","Blood Vial"],"gold_per_floor":[114,129,144,159,174,204,204,219,219,256,256,506,100,100,100,200,200,215,230,245,245,260,260,275,275,275,275,275,25,55,70,70],"floor_reached":33,"campfire_rested":2,"playtime":1709,"current_hp_per_floor":[70,70,70,70,69,54,54,53,53,29,65,65,65,62,62,38,65,63,57,50,50,44,44,35,24,24,24,65,65,44,42,42],"items_purged":["Regret","Pain"],"gold":70,"score":269,"play_id":"4737a153-0e7c-433f-bc9d-44984a8d9d31","local_time":"20180321122758","daily_mods":["Shiny","Uncertain Future","Night Terrors"],"is_prod":false,"is_daily":true,"is_ascension_mode":false,"campfire_upgraded":4,"timestamp":1521606478,"path_taken":["M","M","M","M","M","E","R","M","T","?","R","?","$","?","R","BOSS","M","M","M","?","M","R","M","?","T","?","R","$","E","M","R","BOSS"],"build_version":"2018-03-15v3","purchased_purges":2,"victory":false,"master_deck":["Defend_G","Defend_G","Defend_G","Defend_G","Strike_G","Strike_G","Strike_G","Strike_G","Strike_G","Survivor","Neutralize+1","Grand Finale+1","Backflip","Calculated Gamble+1","Predator","Acrobatics","Terror+1","Calculated Gamble+1","Well Laid Plans+1"],"max_hp_per_floor":[70,70,70,70,70,70,70,70,70,70,65,65,65,65,65,65,65,65,65,65,65,65,65,65,70,70,70,65,65,65,65,65],"relics":["Ring of the Snake","Juzu Bracelet","Blue Candle","Happy Flower","Toxic Egg 2","Meat on the Bone","Cursed Key","Torii","Blood Vial","Snake Skull"],"card_choices":[{"not_picked":["Dodge and Roll","Dagger Spray"],"picked":"Backflip"},{"not_picked":["PiercingWail","Expertise"],"picked":"Calculated Gamble"},{"not_picked":["Accuracy","Bane"],"picked":"Predator"},{"not_picked":["Wraith Form","Dagger Spray"],"picked":"Acrobatics"},{"not_picked":["Skewer","Cloak And Dagger"],"picked":"Calculated Gamble"},{"not_picked":["Dodge and Roll","Dagger Spray"],"picked":"Well Laid Plans"}],"player_experience":296497,"potions_floor_usage":[5,10,10,20,30,33],"damage_taken":[{"damage":0,"enemies":"Small Slimes","floor":1,"turns":3},{"damage":0,"enemies":"Jaw Worm","floor":2,"turns":2},{"damage":0,"enemies":"2 Louse","floor":3,"turns":2},{"damage":0,"enemies":"Gremlin Gang","floor":4,"turns":1},{"damage":1,"enemies":"Exordium Thugs","floor":5,"turns":7},{"damage":15,"enemies":"Gremlin Nob","floor":6,"turns":4},{"damage":1,"enemies":"2 Fungi Beasts","floor":8,"turns":5},{"damage":24,"enemies":"Lagavulin Event","floor":10,"turns":7},{"damage":24,"enemies":"The Guardian","floor":16,"turns":8},{"damage":2,"enemies":"3 Byrds","floor":18,"turns":7},{"damage":6,"enemies":"Chosen","floor":19,"turns":6},{"damage":7,"enemies":"Snecko","floor":20,"turns":6},{"damage":6,"enemies":"Snake Plant","floor":22,"turns":3},{"damage":9,"enemies":"Centurion and Healer","floor":24,"turns":6},{"damage":33,"enemies":"Slavers","floor":30,"turns":10},{"damage":16,"enemies":"Chosen and Byrds","floor":31,"turns":6},{"damage":46,"enemies":"Collector","floor":33,"turns":6}],"event_choices":[{"event_name":"Dead Adventurer","player_choice":"Searched \u00271\u0027 times","floor":10,"damage_taken":0},{"event_name":"Golden Shrine","player_choice":"Desecrate","floor":12,"damage_taken":0},{"event_name":"Scrap Ooze","player_choice":"success","floor":14,"damage_taken":3},{"event_name":"Back to Basics","player_choice":"Elegance","floor":21,"damage_taken":0},{"event_name":"Forgotten Altar","player_choice":"Shed Blood","floor":25,"damage_taken":0},{"event_name":"Accursed Blacksmith","player_choice":"Ignore","floor":27,"damage_taken":0}],"boss_relics":[{"not_picked":["The Specimen","Runic Dome"],"picked":"Cursed Key"}],"potions_floor_spawned":[2,4,8,10,19,22,24,30],"seed_played":"-5866523525083390548","killed_by":"Collector","ascension_level":0,"is_trial":false}