{"gold_per_floor":[117,117,117,117,192,192,227,227,281,308,337,366,397,25,25,126,176,189,114,126,136,136,153,28,28,83,102,17,17,28,46,46,144,144,156,156,173,10,30,30,30,30,84,84,50,61,61,77,77,77],"floor_reached":50,"playtime":2825,"items_purged":["Parasite","Strike_G","Strike_G"],"score":552,"play_id":"d3af523f-acb7-4961-84b4-cbaf6239b6dc","local_time":"20190727113033","is_ascension_mode":false,"campfire_choices":[{"data":"Sucker Punch","floor":6,"key":"SMITH"},{"data":"Distraction","floor":15,"key":"SMITH"},{"floor":29,"key":"REST"},{"floor":32,"key":"REST"},{"data":"Chrysalis","floor":40,"key":"SMITH"},{"floor":42,"key":"REST"},{"data":"Burst","floor":44,"key":"SMITH"},{"data":"Bullet Time","floor":49,"key":"SMITH"}],"neow_cost":"NONE","seed_source_timestamp":1499398197220316,"circlet_count":0,"master_deck":["Strike_G+1","Strike_G+1","Defend_G+1","Defend_G+1","Defend_G+1","Survivor+1","Neutralize+1","Sucker Punch+1","Burst+1","Distraction+1","Backflip+1","Calculated Gamble+1","Dodge and Roll+1","Blade Dance+1","Predator+1","Dagger Throw+1","Predator+1","All Out Attack+1","Neutralize+1","Corpse Explosion+1","Acrobatics+1","PiercingWail+1","Dodge and Roll+1","Prepared+1","Burst+1","Caltrops+1","Bandage Up+1","Chrysalis+1","Thinking Ahead+1","Heel Hook+1","Masterful Stab+1","Dash+1","Madness+1","Madness+1","Noxious Fumes+1","Dagger Spray+1","Bullet Time+1"],"relics":["Ring of the Snake","NeowsBlessing","Letter Opener","Lantern","MawBank","Shuriken","Tiny House","Enchiridion","Boot","Nunchaku","Empty Cage","Bronze Scales","Mark of the Bloom"],"potions_floor_usage":[16,16,16,33,33,33,35,50,50],"damage_taken":[{"damage":0,"enemies":"Jaw Worm","floor":1,"turns":1},{"damage":0,"enemies":"Gremlin Nob","floor":7,"turns":1},{"damage":0,"enemies":"Lagavulin","floor":10,"turns":1},{"damage":0,"enemies":"Small Slimes","floor":11,"turns":2},{"damage":0,"enemies":"2 Louse","floor":12,"turns":2},{"damage":1,"enemies":"Large Slime","floor":13,"turns":6},{"damage":52,"enemies":"Slime Boss","floor":16,"turns":13},{"damage":0,"enemies":"Chosen","floor":18,"turns":4},{"damage":7,"enemies":"2 Thieves","floor":20,"turns":4},{"damage":11,"enemies":"Centurion and Healer","floor":21,"turns":7},{"damage":21,"enemies":"Snake Plant","floor":23,"turns":6},{"damage":10,"enemies":"Shelled Parasite and Fungi","floor":27,"turns":7},{"damage":5,"enemies":"Centurion and Healer","floor":30,"turns":5},{"damage":15,"enemies":"Snecko","floor":31,"turns":4},{"damage":14,"enemies":"Automaton","floor":33,"turns":5},{"damage":8,"enemies":"3 Darklings","floor":35,"turns":4},{"damage":1,"enemies":"Orb Walker","floor":37,"turns":4},{"damage":20,"enemies":"Sphere and 2 Shapes","floor":39,"turns":6},{"damage":38,"enemies":"Transient","floor":46,"turns":5},{"damage":0,"enemies":"Jaw Worm Horde","floor":48,"turns":3},{"damage":28,"enemies":"Time Eater","floor":50,"turns":6}],"seed_played":"9044758093240289203","potions_obtained":[{"floor":7,"key":"GhostInAJar"},{"floor":11,"key":"Regen Potion"},{"floor":12,"key":"GhostInAJar"},{"floor":17,"key":"SteroidPotion"},{"floor":20,"key":"SneckoOil"},{"floor":31,"key":"Energy Potion"},{"floor":33,"key":"PowerPotion"},{"floor":39,"key":"FearPotion"},{"floor":48,"key":"SkillPotion"}],"is_trial":false,"path_per_floor":["M","?","?","?","?","R","E","?","T","E","M","M","M","$","R","B",null,"M","?","M","M","?","M","$","?","T","M","?","R","M","M","R","B",null,"M","?","M","$","M","R","?","R","T","R","$","M","?","M","R","B"],"character_chosen":"THE_SILENT","items_purchased":["Shuriken","Blade Dance","PiercingWail","Masterful Stab","Noxious Fumes"],"campfire_rested":3,"item_purchase_floors":[14,14,24,38,45],"current_hp_per_floor":[70,63,49,49,38,38,38,55,55,55,55,55,54,54,54,15,72,72,72,65,54,54,33,33,17,17,7,7,28,23,8,29,15,72,64,54,61,61,41,41,32,53,53,53,53,19,19,19,19,0],"gold":77,"neow_bonus":"THREE_ENEMY_KILL","is_prod":false,"is_daily":false,"chose_seed":false,"campfire_upgraded":5,"win_rate":0.0,"timestamp":1564216233,"path_taken":["M","?","?","?","?","R","E","?","T","E","M","M","M","$","R","BOSS","M","?","M","M","?","?","$","?","T","M","?","R","M","M","R","BOSS","M","?","M","$","M","R","?","R","T","R","?","M","?","M","R","BOSS"],"build_version":"2019-07-17","purchased_purges":3,"victory":false,"max_hp_per_floor":[70,70,70,70,70,70,70,70,70,70,70,70,70,67,67,67,72,72,72,72,72,72,72,72,72,72,72,72,72,72,72,72,72,72,72,72,72,72,72,72,72,72,72,72,72,72,72,72,72,72],"card_choices":[{"not_picked":["Bane","Dodge and Roll"],"picked":"Sucker Punch","floor":1},{"not_picked":["Finisher","Dodge and Roll"],"picked":"Burst","floor":7},{"not_picked":["Flying Knee","Prepared"],"picked":"Distraction","floor":10},{"not_picked":["Cloak And Dagger","Bane"],"picked":"Backflip","floor":11},{"not_picked":["Outmaneuver","All Out Attack"],"picked":"Calculated Gamble","floor":12},{"not_picked":["Underhanded Strike","Acrobatics"],"picked":"Dodge and Roll","floor":13},{"not_picked":["Envenom","A Thousand Cuts"],"picked":"Night Terror","floor":16},{"not_picked":["Underhanded Strike","Choke"],"picked":"Predator","floor":17},{"not_picked":["Poisoned Stab","Backflip"],"picked":"Dagger Throw+1","floor":18},{"not_picked":["Catalyst","Escape Plan+1"],"picked":"Predator+1","floor":20},{"not_picked":["Acrobatics","Choke"],"picked":"All Out Attack","floor":21},{"not_picked":["Eviscerate","Choke"],"picked":"Acrobatics+1","floor":23},{"not_picked":["Deflect","Slice"],"picked":"Dodge and Roll","floor":27},{"not_picked":["Cloak And Dagger","Outmaneuver"],"picked":"Prepared+1","floor":30},{"not_picked":["Eviscerate+1","Deflect","Underhanded Strike"],"picked":"SKIP","floor":31},{"not_picked":["Die Die Die","Venomology"],"picked":"Burst","floor":33},{"not_picked":["Deadly Poison+1","Underhanded Strike+1"],"picked":"Caltrops+1","floor":35},{"not_picked":["HandOfGreed","Mayhem"],"picked":"Bandage Up","floor":36},{"not_picked":["Purity","Violence"],"picked":"Chrysalis","floor":36},{"not_picked":["Jack Of All Trades","Madness"],"picked":"Thinking Ahead","floor":36},{"not_picked":["PiercingWail+1","Noxious Fumes"],"picked":"Heel Hook+1","floor":37},{"not_picked":["Dodge and Roll","Choke"],"picked":"Dash+1","floor":39},{"not_picked":["Bane","PiercingWail+1"],"picked":"Dagger Spray+1","floor":46},{"not_picked":["Expertise","Bane"],"picked":"Bullet Time","floor":48}],"player_experience":101438,"relics_obtained":[{"floor":7,"key":"Letter Opener"},{"floor":9,"key":"Lantern"},{"floor":10,"key":"MawBank"},{"floor":25,"key":"Enchiridion"},{"floor":26,"key":"Boot"},{"floor":43,"key":"Bronze Scales"}],"event_choices":[{"cards_removed":["Strike_G"],"damage_healed":0,"gold_gain":0,"player_choice":"Card Removal","damage_taken":7,"max_hp_gain":0,"max_hp_loss":0,"event_name":"Golden Wing","floor":2,"gold_loss":0},{"damage_healed":0,"gold_gain":0,"player_choice":"Entered Light","damage_taken":14,"max_hp_gain":0,"max_hp_loss":0,"event_name":"Shining Light","floor":3,"gold_loss":0,"cards_upgraded":["Defend_G","Defend_G"]},{"damage_healed":0,"gold_gain":0,"player_choice":"Grow","damage_taken":0,"max_hp_gain":0,"max_hp_loss":0,"event_name":"Living Wall","floor":4,"gold_loss":0,"cards_upgraded":["Neutralize"]},{"damage_healed":0,"gold_gain":75,"player_choice":"Gather Gold","damage_taken":11,"max_hp_gain":0,"max_hp_loss":0,"event_name":"World of Goop","floor":5,"gold_loss":0},{"damage_healed":17,"gold_gain":0,"player_choice":"Healed and dodged fight","damage_taken":0,"max_hp_gain":0,"max_hp_loss":0,"event_name":"Mushrooms","floor":8,"gold_loss":0,"cards_obtained":["Parasite"]},{"cards_removed":["Defend_G"],"damage_healed":0,"gold_gain":0,"player_choice":"Gave Gold","damage_taken":0,"max_hp_gain":0,"max_hp_loss":0,"event_name":"Beggar","floor":19,"gold_loss":75},{"damage_healed":0,"gold_gain":0,"player_choice":"2 cards matched","damage_taken":0,"max_hp_gain":0,"max_hp_loss":0,"event_name":"Match and Keep!","floor":22,"gold_loss":0,"cards_obtained":["Neutralize","Corpse Explosion"]},{"damage_healed":0,"gold_gain":0,"player_choice":"Obtained Book","damage_taken":16,"max_hp_gain":0,"max_hp_loss":0,"event_name":"Cursed Tome","floor":25,"gold_loss":0},{"damage_healed":0,"gold_gain":0,"player_choice":"Obtained Relic","damage_taken":0,"relics_obtained":["Nunchaku"],"max_hp_gain":0,"max_hp_loss":0,"event_name":"Addict","floor":28,"gold_loss":85},{"damage_healed":0,"gold_gain":0,"player_choice":"Memory 3","damage_taken":10,"max_hp_gain":0,"max_hp_loss":0,"event_name":"SensoryStone","floor":36,"gold_loss":0},{"damage_healed":0,"gold_gain":0,"player_choice":"Embrace Madness","damage_taken":9,"max_hp_gain":0,"max_hp_loss":0,"event_name":"Winding Halls","floor":41,"gold_loss":0,"cards_obtained":["Madness","Madness"]},{"damage_healed":0,"gold_gain":0,"player_choice":"Upgrade","damage_taken":0,"relics_obtained":["Mark of the Bloom"],"max_hp_gain":0,"max_hp_loss":0,"event_name":"MindBloom","floor":47,"gold_loss":0,"cards_upgraded":["Strike_G","Strike_G","Defend_G","Backflip","Calculated Gamble","Dodge and Roll","Blade Dance","Predator","All Out Attack","Neutralize","Corpse Explosion","PiercingWail","Dodge and Roll","Burst","Bandage Up","Thinking Ahead","Masterful Stab","Madness","Madness","Noxious Fumes"]}],"is_beta":false,"boss_relics":[{"not_picked":["Busted Crown","Fusion Hammer"],"picked":"Tiny House"},{"not_picked":["Runic Pyramid","Astrolabe"],"picked":"Empty Cage"}],"items_purged_floors":[14,24,38],"is_endless":false,"potions_floor_spawned":[7,11,12,13,20,31,33,39,48],"killed_by":"Time Eater","ascension_level":0}