{"gold_per_floor":[16,16,16,16,16,16,41,41,87,87,157,173,202,252,252,351,351,363,27,77,27,12,12,22,57,136,136,162,176,226,242,242,342,342,352,402,500,207,57,85,85,115,127,167,179,268,345,26,26,26],"floor_reached":51,"playtime":1734,"items_purged":["Strike_G","Defend_G","Defend_G","Defend_G","Defend_G"],"score":1254,"play_id":"ee41f3f2-c920-4e7e-a220-fcea3bb28eed","local_time":"20180925222037","is_ascension_mode":true,"campfire_choices":[{"data":"Envenom","floor":6.0,"key":"SMITH"},{"data":"Cloak And Dagger","floor":8.0,"key":"SMITH"},{"data":"Neutralize","floor":10.0,"key":"SMITH"},{"data":"Cloak And Dagger","floor":15.0,"key":"SMITH"},{"data":"Venomology","floor":23.0,"key":"SMITH"},{"data":"Accuracy","floor":27.0,"key":"SMITH"},{"data":"Blade Dance","floor":32.0,"key":"SMITH"},{"data":"Accuracy","floor":41.0,"key":"SMITH"},{"data":"Escape Plan","floor":45.0,"key":"SMITH"},{"data":"Survivor","floor":49.0,"key":"SMITH"}],"neow_cost":"NO_GOLD","seed_source_timestamp":379495131637382,"circlet_count":0,"master_deck":["Defend_G","Strike_G+1","Survivor+1","Neutralize+1","Envenom+1","Cloak And Dagger+1","Cloak And Dagger+1","Footwork+1","Accuracy+1","Venomology+1","Blade Dance+1","Cloak And Dagger+1","After Image+1","Accuracy+1","Escape Plan+1","Infinite Blades+1"],"special_seed":0,"relics":["Ring of the Serpent","SsserpentHead","Meat on the Bone","PreservedInsect","Unceasing Top","Bottled Tornado","Nunchaku","Lantern","Gremlin Horn","Mummified Hand","Letter Opener","MutagenicStrength","Empty Cage","Mango","Vajra","Turnip","MawBank","Oddly Smooth Stone","WingedGreaves","Orichalcum","Pen Nib"],"potions_floor_usage":[50,50],"damage_taken":[{"damage":2.0,"enemies":"Jaw Worm","floor":1.0,"turns":6.0},{"damage":10.0,"enemies":"3 Sentries","floor":7.0,"turns":12.0},{"damage":0.0,"enemies":"Cultist","floor":11.0,"turns":3.0},{"damage":0.0,"enemies":"2 Louse","floor":12.0,"turns":3.0},{"damage":7.0,"enemies":"Gremlin Nob","floor":13.0,"turns":3.0},{"damage":0.0,"enemies":"Hexaghost","floor":16.0,"turns":8.0},{"damage":6.0,"enemies":"3 Byrds","floor":18.0,"turns":5.0},{"damage":16.0,"enemies":"2 Thieves","floor":24.0,"turns":4.0},{"damage":32.0,"enemies":"Gremlin Leader","floor":25.0,"turns":7.0},{"damage":0.0,"enemies":"Book of Stabbing","floor":28.0,"turns":5.0},{"damage":0.0,"enemies":"Cultist and Chosen","floor":29.0,"turns":4.0},{"damage":0.0,"enemies":"Snake Plant","floor":31.0,"turns":5.0},{"damage":4.0,"enemies":"Collector","floor":33.0,"turns":7.0},{"damage":0.0,"enemies":"Orb Walker","floor":35.0,"turns":2.0},{"damage":0.0,"enemies":"Mysterious Sphere","floor":37.0,"turns":4.0},{"damage":0.0,"enemies":"Giant Head","floor":40.0,"turns":4.0},{"damage":0.0,"enemies":"2 Orb Walkers","floor":42.0,"turns":2.0},{"damage":0.0,"enemies":"Nemesis","floor":44.0,"turns":3.0},{"damage":0.0,"enemies":"3 Darklings","floor":47.0,"turns":2.0},{"damage":9,"enemies":"Time Eater","floor":50,"turns":8}],"seed_played":"3828151810953383999","potions_obtained":[{"floor":1.0,"key":"Fire Potion"},{"floor":2.0,"key":"Energy Potion"},{"floor":2.0,"key":"Poison Potion"},{"floor":13.0,"key":"SkillPotion"},{"floor":16.0,"key":"AttackPotion"},{"floor":24.0,"key":"Block Potion"},{"floor":25.0,"key":"EssenceOfSteel"},{"floor":28.0,"key":"Weak Potion"},{"floor":33.0,"key":"PowerPotion"},{"floor":40.0,"key":"Strength Potion"},{"floor":42.0,"key":"EntropicBrew"}],"is_trial":false,"path_per_floor":["M","?","?","$","?","R","E","R","T","R","M","M","E","?","R","B",null,"M","$","T","$","?","R","M","E","T","R","E","M","?","M","R","B",null,"M","?","?","$","$","E","R","E","T","E","R","T","M","$","R","B"],"character_chosen":"THE_SILENT","items_purchased":["Bottled Tornado","Vajra","Accuracy","Pen Nib"],"campfire_rested":0,"item_purchase_floors":[19,38,38,48],"current_hp_per_floor":[61,61,61,61,61,61,51,51,51,51,51,51,44,30,30,42,63,57,57,57,57,57,57,41,21,21,21,33,45,45,45,45,41,63,63,63,77,77,77,77,77,77,77,77,77,77,77,77,77,68],"gold":26,"neow_bonus":"THREE_RARE_CARDS","is_prod":false,"is_daily":false,"chose_seed":false,"campfire_upgraded":10,"win_rate":0,"timestamp":1537885237,"path_taken":["M","?","?","$","?","R","E","R","T","R","?","M","E","?","R","BOSS","M","$","?","?","?","R","M","E","T","R","E","M","?","M","R","BOSS","M","?","?","?","$","E","R","E","T","E","R","?","?","$","R","BOSS"],"build_version":"2018-09-20","purchased_purges":5,"victory":true,"max_hp_per_floor":[70,70,70,70,70,70,70,70,70,70,70,70,70,70,70,70,70,70,70,70,70,70,70,70,70,70,70,70,70,70,70,70,70,70,70,70,84,84,84,84,84,84,84,84,84,84,84,84,84,84],"card_choices":[{"not_picked":["Corpse Explosion","Bullet Time"],"picked":"Envenom","floor":0.0},{"not_picked":["Skewer","Flying Knee","Predator"],"picked":"SKIP","floor":1.0},{"not_picked":["Dagger Spray","Choke"],"picked":"Cloak And Dagger","floor":7.0},{"not_picked":["Deadly Poison","Dagger Throw"],"picked":"Cloak And Dagger","floor":11.0},{"not_picked":["Bane","Crippling Poison"],"picked":"Footwork","floor":12.0},{"not_picked":["Escape Plan","Poisoned Stab"],"picked":"Accuracy","floor":13.0},{"not_picked":["Bullet Time","A Thousand Cuts"],"picked":"Venomology","floor":16.0},{"not_picked":["Deadly Poison","Caltrops","Leg Sweep"],"picked":"SKIP","floor":18.0},{"not_picked":["Blur","Quick Slash","Dagger Throw"],"picked":"SKIP","floor":24.0},{"not_picked":["Dodge and Roll","Infinite Blades"],"picked":"Blade Dance","floor":25.0},{"not_picked":["Leg Sweep","Caltrops","Dagger Throw+1"],"picked":"SKIP","floor":28.0},{"not_picked":["Dodge and Roll","Acrobatics"],"picked":"Cloak And Dagger+1","floor":29.0},{"not_picked":["Eviscerate","Dash","Heel Hook"],"picked":"SKIP","floor":31.0},{"not_picked":["Night Terror","Venomology"],"picked":"After Image","floor":33.0},{"not_picked":["Poisoned Stab+1","Deadly Poison","Slice"],"picked":"SKIP","floor":35.0},{"not_picked":["Dagger Spray","Glass Knife"],"picked":"Escape Plan","floor":40.0},{"not_picked":["Prepared","Calculated Gamble+1","Reflex+1"],"picked":"SKIP","floor":42.0},{"not_picked":["Predator","Acrobatics+1"],"picked":"Infinite Blades+1","floor":44.0},{"not_picked":["Heel Hook+1","Well Laid Plans","Infinite Blades"],"picked":"SKIP","floor":47.0}],"player_experience":146760,"relics_obtained":[{"floor":7.0,"key":"Meat on the Bone"},{"floor":9.0,"key":"PreservedInsect"},{"floor":13.0,"key":"Unceasing Top"},{"floor":20.0,"key":"Nunchaku"},{"floor":25.0,"key":"Gremlin Horn"},{"floor":26.0,"key":"Mummified Hand"},{"floor":28.0,"key":"Letter Opener"},{"floor":37.0,"key":"Mango"},{"floor":40.0,"key":"Turnip"},{"floor":42.0,"key":"MawBank"},{"floor":43.0,"key":"Oddly Smooth Stone"},{"floor":44.0,"key":"WingedGreaves"},{"floor":46.0,"key":"Orichalcum"}],"event_choices":[{"event_name":"The Lab","player_choice":"Got Potions","floor":2.0,"damage_taken":0.0},{"event_name":"Purifier","player_choice":"One Purge","floor":3.0,"damage_taken":0.0},{"event_name":"FaceTrader","player_choice":"Trade","floor":5.0,"damage_taken":0.0},{"event_name":"Shining Light","player_choice":"Entered Light","floor":14.0,"damage_taken":0.0},{"event_name":"WeMeetAgain","player_choice":"Gold","floor":22.0,"damage_taken":0.0},{"event_name":"Drug Dealer","player_choice":"Inject Mutagens","floor":30.0,"damage_taken":0.0},{"event_name":"Accursed Blacksmith","player_choice":"Forge","floor":36.0,"damage_taken":0.0},{"event_name":"Mysterious Sphere","player_choice":"Fight","floor":37.0,"damage_taken":0.0}],"is_beta":false,"boss_relics":[{"not_picked":["Calling Bell","Orrery"],"picked":"Ring of the Serpent"},{"not_picked":["Snecko Eye","Eternal Feather"],"picked":"Empty Cage"}],"items_purged_floors":[19,21,38,39,48],"is_endless":false,"potions_floor_spawned":[1,13,16,24,25,28,33,40,42,44],"ascension_level":7}