{"gold_per_floor":[113,71,85,85,95,95,125,125,125,125,137,137,137,62,62,139,139,154,70,83,53,53,53,67,67,118,118,148,148,165,165,165,237,237,249,22,22,33,133,133,152,152,152,152,184,184,196,196],"floor_reached":48,"playtime":2891,"items_purged":["Defend_B"],"score":1048,"play_id":"910f6093-c55a-448b-a9fd-3e1284fd5d67","local_time":"20190508041055","is_ascension_mode":true,"campfire_choices":[{"data":"Capacitor","floor":6.0,"key":"SMITH"},{"data":"Turbo","floor":8.0,"key":"SMITH"},{"data":"Zap","floor":10.0,"key":"SMITH"},{"floor":12.0,"key":"RECALL"},{"data":"Glacier","floor":15.0,"key":"SMITH"},{"data":"Coolheaded","floor":23.0,"key":"SMITH"},{"data":"Heatsinks","floor":27.0,"key":"SMITH"},{"data":"Skim","floor":32.0,"key":"SMITH"},{"data":"Turbo","floor":40.0,"key":"SMITH"},{"data":"Coolheaded","floor":42.0,"key":"SMITH"},{"data":"Redo","floor":44.0,"key":"SMITH"}],"neow_cost":"NONE","seed_source_timestamp":57408557735276,"circlet_count":0,"master_deck":["AscendersBane","Zap+1","Dualcast+1","Hologram+1","Glacier+1","Capacitor+1","Glacier","Turbo+1","Glacier","Creative AI","Chill","Heatsinks+1","Double Energy+1","Coolheaded+1","Skim+1","Coolheaded+1","Turbo+1","Redo+1","Amplify","Amplify","Berserk","Hologram+1","PiercingWail","Purity"],"special_seed":0,"relics":["Astrolabe","Pear","Shuriken","Empty Cage","Torii","Philosopher\u0027s Stone","PrismaticShard","StoneCalendar","Dream Catcher","Art of War"],"potions_floor_usage":[],"damage_taken":[{"damage":2.0,"enemies":"Jaw Worm","floor":1.0,"turns":4.0},{"damage":8.0,"enemies":"2 Louse","floor":3.0,"turns":3.0},{"damage":0.0,"enemies":"Cultist","floor":5.0,"turns":3.0},{"damage":11.0,"enemies":"3 Sentries","floor":7.0,"turns":7.0},{"damage":13.0,"enemies":"3 Louse","floor":11.0,"turns":3.0},{"damage":8.0,"enemies":"The Guardian","floor":16.0,"turns":15.0},{"damage":0.0,"enemies":"Chosen","floor":18.0,"turns":6.0},{"damage":10.0,"enemies":"Shell Parasite","floor":20.0,"turns":9.0},{"damage":0.0,"enemies":"Snecko","floor":24.0,"turns":6.0},{"damage":0.0,"enemies":"Slavers","floor":28.0,"turns":14.0},{"damage":0.0,"enemies":"Centurion and Healer","floor":30.0,"turns":12.0},{"damage":44.0,"enemies":"Automaton","floor":33.0,"turns":15.0},{"damage":0.0,"enemies":"3 Shapes","floor":35.0,"turns":5.0},{"damage":0.0,"enemies":"3 Darklings","floor":38.0,"turns":2.0},{"damage":0.0,"enemies":"Mind Bloom Boss Battle","floor":39.0,"turns":8.0},{"damage":0.0,"enemies":"Transient","floor":41.0,"turns":6.0},{"damage":1,"enemies":"Nemesis","floor":45,"turns":11},{"damage":0,"enemies":"Sphere and 2 Shapes","floor":47,"turns":4},{"damage":74,"enemies":"Reptomancer","floor":48,"turns":3}],"seed_played":"5169711072013306206","potions_obtained":[{"floor":1.0,"key":"SteroidPotion"},{"floor":3.0,"key":"PowerPotion"},{"floor":20.0,"key":"SkillPotion"},{"floor":24.0,"key":"LiquidBronze"},{"floor":30.0,"key":"Explosive Potion"},{"floor":41.0,"key":"Poison Potion"},{"floor":45,"key":"FearPotion"}],"is_trial":false,"path_per_floor":["M","$","M","?","M","R","E","R","T","R","M","R","?","$","R","B",null,"M","$","M","$","?","R","M","$","T","R","E","?","M","?","R","B",null,"M","$","?","M","?","R","M","R","T","R","E","?","M","E"],"character_chosen":"DEFECT","items_purchased":["Capacitor","Heatsinks","Coolheaded","PrismaticShard"],"campfire_rested":0,"item_purchase_floors":[2,19,21,36],"current_hp_per_floor":[62,62,54,33,33,33,32,32,32,32,19,19,19,19,19,11,64,64,64,54,54,54,54,54,54,54,54,54,54,54,54,54,10,63,63,63,63,63,63,63,63,63,63,63,62,62,62,0],"gold":196,"neow_bonus":"BOSS_RELIC","is_prod":false,"is_daily":false,"chose_seed":false,"campfire_upgraded":10,"win_rate":0,"timestamp":1557259855,"path_taken":["M","$","M","?","M","R","E","R","T","R","M","R","?","$","R","BOSS","M","?","M","$","?","R","M","$","T","R","E","?","M","?","R","BOSS","M","$","?","M","?","R","M","R","T","R","E","?","M","E"],"build_version":"2019-01-23","purchased_purges":1,"victory":false,"max_hp_per_floor":[71,71,71,71,71,71,81,81,81,81,81,81,81,81,81,81,81,81,81,81,81,81,81,81,81,81,81,81,81,81,81,81,81,81,81,81,81,81,81,81,81,81,81,81,81,81,81,81],"card_choices":[{"not_picked":["Rip and Tear","Coolheaded"],"picked":"Glacier","floor":1.0},{"not_picked":["Reinforced Body","Double Energy"],"picked":"Glacier","floor":3.0},{"not_picked":["Barrage","Scrape"],"picked":"Turbo","floor":5.0},{"not_picked":["Rip and Tear","Doom and Gloom"],"picked":"Glacier","floor":7.0},{"not_picked":["Turbo","Beam Cell","Lockon"],"picked":"SKIP","floor":11.0},{"not_picked":["All For One","Machine Learning"],"picked":"Creative AI","floor":16.0},{"not_picked":["Compile Driver","Gash"],"picked":"Chill","floor":18.0},{"not_picked":["Sweeping Beam","Stack"],"picked":"Double Energy+1","floor":20.0},{"not_picked":["Streamline","Genetic Algorithm","Barrage"],"picked":"SKIP","floor":24.0},{"not_picked":["Storm","Gash"],"picked":"Coolheaded","floor":28.0},{"not_picked":["Coolheaded","Hologram"],"picked":"Turbo","floor":30.0},{"not_picked":["Thunder Strike","Reboot"],"picked":"Amplify","floor":33.0},{"not_picked":["Doom and Gloom","Rebound+1","Reprogram"],"picked":"SKIP","floor":35.0},{"not_picked":["Stack","Sweeping Beam","Streamline+1"],"picked":"SKIP","floor":38.0},{"not_picked":["Poisoned Stab","Eviscerate"],"picked":"Berserk","floor":39.0},{"not_picked":["Heavy Blade+1","Dropkick"],"picked":"Hologram+1","floor":41.0},{"not_picked":["Wild Strike","Beam Cell+1"],"picked":"PiercingWail","floor":45},{"not_picked":["Blade Dance","Uppercut"],"picked":"Purity","floor":47}],"player_experience":4647935,"relics_obtained":[{"floor":7.0,"key":"Pear"},{"floor":9.0,"key":"Shuriken"},{"floor":28.0,"key":"Torii"},{"floor":39.0,"key":"StoneCalendar"},{"floor":43.0,"key":"Dream Catcher"},{"floor":45,"key":"Art of War"}],"event_choices":[{"damage_healed":0.0,"max_hp_gain":0.0,"max_hp_loss":0.0,"gold_gain":0.0,"event_name":"Shining Light","player_choice":"Entered Light","floor":4.0,"gold_loss":0.0,"damage_taken":21.0,"cards_upgraded":["Dualcast","Strike_B"]},{"cards_removed":["Strike_B"],"damage_healed":0.0,"max_hp_gain":0.0,"max_hp_loss":0.0,"gold_gain":0.0,"event_name":"Purifier","player_choice":"Purged","floor":13.0,"gold_loss":0.0,"damage_taken":0.0},{"damage_healed":0.0,"max_hp_gain":0.0,"max_hp_loss":0.0,"gold_gain":0.0,"event_name":"The Library","player_choice":"Read","floor":22.0,"gold_loss":0.0,"damage_taken":0.0,"cards_obtained":["Skim"]},{"damage_healed":0.0,"max_hp_gain":0.0,"max_hp_loss":0.0,"gold_gain":0.0,"event_name":"The Mausoleum","player_choice":"Ignored","floor":29.0,"gold_loss":0.0,"damage_taken":0.0},{"damage_healed":0.0,"max_hp_gain":0.0,"max_hp_loss":0.0,"gold_gain":0.0,"cards_transformed":["Strike_B","Lockon"],"event_name":"Drug Dealer","player_choice":"Became Test Subject","floor":31.0,"gold_loss":0.0,"damage_taken":0.0,"cards_obtained":["Redo","Amplify"]},{"damage_healed":0.0,"max_hp_gain":0.0,"max_hp_loss":0.0,"gold_gain":0.0,"event_name":"Mysterious Sphere","player_choice":"Ignored","floor":37.0,"gold_loss":0.0,"damage_taken":0.0},{"damage_healed":0.0,"max_hp_gain":0.0,"max_hp_loss":0.0,"gold_gain":0.0,"event_name":"MindBloom","player_choice":"Fight","floor":39.0,"gold_loss":0.0,"damage_taken":0.0},{"cards_removed":["Sunder"],"damage_healed":0,"gold_gain":0,"player_choice":"Removed Attack","damage_taken":0,"max_hp_gain":0,"max_hp_loss":0,"event_name":"Falling","floor":46,"gold_loss":0}],"is_beta":false,"boss_relics":[{"not_picked":["Sozu","Pandora\u0027s Box"],"picked":"Empty Cage"},{"not_picked":["Snecko Eye","Fusion Hammer"],"picked":"Philosopher\u0027s Stone"}],"items_purged_floors":[14],"is_endless":false,"potions_floor_spawned":[1,3,20,24,30,41,45],"killed_by":"Reptomancer","ascension_level":20}