{"gold_per_floor":[117,135,146,165,178,209,209,209],"floor_reached":8,"playtime":348,"items_purged":[],"score":105,"play_id":"f110ca24-36bf-49db-bbce-a57127047cb2","local_time":"20180722110130","is_ascension_mode":true,"campfire_choices":[{"data":"Tools of the Trade","floor":7,"key":"SMITH"}],"neow_cost":"NONE","seed_source_timestamp":13396972662939,"circlet_count":0,"master_deck":["Defend_G","Defend_G","Defend_G","Defend_G","Defend_G","Strike_G","Strike_G","Strike_G","Strike_G","Strike_G","Survivor","Neutralize","AscendersBane","Tools of the Trade+1","Dagger Spray","Deadly Poison","Leg Sweep","Backflip","Deadly Poison"],"relics":["Ring of the Snake","Tingsha"],"potions_floor_usage":[4,8],"damage_taken":[{"damage":0,"enemies":"Jaw Worm","floor":1,"turns":5},{"damage":6,"enemies":"Cultist","floor":2,"turns":4},{"damage":7,"enemies":"Small Slimes","floor":3,"turns":4},{"damage":3,"enemies":"Blue Slaver","floor":4,"turns":4},{"damage":5,"enemies":"Looter","floor":5,"turns":5},{"damage":28,"enemies":"Lagavulin","floor":6,"turns":10},{"damage":16,"enemies":"3 Sentries","floor":8,"turns":4}],"seed_played":"4025171473871848776","potions_obtained":[{"floor":1,"key":"Explosive Potion"},{"floor":3,"key":"Fruit Juice"}],"is_trial":false,"path_per_floor":["M","M","M","M","M","E","R"],"character_chosen":"THE_SILENT","items_purchased":[],"campfire_rested":0,"item_purchase_floors":[],"current_hp_per_floor":[59,53,46,48,43,15,15,0],"gold":209,"neow_bonus":"ONE_RANDOM_RARE_CARD","is_prod":false,"is_daily":false,"chose_seed":false,"campfire_upgraded":1,"win_rate":0,"timestamp":1532228490,"path_taken":["M","M","M","M","M","E","R","E"],"build_version":"2018-07-19","purchased_purges":0,"victory":false,"max_hp_per_floor":[66,66,66,71,71,71,71,71],"card_choices":[{"not_picked":["Terror","Bouncing Flask"],"picked":"Dagger Spray","floor":1},{"not_picked":["Bane","Quick Slash"],"picked":"Deadly Poison","floor":2},{"not_picked":["Outmaneuver","Dash"],"picked":"Leg Sweep","floor":3},{"not_picked":["Tactician","Finisher"],"picked":"Backflip","floor":4},{"not_picked":["Cloak And Dagger","Underhanded Strike","Backflip"],"picked":"SKIP","floor":5},{"not_picked":["Cloak And Dagger","Underhanded Strike","Backflip"],"picked":"SKIP","floor":5},{"not_picked":["Underhanded Strike","PiercingWail"],"picked":"Deadly Poison","floor":6}],"player_experience":765137,"relics_obtained":[{"floor":6,"key":"Tingsha"}],"event_choices":[],"is_beta":true,"boss_relics":[],"items_purged_floors":[],"is_endless":false,"potions_floor_spawned":[1,3],"killed_by":"3 Sentries","ascension_level":15}