{"gold_per_floor":[218,230,230,41,56,56,81,81,81,6,35,55,76,76],"floor_reached":14,"playtime":475,"items_purged":[],"score":196,"play_id":"48b36b82-28ad-4638-96fb-c51c2373af2f","local_time":"20190808111234","is_ascension_mode":true,"campfire_choices":[{"data":"Barrage","floor":6,"key":"SMITH"},{"floor":8,"key":"REST"}],"neow_cost":"NONE","seed_source_timestamp":85471216800598,"circlet_count":0,"master_deck":["AscendersBane","Strike_B","Strike_B","Strike_B","Defend_B","Defend_B","Defend_B","Defend_B","Zap+1","Dualcast","Coolheaded","Conserve Battery","Capacitor","FTL","Barrage+1","Gash","Machine Learning","Chill","Consume","Barrage"],"relics":["Cracked Core","Shuriken","Bottled Tornado","Symbiotic Virus","Odd Mushroom"],"potions_floor_usage":[13,13,14],"damage_taken":[{"damage":7,"enemies":"Small Slimes","floor":1,"turns":3},{"damage":0,"enemies":"2 Louse","floor":2,"turns":2},{"damage":3,"enemies":"Jaw Worm","floor":5,"turns":4},{"damage":9,"enemies":"Lagavulin","floor":7,"turns":7},{"damage":40,"enemies":"Gremlin Nob","floor":11,"turns":4},{"damage":17,"enemies":"Large Slime","floor":12,"turns":5},{"damage":4,"enemies":"The Mushroom Lair","floor":13,"turns":3},{"damage":8,"enemies":"Blue Slaver","floor":14,"turns":1}],"seed_played":"-4387684792916924355","potions_obtained":[{"floor":7,"key":"Dexterity Potion"},{"floor":11,"key":"Explosive Potion"},{"floor":13,"key":"Swift Potion"}],"is_trial":false,"path_per_floor":["M","M","?","$","M","R","E","R","T","?","E","M","?","M"],"character_chosen":"DEFECT","items_purchased":["Capacitor","FTL","Barrage"],"campfire_rested":1,"item_purchase_floors":[4,4,4],"current_hp_per_floor":[57,57,57,57,54,54,45,66,66,66,26,9,5,0],"gold":76,"neow_bonus":"HUNDRED_GOLD","is_prod":false,"is_daily":false,"chose_seed":false,"campfire_upgraded":1,"win_rate":0,"timestamp":1565255554,"path_taken":["M","M","?","$","M","R","E","R","T","?","E","M","?","M"],"build_version":"2019-07-17","purchased_purges":0,"victory":false,"max_hp_per_floor":[71,71,71,71,71,71,71,71,71,71,71,71,71,71],"card_choices":[{"not_picked":["Leap","Conserve Battery"],"picked":"Coolheaded","floor":1},{"not_picked":["Turbo","Beam Cell"],"picked":"Conserve Battery","floor":2},{"not_picked":["Leap","Recycle"],"picked":"Gash","floor":5},{"not_picked":["Sweeping Beam","Rebound"],"picked":"Machine Learning","floor":7},{"not_picked":["Capacitor","Coolheaded"],"picked":"Chill","floor":11},{"not_picked":["Cold Snap","Coolheaded"],"picked":"Consume","floor":12},{"not_picked":["Sweeping Beam","Conserve Battery"],"picked":"Barrage","floor":13}],"player_experience":841687,"relics_obtained":[{"floor":7,"key":"Shuriken"},{"floor":9,"key":"Bottled Tornado"},{"floor":11,"key":"Symbiotic Virus"},{"floor":13,"key":"Odd Mushroom"}],"event_choices":[{"damage_healed":0,"gold_gain":0,"player_choice":"Grow","damage_taken":0,"max_hp_gain":0,"max_hp_loss":0,"event_name":"Living Wall","floor":3,"gold_loss":0,"cards_upgraded":["Zap"]},{"cards_removed":["Strike_B"],"damage_healed":0,"gold_gain":0,"player_choice":"Card Removal","damage_taken":0,"max_hp_gain":0,"max_hp_loss":0,"event_name":"The Cleric","floor":10,"gold_loss":75},{"damage_healed":0,"gold_gain":0,"player_choice":"Fought Mushrooms","damage_taken":0,"max_hp_gain":0,"max_hp_loss":0,"event_name":"Mushrooms","floor":13,"gold_loss":0}],"is_beta":false,"boss_relics":[],"items_purged_floors":[],"is_endless":false,"potions_floor_spawned":[7,11,13],"killed_by":"Blue Slaver","ascension_level":20}