{"gold_per_floor":[15,15,15,15,15,15,46,66,66,66,85,85,10,42,42,138,138,155,70,50,60,75,75,86,111,137,149,149,167,179,79,79,177,227,241,241,116,116,128,128,163,163,189,209,227,227],"floor_reached":46,"playtime":2894,"items_purged":["Defend_G","Strike_G","Defend_G"],"score":503,"play_id":"07f971ef-9680-4eac-b098-2d5fec1501ce","local_time":"20190103192338","is_ascension_mode":false,"campfire_choices":[{"data":"Neutralize","floor":6.0,"key":"SMITH"},{"floor":10.0,"key":"REST"},{"data":"Cloak And Dagger","floor":12.0,"key":"SMITH"},{"floor":15.0,"key":"REST"},{"data":"Phantasmal Killer","floor":23.0,"key":"SMITH"},{"floor":28.0,"key":"REST"},{"floor":32.0,"key":"REST"},{"data":"Blade Dance","floor":40,"key":"SMITH"},{"floor":42,"key":"REST"}],"neow_cost":"NO_GOLD","seed_source_timestamp":15334624622031,"circlet_count":0,"master_deck":["Defend_G","Defend_G","Defend_G","Strike_G+1","Strike_G+1","Strike_G+1","Strike_G+1","Survivor","Neutralize+1","Escape Plan","Phantasmal Killer+1","Cloak And Dagger+1","Blade Dance+1","Night Terror","Blade Dance+1","Setup+1","Outmaneuver","Burst+1","Seek","Calculated Gamble"],"special_seed":0,"relics":["Ring of the Snake","Dead Branch","Shuriken","Molten Egg 2","Nunchaku","Centennial Puzzle","Black Star","Ice Cream","Dream Catcher","Whetstone","Lantern","Tiny House","Bag of Preparation","PreservedInsect"],"potions_floor_usage":[34,44],"damage_taken":[{"damage":0.0,"enemies":"2 Louse","floor":1.0,"turns":4.0},{"damage":35.0,"enemies":"Lagavulin","floor":7.0,"turns":8.0},{"damage":3.0,"enemies":"Jaw Worm","floor":8.0,"turns":2.0},{"damage":0.0,"enemies":"Cultist","floor":11.0,"turns":2.0},{"damage":17.0,"enemies":"3 Sentries","floor":14.0,"turns":7.0},{"damage":33.0,"enemies":"The Guardian","floor":16.0,"turns":11.0},{"damage":9.0,"enemies":"2 Thieves","floor":18.0,"turns":3.0},{"damage":5.0,"enemies":"3 Byrds","floor":21.0,"turns":3.0},{"damage":15.0,"enemies":"Cultist and Chosen","floor":22.0,"turns":6.0},{"damage":0.0,"enemies":"3 Cultists","floor":24.0,"turns":4.0},{"damage":17.0,"enemies":"Slavers","floor":25.0,"turns":3.0},{"damage":3.0,"enemies":"Shelled Parasite and Fungi","floor":27.0,"turns":3.0},{"damage":15.0,"enemies":"Snake Plant","floor":29.0,"turns":3.0},{"damage":22.0,"enemies":"Centurion and Healer","floor":30.0,"turns":5.0},{"damage":21,"enemies":"Champ","floor":33,"turns":4},{"damage":17,"enemies":"3 Shapes","floor":35,"turns":6},{"damage":0,"enemies":"3 Darklings","floor":39,"turns":2},{"damage":32,"enemies":"Nemesis","floor":41,"turns":6},{"damage":35,"enemies":"4 Shapes","floor":44,"turns":5},{"damage":0,"enemies":"Maw","floor":45,"turns":6},{"damage":20,"enemies":"3 Darklings","floor":46,"turns":2}],"seed_played":"-8893978336384912341","potions_obtained":[{"floor":1.0,"key":"Swift Potion"},{"floor":7.0,"key":"Fire Potion"},{"floor":14.0,"key":"Dexterity Potion"},{"floor":16.0,"key":"AttackPotion"},{"floor":20.0,"key":"SteroidPotion"},{"floor":21.0,"key":"Poison Potion"},{"floor":25.0,"key":"Explosive Potion"},{"floor":29.0,"key":"AttackPotion"},{"floor":34,"key":"Fruit Juice"},{"floor":44,"key":"SpeedPotion"},{"floor":45,"key":"Energy Potion"}],"is_trial":false,"path_per_floor":["M","$","?","?","?","R","E","M","T","R","M","R","$","E","R","B",null,"M","?","?","M","M","R","M","E","T","M","R","M","M","$","R","B",null,"M","?","$","?","M","R","E","R","T","M","M","M"],"character_chosen":"THE_SILENT","items_purchased":[],"campfire_rested":5,"item_purchase_floors":[],"current_hp_per_floor":[70,70,56,56,56,56,21,18,18,39,39,39,39,22,43,10,70,61,61,61,56,41,41,41,24,24,21,42,27,5,5,26,5,80,63,63,63,63,63,63,31,55,55,20,20,0],"gold":227,"neow_bonus":"ONE_RARE_RELIC","is_prod":false,"is_daily":false,"chose_seed":false,"campfire_upgraded":4,"win_rate":0,"timestamp":1546539818,"path_taken":["M","$","?","?","?","R","E","M","T","R","?","R","$","E","R","BOSS","M","?","?","?","M","R","M","E","T","M","R","M","M","$","R","BOSS","M","?","$","?","M","R","E","R","T","?","M","M"],"build_version":"2018-12-20","purchased_purges":3,"victory":false,"max_hp_per_floor":[70,70,70,70,70,70,70,70,70,70,70,70,70,70,70,70,70,70,70,70,70,70,70,70,70,70,70,70,70,70,70,70,70,80,80,80,80,80,80,80,80,80,80,80,80,80],"card_choices":[{"not_picked":["Heel Hook","Deflect"],"picked":"Escape Plan","floor":1.0},{"not_picked":["Tactician","Slice"],"picked":"Phantasmal Killer","floor":7.0},{"not_picked":["Dagger Spray+1","Dodge and Roll"],"picked":"Cloak And Dagger","floor":8.0},{"not_picked":["Cloak And Dagger","Backflip"],"picked":"Blade Dance","floor":11.0},{"not_picked":["Blade Dance","Finisher+1","Flechettes+1"],"picked":"SKIP","floor":14.0},{"not_picked":["Grand Finale+1","Wraith Form v2"],"picked":"Night Terror","floor":16.0},{"not_picked":["Dagger Spray+1","Outmaneuver","Bane+1"],"picked":"SKIP","floor":18.0},{"not_picked":["Dash+1","Leg Sweep"],"picked":"Blade Dance+1","floor":21.0},{"not_picked":["Deflect","Deadly Poison+1"],"picked":"Setup+1","floor":22.0},{"not_picked":["Quick Slash+1","Reflex+1"],"picked":"Outmaneuver","floor":24.0},{"not_picked":["Night Terror","Backflip","Footwork+1"],"picked":"SKIP","floor":25.0},{"not_picked":["Masterful Stab+1","Riddle With Holes+1","Slice+1"],"picked":"SKIP","floor":27.0},{"not_picked":["Backstab+1","Outmaneuver+1","Skewer+1"],"picked":"SKIP","floor":29.0},{"not_picked":["Glass Knife+1","Dagger Throw+1","Poisoned Stab+1"],"picked":"SKIP","floor":30.0},{"not_picked":["Wraith Form v2","Envenom"],"picked":"Burst","floor":33},{"not_picked":["Terror+1","PiercingWail+1"],"picked":"Finisher+1","floor":34},{"not_picked":["Heel Hook+1","Leg Sweep","Quick Slash+1"],"picked":"SKIP","floor":35},{"not_picked":["Predator+1","Outmaneuver+1","Footwork+1"],"picked":"SKIP","floor":39},{"not_picked":["All Out Attack+1","Sucker Punch+1"],"picked":"Calculated Gamble","floor":41},{"not_picked":["Acrobatics","Deadly Poison","Poisoned Stab+1"],"picked":"SKIP","floor":44},{"not_picked":["Sucker Punch+1","Catalyst+1","Infinite Blades"],"picked":"SKIP","floor":45}],"player_experience":395150,"relics_obtained":[{"floor":7.0,"key":"Molten Egg 2"},{"floor":9.0,"key":"Nunchaku"},{"floor":14.0,"key":"Centennial Puzzle"},{"floor":25.0,"key":"Dream Catcher"},{"floor":25.0,"key":"Whetstone"},{"floor":26.0,"key":"Lantern"},{"floor":41,"key":"Bag of Preparation"},{"floor":41,"key":"PreservedInsect"}],"event_choices":[{"damage_healed":0.0,"max_hp_gain":0.0,"max_hp_loss":0.0,"gold_gain":0.0,"event_name":"Shining Light","player_choice":"Entered Light","floor":3.0,"gold_loss":0.0,"damage_taken":14.0,"cards_upgraded":["Strike_G","Strike_G"]},{"damage_healed":0.0,"max_hp_gain":0.0,"max_hp_loss":0.0,"gold_gain":0.0,"event_name":"Liars Game","player_choice":"Ignored","floor":4.0,"gold_loss":0.0,"damage_taken":0.0},{"damage_healed":0.0,"max_hp_gain":0.0,"max_hp_loss":0.0,"gold_gain":0.0,"event_name":"WeMeetAgain","player_choice":"Gave Potion","floor":5.0,"gold_loss":0.0,"damage_taken":0.0,"relics_obtained":["Shuriken"]},{"damage_healed":0.0,"max_hp_gain":0.0,"max_hp_loss":0.0,"gold_gain":0.0,"event_name":"Addict","player_choice":"Obtained Relic","floor":19.0,"gold_loss":85.0,"damage_taken":0.0,"relics_obtained":["Ice Cream"]},{"damage_healed":0.0,"max_hp_gain":0.0,"max_hp_loss":0.0,"gold_gain":0.0,"event_name":"The Woman in Blue","player_choice":"Bought 1 Potion","floor":20.0,"gold_loss":0.0,"damage_taken":0.0},{"damage_healed":0,"gold_gain":0,"player_choice":"Ignored","damage_taken":0,"max_hp_gain":0,"max_hp_loss":0,"event_name":"Mysterious Sphere","floor":36,"gold_loss":0},{"cards_removed":["Finisher"],"damage_healed":0,"gold_gain":0,"player_choice":"Took Card","damage_taken":0,"max_hp_gain":0,"max_hp_loss":0,"event_name":"NoteForYourself","floor":38,"gold_loss":0,"cards_obtained":["Seek"]}],"is_beta":false,"boss_relics":[{"not_picked":["Snecko Eye","Fusion Hammer"],"picked":"Black Star"},{"not_picked":["Orrery","Lizard Tail"],"picked":"Tiny House"}],"items_purged_floors":[13,31,37],"is_endless":false,"potions_floor_spawned":[1,7,14,16,21,25,29,33,44,45],"killed_by":"3 Darklings","ascension_level":0}