{"gold_per_floor":[363,288,302,321,335,335,370,370,370,233,233,258,93,111,111,183,183,141,27,27,27,51,51,70,70,97,114,134,134,134,134,134,213,213,225,225,225,137,154,189,189,224,250,250,263,263,363,375,375,375,375],"floor_reached":52,"playtime":2560,"items_purged":["Regret","Strike_R","Strike_R"],"score":1932,"play_id":"6e00e617-35c7-46c4-b934-8c94246e0aac","local_time":"20181111114753","is_ascension_mode":true,"campfire_choices":[{"data":"Inflame","floor":6.0,"key":"SMITH"},{"data":"Power Through","floor":8.0,"key":"SMITH"},{"data":"Bash","floor":11.0,"key":"SMITH"},{"data":"Evolve","floor":15.0,"key":"SMITH"},{"floor":23.0,"key":"REST"},{"floor":25.0,"key":"REST"},{"data":"Corruption","floor":29.0,"key":"SMITH"},{"data":"Defend_R","floor":32.0,"key":"SMITH"},{"floor":41.0,"key":"REST"},{"floor":44.0,"key":"REST"},{"floor":49.0,"key":"REST"}],"neow_cost":"CURSE","seed_source_timestamp":1147753997417,"circlet_count":0,"master_deck":["AscendersBane","Strike_R","Defend_R+1","Defend_R","Defend_R","Defend_R","Bash+1","Evolve+1","Inflame+1","Dual Wield","Dropkick+1","Corruption+1","Havoc+1","Feed+1","Trip+1","Warcry+1","Flame Barrier+1","Double Tap+1","Power Through+1","Power Through+1","Shrug It Off+1","Sever Soul","Intimidate+1","Shrug It Off+1","Exhume+1","Disarm+1"],"special_seed":0,"relics":["Black Blood","Dream Catcher","Self Forming Clay","Toxic Egg 2","Empty Cage","Whetstone","Blood Vial","MutagenicStrength","Ancient Tea Set","Blue Candle","Potion Belt","Dodecahedron","StoneCalendar"],"potions_floor_usage":[51,51],"damage_taken":[{"damage":4.0,"enemies":"Cultist","floor":1.0,"turns":4.0},{"damage":2.0,"enemies":"2 Louse","floor":3.0,"turns":3.0},{"damage":9.0,"enemies":"Jaw Worm","floor":4.0,"turns":4.0},{"damage":13.0,"enemies":"3 Louse","floor":5.0,"turns":6.0},{"damage":15.0,"enemies":"3 Sentries","floor":7.0,"turns":13.0},{"damage":38.0,"enemies":"Gremlin Nob","floor":12.0,"turns":5.0},{"damage":5.0,"enemies":"Large Slime","floor":14.0,"turns":7.0},{"damage":14.0,"enemies":"Hexaghost","floor":16.0,"turns":5.0},{"damage":27.0,"enemies":"2 Thieves","floor":18.0,"turns":5.0},{"damage":31.0,"enemies":"Chosen","floor":24.0,"turns":6.0},{"damage":13.0,"enemies":"Snake Plant","floor":27.0,"turns":4.0},{"damage":12.0,"enemies":"Centurion and Healer","floor":28.0,"turns":4.0},{"damage":10.0,"enemies":"Collector","floor":33.0,"turns":4.0},{"damage":20.0,"enemies":"3 Darklings","floor":35.0,"turns":4.0},{"damage":25.0,"enemies":"3 Shapes","floor":39.0,"turns":5.0},{"damage":47.0,"enemies":"Nemesis","floor":40.0,"turns":9.0},{"damage":0.0,"enemies":"Giant Head","floor":42.0,"turns":5.0},{"damage":38.0,"enemies":"Sphere and 2 Shapes","floor":45.0,"turns":8.0},{"damage":0.0,"enemies":"Mind Bloom Boss Battle","floor":47.0,"turns":7.0},{"damage":23.0,"enemies":"4 Shapes","floor":48.0,"turns":6.0},{"damage":90,"enemies":"Awakened One","floor":50,"turns":8},{"damage":28,"enemies":"Donu and Deca","floor":51,"turns":8}],"seed_played":"-969591066523918036","potions_obtained":[{"floor":1.0,"key":"Explosive Potion"},{"floor":7.0,"key":"SkillPotion"},{"floor":12.0,"key":"Ancient Potion"},{"floor":24.0,"key":"Weak Potion"},{"floor":33.0,"key":"Dexterity Potion"},{"floor":39.0,"key":"FearPotion"},{"floor":40.0,"key":"SteroidPotion"},{"floor":48.0,"key":"FearPotion"}],"is_trial":false,"path_per_floor":["M","$","M","M","M","R","E","R","T","$","R","E","$","M","R","B",null,"M","$","?","?","T","R","M","R","T","M","M","R","?","?","R","B",null,"M","?","?","$","M","E","R","E","T","R","M","T","?","M","R","B","B",null],"character_chosen":"IRONCLAD","items_purchased":["Dropkick","Corruption","Trip+1","Warcry+1","Sever Soul"],"campfire_rested":5,"item_purchase_floors":[10,13,19,19,38],"current_hp_per_floor":[70,70,74,71,64,64,55,55,55,55,55,23,23,24,24,16,60,39,39,39,18,18,42,21,46,46,45,45,45,45,45,45,47,84,76,76,76,76,67,32,62,74,74,100,76,76,88,85,112,32,16],"gold":375,"neow_bonus":"TWO_FIFTY_GOLD","is_prod":false,"is_daily":false,"chose_seed":false,"campfire_upgraded":6,"win_rate":0,"timestamp":1541908073,"path_taken":["M","$","M","M","M","R","E","R","T","?","R","E","$","M","R","BOSS","M","$","?","?","?","R","M","R","T","M","M","R","?","?","R","BOSS","M","?","?","$","?","E","R","E","T","R","M","?","?","M","R","BOSS","BOSS"],"build_version":"2018-11-08","purchased_purges":3,"victory":true,"max_hp_per_floor":[75,75,75,75,75,75,75,75,75,75,75,75,75,75,75,75,75,75,75,75,80,80,80,84,84,84,88,92,92,92,92,92,96,96,96,96,96,96,100,100,100,100,100,100,104,104,104,112,112,112,112],"card_choices":[{"not_picked":["Rage","Combust"],"picked":"Evolve","floor":1.0},{"not_picked":["Disarm","Thunderclap"],"picked":"Inflame","floor":3.0},{"not_picked":["Headbutt","Warcry"],"picked":"Power Through","floor":4.0},{"not_picked":["Pommel Strike","Thunderclap","Headbutt"],"picked":"SKIP","floor":5.0},{"not_picked":["Intimidate","Brutality"],"picked":"Dual Wield","floor":7.0},{"not_picked":["Thunderclap","Rage","Heavy Blade"],"picked":"SKIP","floor":12.0},{"not_picked":["Iron Wave","Reckless Charge"],"picked":"Havoc+1","floor":14.0},{"not_picked":["Berserk","Barricade"],"picked":"Feed","floor":16.0},{"not_picked":["Perfected Strike","Metallicize","Thunderclap"],"picked":"SKIP","floor":18.0},{"not_picked":["Body Slam","Twin Strike"],"picked":"Flame Barrier+1","floor":23.0},{"not_picked":["Pommel Strike","Cleave","Bloodletting+1"],"picked":"SKIP","floor":24.0},{"not_picked":["Twin Strike+1","Anger"],"picked":"Double Tap+1","floor":27.0},{"not_picked":["Battle Trance+1","Twin Strike"],"picked":"Power Through+1","floor":28.0},{"not_picked":["Clothesline","Sword Boomerang"],"picked":"Shrug It Off+1","floor":35.0},{"not_picked":["Pommel Strike","Iron Wave","Cleave"],"picked":"SKIP","floor":39.0},{"not_picked":["Berserk","Headbutt","Thunderclap+1"],"picked":"SKIP","floor":40.0},{"not_picked":["Cleave","Wild Strike"],"picked":"Intimidate+1","floor":42.0},{"not_picked":["Twin Strike","Clash"],"picked":"Shrug It Off+1","floor":44.0},{"not_picked":["Wild Strike","Perfected Strike","Body Slam+1"],"picked":"SKIP","floor":45.0},{"not_picked":["Shockwave+1","Corruption"],"picked":"Exhume+1","floor":47.0},{"not_picked":["Battle Trance+1","Headbutt+1","Rupture"],"picked":"SKIP","floor":48.0},{"not_picked":["Flex+1","Cleave"],"picked":"Disarm+1","floor":49.0}],"player_experience":971034,"relics_obtained":[{"floor":7.0,"key":"Dream Catcher"},{"floor":9.0,"key":"Self Forming Clay"},{"floor":12.0,"key":"Toxic Egg 2"},{"floor":22.0,"key":"Whetstone"},{"floor":26.0,"key":"Blood Vial"},{"floor":40.0,"key":"Ancient Tea Set"},{"floor":42.0,"key":"Blue Candle"},{"floor":43.0,"key":"Potion Belt"},{"floor":46.0,"key":"Dodecahedron"},{"floor":47.0,"key":"StoneCalendar"}],"event_choices":[{"damage_healed":0.0,"max_hp_gain":0.0,"max_hp_loss":0.0,"gold_gain":0.0,"event_name":"Cursed Tome","player_choice":"Ignored","floor":20.0,"gold_loss":0.0,"damage_taken":0.0},{"damage_healed":0.0,"max_hp_gain":5.0,"max_hp_loss":0.0,"gold_gain":0.0,"event_name":"Forgotten Altar","player_choice":"Shed Blood","floor":21.0,"gold_loss":0.0,"damage_taken":26.0},{"damage_healed":0.0,"max_hp_gain":0.0,"max_hp_loss":0.0,"gold_gain":0.0,"event_name":"Drug Dealer","player_choice":"Inject Mutagens","floor":30.0,"gold_loss":0.0,"damage_taken":0.0,"relics_obtained":["MutagenicStrength"]},{"damage_healed":0.0,"max_hp_gain":0.0,"max_hp_loss":0.0,"gold_gain":0.0,"event_name":"The Library","player_choice":"Read","floor":31.0,"gold_loss":0.0,"damage_taken":0.0,"cards_obtained":["Power Through"]},{"cards_removed":["Power Through"],"damage_healed":0.0,"max_hp_gain":0.0,"max_hp_loss":0.0,"gold_gain":0.0,"event_name":"Falling","player_choice":"Removed Skill","floor":36.0,"gold_loss":0.0,"damage_taken":0.0},{"damage_healed":0.0,"max_hp_gain":0.0,"max_hp_loss":0.0,"gold_gain":0.0,"event_name":"Mysterious Sphere","player_choice":"Ignored","floor":37.0,"gold_loss":0.0,"damage_taken":0.0},{"damage_healed":0.0,"max_hp_gain":0.0,"max_hp_loss":0.0,"gold_gain":0.0,"event_name":"MindBloom","player_choice":"Fight","floor":47.0,"gold_loss":0.0,"damage_taken":0.0}],"is_beta":false,"boss_relics":[{"not_picked":["Eternal Feather","Tiny House"],"picked":"Empty Cage"},{"not_picked":["Orrery","Runic Cube"],"picked":"Black Blood"}],"items_purged_floors":[2,10,13],"is_endless":false,"potions_floor_spawned":[1,7,12,14,24,33,39,40,48],"ascension_level":20}