{"gold_per_floor":[117,117,62,62,77,77,104,120,145,171,171,181,181,214,214,214],"floor_reached":16,"playtime":429,"items_purged":[],"score":286,"play_id":"752f0e25-62e2-41a2-8633-d64b7f88efa1","local_time":"20190222190611","is_ascension_mode":true,"campfire_choices":[{"data":"Dualcast","floor":6,"key":"SMITH"},{"data":"Sunder","floor":13,"key":"SMITH"},{"data":"Hologram","floor":15,"key":"SMITH"}],"neow_cost":"NONE","seed_source_timestamp":31678695457016,"circlet_count":0,"master_deck":["AscendersBane","Strike_B","Strike_B","Defend_B","Defend_B","Defend_B","Defend_B","Zap","Dualcast+1","Coolheaded","Ball Lightning+1","Glacier","Turbo","Hologram+1","Cold Snap+1","Sunder+1","Chill"],"relics":["Cracked Core","NeowsBlessing","Omamori","Anchor","Mummified Hand","Whetstone"],"potions_floor_usage":[7],"damage_taken":[{"damage":0,"enemies":"2 Louse","floor":1,"turns":1},{"damage":0,"enemies":"Jaw Worm","floor":5,"turns":1},{"damage":0,"enemies":"Gremlin Nob","floor":7,"turns":1},{"damage":1,"enemies":"Cultist","floor":8,"turns":3},{"damage":23,"enemies":"3 Sentries","floor":10,"turns":9},{"damage":0,"enemies":"Blue Slaver","floor":12,"turns":3},{"damage":25,"enemies":"Gremlin Nob","floor":14,"turns":4},{"damage":15,"enemies":"Slime Boss","floor":16,"turns":6}],"seed_played":"3176356201874225714","potions_obtained":[{"floor":4,"key":"Dexterity Potion"},{"floor":4,"key":"Fruit Juice"},{"floor":7,"key":"EssenceOfSteel"}],"is_trial":false,"path_per_floor":["M","?","$","?","M","R","E","M","T","E","?","M","R","E","R","B"],"character_chosen":"DEFECT","items_purchased":["Ball Lightning"],"campfire_rested":0,"item_purchase_floors":[3],"current_hp_per_floor":[64,57,57,57,57,57,62,61,61,38,38,38,38,13,13,0],"gold":214,"neow_bonus":"THREE_ENEMY_KILL","is_prod":false,"is_daily":false,"chose_seed":false,"campfire_upgraded":3,"win_rate":0,"timestamp":1550833571,"path_taken":["M","?","$","?","?","R","E","M","T","E","?","M","R","E","R","BOSS"],"build_version":"2019-01-23","purchased_purges":0,"victory":false,"max_hp_per_floor":[71,71,71,71,71,71,76,76,76,76,76,76,76,76,76,76],"card_choices":[{"not_picked":["Gash","Auto Shields"],"picked":"Coolheaded","floor":1},{"not_picked":["Leap","Coolheaded"],"picked":"Glacier","floor":5},{"not_picked":["Scrape","Heatsinks"],"picked":"Turbo","floor":7},{"not_picked":["Turbo","Lockon"],"picked":"Hologram","floor":8},{"not_picked":["Hologram","Cold Snap","Multi-Cast"],"picked":"SKIP","floor":10},{"not_picked":["Hologram","Multi-Cast"],"picked":"Cold Snap","floor":10},{"not_picked":["Gash","Fusion","Stack"],"picked":"SKIP","floor":12},{"not_picked":["Lockon","Steam"],"picked":"Chill","floor":14}],"player_experience":3051428,"relics_obtained":[{"floor":7,"key":"Omamori"},{"floor":9,"key":"Anchor"},{"floor":10,"key":"Mummified Hand"},{"floor":14,"key":"Whetstone"}],"event_choices":[{"cards_removed":["Strike_B"],"damage_healed":0,"gold_gain":0,"player_choice":"Card Removal","damage_taken":7,"max_hp_gain":0,"max_hp_loss":0,"event_name":"Golden Wing","floor":2,"gold_loss":0},{"damage_healed":0,"gold_gain":0,"player_choice":"Got Potions","damage_taken":0,"max_hp_gain":0,"max_hp_loss":0,"event_name":"Lab","floor":4,"gold_loss":0},{"damage_healed":0,"gold_gain":0,"cards_transformed":["Strike_B"],"player_choice":"Change","damage_taken":0,"max_hp_gain":0,"max_hp_loss":0,"event_name":"Living Wall","floor":11,"gold_loss":0,"cards_obtained":["Sunder"]}],"is_beta":false,"boss_relics":[],"items_purged_floors":[],"is_endless":false,"potions_floor_spawned":[7,10],"killed_by":"Slime Boss","ascension_level":20}