{"gold_per_floor":[115,134,43,118,118,149,161,86,86,86,86,116,127,157,157,234,234,249,265,265],"floor_reached":20,"playtime":455,"items_purged":["Strike_B"],"score":534,"play_id":"55ce2ef4-6ae1-4580-9469-7e721397fdff","local_time":"20190505160651","is_ascension_mode":true,"campfire_choices":[{"data":"Darkness","floor":11.0,"key":"SMITH"},{"data":"Consume","floor":15.0,"key":"SMITH"}],"neow_cost":"NONE","seed_source_timestamp":23038444312917,"circlet_count":0,"master_deck":["AscendersBane","Strike_B","Strike_B","Strike_B","Defend_B","Defend_B","Defend_B","Defend_B","Zap","Dualcast","Turbo","Auto Shields","Panacea","Ball Lightning","Darkness+1","Consume+1","Coolheaded","Hologram","All For One","Parasite","Writhe","Doubt","Chill"],"special_seed":0,"relics":["Cracked Core","NeowsBlessing","Dodecahedron","Cables","Gremlin Horn","Matryoshka","Blue Candle","Calling Bell","Vajra","Singing Bowl","Peace Pipe"],"potions_floor_usage":[18,18],"damage_taken":[{"damage":0.0,"enemies":"2 Louse","floor":1.0,"turns":1.0},{"damage":0.0,"enemies":"Cultist","floor":2.0,"turns":1.0},{"damage":0.0,"enemies":"Gremlin Nob","floor":6.0,"turns":1.0},{"damage":0.0,"enemies":"Small Slimes","floor":7.0,"turns":2.0},{"damage":15.0,"enemies":"3 Sentries","floor":12.0,"turns":4.0},{"damage":11.0,"enemies":"Blue Slaver","floor":13.0,"turns":3.0},{"damage":16.0,"enemies":"Gremlin Nob","floor":14.0,"turns":4.0},{"damage":0.0,"enemies":"Slime Boss","floor":16.0,"turns":3.0},{"damage":25,"enemies":"3 Byrds","floor":18,"turns":6},{"damage":37,"enemies":"Shell Parasite","floor":19,"turns":5},{"damage":0,"enemies":"Snake Plant","floor":20,"turns":1}],"seed_played":"5812484159520074107","potions_obtained":[{"floor":2.0,"key":"Regen Potion"},{"floor":6.0,"key":"Poison Potion"},{"floor":12.0,"key":"Fruit Juice"},{"floor":16.0,"key":"SpeedPotion"},{"floor":18,"key":"SteroidPotion"},{"floor":19,"key":"Fire Potion"}],"is_trial":false,"path_per_floor":["M","M","$","?","?","E","M","$","T","$","R","E","M","E","R","B",null,"M","M","M"],"character_chosen":"DEFECT","items_purchased":["Panacea"],"campfire_rested":0,"item_purchase_floors":[3],"current_hp_per_floor":[64,64,64,53,53,53,53,53,53,53,53,52,41,25,25,25,63,38,3,3],"gold":265,"neow_bonus":"THREE_ENEMY_KILL","is_prod":false,"is_daily":false,"chose_seed":false,"campfire_upgraded":2,"win_rate":0,"timestamp":1557043611,"path_taken":["M","M","$","?","?","E","?","?","T","$","R","E","M","E","R","BOSS","M","?","M"],"build_version":"2019-01-23","purchased_purges":1,"victory":false,"max_hp_per_floor":[71,71,71,71,71,71,71,71,71,71,71,76,76,76,76,76,76,76,78,78],"card_choices":[{"not_picked":["Compile Driver","Barrage"],"picked":"Turbo","floor":1.0},{"not_picked":["Rebound","Sweeping Beam"],"picked":"Auto Shields","floor":2.0},{"not_picked":["Auto Shields","Beam Cell"],"picked":"Ball Lightning","floor":6.0},{"not_picked":["Sweeping Beam","Hologram"],"picked":"Darkness","floor":7.0},{"not_picked":["Cold Snap","Turbo"],"picked":"Consume","floor":12.0},{"not_picked":["Ball Lightning","Steam"],"picked":"Coolheaded","floor":13.0},{"not_picked":["Amplify","Rip and Tear"],"picked":"Hologram","floor":14.0},{"not_picked":["Machine Learning","Creative AI"],"picked":"All For One","floor":16.0},{"not_picked":["Barrage+1","Undo"],"picked":"Chill","floor":18},{"not_picked":["Hologram","Fusion","Stack"],"picked":"Singing Bowl","floor":19}],"player_experience":4598385,"relics_obtained":[{"floor":5.0,"key":"Dodecahedron"},{"floor":6.0,"key":"Cables"},{"floor":9.0,"key":"Gremlin Horn"},{"floor":12.0,"key":"Matryoshka"},{"floor":14.0,"key":"Blue Candle"},{"floor":17.0,"key":"Vajra"},{"floor":17.0,"key":"Singing Bowl"},{"floor":17.0,"key":"Peace Pipe"}],"event_choices":[{"damage_healed":0.0,"max_hp_gain":0.0,"max_hp_loss":0.0,"gold_gain":75.0,"event_name":"World of Goop","player_choice":"Gather Gold","floor":4.0,"gold_loss":0.0,"damage_taken":11.0},{"damage_healed":0.0,"max_hp_gain":0.0,"max_hp_loss":0.0,"gold_gain":0.0,"event_name":"Wheel of Change","player_choice":"Relic","floor":5.0,"gold_loss":0.0,"damage_taken":0.0}],"is_beta":false,"boss_relics":[{"not_picked":["Ectoplasm","Tiny House"],"picked":"Calling Bell"}],"items_purged_floors":[8],"is_endless":false,"potions_floor_spawned":[2,6,12,16,18,19],"killed_by":"Snake Plant","ascension_level":20}