{"gold_per_floor":[19,36,51,51,71,71,133,58,83,83,116,133,60,94,94,94],"floor_reached":16,"playtime":491,"items_purged":["Defend_R"],"score":154,"play_id":"500b504a-c77c-454e-8af3-d19a97f3a17f","local_time":"20181009201058","is_ascension_mode":true,"campfire_choices":[{"data":"Whirlwind","floor":6,"key":"SMITH"},{"data":"Clash","floor":10,"key":"SMITH"},{"data":"Fiend Fire","floor":15,"key":"SMITH"}],"neow_cost":"NO_GOLD","seed_source_timestamp":34254207314300,"circlet_count":0,"master_deck":["Strike_R","Strike_R","Strike_R","Strike_R","Strike_R","Defend_R+1","Defend_R","Defend_R","Bash","Double Tap+1","Whirlwind+1","Evolve","Clash+1","Fiend Fire+1"],"relics":["Burning Blood","War Paint","Happy Flower","Charon\u0027s Ashes","Lantern"],"potions_floor_usage":[7,16,16,16],"damage_taken":[{"damage":6,"enemies":"2 Louse","floor":1,"turns":4},{"damage":12,"enemies":"Jaw Worm","floor":2,"turns":3},{"damage":1,"enemies":"Cultist","floor":3,"turns":3},{"damage":6,"enemies":"2 Fungi Beasts","floor":5,"turns":3},{"damage":18,"enemies":"3 Sentries","floor":7,"turns":5},{"damage":27,"enemies":"Lagavulin","floor":11,"turns":4},{"damage":0,"enemies":"3 Louse","floor":12,"turns":2},{"damage":28,"enemies":"Gremlin Nob","floor":14,"turns":4},{"damage":27,"enemies":"Hexaghost","floor":16,"turns":7}],"seed_played":"7911399655795063803","potions_obtained":[{"floor":2,"key":"SkillPotion"},{"floor":3,"key":"Block Potion"},{"floor":5,"key":"Block Potion"},{"floor":7,"key":"SkillPotion"}],"is_trial":false,"path_per_floor":["M","M","M","?","M","R","?","$","T","R","E","M","$","E","R"],"character_chosen":"IRONCLAD","items_purchased":["Fiend Fire"],"campfire_rested":0,"item_purchase_floors":[13],"current_hp_per_floor":[72,66,71,71,71,71,59,59,59,59,38,44,44,22,22,0],"gold":94,"neow_bonus":"THREE_RARE_CARDS","is_prod":false,"is_daily":false,"chose_seed":false,"campfire_upgraded":3,"win_rate":0,"timestamp":1539087058,"path_taken":["M","M","M","?","M","R","?","?","T","R","E","?","$","E","R","BOSS"],"build_version":"2018-10-04v2","purchased_purges":1,"victory":false,"max_hp_per_floor":[80,80,80,80,80,80,80,80,80,80,80,80,80,80,80,80],"card_choices":[{"not_picked":["Exhume","Dark Embrace"],"picked":"Double Tap","floor":0},{"not_picked":["Twin Strike","Heavy Blade"],"picked":"Whirlwind","floor":1},{"not_picked":["Havoc","Cleave"],"picked":"Evolve","floor":2},{"not_picked":["Carnage","Havoc","Metallicize"],"picked":"SKIP","floor":3},{"not_picked":["Thunderclap","Exhume"],"picked":"Clash","floor":5},{"not_picked":["Wild Strike","Seeing Red","Heavy Blade"],"picked":"SKIP","floor":11},{"not_picked":["True Grit","Thunderclap","Iron Wave"],"picked":"SKIP","floor":12},{"not_picked":["Shrug It Off","Clothesline","Rupture"],"picked":"SKIP","floor":14}],"player_experience":56124,"relics_obtained":[{"floor":7,"key":"War Paint"},{"floor":9,"key":"Happy Flower"},{"floor":11,"key":"Charon\u0027s Ashes"},{"floor":14,"key":"Lantern"}],"event_choices":[{"event_name":"Liars Game","player_choice":"disagreed","floor":4,"damage_taken":0},{"event_name":"Dead Adventurer","player_choice":"Searched \u00271\u0027 times","floor":7,"damage_taken":0}],"is_beta":false,"boss_relics":[],"items_purged_floors":[8],"is_endless":false,"potions_floor_spawned":[2,3,5,7,11],"killed_by":"Hexaghost","ascension_level":8}