{"gold_per_floor":[111,111,61,133,144,144,179,196,219,219,29,42,56,76,76,179,179,148,148,148,160,177,177],"floor_reached":23,"playtime":796,"items_purged":["Defend_R"],"score":193,"play_id":"e982620d-6d7e-4c67-ba04-98d98c3c3649","local_time":"20181009001046","is_ascension_mode":false,"campfire_choices":[{"data":"Cleave","floor":6.0,"key":"SMITH"},{"data":"Double Tap","floor":10,"key":"SMITH"},{"data":"Power Through","floor":15,"key":"SMITH"}],"neow_cost":"NONE","seed_source_timestamp":555385302992182,"circlet_count":0,"master_deck":["Strike_R","Strike_R","Strike_R","Defend_R","Defend_R","Defend_R","Bash","Feel No Pain","Cleave+1","Double Tap+1","Second Wind","Metallicize","Shrug It Off","Power Through+1","Juggernaut","Burning Pact+1"],"special_seed":0,"relics":["Mark of Pain"],"potions_floor_usage":[16,20],"damage_taken":[{"damage":5.0,"enemies":"2 Louse","floor":1.0,"turns":4.0},{"damage":4.0,"enemies":"Small Slimes","floor":5.0,"turns":4.0},{"damage":41.0,"enemies":"Lagavulin","floor":7.0,"turns":8.0},{"damage":5,"enemies":"Jaw Worm","floor":8,"turns":4},{"damage":0,"enemies":"Looter","floor":12,"turns":3},{"damage":7,"enemies":"3 Louse","floor":13,"turns":3},{"damage":0,"enemies":"Blue Slaver","floor":14,"turns":4},{"damage":14,"enemies":"The Guardian","floor":16,"turns":18},{"damage":21,"enemies":"2 Thieves","floor":18,"turns":5},{"damage":37,"enemies":"Colosseum Slavers","floor":20,"turns":4},{"damage":0,"enemies":"Spheric Guardian","floor":21,"turns":4},{"damage":29,"enemies":"Centurion and Healer","floor":22,"turns":10},{"damage":0,"enemies":"Slavers","floor":23,"turns":1}],"seed_played":"-1142610336895816018","potions_obtained":[{"floor":1.0,"key":"Regen Potion"},{"floor":13,"key":"BloodPotion"},{"floor":18,"key":"Regen Potion"},{"floor":21,"key":"FairyPotion"}],"is_trial":false,"path_per_floor":["M","?","?","T","M","R","E","M","T","R","$","M","M","M","R","B",null,"M","?","?","M","M"],"character_chosen":"IRONCLAD","items_purchased":["Second Wind","Metallicize"],"campfire_rested":0,"item_purchase_floors":[11,11],"current_hp_per_floor":[75,68,68,68,64,64,38,33,33,33,33,33,26,26,26,20,80,59,59,34,34,5,5],"gold":177,"neow_bonus":"BOSS_RELIC","is_prod":false,"is_daily":false,"chose_seed":false,"campfire_upgraded":3,"win_rate":0,"timestamp":1539015046,"path_taken":["M","?","?","?","?","R","E","?","T","R","$","M","M","M","R","BOSS","M","?","?","?","M","E"],"build_version":"2018-10-04v2","purchased_purges":1,"victory":false,"max_hp_per_floor":[80,80,80,80,80,80,80,80,80,80,80,80,80,80,80,80,80,80,80,80,80,80,80],"card_choices":[{"not_picked":["Pummel","Heavy Blade"],"picked":"Feel No Pain","floor":1.0},{"not_picked":["Flex","Anger"],"picked":"Cleave","floor":5.0},{"not_picked":["Seeing Red","Cleave","Anger"],"picked":"SKIP","floor":7},{"not_picked":["Pummel","Pommel Strike"],"picked":"Double Tap","floor":8},{"not_picked":["Heavy Blade","Hemokinesis","Perfected Strike"],"picked":"SKIP","floor":12},{"not_picked":["Burning Pact","Pommel Strike"],"picked":"Shrug It Off","floor":13},{"not_picked":["Warcry","Heavy Blade"],"picked":"Power Through","floor":14},{"not_picked":["Barricade","Dark Embrace"],"picked":"Juggernaut","floor":16},{"not_picked":["Rampage","Headbutt+1","Sword Boomerang"],"picked":"SKIP","floor":18},{"not_picked":["Wild Strike","Twin Strike"],"picked":"Burning Pact+1","floor":21},{"not_picked":["Havoc","Flex","Disarm"],"picked":"SKIP","floor":22}],"player_experience":248099,"relics_obtained":[],"event_choices":[{"event_name":"Golden Wing","player_choice":"Card Removal","floor":2.0,"damage_taken":0.0},{"event_name":"The Cleric","player_choice":"Card Removal","floor":3.0,"damage_taken":0.0},{"event_name":"Wheel of Change","player_choice":"Relic","floor":19,"damage_taken":0},{"event_name":"Colosseum","player_choice":"Fight","floor":20,"damage_taken":0},{"event_name":"Colosseum","player_choice":"Fled From Nobs","floor":20,"damage_taken":0}],"is_beta":false,"boss_relics":[{"not_picked":["Empty Cage","Astrolabe","Ectoplasm"]}],"items_purged_floors":[11],"is_endless":false,"potions_floor_spawned":[1,13,18,21],"killed_by":"Slavers","ascension_level":0}