{"gold_per_floor":[119,119,129,139,150,181,191,207,207,192],"floor_reached":10,"playtime":838,"items_purged":[],"score":115,"play_id":"94c84c5a-c37f-4b3c-89fd-fff5bc17b0c3","local_time":"20190803214214","is_ascension_mode":true,"campfire_choices":[],"neow_cost":"NONE","seed_source_timestamp":9945085510363,"circlet_count":0,"master_deck":["AscendersBane","Strike_G","Strike_G","Strike_G","Strike_G","Strike_G","Defend_G","Defend_G","Defend_G","Defend_G","Defend_G","Survivor","Neutralize","Dagger Spray","Dodge and Roll","Quick Slash","Backflip","Caltrops","Malaise","Backflip"],"special_seed":0,"relics":["WristBlade","Juzu Bracelet","Tingsha"],"potions_floor_usage":[6,6],"damage_taken":[{"damage":0.0,"enemies":"2 Louse","floor":1.0,"turns":3.0},{"damage":6.0,"enemies":"Jaw Worm","floor":3.0,"turns":5.0},{"damage":2.0,"enemies":"Cultist","floor":4.0,"turns":4.0},{"damage":6,"enemies":"Looter","floor":5,"turns":4},{"damage":46,"enemies":"Gremlin Nob","floor":6,"turns":5},{"damage":5,"enemies":"2 Fungi Beasts","floor":7,"turns":4},{"damage":0,"enemies":"Large Slime","floor":8,"turns":6},{"damage":7,"enemies":"Exordium Thugs","floor":10,"turns":2}],"seed_played":"-733181012166763726","potions_obtained":[{"floor":1.0,"key":"Block Potion"},{"floor":4.0,"key":"AttackPotion"},{"floor":8,"key":"SmokeBomb"}],"is_trial":false,"path_per_floor":["M","?","M","M","M","E","M","M","T","M"],"character_chosen":"THE_SILENT","items_purchased":[],"campfire_rested":0,"item_purchase_floors":[],"current_hp_per_floor":[63,68,62,60,54,8,3,3,3,0],"gold":192,"neow_bonus":"BOSS_RELIC","is_prod":false,"is_daily":false,"chose_seed":false,"campfire_upgraded":0,"win_rate":0,"timestamp":1564882934,"path_taken":["M","?","M","M","M","E","M","M","T","M"],"build_version":"2019-07-17","purchased_purges":0,"victory":false,"max_hp_per_floor":[70,75,75,75,75,75,75,75,75,75],"card_choices":[{"not_picked":["Crippling Poison","Skewer"],"picked":"Dagger Spray","floor":1.0},{"not_picked":["Deadly Poison","Leg Sweep"],"picked":"Dodge and Roll","floor":3.0},{"not_picked":["Bane","Flying Knee"],"picked":"Quick Slash","floor":4.0},{"not_picked":["Riddle With Holes","Bane"],"picked":"Backflip","floor":5},{"not_picked":["Masterful Stab","Finisher"],"picked":"Caltrops","floor":6},{"not_picked":["Catalyst","Deadly Poison"],"picked":"Malaise","floor":7},{"not_picked":["Flechettes","Prepared"],"picked":"Backflip","floor":8}],"player_experience":458954,"relics_obtained":[{"floor":6,"key":"Juzu Bracelet"},{"floor":9,"key":"Tingsha"}],"event_choices":[{"damage_healed":0.0,"max_hp_gain":5.0,"max_hp_loss":0.0,"gold_gain":0.0,"event_name":"Big Fish","player_choice":"Donut","floor":2.0,"gold_loss":0.0,"damage_taken":0.0}],"is_beta":false,"boss_relics":[],"items_purged_floors":[],"is_endless":false,"potions_floor_spawned":[1,4,8],"killed_by":"Exordium Thugs","ascension_level":12}