{"gold_per_floor":[115,125,141,66,79,79,4,16,16,36,186,186,111,127,127,127],"floor_reached":16,"playtime":528,"items_purged":["Strike_G"],"score":188,"play_id":"49cb16d9-db8d-4bd9-8ee3-a00986670133","local_time":"20190102194902","is_ascension_mode":true,"campfire_choices":[{"data":"Noxious Fumes","floor":6,"key":"SMITH"},{"data":"Bouncing Flask","floor":15,"key":"SMITH"}],"neow_cost":"NONE","seed_source_timestamp":27061790685248,"circlet_count":0,"master_deck":["AscendersBane","Defend_G","Defend_G","Defend_G","Defend_G","Defend_G","Strike_G","Strike_G","Strike_G","Survivor","Neutralize","Bouncing Flask+1","Noxious Fumes+1","Deadly Poison"],"relics":["Ring of the Snake","Frozen Egg 2"],"potions_floor_usage":[5,10],"damage_taken":[{"damage":0,"enemies":"Small Slimes","floor":1,"turns":6},{"damage":0,"enemies":"2 Louse","floor":2,"turns":3},{"damage":2,"enemies":"Jaw Worm","floor":3,"turns":5},{"damage":27,"enemies":"Gremlin Gang","floor":5,"turns":5},{"damage":23,"enemies":"Exordium Thugs","floor":8,"turns":7},{"damage":0,"enemies":"Blue Slaver","floor":10,"turns":4},{"damage":19,"enemies":"3 Louse","floor":14,"turns":3},{"damage":0,"enemies":"Slime Boss","floor":16,"turns":1}],"seed_played":"-6352239507359392996","potions_obtained":[{"floor":2,"key":"Fruit Juice"},{"floor":5,"key":"Block Potion"}],"is_trial":false,"path_per_floor":["M","M","M","$","M","R","$","M","T","M","?","?","?","M","R","B"],"character_chosen":"THE_SILENT","items_purchased":["Noxious Fumes"],"campfire_rested":0,"item_purchase_floors":[4],"current_hp_per_floor":[59,59,57,57,35,35,35,12,12,12,12,35,35,16,16,16],"gold":127,"neow_bonus":"REMOVE_CARD","is_prod":false,"is_daily":false,"chose_seed":false,"campfire_upgraded":2,"win_rate":0,"timestamp":1546429742,"path_taken":["M","M","M","$","M","R","$","M","T","M","?","?","?","?","R","BOSS"],"build_version":"2018-12-20","purchased_purges":1,"victory":false,"max_hp_per_floor":[66,66,66,66,71,71,71,71,71,71,71,71,71,71,71,71],"card_choices":[{"not_picked":["Sucker Punch","Dagger Spray"],"picked":"Bouncing Flask","floor":1},{"not_picked":["Heel Hook","PiercingWail","Choke"],"picked":"SKIP","floor":2},{"not_picked":["Crippling Poison","Reflex","Flying Knee"],"picked":"SKIP","floor":3},{"not_picked":["Acrobatics","Quick Slash","Tactician"],"picked":"SKIP","floor":5},{"not_picked":["Slice","Setup"],"picked":"Deadly Poison","floor":8},{"not_picked":["Poisoned Stab","Dagger Spray","Dagger Throw"],"picked":"SKIP","floor":10},{"not_picked":["Skewer","Blade Dance","Masterful Stab"],"picked":"SKIP","floor":14}],"player_experience":1672898,"relics_obtained":[{"floor":9,"key":"Frozen Egg 2"}],"event_choices":[{"damage_healed":0,"gold_gain":150,"player_choice":"AGREE","damage_taken":0,"max_hp_gain":0,"max_hp_loss":0,"event_name":"Liars Game","floor":11,"gold_loss":0,"cards_obtained":["Doubt"]},{"damage_healed":23,"gold_gain":0,"player_choice":"Banana","damage_taken":0,"max_hp_gain":0,"max_hp_loss":0,"event_name":"Big Fish","floor":12,"gold_loss":0},{"cards_removed":["Doubt"],"damage_healed":0,"gold_gain":0,"player_choice":"Card Removal","damage_taken":0,"max_hp_gain":0,"max_hp_loss":0,"event_name":"The Cleric","floor":13,"gold_loss":75}],"is_beta":false,"boss_relics":[],"items_purged_floors":[7],"is_endless":false,"potions_floor_spawned":[2,5],"killed_by":"Slime Boss","ascension_level":20}