{"gold_per_floor":[117,135,135,150,50,50,83,96,96,122,139,139,139,154,154,229,229,247,247,347,2,16,16,42,42,91,91,105,105,105,155,155,229,229,245,295,345,204,219,219,234,234,234,244,244,70,84,101,101,101,101,101,101,3,30,30],"floor_reached":57,"playtime":2218,"items_purged":["Strike_B","Zap","Defend_B"],"score":2610,"play_id":"7c4d1e07-ef8d-4d9f-820f-a6c3265ba9db","local_time":"20190420024711","is_ascension_mode":true,"campfire_choices":[{"data":"Darkness","floor":6.0,"key":"SMITH"},{"data":"Dualcast","floor":12.0,"key":"SMITH"},{"floor":15.0,"key":"REST"},{"data":"Defragment","floor":23.0,"key":"SMITH"},{"data":"Redo","floor":25.0,"key":"SMITH"},{"data":"Coolheaded","floor":27.0,"key":"SMITH"},{"data":"Capacitor","floor":29.0,"key":"SMITH"},{"floor":32.0,"key":"RECALL"},{"data":"Self Repair","floor":40.0,"key":"SMITH"},{"data":"Echo Form","floor":42.0,"key":"SMITH"},{"data":"Defend_B","floor":45.0,"key":"SMITH"},{"data":"Defend_B","floor":49.0,"key":"SMITH"},{"data":"Defend_B","floor":53.0,"key":"SMITH"}],"neow_cost":"NONE","seed_source_timestamp":135846168837102,"circlet_count":0,"master_deck":["AscendersBane","Defend_B+1","Defend_B+1","Defend_B+1","Dualcast+1","Darkness+1","Coolheaded+1","Redo+1","Multi-Cast+1","Capacitor+1","Echo Form+1","Defragment+1","Turbo+1","Consume+1","Steam Power+1","Self Repair+1","Fission+1","Coolheaded+1","Double Energy+1","Steam Power+1","Impatience+1","Skim+1","Fusion+1"],"special_seed":0,"relics":["Cracked Core","NeowsBlessing","Dodecahedron","Toxic Egg 2","Juzu Bracelet","Nuclear Battery","Ice Cream","Blue Candle","Art of War","SsserpentHead","Nloth\u0027s Gift","Empty Cage","Mango","Ornamental Fan"],"potions_floor_usage":[56],"damage_taken":[{"damage":0.0,"enemies":"Jaw Worm","floor":1.0,"turns":1.0},{"damage":0.0,"enemies":"Cultist","floor":2.0,"turns":1.0},{"damage":0.0,"enemies":"Small Slimes","floor":4.0,"turns":1.0},{"damage":16.0,"enemies":"Lagavulin","floor":7.0,"turns":6.0},{"damage":4.0,"enemies":"3 Louse","floor":8.0,"turns":3.0},{"damage":28.0,"enemies":"Gremlin Nob","floor":10.0,"turns":4.0},{"damage":11.0,"enemies":"Blue Slaver","floor":11.0,"turns":4.0},{"damage":4.0,"enemies":"2 Fungi Beasts","floor":14.0,"turns":3.0},{"damage":20.0,"enemies":"Slime Boss","floor":16.0,"turns":7.0},{"damage":23.0,"enemies":"Spheric Guardian","floor":18.0,"turns":4.0},{"damage":21.0,"enemies":"Colosseum Slavers","floor":20.0,"turns":4.0},{"damage":24.0,"enemies":"Colosseum Nobs","floor":20.0,"turns":3.0},{"damage":17.0,"enemies":"3 Byrds","floor":22.0,"turns":4.0},{"damage":19.0,"enemies":"Gremlin Leader","floor":24.0,"turns":5.0},{"damage":6.0,"enemies":"Snecko","floor":28.0,"turns":4.0},{"damage":36.0,"enemies":"Champ","floor":33.0,"turns":9.0},{"damage":53.0,"enemies":"3 Darklings","floor":35.0,"turns":4.0},{"damage":1.0,"enemies":"3 Shapes","floor":39.0,"turns":4.0},{"damage":0.0,"enemies":"Maw","floor":41.0,"turns":5.0},{"damage":0.0,"enemies":"Writhing Mass","floor":44.0,"turns":2.0},{"damage":0.0,"enemies":"Transient","floor":47.0,"turns":3.0},{"damage":2.0,"enemies":"3 Darklings","floor":48.0,"turns":2.0},{"damage":19.0,"enemies":"Time Eater","floor":50.0,"turns":3.0},{"damage":18.0,"enemies":"Awakened One","floor":51.0,"turns":4.0},{"damage":0.0,"enemies":"Shield and Spear","floor":55.0,"turns":2.0},{"damage":82,"enemies":"The Heart","floor":56,"turns":11}],"seed_played":"4627929582538895022","potions_obtained":[{"floor":2.0,"key":"Regen Potion"},{"floor":10.0,"key":"LiquidBronze"},{"floor":11.0,"key":"EssenceOfSteel"},{"floor":13.0,"key":"Weak Potion"},{"floor":13.0,"key":"FearPotion"},{"floor":22.0,"key":"Dexterity Potion"},{"floor":24.0,"key":"SpeedPotion"},{"floor":33.0,"key":"Explosive Potion"},{"floor":39.0,"key":"Strength Potion"},{"floor":41.0,"key":"Poison Potion"}],"is_trial":false,"path_per_floor":["M","M","?","M","$","R","E","M","T","E","M","R","?","M","R","B",null,"M","?","?","$","M","R","E","R","T","R","M","R","?","?","R","B",null,"M","?","?","$","M","R","M","R","T","M","R","$","M","M","R","B","B",null,"R","$","E","B",null],"character_chosen":"DEFECT","items_purchased":["Redo","Lee\u0027s Waffle","Turbo+1","Consume+1","Double Energy+1","Impatience+1","Fusion+1","SpeedPotion"],"campfire_rested":1,"item_purchase_floors":[5,21,21,21,38,46,54,54],"current_hp_per_floor":[64,64,64,64,64,64,48,44,44,28,17,17,17,13,34,14,57,34,81,36,88,71,71,52,52,52,52,46,46,46,46,46,17,70,24,24,72,72,72,72,72,72,86,86,86,86,86,84,84,75,67,81,81,81,86,14],"gold":30,"neow_bonus":"THREE_ENEMY_KILL","is_prod":false,"is_daily":false,"chose_seed":false,"campfire_upgraded":11,"win_rate":0,"timestamp":1555699631,"path_taken":["M","M","?","M","$","R","E","M","T","E","M","R","?","M","R","BOSS","M","?","?","$","M","R","E","R","T","R","M","R","?","?","R","BOSS","M","?","?","$","M","R","M","R","T","M","R","?","M","M","R","BOSS","BOSS","R","$","E","BOSS"],"build_version":"2019-01-23","purchased_purges":3,"victory":true,"max_hp_per_floor":[71,71,71,71,71,71,71,71,71,71,71,71,71,71,71,71,71,71,81,81,88,88,88,88,88,88,88,88,88,88,88,88,88,88,88,88,72,72,72,72,72,72,86,86,86,86,86,86,86,86,86,86,86,86,86,86],"card_choices":[{"not_picked":["Hologram","Conserve Battery"],"picked":"Sunder","floor":1.0},{"not_picked":["Tempest","Compile Driver","Redo"],"picked":"SKIP","floor":2.0},{"not_picked":["Compile Driver","Heatsinks"],"picked":"Coolheaded","floor":4.0},{"not_picked":["Hyperbeam","Gash","Scrape"],"picked":"SKIP","floor":7.0},{"not_picked":["Steam","Sunder","Stack"],"picked":"SKIP","floor":8.0},{"not_picked":["Reprogram+1","Rebound"],"picked":"Multi-Cast+1","floor":10.0},{"not_picked":["Leap+1","Rebound"],"picked":"Creative AI","floor":11.0},{"not_picked":["Auto Shields+1","Steam Power+1"],"picked":"Capacitor","floor":14.0},{"not_picked":["Seek+1","Machine Learning"],"picked":"Echo Form","floor":16.0},{"not_picked":["Storm+1","Compile Driver","Genetic Algorithm+1"],"picked":"SKIP","floor":18.0},{"not_picked":["Streamline","Sweeping Beam"],"picked":"Defragment","floor":20.0},{"not_picked":["Aggregate+1","Redo+1","Beam Cell"],"picked":"SKIP","floor":22.0},{"not_picked":["Rip and Tear","Sweeping Beam"],"picked":"Steam Power+1","floor":24.0},{"not_picked":["Stack+1","Redo+1"],"picked":"Self Repair","floor":28.0},{"not_picked":["Reboot+1","Creative AI"],"picked":"Fission+1","floor":33.0},{"not_picked":["Turbo+1","Compile Driver"],"picked":"Coolheaded+1","floor":35.0},{"not_picked":["Stack+1","Conserve Battery+1","Doom and Gloom"],"picked":"SKIP","floor":39.0},{"not_picked":["Doom and Gloom","Compile Driver"],"picked":"Steam Power+1","floor":41.0},{"not_picked":["Darkness+1","Scrape+1","Ball Lightning+1"],"picked":"SKIP","floor":44.0},{"not_picked":["Storm","Scrape+1","Steam+1"],"picked":"SKIP","floor":47.0},{"not_picked":["Compile Driver+1","Genetic Algorithm+1"],"picked":"Skim+1","floor":48.0},{"not_picked":["Barrage","Aggregate+1","Meteor Strike"],"picked":"SKIP","floor":55.0}],"player_experience":4413974,"relics_obtained":[{"floor":7.0,"key":"Dodecahedron"},{"floor":9.0,"key":"Toxic Egg 2"},{"floor":10.0,"key":"Juzu Bracelet"},{"floor":20.0,"key":"Ice Cream"},{"floor":20.0,"key":"Blue Candle"},{"floor":24.0,"key":"Art of War"},{"floor":43.0,"key":"Mango"},{"floor":55.0,"key":"Ornamental Fan"}],"event_choices":[{"damage_healed":0.0,"max_hp_gain":0.0,"max_hp_loss":0.0,"gold_gain":0.0,"cards_transformed":["Strike_B"],"event_name":"Transmorgrifier","player_choice":"Transformed","floor":3.0,"gold_loss":0.0,"damage_taken":0.0,"cards_obtained":["Darkness"]},{"damage_healed":0.0,"max_hp_gain":0.0,"max_hp_loss":0.0,"gold_gain":0.0,"event_name":"Lab","player_choice":"Got Potions","floor":13.0,"gold_loss":0.0,"damage_taken":0.0},{"cards_removed":["Creative AI"],"damage_healed":37.0,"max_hp_gain":10.0,"max_hp_loss":0.0,"gold_gain":0.0,"event_name":"Bonfire Elementals","player_choice":"Offered Rare","floor":19.0,"gold_loss":0.0,"damage_taken":0.0},{"damage_healed":0.0,"max_hp_gain":0.0,"max_hp_loss":0.0,"gold_gain":0.0,"event_name":"Colosseum","player_choice":"Fight","floor":20.0,"gold_loss":0.0,"damage_taken":0.0},{"damage_healed":0.0,"max_hp_gain":0.0,"max_hp_loss":0.0,"gold_gain":0.0,"event_name":"Colosseum","player_choice":"Fought Nobs","floor":20.0,"gold_loss":0.0,"damage_taken":0.0},{"damage_healed":0.0,"max_hp_gain":0.0,"max_hp_loss":0.0,"gold_gain":0.0,"event_name":"FaceTrader","player_choice":"Trade","floor":30.0,"gold_loss":0.0,"damage_taken":0.0,"relics_obtained":["SsserpentHead"]},{"damage_healed":0.0,"max_hp_gain":0.0,"max_hp_loss":0.0,"gold_gain":0.0,"event_name":"N\u0027loth","player_choice":"Traded Relic","floor":31.0,"relics_lost":["Lee\u0027s Waffle"],"gold_loss":0.0,"damage_taken":0.0,"relics_obtained":["Nloth\u0027s Gift"]},{"cards_removed":["Sunder"],"damage_healed":0.0,"max_hp_gain":0.0,"max_hp_loss":0.0,"gold_gain":0.0,"event_name":"Falling","player_choice":"Removed Attack","floor":36.0,"gold_loss":0.0,"damage_taken":0.0},{"damage_healed":72.0,"max_hp_gain":0.0,"max_hp_loss":16.0,"gold_gain":0.0,"event_name":"The Moai Head","player_choice":"Heal","floor":37.0,"gold_loss":0.0,"damage_taken":0.0}],"is_beta":false,"boss_relics":[{"not_picked":["Runic Dome","Calling Bell"],"picked":"Nuclear Battery"},{"not_picked":["Snecko Eye","Lizard Tail"],"picked":"Empty Cage"}],"items_purged_floors":[5,38,46],"is_endless":false,"potions_floor_spawned":[2,10,11,14,22,24,33,39,41],"ascension_level":20}