{"gold_per_floor":[116,266,191,116,134,134,134,134,159,159,53,83,94,123,123,197,197],"floor_reached":17,"playtime":373,"items_purged":["Strike_G"],"score":372,"play_id":"50c077af-ada3-47a0-b369-5b64300c6f31","local_time":"20190313215357","is_ascension_mode":true,"campfire_choices":[{"data":"Neutralize","floor":6.0,"key":"SMITH"},{"data":"All Out Attack","floor":8.0,"key":"SMITH"},{"data":"Survivor","floor":10.0,"key":"SMITH"},{"data":"Discovery","floor":15.0,"key":"SMITH"}],"neow_cost":"NONE","seed_source_timestamp":22210330337207,"circlet_count":0,"master_deck":["AscendersBane","Survivor+1","Neutralize+1","All Out Attack+1","Discovery+1","Tactician","Corpse Explosion","Leg Sweep","Night Terror","Bane","Choke","Flechettes","Eviscerate","Grand Finale","Choke","Crippling Poison","Dash","Die Die Die"],"special_seed":0,"relics":["Ring of the Snake","NeowsBlessing","Happy Flower","PreservedInsect","Ornamental Fan","Pandora\u0027s Box"],"potions_floor_usage":[],"damage_taken":[{"damage":0.0,"enemies":"2 Louse","floor":1.0,"turns":1.0},{"damage":0.0,"enemies":"Jaw Worm","floor":5.0,"turns":1.0},{"damage":0.0,"enemies":"Gremlin Nob","floor":12.0,"turns":1.0},{"damage":0.0,"enemies":"Cultist","floor":13.0,"turns":3.0},{"damage":20.0,"enemies":"Lagavulin","floor":14.0,"turns":6.0},{"damage":25.0,"enemies":"The Guardian","floor":16.0,"turns":17.0}],"seed_played":"8829545669405191502","potions_obtained":[{"floor":5.0,"key":"Weak Potion"},{"floor":13.0,"key":"SkillPotion"}],"is_trial":false,"path_per_floor":["M","?","?","$","M","R","$","R","T","R","$","E","M","E","R","B",null],"character_chosen":"THE_SILENT","items_purchased":["Discovery"],"campfire_rested":0,"item_purchase_floors":[11],"current_hp_per_floor":[59,59,59,59,59,59,59,59,59,59,59,59,59,39,39,14,53],"gold":197,"neow_bonus":"THREE_ENEMY_KILL","is_prod":false,"is_daily":false,"chose_seed":false,"campfire_upgraded":4,"win_rate":0,"timestamp":1552485237,"path_taken":["M","?","?","$","M","R","?","R","T","R","$","E","M","E","R","BOSS"],"build_version":"2019-01-23","purchased_purges":1,"victory":false,"max_hp_per_floor":[66,66,66,66,66,66,66,66,66,66,66,66,66,66,66,66,66],"card_choices":[{"not_picked":["Underhanded Strike","PiercingWail","Outmaneuver"],"picked":"SKIP","floor":1.0},{"not_picked":["Blade Dance","Skewer"],"picked":"All Out Attack","floor":5.0},{"not_picked":["Underhanded Strike","Bane"],"picked":"Tactician","floor":12.0},{"not_picked":["Backflip","Cloak And Dagger"],"picked":"Corpse Explosion","floor":13.0},{"not_picked":["Quick Slash","Dash"],"picked":"Leg Sweep","floor":14.0},{"not_picked":["Corpse Explosion","Doppelganger"],"picked":"Night Terror","floor":16.0}],"player_experience":3556411,"relics_obtained":[{"floor":9.0,"key":"Happy Flower"},{"floor":12.0,"key":"PreservedInsect"},{"floor":14.0,"key":"Ornamental Fan"}],"event_choices":[{"damage_healed":0.0,"max_hp_gain":0.0,"max_hp_loss":0.0,"gold_gain":150.0,"event_name":"Liars Game","player_choice":"AGREE","floor":2.0,"gold_loss":0.0,"damage_taken":0.0,"cards_obtained":["Doubt"]},{"cards_removed":["Doubt"],"damage_healed":0.0,"max_hp_gain":0.0,"max_hp_loss":0.0,"gold_gain":0.0,"event_name":"The Cleric","player_choice":"Card Removal","floor":3.0,"gold_loss":75.0,"damage_taken":0.0}],"is_beta":false,"boss_relics":[{"not_picked":["Cursed Key","Eternal Feather"],"picked":"Pandora\u0027s Box"}],"items_purged_floors":[4],"is_endless":false,"potions_floor_spawned":[5,13],"ascension_level":20}