{"gold_per_floor":[117,117,17,292,305,330,330,146,173,173,183,183,217,4,4,78,78,96,96,111,111,127,127,127,127,209,209,224,252,269,283,283,361,361,373,223,242,67,85,118,130,130,130,165,210,210,228,262,262,262,262,262,262,62,96,96],"floor_reached":57,"playtime":2865,"items_purged":["Defend_G","Regret","Strike_G","Strike_G","Defend_G","Defend_G+1"],"score":3436,"play_id":"91631d80-dfce-4534-8907-89eed467f908","local_time":"20190419194228","is_ascension_mode":true,"campfire_choices":[{"data":"Acrobatics","floor":10.0,"key":"SMITH"},{"data":"Tactician","floor":12.0,"key":"SMITH"},{"data":"Well Laid Plans","floor":15.0,"key":"SMITH"},{"data":"Reflex","floor":23.0,"key":"SMITH"},{"data":"Neutralize","floor":25.0,"key":"SMITH"},{"floor":27.0,"key":"RECALL"},{"data":"Survivor","floor":32,"key":"SMITH"},{"data":"Defend_G","floor":42,"key":"SMITH"},{"data":"Defend_G","floor":49,"key":"SMITH"},{"data":"Defend_G","floor":53,"key":"SMITH"}],"neow_cost":"NONE","seed_source_timestamp":110597379264400,"circlet_count":0,"master_deck":["AscendersBane","Defend_G+1","Defend_G+1","Survivor+1","Neutralize+1","Tactician+1","Reflex+1","Acrobatics+1","Bouncing Flask+1","Acrobatics+1","Catalyst+1","Well Laid Plans+1","Backflip+1","Adrenaline+1","Catalyst+1"],"special_seed":0,"relics":["Ring of the Snake","NeowsBlessing","Toxic Egg 2","Anchor","Bag of Marbles","Coffee Dripper","Sundial","Blue Candle","Empty Cage","Oddly Smooth Stone","Ginger","Mummified Hand","The Specimen"],"potions_floor_usage":[29,56],"damage_taken":[{"damage":0.0,"enemies":"2 Louse","floor":1.0,"turns":1.0},{"damage":0.0,"enemies":"Cultist","floor":5.0,"turns":1.0},{"damage":0.0,"enemies":"3 Sentries","floor":6.0,"turns":2.0},{"damage":4.0,"enemies":"Small Slimes","floor":11.0,"turns":3.0},{"damage":9.0,"enemies":"Lagavulin","floor":13.0,"turns":5.0},{"damage":25.0,"enemies":"Slime Boss","floor":16.0,"turns":5.0},{"damage":0.0,"enemies":"2 Thieves","floor":18.0,"turns":4.0},{"damage":0.0,"enemies":"Shell Parasite","floor":20.0,"turns":2.0},{"damage":0.0,"enemies":"Snake Plant","floor":22.0,"turns":2.0},{"damage":0.0,"enemies":"Centurion and Healer","floor":28.0,"turns":5.0},{"damage":1,"enemies":"Slavers","floor":29,"turns":3},{"damage":0,"enemies":"3 Cultists","floor":30,"turns":5},{"damage":24,"enemies":"Cultist and Chosen","floor":31,"turns":6},{"damage":0,"enemies":"Automaton","floor":33,"turns":8},{"damage":0,"enemies":"Orb Walker","floor":35,"turns":2},{"damage":0,"enemies":"3 Shapes","floor":37,"turns":3},{"damage":0,"enemies":"Sphere and 2 Shapes","floor":39,"turns":2},{"damage":0,"enemies":"Nemesis","floor":40,"turns":3},{"damage":0,"enemies":"Writhing Mass","floor":41,"turns":2},{"damage":0,"enemies":"Giant Head","floor":44,"turns":3},{"damage":1,"enemies":"2 Orb Walkers","floor":45,"turns":1},{"damage":0,"enemies":"Transient","floor":47,"turns":6},{"damage":1,"enemies":"Nemesis","floor":48,"turns":1},{"damage":1,"enemies":"Donu and Deca","floor":50,"turns":2},{"damage":0,"enemies":"Time Eater","floor":51,"turns":4},{"damage":0,"enemies":"Shield and Spear","floor":55,"turns":2},{"damage":0,"enemies":"The Heart","floor":56,"turns":4}],"seed_played":"7243704103499492110","potions_obtained":[{"floor":1.0,"key":"Regen Potion"},{"floor":16.0,"key":"AttackPotion"},{"floor":18.0,"key":"Dexterity Potion"},{"floor":20.0,"key":"GhostInAJar"},{"floor":29,"key":"Strength Potion"},{"floor":41,"key":"GamblersBrew"}],"is_trial":false,"path_per_floor":["M","?","$","?","M","E","?","$","T","R","M","R","E","$","R","B",null,"M","?","M","$","M","R","$","R","T","R","M","E","M","M","R","B",null,"M","$","M","$","M","E","M","R","T","E","?","?","M","E","R","B","B",null,"R","$","E","B",null],"character_chosen":"THE_SILENT","items_purchased":["Acrobatics","Bouncing Flask+1","Well Laid Plans"],"campfire_rested":0,"item_purchase_floors":[3,8,14],"current_hp_per_floor":[59,59,59,59,59,59,64,64,64,64,60,60,51,51,51,26,60,71,67,67,67,67,67,67,67,67,67,67,66,66,42,42,42,64,64,64,64,64,64,64,64,64,64,64,63,63,63,62,62,61,61,69,69,69,69,69],"gold":96,"neow_bonus":"THREE_ENEMY_KILL","is_prod":false,"is_daily":false,"chose_seed":false,"campfire_upgraded":9,"win_rate":0,"timestamp":1555674148,"path_taken":["M","?","?","?","?","E","?","$","T","R","M","R","E","$","R","BOSS","M","?","?","$","M","R","$","R","T","R","M","E","M","M","R","BOSS","M","$","M","$","M","E","M","R","T","E","?","?","M","E","R","BOSS","BOSS","R","$","E","BOSS"],"build_version":"2019-01-23","purchased_purges":6,"victory":true,"max_hp_per_floor":[66,66,66,66,66,66,71,71,71,71,71,71,71,71,71,71,71,71,71,71,71,71,71,71,71,71,71,71,71,71,71,71,71,71,71,71,71,71,71,71,71,71,71,71,71,71,71,71,71,71,71,71,71,71,71,71],"card_choices":[{"not_picked":["Flying Knee","Calculated Gamble"],"picked":"Tactician","floor":1.0},{"not_picked":["Underhanded Strike","Quick Slash","Flying Knee"],"picked":"SKIP","floor":5.0},{"not_picked":["Underhanded Strike","Heel Hook","Blade Dance"],"picked":"SKIP","floor":6.0},{"not_picked":["Outmaneuver+1","Envenom"],"picked":"Acrobatics+1","floor":11.0},{"not_picked":["Slice","Bane"],"picked":"Catalyst+1","floor":13.0},{"not_picked":["Quick Slash+1","Poisoned Stab"],"picked":"Backflip+1","floor":18.0},{"not_picked":["Reflex+1","Dagger Spray","Outmaneuver+1"],"picked":"SKIP","floor":20.0},{"not_picked":["PiercingWail+1","Dagger Spray","Setup+1"],"picked":"SKIP","floor":22.0},{"not_picked":["Blade Dance+1","Dodge and Roll+1","Footwork"],"picked":"SKIP","floor":28.0},{"not_picked":["Eviscerate","Cloak And Dagger+1","Masterful Stab+1"],"picked":"SKIP","floor":29},{"not_picked":["Skewer","Dagger Spray","Crippling Poison+1"],"picked":"SKIP","floor":30},{"not_picked":["Deadly Poison+1","Quick Slash","Noxious Fumes"],"picked":"SKIP","floor":31},{"not_picked":["A Thousand Cuts","Venomology+1"],"picked":"Adrenaline+1","floor":33},{"not_picked":["Setup+1","Flying Knee+1","PiercingWail+1"],"picked":"SKIP","floor":35},{"not_picked":["PiercingWail+1","Reflex+1","Calculated Gamble+1"],"picked":"SKIP","floor":37},{"not_picked":["Quick Slash","Backflip+1","Predator"],"picked":"SKIP","floor":39},{"not_picked":["Footwork","Concentrate+1","Noxious Fumes+1"],"picked":"SKIP","floor":40},{"not_picked":["Blade Dance+1","Venomology+1","Dagger Throw"],"picked":"SKIP","floor":41},{"not_picked":["Deflect+1","Cloak And Dagger+1","Blade Dance+1"],"picked":"SKIP","floor":44},{"not_picked":["Dash","Backflip+1","Unload"],"picked":"SKIP","floor":47},{"not_picked":["Skewer","Terror+1","Caltrops"],"picked":"SKIP","floor":48},{"not_picked":["Heel Hook","Outmaneuver+1"],"picked":"Catalyst+1","floor":55}],"player_experience":4410901,"relics_obtained":[{"floor":6.0,"key":"Toxic Egg 2"},{"floor":9.0,"key":"Anchor"},{"floor":13.0,"key":"Bag of Marbles"},{"floor":26.0,"key":"Sundial"},{"floor":29,"key":"Blue Candle"},{"floor":40,"key":"Oddly Smooth Stone"},{"floor":45,"key":"Ginger"},{"floor":48,"key":"Mummified Hand"},{"floor":55,"key":"The Specimen"}],"event_choices":[{"damage_healed":0.0,"max_hp_gain":0.0,"max_hp_loss":0.0,"gold_gain":0.0,"cards_transformed":["Strike_G"],"event_name":"Transmorgrifier","player_choice":"Transformed","floor":2.0,"gold_loss":0.0,"damage_taken":0.0,"cards_obtained":["Reflex"]},{"damage_healed":0.0,"max_hp_gain":0.0,"max_hp_loss":0.0,"gold_gain":275.0,"event_name":"Golden Shrine","player_choice":"Desecrate","floor":4.0,"gold_loss":0.0,"damage_taken":0.0,"cards_obtained":["Regret"]},{"damage_healed":0.0,"max_hp_gain":5.0,"max_hp_loss":0.0,"gold_gain":0.0,"event_name":"Big Fish","player_choice":"Donut","floor":7.0,"gold_loss":0.0,"damage_taken":0.0},{"damage_healed":0.0,"max_hp_gain":0.0,"max_hp_loss":0.0,"gold_gain":0.0,"event_name":"The Woman in Blue","player_choice":"Bought 0 Potions","floor":19.0,"gold_loss":0.0,"damage_taken":0.0},{"damage_healed":0,"gold_gain":0,"player_choice":"Fight","damage_taken":0,"max_hp_gain":0,"max_hp_loss":0,"event_name":"Mysterious Sphere","floor":45,"gold_loss":0},{"damage_healed":0,"gold_gain":0,"player_choice":"Ignored","damage_taken":0,"max_hp_gain":0,"max_hp_loss":0,"event_name":"Tomb of Lord Red Mask","floor":46,"gold_loss":0}],"is_beta":false,"boss_relics":[{"not_picked":["Orrery","Tiny House"],"picked":"Coffee Dripper"},{"not_picked":["Runic Dome","Cursed Key"],"picked":"Empty Cage"}],"items_purged_floors":[3,8,14,36,38,54],"is_endless":false,"potions_floor_spawned":[1,16,18,20,29,30,35,39,41,45],"ascension_level":20}