{"gold_per_floor":[367,292,292,135,152,152,302,9,62,78,140,140,140,140,140,216,216,226,316,93,109,125,125,151,151,232,232,244,262,275,290,290,361,361,372,252,252,265,284,284,299,309,309,27,43,91,102,112,112,112,112,112,112,112,146,146],"floor_reached":57,"playtime":2659,"items_purged":["Shame","Bash","Doubt","Demon Form","Clash"],"score":2852,"play_id":"b92f5a3f-35c2-4a7b-a88f-5c2e0ad65fea","local_time":"20190528160024","is_ascension_mode":true,"campfire_choices":[{"data":"Limit Break","floor":6.0,"key":"SMITH"},{"data":"Armaments","floor":12.0,"key":"SMITH"},{"data":"Power Through","floor":15.0,"key":"SMITH"},{"data":"Sword Boomerang","floor":23.0,"key":"SMITH"},{"data":"Limit Break","floor":25.0,"key":"SMITH"},{"data":"Offering","floor":27.0,"key":"SMITH"},{"data":"Shockwave","floor":32.0,"key":"SMITH"},{"data":"Flex","floor":40.0,"key":"SMITH"},{"floor":49.0,"key":"RECALL"},{"data":"Battle Trance","floor":53.0,"key":"SMITH"}],"neow_cost":"CURSE","seed_source_timestamp":13676539973949,"circlet_count":0,"master_deck":["AscendersBane","Body Slam+1","Limit Break+1","Flex+1","Armaments+1","Offering+1","Power Through+1","Limit Break+1","Pommel Strike+1","Sword Boomerang+1","Impervious","Inflame+1","Shockwave+1","Offering+1","Twin Strike","Feed","Feel No Pain","Armaments","Warcry+1","Flex+1","Shrug It Off+1","Reaper","Second Wind+1","Battle Trance+1","Sentinel+1"],"special_seed":0,"relics":["Burning Blood","Centennial Puzzle","Lantern","Tiny Chest","Regal Pillow","Coffee Dripper","Brimstone","StoneCalendar","The Courier","Pandora\u0027s Box","War Paint","Kunai"],"potions_floor_usage":[56,56],"damage_taken":[{"damage":9.0,"enemies":"Jaw Worm","floor":1.0,"turns":3.0},{"damage":13.0,"enemies":"Cultist","floor":5.0,"turns":5.0},{"damage":3.0,"enemies":"2 Louse","floor":10.0,"turns":2.0},{"damage":14.0,"enemies":"Gremlin Nob","floor":11.0,"turns":3.0},{"damage":15.0,"enemies":"Slime Boss","floor":16.0,"turns":7.0},{"damage":27.0,"enemies":"Shell Parasite","floor":18.0,"turns":3.0},{"damage":17.0,"enemies":"2 Thieves","floor":21.0,"turns":3.0},{"damage":0.0,"enemies":"Sentry and Sphere","floor":22.0,"turns":3.0},{"damage":12.0,"enemies":"Book of Stabbing","floor":24.0,"turns":3.0},{"damage":6.0,"enemies":"3 Cultists","floor":28.0,"turns":3.0},{"damage":7.0,"enemies":"Centurion and Healer","floor":29.0,"turns":3.0},{"damage":6.0,"enemies":"Snecko","floor":30.0,"turns":4.0},{"damage":0.0,"enemies":"Cultist and Chosen","floor":31.0,"turns":3.0},{"damage":6.0,"enemies":"Automaton","floor":33.0,"turns":4.0},{"damage":26.0,"enemies":"3 Shapes","floor":35.0,"turns":3.0},{"damage":6.0,"enemies":"3 Darklings","floor":38.0,"turns":2.0},{"damage":32.0,"enemies":"Jaw Worm Horde","floor":39.0,"turns":3.0},{"damage":6.0,"enemies":"Maw","floor":41.0,"turns":4.0},{"damage":12.0,"enemies":"Transient","floor":42.0,"turns":5.0},{"damage":12.0,"enemies":"3 Darklings","floor":45.0,"turns":4.0},{"damage":6.0,"enemies":"Maw","floor":47.0,"turns":4.0},{"damage":12.0,"enemies":"Writhing Mass","floor":48.0,"turns":2.0},{"damage":12.0,"enemies":"Time Eater","floor":50.0,"turns":3.0},{"damage":65.0,"enemies":"Awakened One","floor":51.0,"turns":5.0},{"damage":12.0,"enemies":"Shield and Spear","floor":55.0,"turns":2.0},{"damage":174,"enemies":"The Heart","floor":56,"turns":6}],"seed_played":"5595422760457248802","potions_obtained":[{"floor":1.0,"key":"AttackPotion"},{"floor":10.0,"key":"SkillPotion"},{"floor":18.0,"key":"Fire Potion"},{"floor":22.0,"key":"Explosive Potion"},{"floor":29.0,"key":"Poison Potion"},{"floor":41.0,"key":"GamblersBrew"},{"floor":48.0,"key":"SkillPotion"},{"floor":55.0,"key":"PowerPotion"}],"is_trial":false,"path_per_floor":["M","$","?","$","M","R","?","$","T","M","E","R","?","?","R","B",null,"M","?","$","M","M","R","E","R","T","R","M","M","M","M","R","B",null,"M","$","?","M","M","R","M","M","T","$","M","T","M","M","R","B","B",null,"R","$","E","B",null],"character_chosen":"IRONCLAD","items_purchased":["Flex","Centennial Puzzle","Brimstone","Reaper"],"campfire_rested":0,"item_purchase_floors":[4,8,20,44],"current_hp_per_floor":[65,65,65,65,58,58,58,58,58,61,53,53,48,25,25,16,60,39,25,25,14,20,20,14,14,14,14,14,13,13,19,19,19,61,44,44,44,44,21,21,21,19,19,19,85,85,85,85,85,83,92,92,92,92,96,15],"gold":146,"neow_bonus":"TWO_FIFTY_GOLD","is_prod":false,"is_daily":false,"chose_seed":false,"campfire_upgraded":9,"win_rate":0,"timestamp":1559030424,"path_taken":["M","$","?","$","?","R","?","$","T","M","E","R","?","?","R","BOSS","M","?","$","M","M","R","E","R","T","R","M","?","M","M","R","BOSS","M","$","?","M","M","R","M","M","T","$","M","?","M","M","R","BOSS","BOSS","R","$","E","BOSS"],"build_version":"2019-01-23","purchased_purges":5,"victory":true,"max_hp_per_floor":[75,75,75,75,75,75,75,75,75,75,75,75,75,75,75,75,75,75,75,75,75,75,75,75,75,75,75,75,75,75,75,75,75,75,78,78,78,78,81,81,81,85,85,85,85,85,85,85,85,89,92,92,92,92,96,96],"card_choices":[{"not_picked":["Perfected Strike","Rage"],"picked":"Body Slam","floor":1.0},{"not_picked":["Twin Strike","Warcry"],"picked":"Armaments","floor":5.0},{"not_picked":["Clash","Inflame"],"picked":"Offering","floor":10.0},{"not_picked":["Clash","Body Slam"],"picked":"Power Through","floor":11.0},{"not_picked":["Bludgeon","Berserk"],"picked":"Limit Break","floor":16.0},{"not_picked":["Warcry","Carnage"],"picked":"Pommel Strike+1","floor":18.0},{"not_picked":["Power Through","Combust"],"picked":"Sword Boomerang","floor":21.0},{"not_picked":["Infernal Blade","Sword Boomerang","Headbutt"],"picked":"SKIP","floor":22.0},{"not_picked":["Cleave","Spot Weakness"],"picked":"Impervious","floor":24.0},{"not_picked":["Iron Wave","Shrug It Off"],"picked":"Inflame+1","floor":28.0},{"not_picked":["Dual Wield","Juggernaut","Thunderclap"],"picked":"SKIP","floor":29.0},{"not_picked":["Sword Boomerang","Iron Wave+1","Fire Breathing"],"picked":"SKIP","floor":30.0},{"not_picked":["Heavy Blade+1","Sentinel"],"picked":"Shockwave","floor":31.0},{"not_picked":["Exhume","Limit Break"],"picked":"Offering","floor":33.0},{"not_picked":["Headbutt","Entrench","Warcry"],"picked":"SKIP","floor":35.0},{"not_picked":["Headbutt","Uppercut","Pommel Strike"],"picked":"SKIP","floor":38.0},{"not_picked":["Warcry","Sever Soul"],"picked":"Shrug It Off+1","floor":39.0},{"not_picked":["Blood for Blood","Rage","Shrug It Off"],"picked":"SKIP","floor":41.0},{"not_picked":["Heavy Blade","Spot Weakness+1","Sword Boomerang+1"],"picked":"SKIP","floor":42.0},{"not_picked":["Rupture","Flex"],"picked":"Second Wind+1","floor":45.0},{"not_picked":["Havoc","Immolate"],"picked":"Battle Trance","floor":47.0},{"not_picked":["Battle Trance","Twin Strike"],"picked":"Sentinel+1","floor":48.0},{"not_picked":["Flame Barrier","Body Slam","Twin Strike"],"picked":"SKIP","floor":55.0}],"player_experience":4890718,"relics_obtained":[{"floor":9.0,"key":"Lantern"},{"floor":11.0,"key":"Tiny Chest"},{"floor":24.0,"key":"StoneCalendar"},{"floor":26.0,"key":"The Courier"},{"floor":46.0,"key":"War Paint"},{"floor":55.0,"key":"Kunai"}],"event_choices":[{"damage_healed":0.0,"max_hp_gain":0.0,"max_hp_loss":0.0,"gold_gain":0.0,"cards_transformed":["Strike_R"],"event_name":"Transmorgrifier","player_choice":"Transformed","floor":3.0,"gold_loss":0.0,"damage_taken":0.0,"cards_obtained":["Limit Break"]},{"damage_healed":0.0,"max_hp_gain":0.0,"max_hp_loss":0.0,"gold_gain":150.0,"event_name":"Liars Game","player_choice":"AGREE","floor":7.0,"gold_loss":0.0,"damage_taken":0.0,"cards_obtained":["Doubt"]},{"damage_healed":0.0,"max_hp_gain":0.0,"max_hp_loss":0.0,"gold_gain":0.0,"event_name":"Scrap Ooze","player_choice":"Success","floor":13.0,"gold_loss":0.0,"damage_taken":5.0,"relics_obtained":["Regal Pillow"]},{"damage_healed":0.0,"max_hp_gain":0.0,"max_hp_loss":0.0,"gold_gain":0.0,"event_name":"Shining Light","player_choice":"Entered Light","floor":14.0,"gold_loss":0.0,"damage_taken":23.0,"cards_upgraded":["Body Slam","Flex"]},{"damage_healed":0.0,"max_hp_gain":0.0,"max_hp_loss":0.0,"gold_gain":90.0,"event_name":"Knowing Skull","player_choice":"GOLD ","floor":19.0,"potions_obtained":[],"gold_loss":0.0,"damage_taken":14.0,"cards_obtained":[]},{"damage_healed":0.0,"max_hp_gain":0.0,"max_hp_loss":0.0,"gold_gain":0.0,"event_name":"SensoryStone","player_choice":"Memory 1","floor":37.0,"gold_loss":0.0,"damage_taken":0.0}],"is_beta":false,"boss_relics":[{"not_picked":["Orrery","Runic Dome"],"picked":"Coffee Dripper"},{"not_picked":["Busted Crown","Snecko Eye"],"picked":"Pandora\u0027s Box"}],"items_purged_floors":[2,4,8,36,44],"is_endless":false,"potions_floor_spawned":[1,10,18,22,29,41,42,48,55],"ascension_level":20}