{"path_per_floor":["M","?","M","?","$","R","E","?","T","M","M","R","M","M","R","B",null,"M","?","M","M","$","R","M","R","T","M","M","$","R","M","R","B",null,"M","M","?","M","$","R","$","E","T","E","M","?","$","?","R"],"character_chosen":"THE_SILENT","items_purchased":["Girya","Ninja Scroll","Accuracy"],"gold_per_floor":[113,113,137,137,62,62,102,102,102,115,128,128,149,174,174,297,297,313,313,336,357,44,44,64,64,64,80,99,99,99,119,119,244,244,268,283,347,371,45,45,45,88,111,152,171,0,0,0,0,0],"floor_reached":50,"campfire_rested":4,"playtime":3145,"current_hp_per_floor":[70,70,62,62,62,62,50,50,50,47,45,45,37,34,55,25,70,59,59,50,42,42,42,42,42,42,42,37,37,37,17,38,7,70,64,47,47,21,21,42,42,42,42,42,41,41,41,41,62,0],"items_purged":["Defend_G"],"gold":0,"score":579,"play_id":"c7d397be-35eb-45d8-a945-e86f259e9372","local_time":"20180422221438","is_prod":false,"is_daily":false,"chose_seed":false,"is_ascension_mode":false,"campfire_upgraded":2,"timestamp":1524428078,"path_taken":["M","?","M","?","$","R","E","?","T","?","M","R","M","M","R","BOSS","M","?","M","M","$","R","M","R","T","M","M","$","R","M","R","BOSS","M","M","?","M","$","R","?","E","T","E","?","?","$","?","R","BOSS"],"build_version":"2018-04-19","seed_source_timestamp":24962262004466,"purchased_purges":1,"victory":false,"master_deck":["Survivor","Neutralize+1","Outmaneuver","Predator","Dark Shackles","Blur","Escape Plan","Prepared+1","All Out Attack","Storm of Steel","Predator","Deadly Poison","Outmaneuver","Backflip","Underhanded Strike","Dagger Throw","Bane","Dagger Throw","Noxious Fumes","Catalyst","Decay","Backflip+1","Calculated Gamble","Crippling Poison","Bouncing Flask","Cloak And Dagger+1","Night Terror","Cloak And Dagger+1","Acrobatics+1","Endless Agony+1","Accuracy","Escape Plan","Distraction+1","Distraction+1"],"max_hp_per_floor":[70,70,70,70,70,70,70,70,70,70,70,70,70,70,70,70,70,70,70,70,70,70,70,70,70,70,70,70,70,70,70,70,70,70,70,70,70,70,70,70,70,70,70,70,70,70,70,70,70,70],"relics":["Ring of the Snake","Golden Idol","Bronze Scales","Tough Bandages","Pandora\u0027s Box","Girya","Art of War","Snecko Eye","Dead Branch","Ninja Scroll","Ancient Tea Set","Bag of Marbles","Ice Cream","Red Mask"],"card_choices":[{"not_picked":["Dodge and Roll","Dagger Throw"],"picked":"Outmaneuver","floor":1},{"not_picked":["Caltrops","PiercingWail"],"picked":"Predator","floor":3},{"not_picked":["Outmaneuver","Acrobatics"],"picked":"Blur","floor":7},{"not_picked":["Dagger Throw","Malaise"],"picked":"Escape Plan","floor":10},{"not_picked":["Underhanded Strike","Dodge and Roll"],"picked":"Prepared","floor":11},{"not_picked":["Catalyst","Expertise"],"picked":"All Out Attack","floor":14},{"not_picked":["Adrenaline","Envenom"],"picked":"Storm of Steel","floor":16},{"not_picked":["Reflex","Dash"],"picked":"Catalyst","floor":18},{"not_picked":["Flying Knee","Bane"],"picked":"Backflip","floor":20},{"not_picked":["Outmaneuver","Deflect"],"picked":"Calculated Gamble","floor":21},{"not_picked":["Sucker Punch","Bullet Time"],"picked":"Crippling Poison","floor":24},{"not_picked":["Prepared","Dagger Spray"],"picked":"Bouncing Flask","floor":27},{"not_picked":["Bane","Well Laid Plans"],"picked":"Cloak And Dagger","floor":31},{"not_picked":["A Thousand Cuts","Phantasmal Killer"],"picked":"Night Terror","floor":33},{"not_picked":["Outmaneuver","Acrobatics"],"picked":"Cloak And Dagger","floor":36},{"not_picked":["Sucker Punch","Quick Slash"],"picked":"Acrobatics","floor":37},{"not_picked":["Distraction","Dagger Throw"],"picked":"Endless Agony","floor":38},{"not_picked":["Grand Finale","Finisher"],"picked":"Escape Plan","floor":44},{"not_picked":["Flying Knee","Dodge and Roll"],"picked":"Distraction","floor":45}],"player_experience":225326,"potions_floor_usage":[16,16,18,27,28,33,38,45,50,50],"damage_taken":[{"damage":0,"enemies":"2 Louse","floor":1,"turns":4},{"damage":8,"enemies":"Cultist","floor":3,"turns":6},{"damage":12,"enemies":"Lagavulin","floor":7,"turns":8},{"damage":3,"enemies":"Jaw Worm","floor":10,"turns":3},{"damage":2,"enemies":"Gremlin Gang","floor":11,"turns":4},{"damage":8,"enemies":"Exordium Wildlife","floor":13,"turns":3},{"damage":3,"enemies":"2 Fungi Beasts","floor":14,"turns":4},{"damage":30,"enemies":"The Guardian","floor":16,"turns":12},{"damage":11,"enemies":"2 Thieves","floor":18,"turns":4},{"damage":9,"enemies":"3 Byrds","floor":20,"turns":2},{"damage":8,"enemies":"Centurion and Healer","floor":21,"turns":6},{"damage":0,"enemies":"Snecko","floor":24,"turns":5},{"damage":0,"enemies":"3 Cultists","floor":27,"turns":4},{"damage":5,"enemies":"Centurion and Healer","floor":28,"turns":5},{"damage":20,"enemies":"Sentry and Sphere","floor":31,"turns":5},{"damage":31,"enemies":"Champ","floor":33,"turns":8},{"damage":6,"enemies":"3 Shapes","floor":35,"turns":3},{"damage":17,"enemies":"3 Darklings","floor":36,"turns":4},{"damage":0,"enemies":"Mysterious Sphere","floor":37,"turns":3},{"damage":26,"enemies":"Maw","floor":38,"turns":7},{"damage":0,"enemies":"Nemesis","floor":42,"turns":3},{"damage":0,"enemies":"2 Orb Walkers","floor":44,"turns":1},{"damage":7,"enemies":"Sphere and 2 Shapes","floor":45,"turns":3},{"damage":62,"enemies":"Time Eater","floor":50,"turns":7}],"event_choices":[{"event_name":"Golden Idol","player_choice":"Take Wound","floor":2,"damage_taken":0},{"event_name":"Match and Keep!","player_choice":"1 cards matched","floor":4,"damage_taken":0},{"event_name":"Fountain of Cleansing","player_choice":"Removed Curse","floor":8,"damage_taken":0},{"event_name":"Wheel of Change","player_choice":"Curse","floor":19,"damage_taken":0},{"event_name":"Mysterious Sphere","player_choice":"Fight","floor":37,"damage_taken":0},{"event_name":"Tomb of Lord Red Mask","player_choice":"Paid","floor":46,"damage_taken":0},{"event_name":"Duplicator","player_choice":"One dupe","floor":48,"damage_taken":0}],"boss_relics":[{"not_picked":["Black Star","Tiny House"],"picked":"Pandora\u0027s Box"},{"not_picked":["White Beast Statue","Lizard Tail"],"picked":"Snecko Eye"}],"potions_floor_spawned":[7,13,14,16,18,24,31,36,42,44],"seed_played":"-649321056515472201","killed_by":"Time Eater","ascension_level":0,"is_trial":false}