{"gold_per_floor":[118,137,137,137,151,184,204,204,204,218,231,121,98,49,49,126,126,144,144,160,160,20,20,40,40,64,97,97,110,130,149,149,223,223,238,238,65,0,10,38,38,55,130,146,165,175,175,190,190,190],"floor_reached":50,"playtime":2358,"items_purged":["Strike_G","Well Laid Plans","Slice"],"score":915,"play_id":"f8787eaf-a8f8-4ae1-9651-030948562bce","local_time":"20180826110031","is_ascension_mode":true,"campfire_choices":[{"data":"Cloak And Dagger","floor":8.0,"key":"SMITH"},{"data":"Neutralize","floor":15.0,"key":"SMITH"},{"floor":23.0,"key":"REST"},{"floor":25.0,"key":"REST"},{"floor":28.0,"key":"REST"},{"floor":32.0,"key":"REST"},{"floor":47.0,"key":"REST"},{"floor":49.0,"key":"REST"}],"neow_cost":"","seed_source_timestamp":0,"circlet_count":0,"master_deck":["Survivor","Neutralize+1","AscendersBane","Poisoned Stab","Crippling Poison+1","Cloak And Dagger+1","Distraction+1","Blade Dance+1","Deadly Poison+1","Bullet Time+1","Backflip+1","Escape Plan+1","Endless Agony+1","Cloak And Dagger+1","Dagger Spray","Infinite Blades","Backflip+1","Burst+1","Outmaneuver+1","Accuracy","Prepared+1","Poisoned Stab","Bouncing Flask+1","Quick Slash","Sucker Punch","Bane","Dagger Throw","Catalyst+1","Tactician+1","Tactician+1","Choke","Backflip+1","Blur+1","Blade Dance+1"],"special_seed":0,"relics":["Ring of the Snake","Vajra","Strawberry","Toxic Egg 2","Runic Pyramid","War Paint","Question Card","Pandora\u0027s Box","Red Mask","Blue Candle","Ninja Scroll"],"potions_floor_usage":[50,50],"damage_taken":[{"damage":0.0,"enemies":"Jaw Worm","floor":1.0,"turns":7.0},{"damage":0.0,"enemies":"Small Slimes","floor":2.0,"turns":3.0},{"damage":0.0,"enemies":"Cultist","floor":5.0,"turns":3.0},{"damage":24.0,"enemies":"3 Sentries","floor":6.0,"turns":10.0},{"damage":7.0,"enemies":"Exordium Thugs","floor":7.0,"turns":4.0},{"damage":7.0,"enemies":"3 Louse","floor":10.0,"turns":4.0},{"damage":6.0,"enemies":"Exordium Wildlife","floor":11.0,"turns":4.0},{"damage":18.0,"enemies":"Slime Boss","floor":16.0,"turns":7.0},{"damage":10.0,"enemies":"2 Thieves","floor":18.0,"turns":4.0},{"damage":2.0,"enemies":"Shell Parasite","floor":20.0,"turns":5.0},{"damage":4.0,"enemies":"Colosseum Slavers","floor":21.0,"turns":5.0},{"damage":19.0,"enemies":"Snake Plant","floor":24.0,"turns":4.0},{"damage":34.0,"enemies":"Slavers","floor":27.0,"turns":6.0},{"damage":18.0,"enemies":"Shelled Parasite and Fungi","floor":29.0,"turns":4.0},{"damage":2.0,"enemies":"Cultist and Chosen","floor":30.0,"turns":3.0},{"damage":15.0,"enemies":"Snake Plant","floor":31.0,"turns":4.0},{"damage":15.0,"enemies":"Automaton","floor":33.0,"turns":12.0},{"damage":2.0,"enemies":"Orb Walker","floor":35.0,"turns":2.0},{"damage":0.0,"enemies":"Flame Bruiser 1 Orb","floor":39.0,"turns":3.0},{"damage":52.0,"enemies":"2 Orb Walkers","floor":40.0,"turns":4.0},{"damage":4.0,"enemies":"Jaw Worm Horde","floor":42.0,"turns":3.0},{"damage":4.0,"enemies":"4 Shapes","floor":44.0,"turns":5.0},{"damage":6.0,"enemies":"Transient","floor":45.0,"turns":5.0},{"damage":0.0,"enemies":"Jaw Worm Horde","floor":46.0,"turns":3.0},{"damage":2.0,"enemies":"4 Shapes","floor":48.0,"turns":5.0},{"damage":72,"enemies":"Awakened One","floor":50,"turns":7}],"seed_played":"-7196676811585676174","potions_obtained":[{"floor":5.0,"key":"GhostInAJar"},{"floor":10.0,"key":"Explosive Potion"},{"floor":11.0,"key":"SteroidPotion"},{"floor":18.0,"key":"SpeedPotion"},{"floor":42.0,"key":"Regen Potion"},{"floor":48.0,"key":"GamblersBrew"}],"is_trial":false,"path_per_floor":["M","M","?","T","M","E","M","R","T","M","M","$","$","?","R","B",null,"M","?","M","?","$","R","M","R","T","E","R","M","M","M","R","B",null,"M","?","$","?","M","E","$","M","T","M","M","M","R","M","R"],"character_chosen":"THE_SILENT","items_purchased":["Well Laid Plans","Deadly Poison+1","Escape Plan+1","Swift Potion"],"campfire_rested":6,"item_purchase_floors":[12,13,22,37],"current_hp_per_floor":[59,59,64,64,64,47,40,40,40,33,27,27,27,27,27,9,61,51,29,27,23,23,47,28,52,52,18,42,24,22,7,31,16,66,64,64,64,64,64,12,12,8,8,19,13,13,37,35,59,0],"gold":190,"neow_bonus":"","is_prod":false,"is_daily":false,"chose_seed":false,"campfire_upgraded":2,"win_rate":0,"timestamp":1535252431,"path_taken":["M","M","?","?","?","E","M","R","T","M","M","?","$","?","R","BOSS","M","?","M","?","$","R","M","R","T","E","R","M","M","M","R","BOSS","M","?","?","?","M","E","$","M","T","M","?","M","R","M","R","BOSS"],"build_version":"2018-08-23v2","purchased_purges":3,"victory":false,"max_hp_per_floor":[66,66,71,71,71,78,78,78,78,78,78,78,78,78,78,78,78,78,83,83,83,83,83,83,83,83,83,83,83,83,83,83,83,83,83,83,83,83,83,83,83,83,83,83,83,83,83,83,83,83],"card_choices":[{"not_picked":["Prepared","Eviscerate"],"picked":"Poisoned Stab","floor":1.0},{"not_picked":["Sucker Punch","Bouncing Flask"],"picked":"Slice","floor":2.0},{"not_picked":["Outmaneuver","Dagger Throw"],"picked":"Poisoned Stab","floor":5.0},{"not_picked":["Acrobatics","PiercingWail"],"picked":"Crippling Poison","floor":6.0},{"not_picked":["Prepared","Wraith Form v2"],"picked":"Cloak And Dagger","floor":7.0},{"not_picked":["Quick Slash","Slice"],"picked":"Distraction+1","floor":10.0},{"not_picked":["Slice","Setup+1"],"picked":"Blade Dance+1","floor":11.0},{"not_picked":["Die Die Die","Venomology+1"],"picked":"Bullet Time+1","floor":16.0},{"not_picked":["Dagger Spray","Underhanded Strike+1"],"picked":"Backflip+1","floor":18.0},{"not_picked":["Deflect+1","Poisoned Stab+1","All Out Attack"],"picked":"SKIP","floor":20.0},{"not_picked":["Blade Dance+1","Flechettes"],"picked":"Endless Agony+1","floor":24.0},{"not_picked":["Terror+1","Dodge and Roll+1"],"picked":"Cloak And Dagger+1","floor":27.0},{"not_picked":["Well Laid Plans","All Out Attack","Masterful Stab"],"picked":"Dagger Spray","floor":29.0},{"not_picked":["PiercingWail+1","Bane","Heel Hook"],"picked":"Infinite Blades","floor":30.0},{"not_picked":["Crippling Poison+1","PiercingWail+1","Blade Dance+1"],"picked":"Backflip+1","floor":31.0},{"not_picked":["Envenom","Corpse Explosion+1","Grand Finale"],"picked":"Burst+1","floor":33.0},{"not_picked":["Predator+1","Outmaneuver+1","Deflect+1"],"picked":"Catalyst+1","floor":35.0},{"not_picked":["Footwork","Outmaneuver+1","Prepared+1"],"picked":"Tactician+1","floor":39.0},{"not_picked":["Backflip+1","Die Die Die","Bane"],"picked":"Tactician+1","floor":40.0},{"not_picked":["All Out Attack","Poisoned Stab","Dash+1"],"picked":"Choke","floor":42.0},{"not_picked":["Flechettes","Finisher","Deadly Poison+1"],"picked":"Backflip+1","floor":44.0},{"not_picked":["Poisoned Stab+1","Slice","Heel Hook"],"picked":"Blur+1","floor":45.0},{"not_picked":["Bane","Outmaneuver+1","Quick Slash","Footwork"],"picked":"SKIP","floor":46.0},{"not_picked":["Envenom","PiercingWail+1","Footwork"],"picked":"Blade Dance+1","floor":48.0}],"player_experience":900077,"relics_obtained":[{"floor":4.0,"key":"Vajra"},{"floor":6.0,"key":"Strawberry"},{"floor":9.0,"key":"Toxic Egg 2"},{"floor":26.0,"key":"War Paint"},{"floor":27.0,"key":"Question Card"},{"floor":40.0,"key":"Blue Candle"},{"floor":43.0,"key":"Ninja Scroll"}],"event_choices":[{"event_name":"Big Fish","player_choice":"Donut","floor":3.0,"damage_taken":0.0},{"event_name":"World of Goop","player_choice":"Left","floor":14.0,"damage_taken":0.0},{"event_name":"Forgotten Altar","player_choice":"Shed Blood","floor":19.0,"damage_taken":0.0},{"event_name":"Colosseum","player_choice":"Fight","floor":21.0,"damage_taken":0.0},{"event_name":"Colosseum","player_choice":"Fled From Nobs","floor":21.0,"damage_taken":0.0},{"event_name":"Falling","player_choice":"Removed Attack","floor":36.0,"damage_taken":0.0},{"event_name":"Tomb of Lord Red Mask","player_choice":"Paid","floor":38.0,"damage_taken":0.0}],"is_beta":true,"boss_relics":[{"not_picked":["Tiny House","Sozu"],"picked":"Runic Pyramid"},{"not_picked":["Black Star","White Beast Statue"],"picked":"Pandora\u0027s Box"}],"items_purged_floors":[12,22,37],"is_endless":false,"potions_floor_spawned":[5,10,11,18,21,29,42,48],"killed_by":"Awakened One","ascension_level":15}