{"gold_per_floor":[114,39,39,55,55,89,103,118,118,118,151,167,211,234,234,355,355,348,248,248,347,372,372,412,412,492,492,515,528,549,624,624,747,747,767,782,692,692,100,100],"floor_reached":40,"playtime":1589,"items_purged":["Strike_R","Wild Strike","Anger"],"score":714,"play_id":"938448bb-f31c-493a-bb5f-03cf1d299ef3","local_time":"20181010094520","is_ascension_mode":true,"campfire_choices":[{"data":"Flex","floor":10,"key":"SMITH"},{"data":"Fiend Fire","floor":15,"key":"SMITH"},{"data":"Inflame","floor":23,"key":"SMITH"},{"data":"Heavy Blade","floor":25,"key":"SMITH"},{"floor":27,"key":"REST"},{"floor":32,"key":"REST"}],"neow_cost":"NONE","seed_source_timestamp":4106918078806,"circlet_count":0,"master_deck":["AscendersBane","Flex+1","Thunderclap","Impervious+1","Ghostly Armor+1","Infernal Blade+1","Fiend Fire+1","Flex+1","Limit Break+1","Sword Boomerang+1","Headbutt","Heavy Blade+1","Inflame+1","Anger","Spot Weakness+1","True Grit+1","Power Through+1","Flame Barrier+1","Warcry+1","Reaper","Shrug It Off+1","Finesse+1"],"relics":["Burning Blood","NeowsBlessing","Meat on the Bone","Golden Idol","Toxic Egg 2","Mummified Hand","Question Card","Shuriken","Pandora\u0027s Box","Dodecahedron","Cursed Key","Paper Frog"],"potions_floor_usage":[12,16,40],"damage_taken":[{"damage":0,"enemies":"2 Louse","floor":1,"turns":1},{"damage":0,"enemies":"Small Slimes","floor":4,"turns":1},{"damage":0,"enemies":"Gremlin Nob","floor":6,"turns":1},{"damage":4,"enemies":"Jaw Worm","floor":7,"turns":4},{"damage":8,"enemies":"Red Slaver","floor":8,"turns":5},{"damage":25,"enemies":"3 Sentries","floor":11,"turns":8},{"damage":17,"enemies":"Exordium Thugs","floor":12,"turns":5},{"damage":11,"enemies":"Lagavulin","floor":13,"turns":8},{"damage":11,"enemies":"Exordium Wildlife","floor":14,"turns":6},{"damage":53,"enemies":"The Guardian","floor":16,"turns":13},{"damage":22,"enemies":"2 Thieves","floor":18,"turns":4},{"damage":27,"enemies":"3 Byrds","floor":22,"turns":4},{"damage":35,"enemies":"Gremlin Leader","floor":24,"turns":5},{"damage":24,"enemies":"Snake Plant","floor":28,"turns":2},{"damage":11,"enemies":"Sentry and Sphere","floor":29,"turns":3},{"damage":0,"enemies":"Snecko","floor":30,"turns":2},{"damage":24,"enemies":"Champ","floor":33,"turns":8},{"damage":19,"enemies":"Orb Walker","floor":35,"turns":4},{"damage":45,"enemies":"3 Darklings","floor":36,"turns":6},{"damage":82,"enemies":"Nemesis","floor":40,"turns":9}],"seed_played":"-8191235909532731148","potions_obtained":[{"floor":6,"key":"EssenceOfSteel"},{"floor":11,"key":"Fruit Juice"},{"floor":13,"key":"SpeedPotion"},{"floor":14,"key":"Explosive Potion"},{"floor":16,"key":"EssenceOfSteel"},{"floor":29,"key":"FearPotion"}],"is_trial":false,"path_per_floor":["M","$","?","M","?","E","M","M","T","R","E","M","E","M","R","B",null,"M","$","?","?","M","R","E","R","T","R","M","M","M","?","R","B",null,"M","M","?","?","$"],"character_chosen":"IRONCLAD","items_purchased":["Shrug It Off+1","Finesse+1","Paper Frog","Regen Potion"],"campfire_rested":2,"item_purchase_floors":[39,39,39,39],"current_hp_per_floor":[78,78,53,59,39,57,59,57,57,57,50,56,51,58,58,23,70,54,54,54,54,45,45,28,28,28,53,47,54,60,52,77,59,79,66,55,55,55,55,0],"gold":100,"neow_bonus":"THREE_ENEMY_KILL","is_prod":false,"is_daily":false,"chose_seed":false,"campfire_upgraded":4,"win_rate":0,"timestamp":1539135920,"path_taken":["M","$","?","M","?","E","?","M","T","R","E","?","E","?","R","BOSS","M","$","?","?","M","R","E","R","T","R","M","?","M","?","R","BOSS","M","M","?","?","$","E"],"build_version":"2018-10-04v2","purchased_purges":3,"victory":false,"max_hp_per_floor":[80,80,80,80,80,80,80,80,80,80,80,85,85,85,85,85,85,85,85,85,85,85,85,85,85,85,85,85,85,85,85,85,85,85,85,85,85,85,85,85],"card_choices":[{"not_picked":["Twin Strike","Hemokinesis"],"picked":"Flex","floor":1},{"not_picked":["Thunderclap","Clothesline","True Grit"],"picked":"SKIP","floor":4},{"not_picked":["Clothesline","True Grit"],"picked":"Thunderclap","floor":4},{"not_picked":["Flex","Heavy Blade"],"picked":"Impervious","floor":6},{"not_picked":["True Grit+1","Cleave"],"picked":"Ghostly Armor+1","floor":7},{"not_picked":["Hemokinesis","Warcry+1"],"picked":"Infernal Blade+1","floor":8},{"not_picked":["Thunderclap","Second Wind+1"],"picked":"Fiend Fire","floor":11},{"not_picked":["Body Slam","Sentinel+1","Cleave"],"picked":"Flex+1","floor":12},{"not_picked":["Perfected Strike","Rupture","Anger","Clothesline"],"picked":"SKIP","floor":13},{"not_picked":["Combust","Clothesline","Metallicize","Berserk"],"picked":"SKIP","floor":14},{"not_picked":["Offering+1","Double Tap+1","Brutality"],"picked":"Limit Break+1","floor":16},{"not_picked":["Wild Strike+1","Heavy Blade","Headbutt+1"],"picked":"Spot Weakness+1","floor":18},{"not_picked":["Twin Strike","Intimidate+1","Wild Strike"],"picked":"True Grit+1","floor":22},{"not_picked":["Hemokinesis","Intimidate+1","Carnage"],"picked":"Power Through+1","floor":24},{"not_picked":["Iron Wave+1","Headbutt","Bloodletting+1","Pommel Strike"],"picked":"SKIP","floor":28},{"not_picked":["Seeing Red+1","Pommel Strike+1","Bloodletting+1"],"picked":"Flame Barrier+1","floor":29},{"not_picked":["Pommel Strike","Cleave+1","Carnage"],"picked":"Warcry+1","floor":30},{"not_picked":["Offering+1","Bludgeon","Juggernaut"],"picked":"Reaper","floor":33},{"not_picked":["Armaments+1","Wild Strike+1","Hemokinesis+1","Thunderclap+1"],"picked":"SKIP","floor":35},{"not_picked":["Havoc+1","Pummel","Pommel Strike","Flex+1"],"picked":"SKIP","floor":36}],"player_experience":71269,"relics_obtained":[{"floor":6,"key":"Toxic Egg 2"},{"floor":9,"key":"Mummified Hand"},{"floor":11,"key":"Question Card"},{"floor":13,"key":"Shuriken"},{"floor":24,"key":"Dodecahedron"}],"event_choices":[{"event_name":"Scrap Ooze","player_choice":"success","floor":3,"damage_taken":25},{"event_name":"Golden Idol","player_choice":"Take Damage","floor":5,"damage_taken":0},{"event_name":"Purifier","player_choice":"One Purge","floor":20,"damage_taken":0},{"event_name":"Nest","player_choice":"Stole From Cult","floor":21,"damage_taken":0},{"event_name":"FaceTrader","player_choice":"Touch","floor":31,"damage_taken":0},{"event_name":"Designer","player_choice":"Full Service","floor":37,"damage_taken":0},{"event_name":"Mysterious Sphere","player_choice":"Ignore","floor":38,"damage_taken":0}],"is_beta":false,"boss_relics":[{"not_picked":["Calling Bell","Black Blood"],"picked":"Pandora\u0027s Box"},{"not_picked":["White Beast Statue","Empty Cage"],"picked":"Cursed Key"}],"items_purged_floors":[2,19,39],"is_endless":false,"potions_floor_spawned":[6,11,13,14,16,22,28,29,35],"killed_by":"Nemesis","ascension_level":10}