{"gold_per_floor":[112,129,129,54,64,64,64,95,121,121,146,162,172,188,188,263,263],"floor_reached":17,"playtime":528,"items_purged":["Pain"],"score":384,"play_id":"614d88c7-a3b3-46a2-9e25-727b52d50816","local_time":"20190224023423","is_ascension_mode":true,"campfire_choices":[{"data":"Zap","floor":7,"key":"SMITH"},{"data":"Fission","floor":10,"key":"SMITH"},{"data":"Dualcast","floor":15,"key":"SMITH"}],"neow_cost":"NONE","seed_source_timestamp":542234981781054,"circlet_count":0,"master_deck":["AscendersBane","Strike_B","Strike_B","Strike_B","Strike_B","Defend_B","Defend_B","Defend_B","Defend_B","Zap+1","Dualcast+1","Ball Lightning","Glacier","Fission+1","Beam Cell+1","Leap","BootSequence","Steam"],"relics":["Cracked Core","NeowsBlessing","WarpedTongs","Omamori","Art of War","Molten Egg 2","Runic Dome"],"potions_floor_usage":[16,16],"damage_taken":[{"damage":0,"enemies":"Small Slimes","floor":1,"turns":1},{"damage":0,"enemies":"Cultist","floor":2,"turns":1},{"damage":0,"enemies":"Jaw Worm","floor":5,"turns":1},{"damage":0,"enemies":"Lagavulin","floor":8,"turns":10},{"damage":5,"enemies":"3 Sentries","floor":11,"turns":9},{"damage":13,"enemies":"Exordium Thugs","floor":12,"turns":5},{"damage":0,"enemies":"Lots of Slimes","floor":13,"turns":5},{"damage":3,"enemies":"Large Slime","floor":14,"turns":5},{"damage":49,"enemies":"Slime Boss","floor":16,"turns":12}],"seed_played":"6629063563025583793","potions_obtained":[{"floor":5,"key":"SpeedPotion"},{"floor":8,"key":"Weak Potion"},{"floor":11,"key":"Fire Potion"},{"floor":14,"key":"Poison Potion"}],"is_trial":false,"path_per_floor":["M","M","?","$","M","?","R","E","T","R","E","M","M","M","R","B",null],"character_chosen":"DEFECT","items_purchased":[],"campfire_rested":0,"item_purchase_floors":[],"current_hp_per_floor":[64,64,64,64,64,71,71,71,71,71,66,53,53,50,50,1,54],"gold":263,"neow_bonus":"THREE_ENEMY_KILL","is_prod":false,"is_daily":false,"chose_seed":false,"campfire_upgraded":3,"win_rate":0,"timestamp":1550946863,"path_taken":["M","M","?","$","?","?","R","E","T","R","E","M","M","M","R","BOSS"],"build_version":"2019-01-23","purchased_purges":1,"victory":false,"max_hp_per_floor":[71,71,71,71,71,71,71,71,71,71,71,71,71,71,71,71,71],"card_choices":[{"not_picked":["Leap","Go for the Eyes"],"picked":"Rip and Tear","floor":1},{"not_picked":["Conserve Battery","Static Discharge"],"picked":"Ball Lightning","floor":2},{"not_picked":["Streamline","Melter"],"picked":"Glacier","floor":5},{"not_picked":["Reprogram","Redo"],"picked":"Fission","floor":8},{"not_picked":["Steam","Sweeping Beam"],"picked":"Beam Cell","floor":11},{"not_picked":["Rebound+1","Steam"],"picked":"Leap","floor":12},{"not_picked":["Barrage+1","Auto Shields"],"picked":"BootSequence","floor":13},{"not_picked":["Leap","Redo"],"picked":"Steam","floor":14}],"player_experience":963089,"relics_obtained":[{"floor":8,"key":"Omamori"},{"floor":9,"key":"Art of War"},{"floor":11,"key":"Molten Egg 2"}],"event_choices":[{"damage_healed":0,"gold_gain":0,"player_choice":"Rummage","damage_taken":0,"relics_obtained":["WarpedTongs"],"max_hp_gain":0,"max_hp_loss":0,"event_name":"Accursed Blacksmith","floor":3,"gold_loss":0,"cards_obtained":["Pain"]},{"cards_removed":["Rip and Tear"],"damage_healed":7,"gold_gain":0,"player_choice":"Offered Uncommon","damage_taken":0,"max_hp_gain":0,"max_hp_loss":0,"event_name":"Bonfire Elementals","floor":6,"gold_loss":0}],"is_beta":false,"boss_relics":[{"not_picked":["Lizard Tail","FrozenCore"],"picked":"Runic Dome"}],"items_purged_floors":[4],"is_endless":false,"potions_floor_spawned":[5,8,11,14],"ascension_level":20}