{"gold_per_floor":[113,133,133,145,162,190,207,237,263,283,294,294,226,237,237,237],"floor_reached":16,"playtime":493,"items_purged":[],"score":203,"play_id":"adcdfb3a-5c1c-4920-831a-118f0aee176f","local_time":"20180727215104","is_ascension_mode":true,"campfire_choices":[{"floor":12,"key":"REST"},{"data":"Blade Dance","floor":15,"key":"SMITH"}],"neow_cost":"","seed_source_timestamp":2570026141196,"circlet_count":0,"master_deck":["Defend_G","Defend_G","Defend_G","Defend_G","Defend_G","Strike_G","Strike_G","Strike_G","Strike_G","Strike_G","Survivor","Neutralize","AscendersBane","Endless Agony","Endless Agony","Crippling Poison","Blade Dance+1","Sucker Punch","Envenom","Slice","Backstab","Deflect","Backflip","Finisher"],"relics":["Ring of the Snake","Dream Catcher","Ornamental Fan","Potion Belt"],"potions_floor_usage":[6,8,8],"damage_taken":[{"damage":0,"enemies":"Small Slimes","floor":1,"turns":6},{"damage":2,"enemies":"Jaw Worm","floor":2,"turns":4},{"damage":0,"enemies":"Cultist","floor":4,"turns":5},{"damage":10,"enemies":"Lots of Slimes","floor":5,"turns":3},{"damage":18,"enemies":"Gremlin Nob","floor":6,"turns":3},{"damage":8,"enemies":"2 Fungi Beasts","floor":7,"turns":2},{"damage":14,"enemies":"3 Sentries","floor":8,"turns":8},{"damage":4,"enemies":"Looter","floor":10,"turns":3},{"damage":0,"enemies":"Exordium Wildlife","floor":11,"turns":3},{"damage":0,"enemies":"Gremlin Gang","floor":14,"turns":3},{"damage":28,"enemies":"Slime Boss","floor":16,"turns":3}],"seed_played":"8698079904007455716","potions_obtained":[{"floor":1,"key":"GamblersBrew"},{"floor":4,"key":"FearPotion"},{"floor":7,"key":"SkillPotion"}],"is_trial":false,"path_per_floor":["M","M","?","M","M","E","M","E","T","M","M","R","?","M","R"],"character_chosen":"THE_SILENT","items_purchased":[],"campfire_rested":1,"item_purchase_floors":[],"current_hp_per_floor":[59,57,57,57,47,29,21,7,7,3,3,22,22,22,22,0],"gold":237,"neow_bonus":"","is_prod":false,"is_daily":false,"chose_seed":false,"campfire_upgraded":1,"win_rate":0,"timestamp":1532699464,"path_taken":["M","M","?","M","?","E","M","E","T","M","M","R","?","?","R","BOSS"],"build_version":"2018-07-26","purchased_purges":0,"victory":false,"max_hp_per_floor":[66,66,66,66,66,66,66,66,66,66,66,66,66,66,66,66],"card_choices":[{"not_picked":["Prepared","Expertise"],"picked":"Endless Agony","floor":1},{"not_picked":["Prepared","PiercingWail"],"picked":"Endless Agony","floor":2},{"not_picked":["Cloak And Dagger","Deflect"],"picked":"Crippling Poison","floor":4},{"not_picked":["Outmaneuver","Quick Slash"],"picked":"Blade Dance","floor":5},{"not_picked":["Skewer","Infinite Blades"],"picked":"Sucker Punch","floor":6},{"not_picked":["Caltrops","Catalyst"],"picked":"Envenom","floor":7},{"not_picked":["Cloak And Dagger","Underhanded Strike"],"picked":"Slice","floor":8},{"not_picked":["Slice","Prepared"],"picked":"Backstab","floor":10},{"not_picked":["Bane","Flechettes"],"picked":"Deflect","floor":11},{"not_picked":["Riddle With Holes","Underhanded Strike"],"picked":"Backflip","floor":12},{"not_picked":["Expertise","Outmaneuver"],"picked":"Finisher","floor":14}],"player_experience":793674,"relics_obtained":[{"floor":6,"key":"Dream Catcher"},{"floor":8,"key":"Ornamental Fan"},{"floor":9,"key":"Potion Belt"}],"event_choices":[{"event_name":"Liars Game","player_choice":"disagreed","floor":3,"damage_taken":0},{"event_name":"World of Goop","player_choice":"Left","floor":13,"damage_taken":0}],"is_beta":true,"boss_relics":[],"items_purged_floors":[],"is_endless":false,"potions_floor_spawned":[1,4,5,7],"killed_by":"Slime Boss","ascension_level":15}