{"gold_per_floor":[116,116,25,25,42,42,77,88,88,115,132,132,156,183,183,258,258,258,129,129,54,4,4,4,4,4,4,4,4,4,4,4,4,4,4,4,0,0,0,0,0,0,0,0,0,0,0,0,0,0],"floor_reached":51,"playtime":2567,"items_purged":["Strike_G","Strike_G"],"score":1734,"play_id":"bfe58519-c6c8-428a-b480-c3294dfd63a3","local_time":"20181006223755","is_ascension_mode":true,"campfire_choices":[{"data":"Terror","floor":6.0,"key":"SMITH"},{"data":"Concentrate","floor":12.0,"key":"SMITH"},{"data":"Neutralize","floor":15.0,"key":"SMITH"},{"data":"Reflex","floor":23.0,"key":"SMITH"},{"data":"Tactician","floor":25.0,"key":"SMITH"},{"floor":29.0,"key":"REST"},{"data":"Well Laid Plans","floor":30.0,"key":"SMITH"},{"data":"Adrenaline","floor":32.0,"key":"SMITH"},{"floor":46.0,"key":"REST"},{"floor":49,"key":"REST"}],"neow_cost":"NONE","seed_source_timestamp":0,"circlet_count":0,"master_deck":["Defend_G","Defend_G","Defend_G","Defend_G","Strike_G","Survivor","Neutralize+1","AscendersBane","Backflip","Terror+1","Escape Plan","Acrobatics","Concentrate+1","Well Laid Plans+1","Blade Dance","Grand Finale+1","Dagger Throw+1","Tactician+1","Reflex+1","Adrenaline+1","Escape Plan","Prepared","Impatience"],"special_seed":0,"relics":["Ring of the Snake","NeowsBlessing","Mango","FossilizedHelix","Vajra","Smiling Mask","WingedGreaves","Ectoplasm","Whetstone","Regal Pillow","Pen Nib","Lizard Tail","Red Mask","Bottled Lightning","Pocketwatch","Lantern","Omamori","Centennial Puzzle","Bag of Marbles"],"potions_floor_usage":[50],"damage_taken":[{"damage":0.0,"enemies":"Jaw Worm","floor":1.0,"turns":1.0},{"damage":0.0,"enemies":"Cultist","floor":5.0,"turns":1.0},{"damage":0.0,"enemies":"Gremlin Nob","floor":7.0,"turns":1.0},{"damage":4.0,"enemies":"2 Louse","floor":8.0,"turns":3.0},{"damage":2.0,"enemies":"Lagavulin","floor":10.0,"turns":7.0},{"damage":0.0,"enemies":"Blue Slaver","floor":11.0,"turns":2.0},{"damage":0.0,"enemies":"Gremlin Nob","floor":14.0,"turns":4.0},{"damage":6.0,"enemies":"The Guardian","floor":16.0,"turns":14.0},{"damage":0.0,"enemies":"Chosen","floor":18.0,"turns":4.0},{"damage":16.0,"enemies":"Spheric Guardian","floor":20.0,"turns":6.0},{"damage":10.0,"enemies":"Gremlin Leader","floor":24.0,"turns":6.0},{"damage":10.0,"enemies":"Slavers","floor":27.0,"turns":6.0},{"damage":17.0,"enemies":"Gremlin Leader","floor":28.0,"turns":4.0},{"damage":0.0,"enemies":"Collector","floor":33.0,"turns":4.0},{"damage":0.0,"enemies":"Orb Walker","floor":35.0,"turns":2.0},{"damage":0.0,"enemies":"3 Darklings","floor":36.0,"turns":2.0},{"damage":22.0,"enemies":"Sphere and 2 Shapes","floor":38.0,"turns":6.0},{"damage":0.0,"enemies":"Reptomancer","floor":39.0,"turns":2.0},{"damage":18.0,"enemies":"2 Orb Walkers","floor":40.0,"turns":5.0},{"damage":0.0,"enemies":"Mind Bloom Boss Battle","floor":41.0,"turns":5.0},{"damage":0.0,"enemies":"Nemesis","floor":42.0,"turns":5.0},{"damage":11.0,"enemies":"2 Orb Walkers","floor":44.0,"turns":5.0},{"damage":54.0,"enemies":"Nemesis","floor":47.0,"turns":13.0},{"damage":98,"enemies":"Time Eater","floor":50,"turns":9}],"seed_played":"8862423471201096902","potions_obtained":[{"floor":1.0,"key":"Ancient Potion"},{"floor":5.0,"key":"SteroidPotion"},{"floor":11.0,"key":"Energy Potion"},{"floor":18.0,"key":"PowerPotion"},{"floor":20.0,"key":"Fire Potion"},{"floor":33.0,"key":"EssenceOfSteel"},{"floor":35.0,"key":"Dexterity Potion"},{"floor":44.0,"key":"SpeedPotion"},{"floor":47.0,"key":"LiquidBronze"}],"is_trial":false,"path_per_floor":["M","?","$","?","M","R","E","M","T","E","M","R","T","E","R","B",null,"M","$","M","?","$","R","E","R","T","E","E","R","R","?","R","B",null,"M","M","?","M","M","E","?","E","T","E","?","R","E","?","R","B"],"character_chosen":"THE_SILENT","items_purchased":["Terror","Tactician"],"campfire_rested":3,"item_purchase_floors":[3,19],"current_hp_per_floor":[59,59,59,52,52,52,66,62,62,60,60,60,60,60,60,54,74,74,74,58,58,58,58,48,48,48,38,21,60,60,60,60,60,75,75,75,75,53,53,35,35,35,35,24,24,63,9,25,64,20],"gold":0,"neow_bonus":"THREE_ENEMY_KILL","is_prod":false,"is_daily":false,"chose_seed":false,"campfire_upgraded":7,"win_rate":0,"timestamp":1538836675,"path_taken":["M","?","$","?","?","R","E","M","T","E","M","R","?","E","R","BOSS","M","$","?","?","$","R","E","R","T","E","E","R","R","?","R","BOSS","M","M","?","M","?","E","?","E","T","E","?","R","E","?","R","BOSS"],"build_version":"2018-10-04v2","purchased_purges":2,"victory":true,"max_hp_per_floor":[66,66,66,66,66,66,80,80,80,80,80,80,80,80,80,80,80,80,80,80,80,80,80,80,80,80,80,80,80,80,80,80,80,80,80,80,80,80,80,80,80,80,80,80,80,80,80,80,80,80],"card_choices":[{"not_picked":["Blur","Deadly Poison"],"picked":"Backflip","floor":1.0},{"not_picked":["Calculated Gamble","Deflect"],"picked":"Escape Plan","floor":5.0},{"not_picked":["Prepared","Concentrate"],"picked":"Acrobatics","floor":7.0},{"not_picked":["Noxious Fumes","Deadly Poison"],"picked":"Concentrate","floor":8.0},{"not_picked":["Dagger Spray","Cloak And Dagger"],"picked":"Well Laid Plans","floor":10.0},{"not_picked":["Flying Knee","Deflect","Riddle With Holes"],"picked":"SKIP","floor":11.0},{"not_picked":["Backflip","Slice"],"picked":"Blade Dance","floor":14.0},{"not_picked":["A Thousand Cuts","Wraith Form v2"],"picked":"Grand Finale","floor":16.0},{"not_picked":["Sucker Punch","Dagger Spray"],"picked":"Dagger Throw","floor":18.0},{"not_picked":["Escape Plan","Poisoned Stab"],"picked":"Reflex","floor":20.0},{"not_picked":["Bouncing Flask","Infinite Blades"],"picked":"Adrenaline","floor":24.0},{"not_picked":["Finisher","Riddle With Holes","Cloak And Dagger"],"picked":"SKIP","floor":27.0},{"not_picked":["Accuracy","Flying Knee","PiercingWail"],"picked":"SKIP","floor":28.0},{"not_picked":["Quick Slash+1","Dodge and Roll+1"],"picked":"Escape Plan","floor":35.0},{"not_picked":["Crippling Poison","Blade Dance","Night Terror"],"picked":"SKIP","floor":36.0},{"not_picked":["Deflect","Cloak And Dagger+1","PiercingWail"],"picked":"SKIP","floor":38.0},{"not_picked":["Crippling Poison","Slice+1"],"picked":"Prepared","floor":39.0},{"not_picked":["Backstab+1","Calculated Gamble","Leg Sweep+1"],"picked":"SKIP","floor":40.0},{"not_picked":["Skewer","Adrenaline","Endless Agony+1"],"picked":"SKIP","floor":42.0},{"not_picked":["Outmaneuver","Sucker Punch","Predator+1"],"picked":"SKIP","floor":44.0},{"not_picked":["Trip","Dramatic Entrance"],"picked":"Impatience","floor":45.0},{"not_picked":["Slice","Finisher","Deadly Poison"],"picked":"SKIP","floor":47.0}],"player_experience":204325,"relics_obtained":[{"floor":7.0,"key":"Mango"},{"floor":9.0,"key":"FossilizedHelix"},{"floor":10.0,"key":"Vajra"},{"floor":13.0,"key":"Smiling Mask"},{"floor":14.0,"key":"WingedGreaves"},{"floor":24.0,"key":"Whetstone"},{"floor":26.0,"key":"Regal Pillow"},{"floor":27.0,"key":"Pen Nib"},{"floor":40.0,"key":"Bottled Lightning"},{"floor":41.0,"key":"Pocketwatch"},{"floor":42.0,"key":"Lantern"},{"floor":43.0,"key":"Omamori"},{"floor":44.0,"key":"Centennial Puzzle"},{"floor":47.0,"key":"Bag of Marbles"}],"event_choices":[{"event_name":"Purifier","player_choice":"One Purge","floor":2.0,"damage_taken":0.0},{"event_name":"Golden Wing","player_choice":"Card Removal","floor":4.0,"damage_taken":0.0},{"event_name":"Beggar","player_choice":"Gave Gold","floor":21.0,"damage_taken":0.0},{"event_name":"Ghosts","player_choice":"Ignored","floor":31.0,"damage_taken":0.0},{"event_name":"Tomb of Lord Red Mask","player_choice":"Paid","floor":37.0,"damage_taken":0.0},{"event_name":"MindBloom","player_choice":"Fight","floor":41.0,"damage_taken":0.0},{"event_name":"SensoryStone","player_choice":"Memory 1","floor":45.0,"damage_taken":0.0},{"event_name":"Winding Halls","player_choice":"Writhe","floor":48,"damage_taken":0}],"is_beta":false,"boss_relics":[{"not_picked":["Calling Bell","Orrery"],"picked":"Ectoplasm"},{"not_picked":["Runic Pyramid","Astrolabe"],"picked":"Lizard Tail"}],"items_purged_floors":[19,22],"is_endless":false,"potions_floor_spawned":[1,5,11,18,20,33,35,38,44,47],"ascension_level":17}