{"path_per_floor":["M","?","M","?","?","R","E","R","T","M","$","?","R","$","R","B",null,"M","$","M","M","T"],"character_chosen":"DEFECT","items_purchased":["Buffer","Leap"],"gold_per_floor":[12,12,25,25,25,25,64,64,64,89,14,89,89,49,49,179,179,163,37,58,74,74,74],"floor_reached":23,"campfire_rested":2,"playtime":1038,"current_hp_per_floor":[75,75,74,74,56,56,2,24,24,29,29,18,40,40,40,11,75,75,75,72,75,75,4],"items_purged":["Defend_B","Defend_B"],"gold":74,"score":187,"play_id":"9b36ea9f-6f1e-4e93-9676-16158b77f0c1","local_time":"20180505162430","is_prod":false,"is_daily":false,"chose_seed":false,"is_ascension_mode":false,"campfire_upgraded":2,"timestamp":1525530270,"path_taken":["M","?","M","?","?","R","E","R","T","M","$","?","R","$","R","BOSS","M","$","M","M","?","E"],"build_version":"2018-05-03","seed_source_timestamp":11780432383043,"purchased_purges":2,"victory":false,"master_deck":["Strike_B","Strike_B","Strike_B","Defend_B","Defend_B","Zap+1","Dualcast","Capacitor+1","Capacitor","Glacier","Self Repair","Barrage","Impulse","Buffer","Prime","Double Energy","Leap","Undo+1","Heatsinks+1"],"max_hp_per_floor":[75,75,75,75,75,75,75,75,75,75,75,75,75,75,75,75,75,75,75,75,75,75,75],"relics":["Cracked Core","Ice Cream","Golden Idol","Dream Catcher","Cables","Nuclear Battery","Shuriken"],"card_choices":[{"not_picked":["Sweeping Beam","Stack"],"picked":"Capacitor","floor":1},{"not_picked":["Barrage","Steam Power"],"picked":"Capacitor","floor":3},{"not_picked":["Capacitor","Streamline"],"picked":"Glacier","floor":7},{"not_picked":["Reinforced Body","Coolheaded"],"picked":"Self Repair","floor":8},{"not_picked":["Chaos","Sweeping Beam"],"picked":"Barrage","floor":10},{"not_picked":["Genetic Algorithm","Gash"],"picked":"Impulse","floor":13},{"not_picked":["Reboot","Hyperbeam"],"picked":"Prime","floor":16},{"not_picked":["Conserve Battery","Impulse"],"picked":"Double Energy","floor":18},{"not_picked":["Axe Kick","Beam Cell"],"picked":"Undo","floor":20},{"not_picked":["Cold Snap","Stack"],"picked":"Heatsinks","floor":21}],"player_experience":49477,"potions_floor_usage":[20,23,23,23],"damage_taken":[{"damage":0,"enemies":"2 Louse","floor":1,"turns":3},{"damage":1,"enemies":"Jaw Worm","floor":3,"turns":4},{"damage":54,"enemies":"Gremlin Nob","floor":7,"turns":6},{"damage":2,"enemies":"Small Slimes","floor":10,"turns":3},{"damage":36,"enemies":"Hexaghost","floor":16,"turns":12},{"damage":7,"enemies":"2 Thieves","floor":18,"turns":4},{"damage":10,"enemies":"Chosen","floor":20,"turns":6},{"damage":5,"enemies":"Centurion and Healer","floor":21,"turns":8},{"damage":79,"enemies":"Book of Stabbing","floor":23,"turns":10}],"event_choices":[{"event_name":"Living Wall","player_choice":"Forget","floor":2,"damage_taken":0},{"event_name":"Liars Game","player_choice":"disagreed","floor":4,"damage_taken":0},{"event_name":"Golden Idol","player_choice":"Take Damage","floor":5,"damage_taken":0},{"event_name":"World of Goop","player_choice":"Gather Gold","floor":12,"damage_taken":0}],"boss_relics":[{"not_picked":["Sozu","Ectoplasm"],"picked":"Nuclear Battery"}],"potions_floor_spawned":[7,16,18,21],"seed_played":"5368316796571488308","killed_by":"Book of Stabbing","ascension_level":0,"is_trial":false}