{"gold_per_floor":[111,129,145,157,174,202,213,243,268,268,69,69,88,105,105,204,204,218,234,159,170,269,269],"floor_reached":23,"playtime":2241,"items_purged":["Strike_R"],"score":207,"play_id":"20cbdb85-de85-44d7-8ce8-450f499920c5","local_time":"20190802144930","is_ascension_mode":false,"campfire_choices":[{"floor":10,"key":"REST"},{"data":"Armaments","floor":12,"key":"SMITH"},{"floor":15,"key":"REST"}],"neow_cost":"NONE","seed_source_timestamp":407404775043900,"circlet_count":0,"master_deck":["Strike_R","Strike_R","Strike_R","Strike_R","Defend_R","Defend_R","Defend_R","Defend_R","Bash","Blood for Blood","Anger","Seeing Red","Flex","Armaments+1","Disarm","Inflame","Flame Barrier","Infinite Blades","PiercingWail","Demon Form","Capacitor","PiercingWail","Dual Wield+1"],"relics":["Sozu","Regal Pillow","Lantern","Happy Flower","PrismaticShard","Snecko Eye"],"potions_floor_usage":[],"damage_taken":[{"damage":1,"enemies":"Cultist","floor":1,"turns":4},{"damage":6,"enemies":"Small Slimes","floor":2,"turns":3},{"damage":3,"enemies":"Jaw Worm","floor":3,"turns":3},{"damage":1,"enemies":"Exordium Wildlife","floor":4,"turns":3},{"damage":7,"enemies":"2 Fungi Beasts","floor":5,"turns":2},{"damage":12,"enemies":"3 Sentries","floor":6,"turns":7},{"damage":2,"enemies":"Blue Slaver","floor":7,"turns":3},{"damage":19,"enemies":"Gremlin Nob","floor":8,"turns":4},{"damage":15,"enemies":"Looter","floor":13,"turns":3},{"damage":4,"enemies":"Large Slime","floor":14,"turns":4},{"damage":41,"enemies":"Slime Boss","floor":16,"turns":11},{"damage":0,"enemies":"Chosen","floor":18,"turns":3},{"damage":30,"enemies":"3 Byrds","floor":19,"turns":5},{"damage":47,"enemies":"3 Cultists","floor":21,"turns":7},{"damage":20,"enemies":"Book of Stabbing","floor":23,"turns":3}],"seed_played":"2509439659322503674","potions_obtained":[],"is_trial":false,"path_per_floor":["M","M","M","M","M","E","M","E","T","R","$","R","M","M","R","B",null,"M","M","$","M","?","E"],"character_chosen":"IRONCLAD","items_purchased":["PrismaticShard"],"campfire_rested":2,"item_purchase_floors":[11],"current_hp_per_floor":[79,73,70,69,62,50,48,29,29,68,68,68,53,49,80,39,80,80,50,50,3,3,0],"gold":269,"neow_bonus":"BOSS_RELIC","is_prod":false,"is_daily":false,"chose_seed":false,"campfire_upgraded":1,"win_rate":0.0,"timestamp":1564778970,"path_taken":["M","M","M","M","M","E","M","E","T","R","$","R","M","M","R","BOSS","M","M","?","M","?","E"],"build_version":"2019-07-17","purchased_purges":1,"victory":false,"max_hp_per_floor":[80,80,80,80,80,80,80,80,80,80,80,80,80,80,80,80,80,80,80,80,80,80,80],"card_choices":[{"not_picked":["Body Slam","Shrug It Off"],"picked":"Blood for Blood","floor":1},{"not_picked":["Twin Strike","Thunderclap"],"picked":"Anger","floor":2},{"not_picked":["Heavy Blade","Rupture"],"picked":"Seeing Red","floor":3},{"not_picked":["Dual Wield","Feel No Pain"],"picked":"Flex","floor":4},{"not_picked":["Sword Boomerang","Combust"],"picked":"Armaments","floor":5},{"not_picked":["Headbutt","Reckless Charge"],"picked":"Disarm","floor":6},{"not_picked":["Pommel Strike","Corruption"],"picked":"Inflame","floor":7},{"not_picked":["Barricade","Body Slam"],"picked":"Flame Barrier","floor":8},{"not_picked":["Spot Weakness","Coolheaded"],"picked":"Infinite Blades","floor":13},{"not_picked":["Flash of Steel","Leap"],"picked":"PiercingWail","floor":14},{"not_picked":["Venomology","Secret Technique"],"picked":"Demon Form","floor":16},{"not_picked":["Barrage","Second Wind"],"picked":"Capacitor","floor":18},{"not_picked":["Blind","Perfected Strike"],"picked":"PiercingWail","floor":19},{"not_picked":["Stack","All Out Attack"],"picked":"Dual Wield+1","floor":21}],"player_experience":12906,"relics_obtained":[{"floor":6,"key":"Regal Pillow"},{"floor":8,"key":"Lantern"},{"floor":9,"key":"Happy Flower"}],"event_choices":[{"damage_healed":0,"gold_gain":99,"player_choice":"Stole From Cult","damage_taken":0,"max_hp_gain":0,"max_hp_loss":0,"event_name":"Nest","floor":22,"gold_loss":0}],"is_beta":false,"boss_relics":[{"not_picked":["Philosopher\u0027s Stone","Runic Cube"],"picked":"Snecko Eye"}],"items_purged_floors":[20],"is_endless":false,"potions_floor_spawned":[3,5,13,14,16,18],"killed_by":"Book of Stabbing","ascension_level":0}