{"gold_per_floor":[364,364,364,77,352,352,56,56,83,93,93,103,103,117,117,193,193,172,187,45,62,77,77,77,89,116,135,163,163,38,49,49,126,126,146,146,146,164,22,22,39,59,59,59],"floor_reached":44,"playtime":3262,"items_purged":["Regret","Strike_G","Defend_G"],"score":890,"play_id":"6d064a00-02eb-487b-bb61-b56536db3d11","local_time":"20190218082607","is_ascension_mode":true,"campfire_choices":[{"data":"Apotheosis","floor":6.0,"key":"SMITH"},{"floor":8.0,"key":"REST"},{"data":"Well Laid Plans","floor":11.0,"key":"SMITH"},{"floor":13.0,"key":"REST"},{"data":"Footwork","floor":15.0,"key":"SMITH"},{"floor":23.0,"key":"REST"},{"floor":29.0,"key":"REST"},{"floor":32.0,"key":"REST"},{"floor":40,"key":"RECALL"}],"neow_cost":"CURSE","seed_source_timestamp":0,"circlet_count":0,"master_deck":["AscendersBane","Defend_G+1","Defend_G","Defend_G","Defend_G","Strike_G","Strike_G","Survivor","Neutralize","Clumsy","Well Laid Plans+1","Apotheosis+1","Footwork+1","Well Laid Plans+1","Backflip","Poisoned Stab","Phantasmal Killer","Adrenaline","Noxious Fumes","Footwork+1","Footwork","Outmaneuver+1","Doppelganger","Caltrops","Adrenaline","Acrobatics","Acrobatics","Footwork","Calculated Gamble"],"special_seed":0,"relics":["Ring of the Snake","Orichalcum","Tiny Chest","Centennial Puzzle","Empty Cage","Dream Catcher","Turnip","Sozu"],"potions_floor_usage":[],"damage_taken":[{"damage":7.0,"enemies":"Small Slimes","floor":1.0,"turns":7.0},{"damage":3.0,"enemies":"Jaw Worm","floor":10.0,"turns":4.0},{"damage":0.0,"enemies":"Cultist","floor":12.0,"turns":4.0},{"damage":8.0,"enemies":"Lots of Slimes","floor":14.0,"turns":6.0},{"damage":6.0,"enemies":"Slime Boss","floor":16.0,"turns":7.0},{"damage":0.0,"enemies":"2 Thieves","floor":18.0,"turns":5.0},{"damage":0.0,"enemies":"3 Byrds","floor":19.0,"turns":10.0},{"damage":6.0,"enemies":"Snake Plant","floor":21.0,"turns":7.0},{"damage":22.0,"enemies":"3 Cultists","floor":22.0,"turns":8.0},{"damage":8.0,"enemies":"Centurion and Healer","floor":25.0,"turns":9.0},{"damage":6.0,"enemies":"Snake Plant","floor":27.0,"turns":6.0},{"damage":17.0,"enemies":"Slavers","floor":28.0,"turns":9.0},{"damage":28.0,"enemies":"Cultist and Chosen","floor":31.0,"turns":7.0},{"damage":5.0,"enemies":"Automaton","floor":33.0,"turns":12.0},{"damage":7.0,"enemies":"3 Darklings","floor":35.0,"turns":5.0},{"damage":0,"enemies":"Orb Walker","floor":38,"turns":6},{"damage":21,"enemies":"Transient","floor":41,"turns":6},{"damage":2,"enemies":"Sphere and 2 Shapes","floor":42,"turns":7},{"damage":14,"enemies":"Spire Growth","floor":44,"turns":3}],"seed_played":"-4652702160947798314","potions_obtained":[{"floor":12.0,"key":"Strength Potion"},{"floor":14.0,"key":"SpeedPotion"},{"floor":19.0,"key":"Energy Potion"},{"floor":22.0,"key":"Explosive Potion"},{"floor":24.0,"key":"PowerPotion"},{"floor":24.0,"key":"PowerPotion"},{"floor":28.0,"key":"Dexterity Potion"},{"floor":33.0,"key":"Strength Potion"}],"is_trial":false,"path_per_floor":["M","?","?","$","?","R","$","R","T","M","R","M","R","M","R","B",null,"M","M","$","M","M","R","?","M","T","M","E","R","$","M","R","B",null,"M","?","$","M","$","R","M","M","T","M"],"character_chosen":"THE_SILENT","items_purchased":["Apotheosis","Footwork","Tiny Chest","Well Laid Plans","Noxious Fumes","Acrobatics","Footwork"],"campfire_rested":5,"item_purchase_floors":[4,4,7,7,20,39,39],"current_hp_per_floor":[52,32,14,14,14,14,14,33,33,30,30,30,49,41,41,35,58,58,58,58,52,30,49,49,41,41,35,18,37,37,9,28,23,55,48,48,48,48,48,48,27,25,25,11],"gold":59,"neow_bonus":"TWO_FIFTY_GOLD","is_prod":false,"is_daily":false,"chose_seed":false,"campfire_upgraded":3,"win_rate":0,"timestamp":1550449567,"path_taken":["M","?","?","?","?","R","$","R","T","M","R","M","R","M","R","BOSS","M","M","$","?","?","R","?","?","T","M","E","R","$","M","R","BOSS","M","?","?","M","$","R","M","M","T","M"],"build_version":"2019-01-23","purchased_purges":3,"victory":false,"max_hp_per_floor":[66,66,66,66,66,66,66,66,66,66,66,66,66,66,66,66,66,66,66,66,66,66,66,66,66,66,66,66,66,66,66,66,66,66,66,66,66,66,66,66,66,66,66,66],"card_choices":[{"not_picked":["Underhanded Strike","Crippling Poison"],"picked":"Well Laid Plans","floor":1.0},{"not_picked":["Prepared","Sucker Punch"],"picked":"Backflip","floor":10.0},{"not_picked":["Deflect","Dodge and Roll"],"picked":"Poisoned Stab","floor":12.0},{"not_picked":["PiercingWail","Masterful Stab"],"picked":"Phantasmal Killer","floor":14.0},{"not_picked":["Envenom","Night Terror"],"picked":"Adrenaline","floor":16.0},{"not_picked":["Backflip","Acrobatics","Dodge and Roll"],"picked":"SKIP","floor":18.0},{"not_picked":["Prepared","Outmaneuver","Dodge and Roll"],"picked":"SKIP","floor":19.0},{"not_picked":["Deflect","Eviscerate"],"picked":"Footwork","floor":21.0},{"not_picked":["Night Terror","Acrobatics"],"picked":"Footwork","floor":22.0},{"not_picked":["Predator","Deflect"],"picked":"Outmaneuver+1","floor":25.0},{"not_picked":["Dagger Throw","Eviscerate"],"picked":"Doppelganger","floor":27.0},{"not_picked":["Cloak And Dagger+1","Heel Hook","Outmaneuver"],"picked":"SKIP","floor":28.0},{"not_picked":["Slice","Setup"],"picked":"Caltrops","floor":29.0},{"not_picked":["Flying Knee","Blade Dance+1","Dagger Throw"],"picked":"SKIP","floor":31.0},{"not_picked":["Bullet Time","Phantasmal Killer"],"picked":"Adrenaline","floor":33.0},{"not_picked":["Deflect","Underhanded Strike+1"],"picked":"Acrobatics","floor":35.0},{"not_picked":["Finisher","Flying Knee+1","Deflect"],"picked":"SKIP","floor":38},{"not_picked":["Quick Slash","Eviscerate+1","Cloak And Dagger+1"],"picked":"SKIP","floor":41},{"not_picked":["Deflect+1","Dagger Spray"],"picked":"Calculated Gamble","floor":42}],"player_experience":2885887,"relics_obtained":[{"floor":9.0,"key":"Centennial Puzzle"},{"floor":26.0,"key":"Dream Catcher"},{"floor":28.0,"key":"Turnip"}],"event_choices":[{"damage_healed":0.0,"max_hp_gain":0.0,"max_hp_loss":0.0,"gold_gain":0.0,"event_name":"Shining Light","player_choice":"Entered Light","floor":2.0,"gold_loss":0.0,"damage_taken":20.0,"cards_upgraded":["Defend_G","Well Laid Plans"]},{"damage_healed":0.0,"max_hp_gain":0.0,"max_hp_loss":0.0,"gold_gain":0.0,"event_name":"Scrap Ooze","player_choice":"Success","floor":3.0,"gold_loss":0.0,"damage_taken":18.0,"relics_obtained":["Orichalcum"]},{"damage_healed":0.0,"max_hp_gain":0.0,"max_hp_loss":0.0,"gold_gain":275.0,"event_name":"Golden Shrine","player_choice":"Desecrate","floor":5.0,"gold_loss":0.0,"damage_taken":0.0,"cards_obtained":["Regret"]},{"damage_healed":0.0,"max_hp_gain":0.0,"max_hp_loss":0.0,"gold_gain":0.0,"event_name":"Lab","player_choice":"Got Potions","floor":24.0,"gold_loss":0.0,"damage_taken":0.0},{"damage_healed":0.0,"max_hp_gain":0.0,"max_hp_loss":0.0,"gold_gain":0.0,"event_name":"Upgrade Shrine","player_choice":"Upgraded","floor":36.0,"gold_loss":0.0,"damage_taken":0.0,"cards_upgraded":["Footwork"]}],"is_beta":false,"boss_relics":[{"not_picked":["Astrolabe","Calling Bell"],"picked":"Empty Cage"},{"not_picked":["Black Star","White Beast Statue"],"picked":"Sozu"}],"items_purged_floors":[7,20,30],"is_endless":false,"potions_floor_spawned":[12,14,19,22,28,33,35],"killed_by":"Spire Growth","ascension_level":20}