{"gold_per_floor":[367,253,253,272,289,289,323,338,384,384,434,434,468,486,486,564,564,582,582],"floor_reached":19,"playtime":1326,"items_purged":["Strike_R"],"score":354,"play_id":"694cdafe-94fa-4738-89e3-38fb24f9e39a","local_time":"20190525154550","is_ascension_mode":true,"campfire_choices":[{"data":"Bloodletting","floor":6.0,"key":"SMITH"},{"data":"Uppercut","floor":10.0,"key":"SMITH"},{"data":"Burning Pact","floor":12.0,"key":"SMITH"},{"data":"Seeing Red","floor":15.0,"key":"SMITH"}],"neow_cost":"TEN_PERCENT_HP_LOSS","seed_source_timestamp":3184360276904,"circlet_count":0,"master_deck":["AscendersBane","Strike_R","Strike_R","Strike_R","Strike_R","Defend_R","Defend_R","Defend_R","Defend_R","Bash","Carnage+1","Burning Pact+1","Bloodletting+1","Uppercut+1","Seeing Red+1","Barricade","Battle Trance"],"special_seed":0,"relics":["Burning Blood","Mummified Hand","Anchor","Oddly Smooth Stone","Runic Cube"],"potions_floor_usage":[],"damage_taken":[{"damage":7.0,"enemies":"Jaw Worm","floor":1.0,"turns":6.0},{"damage":0.0,"enemies":"Cultist","floor":4.0,"turns":2.0},{"damage":10.0,"enemies":"Small Slimes","floor":5.0,"turns":2.0},{"damage":11.0,"enemies":"Gremlin Nob","floor":7.0,"turns":3.0},{"damage":9.0,"enemies":"Exordium Thugs","floor":8.0,"turns":4.0},{"damage":20.0,"enemies":"3 Sentries","floor":13.0,"turns":9.0},{"damage":7.0,"enemies":"Gremlin Gang","floor":14.0,"turns":6.0},{"damage":40.0,"enemies":"Hexaghost","floor":16.0,"turns":7.0},{"damage":23,"enemies":"Spheric Guardian","floor":18,"turns":4},{"damage":36,"enemies":"3 Byrds","floor":19,"turns":5}],"seed_played":"-8228020984822165674","potions_obtained":[{"floor":4.0,"key":"GamblersBrew"},{"floor":7.0,"key":"FearPotion"}],"is_trial":false,"path_per_floor":["M","$","?","M","M","R","E","M","T","R","?","R","E","M","R","B",null,"M","M"],"character_chosen":"IRONCLAD","items_purchased":["Burning Pact"],"campfire_rested":0,"item_purchase_floors":[2],"current_hp_per_floor":[67,67,67,68,64,64,59,56,56,56,56,56,42,41,41,7,53,36,0],"gold":582,"neow_bonus":"TWO_FIFTY_GOLD","is_prod":false,"is_daily":false,"chose_seed":false,"campfire_upgraded":4,"win_rate":0,"timestamp":1558770350,"path_taken":["M","$","?","M","?","R","E","M","T","R","?","R","E","M","R","BOSS","M","M"],"build_version":"2019-01-23","purchased_purges":1,"victory":false,"max_hp_per_floor":[68,68,68,68,68,68,68,68,68,68,68,68,68,68,68,68,68,68,68],"card_choices":[{"not_picked":["Anger","Pummel"],"picked":"Carnage","floor":1.0},{"not_picked":["Shrug It Off","Flex"],"picked":"Bloodletting","floor":4.0},{"not_picked":["Havoc","Clothesline","Whirlwind"],"picked":"SKIP","floor":5.0},{"not_picked":["Metallicize","Body Slam"],"picked":"Uppercut","floor":7.0},{"not_picked":["Combust","Rupture"],"picked":"Seeing Red","floor":8.0},{"not_picked":["Entrench","Brutality","Twin Strike"],"picked":"SKIP","floor":13.0},{"not_picked":["Flex","Anger","Corruption"],"picked":"SKIP","floor":14.0},{"not_picked":["Bludgeon","Demon Form"],"picked":"Barricade","floor":16.0},{"not_picked":["Havoc","Sword Boomerang"],"picked":"Battle Trance","floor":18}],"player_experience":4835972,"relics_obtained":[{"floor":7.0,"key":"Mummified Hand"},{"floor":9.0,"key":"Anchor"},{"floor":13.0,"key":"Oddly Smooth Stone"}],"event_choices":[{"damage_healed":0.0,"max_hp_gain":0.0,"max_hp_loss":0.0,"gold_gain":0.0,"event_name":"Upgrade Shrine","player_choice":"Upgraded","floor":3.0,"gold_loss":0.0,"damage_taken":0.0,"cards_upgraded":["Carnage"]},{"damage_healed":0.0,"max_hp_gain":0.0,"max_hp_loss":0.0,"gold_gain":50.0,"event_name":"Golden Shrine","player_choice":"Pray","floor":11.0,"gold_loss":0.0,"damage_taken":0.0}],"is_beta":false,"boss_relics":[{"not_picked":["Fusion Hammer","Astrolabe"],"picked":"Runic Cube"}],"items_purged_floors":[2],"is_endless":false,"potions_floor_spawned":[4,7,8,14],"killed_by":"3 Byrds","ascension_level":20}