{"gold_per_floor":[112,187,36,56,68,68,87,87,87,87,101,101,118,136,136,214,214,228,239,139,139,152,152,152],"floor_reached":24,"playtime":1054,"items_purged":["Strike_G","Strike_G"],"score":380,"play_id":"411eb25f-83b4-4e27-b7fb-bf27a74602bf","local_time":"20181115230732","is_ascension_mode":true,"campfire_choices":[{"data":"Deadly Poison","floor":6,"key":"SMITH"},{"data":"Calculated Gamble","floor":8,"key":"SMITH"},{"data":"Neutralize","floor":10,"key":"SMITH"},{"data":"Prepared","floor":15,"key":"SMITH"},{"floor":23,"key":"REST"}],"neow_cost":"TEN_PERCENT_HP_LOSS","seed_source_timestamp":18040585888695,"circlet_count":0,"master_deck":["AscendersBane","Defend_G","Defend_G","Defend_G","Survivor","Neutralize+1","Acrobatics+1","Calculated Gamble+1","Prepared+1","Deadly Poison+1","PiercingWail","Escape Plan","Bane+1","Wraith Form v2+1","Setup+1","Tactician","Masterful Stab+1"],"relics":["Ring of the Snake","Thread and Needle","Astrolabe"],"potions_floor_usage":[5,16,22,22],"damage_taken":[{"damage":0,"enemies":"2 Louse","floor":1,"turns":3},{"damage":7,"enemies":"Jaw Worm","floor":4,"turns":7},{"damage":6,"enemies":"Cultist","floor":5,"turns":6},{"damage":8,"enemies":"2 Fungi Beasts","floor":7,"turns":4},{"damage":0,"enemies":"Exordium Thugs","floor":11,"turns":7},{"damage":0,"enemies":"Lots of Slimes","floor":13,"turns":6},{"damage":0,"enemies":"Looter","floor":14,"turns":3},{"damage":11,"enemies":"The Guardian","floor":16,"turns":11},{"damage":0,"enemies":"3 Byrds","floor":18,"turns":5},{"damage":0,"enemies":"2 Thieves","floor":19,"turns":4},{"damage":34,"enemies":"Cultist and Chosen","floor":22,"turns":9},{"damage":37,"enemies":"Slavers","floor":24,"turns":5}],"seed_played":"3051908633384627542","potions_obtained":[{"floor":1,"key":"Poison Potion"},{"floor":5,"key":"SteroidPotion"},{"floor":11,"key":"Swift Potion"},{"floor":19,"key":"AttackPotion"}],"is_trial":false,"path_per_floor":["M","?","$","M","M","R","M","R","T","R","M","?","M","M","R","B",null,"M","M","$","?","M","R","E"],"character_chosen":"THE_SILENT","items_purchased":["Calculated Gamble"],"campfire_rested":1,"item_purchase_floors":[3],"current_hp_per_floor":[59,48,48,41,35,35,27,27,27,27,27,27,27,27,27,16,49,49,49,49,49,15,33,0],"gold":152,"neow_bonus":"REMOVE_TWO","is_prod":false,"is_daily":false,"chose_seed":false,"campfire_upgraded":4,"win_rate":0,"timestamp":1542294452,"path_taken":["M","?","$","M","M","R","M","R","T","R","M","?","M","M","R","BOSS","M","M","$","?","M","R","E"],"build_version":"2018-11-14","purchased_purges":2,"victory":false,"max_hp_per_floor":[60,60,60,60,60,60,60,60,60,60,60,60,60,60,60,60,60,60,60,60,60,60,60,60],"card_choices":[{"not_picked":["Predator","Deflect"],"picked":"Acrobatics","floor":1},{"not_picked":["Terror","Slice"],"picked":"Prepared","floor":4},{"not_picked":["Blade Dance","Prepared"],"picked":"Deadly Poison","floor":5},{"not_picked":["Outmaneuver","Dash"],"picked":"PiercingWail","floor":7},{"not_picked":["Unload","Cloak And Dagger"],"picked":"Escape Plan","floor":11},{"not_picked":["Riddle With Holes","Dodge and Roll","Dagger Spray"],"picked":"SKIP","floor":13},{"not_picked":["Backstab","Escape Plan","Slice"],"picked":"SKIP","floor":14},{"not_picked":["Underhanded Strike","Quick Slash+1","Dagger Spray+1"],"picked":"SKIP","floor":18},{"not_picked":["Acrobatics","Deflect","Deadly Poison"],"picked":"SKIP","floor":19},{"not_picked":["Concentrate","Acrobatics"],"picked":"Masterful Stab+1","floor":22}],"player_experience":1073460,"relics_obtained":[{"floor":9,"key":"Thread and Needle"}],"event_choices":[{"damage_healed":0,"gold_gain":75,"player_choice":"Gather Gold","damage_taken":11,"max_hp_gain":0,"max_hp_loss":0,"event_name":"World of Goop","floor":2,"gold_loss":0},{"damage_healed":0,"gold_gain":0,"player_choice":"Forge","damage_taken":0,"max_hp_gain":0,"max_hp_loss":0,"event_name":"Accursed Blacksmith","floor":12,"gold_loss":0,"cards_upgraded":["Acrobatics"]},{"damage_healed":0,"gold_gain":0,"player_choice":"Read","damage_taken":0,"max_hp_gain":0,"max_hp_loss":0,"event_name":"The Library","floor":21,"gold_loss":0,"cards_obtained":["Tactician"]}],"is_beta":true,"boss_relics":[{"not_picked":["Tiny House","Ectoplasm"],"picked":"Astrolabe"}],"items_purged_floors":[3,20],"is_endless":false,"potions_floor_spawned":[1,5,11,14,19],"killed_by":"Slavers","ascension_level":20}