{"gold_per_floor":[110,110,122,136,151,183,59,69,69,102,119,119,119,132,132,235,235,252,266,266,68,86,86,49,49,123,123,123,123],"floor_reached":29,"playtime":709,"items_purged":["Strike_B","Strike_B"],"score":235,"play_id":"bb8ccd62-2eee-4e5a-a963-80b20c7d03d7","local_time":"20181104221611","is_ascension_mode":false,"campfire_choices":[{"data":"Capacitor","floor":13.0,"key":"SMITH"},{"data":"Barrage","floor":15.0,"key":"SMITH"},{"data":"Storm","floor":23,"key":"SMITH"},{"data":"Capacitor","floor":25,"key":"SMITH"},{"data":"Loop","floor":27,"key":"SMITH"}],"neow_cost":"NONE","seed_source_timestamp":386201464303277,"circlet_count":0,"master_deck":["Defend_B","Defend_B","Defend_B","Defend_B","Zap+1","Loop+1","Go for the Eyes","Redo","Cold Snap","Self Repair","Streamline","Capacitor+1","Barrage+1","Seek","Ball Lightning","Storm+1","Hologram","Gash","Capacitor+1"],"special_seed":0,"relics":["Cracked Core","NeowsBlessing","CultistMask","Pantograph","Darkstone Periapt","Mummified Hand","Empty Cage","Ornamental Fan","Symbiotic Virus"],"potions_floor_usage":[22],"damage_taken":[{"damage":0.0,"enemies":"Jaw Worm","floor":1.0,"turns":1.0},{"damage":0.0,"enemies":"Cultist","floor":3.0,"turns":1.0},{"damage":0.0,"enemies":"Small Slimes","floor":4.0,"turns":1.0},{"damage":4.0,"enemies":"Red Slaver","floor":5.0,"turns":3.0},{"damage":19.0,"enemies":"Lagavulin","floor":6.0,"turns":8.0},{"damage":12.0,"enemies":"Blue Slaver","floor":8.0,"turns":3.0},{"damage":24.0,"enemies":"Gremlin Nob","floor":10.0,"turns":4.0},{"damage":7.0,"enemies":"Gremlin Gang","floor":11.0,"turns":4.0},{"damage":16.0,"enemies":"Lots of Slimes","floor":14.0,"turns":4.0},{"damage":30.0,"enemies":"Hexaghost","floor":16.0,"turns":8.0},{"damage":25,"enemies":"Shell Parasite","floor":18,"turns":6},{"damage":23,"enemies":"2 Thieves","floor":19,"turns":5},{"damage":26,"enemies":"Shelled Parasite and Fungi","floor":22,"turns":4},{"damage":22,"enemies":"Snake Plant","floor":29,"turns":2}],"seed_played":"1453036496162834796","potions_obtained":[{"floor":3.0,"key":"Strength Potion"},{"floor":6.0,"key":"Energy Potion"},{"floor":14.0,"key":"Explosive Potion"},{"floor":16.0,"key":"SteroidPotion"},{"floor":18,"key":"PowerPotion"}],"is_trial":false,"path_per_floor":["M","?","M","M","M","E","$","M","T","E","M","?","R","M","R","B",null,"M","M","T","$","M","R","$","R","T","R","?","M"],"character_chosen":"DEFECT","items_purchased":["Streamline","Storm","Hologram","Capacitor"],"campfire_rested":0,"item_purchase_floors":[7,21,21,24],"current_hp_per_floor":[75,75,75,75,71,52,52,47,47,30,30,30,30,21,21,23,75,57,41,41,41,22,22,22,22,22,22,22,0],"gold":123,"neow_bonus":"THREE_ENEMY_KILL","is_prod":false,"is_daily":false,"chose_seed":false,"campfire_upgraded":5,"win_rate":0,"timestamp":1541340971,"path_taken":["M","?","M","M","M","E","$","?","T","E","M","?","R","M","R","BOSS","M","M","?","$","M","R","$","R","T","R","?","M"],"build_version":"2018-11-02","purchased_purges":2,"victory":false,"max_hp_per_floor":[75,75,75,75,75,75,75,75,75,75,75,75,75,75,75,75,75,75,75,75,75,75,75,75,75,75,75,75,75],"card_choices":[{"not_picked":["Rebound","Compile Driver"],"picked":"Loop","floor":1.0},{"not_picked":["Stack","Turbo"],"picked":"Go for the Eyes","floor":3.0},{"not_picked":["Beam Cell","Amplify"],"picked":"Redo","floor":4.0},{"not_picked":["Conserve Battery","Barrage"],"picked":"Cold Snap","floor":5.0},{"not_picked":["Chaos","Double Energy"],"picked":"Self Repair","floor":6.0},{"not_picked":["Cold Snap","Static Discharge"],"picked":"Capacitor","floor":8.0},{"not_picked":["Sweeping Beam","Stack","Lockon"],"picked":"SKIP","floor":10.0},{"not_picked":["Steam","Steam Power","Self Repair"],"picked":"SKIP","floor":11.0},{"not_picked":["Cold Snap","Redo"],"picked":"Barrage","floor":14.0},{"not_picked":["Machine Learning","Biased Cognition"],"picked":"Seek","floor":16.0},{"not_picked":["Double Energy","Sweeping Beam"],"picked":"Ball Lightning","floor":18},{"not_picked":["Turbo","Heatsinks","Barrage"],"picked":"SKIP","floor":19},{"not_picked":["Go for the Eyes","Ball Lightning"],"picked":"Gash","floor":22}],"player_experience":446812,"relics_obtained":[{"floor":6.0,"key":"Pantograph"},{"floor":9.0,"key":"Darkstone Periapt"},{"floor":10.0,"key":"Mummified Hand"},{"floor":20,"key":"Ornamental Fan"},{"floor":26,"key":"Symbiotic Virus"}],"event_choices":[{"damage_healed":0.0,"max_hp_gain":0.0,"max_hp_loss":0.0,"gold_gain":0.0,"event_name":"FaceTrader","player_choice":"Trade","floor":2.0,"gold_loss":0.0,"damage_taken":0.0,"relics_obtained":["CultistMask"]},{"damage_healed":0.0,"max_hp_gain":0.0,"max_hp_loss":0.0,"gold_gain":0.0,"event_name":"Upgrade Shrine","player_choice":"Upgraded","floor":12.0,"gold_loss":0.0,"damage_taken":0.0,"cards_upgraded":["Zap"]},{"cards_removed":["Dualcast"],"damage_healed":0,"gold_gain":0,"player_choice":"Purged","damage_taken":0,"max_hp_gain":0,"max_hp_loss":0,"event_name":"Purifier","floor":28,"gold_loss":0}],"is_beta":true,"boss_relics":[{"not_picked":["Lizard Tail","Ectoplasm"],"picked":"Empty Cage"}],"items_purged_floors":[7,21],"is_endless":false,"potions_floor_spawned":[3,6,14,16,18],"killed_by":"Snake Plant","ascension_level":0}