{"gold_per_floor":[115,0,75,105,125,156,168,191,256,268,299,311,323,19,19,19],"floor_reached":16,"playtime":256,"items_purged":["Strike_G","Strike_G"],"score":246,"play_id":"37533d45-0a2a-49af-9ebe-ae8286e56b5b","local_time":"20190211191435","is_ascension_mode":true,"campfire_choices":[{"data":"Neutralize","floor":7,"key":"SMITH"},{"data":"Acrobatics","floor":13,"key":"SMITH"},{"data":"Acrobatics","floor":15,"key":"SMITH"}],"neow_cost":"NONE","seed_source_timestamp":24565410246377,"circlet_count":0,"master_deck":["AscendersBane","Defend_G","Defend_G","Defend_G","Defend_G","Defend_G","Strike_G","Strike_G","Strike_G","Survivor","Neutralize+1","Backstab","Footwork","Acrobatics+1","Concentrate","Heel Hook","Acrobatics+1"],"special_seed":0,"relics":["Ring of the Snake","NeowsBlessing","Tiny Chest","MawBank","Oddly Smooth Stone","Golden Idol","Singing Bowl","Medical Kit"],"potions_floor_usage":[16,16],"damage_taken":[{"damage":0.0,"enemies":"2 Louse","floor":1.0,"turns":1.0},{"damage":0,"enemies":"Jaw Worm","floor":5,"turns":1},{"damage":0,"enemies":"Lagavulin","floor":6,"turns":1},{"damage":1,"enemies":"Cultist","floor":8,"turns":5},{"damage":0,"enemies":"Looter","floor":11,"turns":4},{"damage":11,"enemies":"Slime Boss","floor":16,"turns":7}],"seed_played":"-9015123565177813266","potions_obtained":[{"floor":1.0,"key":"Strength Potion"},{"floor":8,"key":"Weak Potion"},{"floor":11,"key":"Explosive Potion"}],"is_trial":false,"path_per_floor":["M","$","?","?","M","E","R","M","T","?","M","T","R","$","R","B"],"character_chosen":"THE_SILENT","items_purchased":["Footwork","Medical Kit"],"campfire_rested":0,"item_purchase_floors":[2,14],"current_hp_per_floor":[59,59,48,48,48,48,48,47,47,47,47,47,47,47,47,36],"gold":19,"neow_bonus":"THREE_ENEMY_KILL","is_prod":false,"is_daily":false,"chose_seed":false,"campfire_upgraded":3,"win_rate":0,"timestamp":1549883675,"path_taken":["M","$","?","?","?","E","R","M","T","?","M","?","R","$","R","BOSS"],"build_version":"2019-01-23","purchased_purges":2,"victory":false,"max_hp_per_floor":[66,66,66,66,66,66,66,66,66,60,60,60,60,60,60,60],"card_choices":[{"not_picked":["Eviscerate","Dagger Spray"],"picked":"Backstab","floor":1.0},{"not_picked":["Quick Slash","Dagger Spray"],"picked":"Acrobatics","floor":5},{"not_picked":["Endless Agony","Doppelganger"],"picked":"Concentrate","floor":6},{"not_picked":["Masterful Stab","Poisoned Stab"],"picked":"Heel Hook","floor":8},{"not_picked":["Flying Knee","Prepared"],"picked":"Acrobatics","floor":11}],"player_experience":2613134,"relics_obtained":[{"floor":4,"key":"Tiny Chest"},{"floor":6,"key":"MawBank"},{"floor":9,"key":"Oddly Smooth Stone"},{"floor":12,"key":"Singing Bowl"}],"event_choices":[{"damage_healed":0,"gold_gain":75,"player_choice":"Gather Gold","damage_taken":11,"max_hp_gain":0,"max_hp_loss":0,"event_name":"World of Goop","floor":3,"gold_loss":0},{"damage_healed":0,"gold_gain":0,"player_choice":"Relic","damage_taken":0,"max_hp_gain":0,"max_hp_loss":0,"event_name":"Wheel of Change","floor":4,"gold_loss":0},{"damage_healed":0,"gold_gain":0,"player_choice":"Lose Max HP","damage_taken":0,"relics_obtained":["Golden Idol"],"max_hp_gain":0,"max_hp_loss":6,"event_name":"Golden Idol","floor":10,"gold_loss":0}],"is_beta":false,"boss_relics":[],"items_purged_floors":[2,14],"is_endless":false,"potions_floor_spawned":[1,8,11],"killed_by":"Slime Boss","ascension_level":20}