{"gold_per_floor":[117,192,210,210,228,228,246,246,273,273,292,317,329,346,346,346],"floor_reached":16,"playtime":755,"items_purged":[],"score":160,"play_id":"41268e29-8328-46bb-a2aa-9c73d5e4c8c0","local_time":"20190802232233","is_ascension_mode":true,"campfire_choices":[{"data":"Entrench","floor":6,"key":"SMITH"},{"data":"True Grit","floor":8,"key":"SMITH"},{"data":"Wild Strike","floor":10,"key":"SMITH"},{"data":"Carnage","floor":15,"key":"SMITH"}],"neow_cost":"NONE","seed_source_timestamp":97364255702537,"circlet_count":0,"master_deck":["AscendersBane","Strike_R","Strike_R","Strike_R","Strike_R","Defend_R","Defend_R","Defend_R","Defend_R","Bash","Wild Strike+1","Metallicize","Entrench+1","True Grit+1","Battle Trance","Carnage+1"],"relics":["Burning Blood","Dream Catcher","PreservedInsect"],"potions_floor_usage":[14,16],"damage_taken":[{"damage":1,"enemies":"Cultist","floor":1,"turns":4},{"damage":7,"enemies":"2 Louse","floor":3,"turns":2},{"damage":9,"enemies":"Jaw Worm","floor":5,"turns":3},{"damage":15,"enemies":"Large Slime","floor":7,"turns":7},{"damage":5,"enemies":"Exordium Wildlife","floor":11,"turns":3},{"damage":5,"enemies":"Blue Slaver","floor":13,"turns":5},{"damage":0,"enemies":"2 Fungi Beasts","floor":14,"turns":2},{"damage":51,"enemies":"Hexaghost","floor":16,"turns":9}],"seed_played":"2306943871100496911","potions_obtained":[{"floor":7,"key":"Swift Potion"},{"floor":11,"key":"Explosive Potion"}],"is_trial":false,"path_per_floor":["M","?","M","?","M","R","M","R","T","R","M","T","M","M","R","B"],"character_chosen":"IRONCLAD","items_purchased":[],"campfire_rested":0,"item_purchase_floors":[],"current_hp_per_floor":[80,69,68,61,58,58,49,49,49,49,50,50,51,57,57,6],"gold":346,"neow_bonus":"TEN_PERCENT_HP_BONUS","is_prod":false,"is_daily":false,"chose_seed":false,"campfire_upgraded":4,"win_rate":0,"timestamp":1564806153,"path_taken":["M","?","M","?","M","R","M","R","T","R","M","?","M","M","R","BOSS"],"build_version":"2019-07-17","purchased_purges":0,"victory":false,"max_hp_per_floor":[82,82,82,82,82,82,82,82,82,82,82,82,82,82,82,82],"card_choices":[{"not_picked":["Flex","Second Wind"],"picked":"Wild Strike","floor":1},{"not_picked":["Infernal Blade","Clash"],"picked":"Metallicize","floor":3},{"not_picked":["Reckless Charge","Sentinel"],"picked":"Entrench","floor":5},{"not_picked":["Clash","Perfected Strike"],"picked":"True Grit","floor":7},{"not_picked":["Headbutt","Thunderclap"],"picked":"Battle Trance","floor":11},{"not_picked":["Shrug It Off","Clothesline"],"picked":"Carnage","floor":13},{"not_picked":["Headbutt","Thunderclap","Clothesline"],"picked":"SKIP","floor":14}],"player_experience":422911,"relics_obtained":[{"floor":9,"key":"Dream Catcher"},{"floor":12,"key":"PreservedInsect"}],"event_choices":[{"damage_healed":0,"gold_gain":75,"player_choice":"Gather Gold","damage_taken":11,"max_hp_gain":0,"max_hp_loss":0,"event_name":"World of Goop","floor":2,"gold_loss":0},{"cards_removed":["Strike_R"],"damage_healed":0,"gold_gain":0,"player_choice":"Card Removal","damage_taken":7,"max_hp_gain":0,"max_hp_loss":0,"event_name":"Golden Wing","floor":4,"gold_loss":0}],"is_beta":false,"boss_relics":[],"items_purged_floors":[],"is_endless":false,"potions_floor_spawned":[7,11,13],"killed_by":"Hexaghost","ascension_level":14}