{"gold_per_floor":[117,133,133,145,165,200,180,180,205,205,217,230,155,168,168,168],"floor_reached":16,"playtime":328,"items_purged":["Strike_G"],"score":208,"play_id":"7666c9b8-bd15-41cb-abce-a608ae3ae9f5","local_time":"20181116232354","is_ascension_mode":true,"campfire_choices":[{"data":"Deadly Poison","floor":8,"key":"SMITH"},{"data":"Bouncing Flask","floor":10,"key":"SMITH"},{"data":"Neutralize","floor":15,"key":"SMITH"}],"neow_cost":"NONE","seed_source_timestamp":16744886670335,"circlet_count":0,"master_deck":["AscendersBane","Defend_G","Defend_G","Defend_G","Defend_G","Defend_G","Strike_G","Strike_G","Strike_G","Survivor","Neutralize+1","Deadly Poison+1","Backstab","Bouncing Flask+1","Backflip","Tactician"],"relics":["Ring of the Snake","NeowsBlessing","Centennial Puzzle","Strawberry"],"potions_floor_usage":[6,6,16],"damage_taken":[{"damage":0,"enemies":"2 Louse","floor":1,"turns":2},{"damage":0,"enemies":"Cultist","floor":2,"turns":1},{"damage":0,"enemies":"Small Slimes","floor":4,"turns":1},{"damage":4,"enemies":"Blue Slaver","floor":5,"turns":3},{"damage":27,"enemies":"Gremlin Nob","floor":6,"turns":4},{"damage":0,"enemies":"Large Slime","floor":11,"turns":4},{"damage":0,"enemies":"2 Fungi Beasts","floor":12,"turns":3},{"damage":0,"enemies":"Exordium Wildlife","floor":14,"turns":3},{"damage":48,"enemies":"Slime Boss","floor":16,"turns":7}],"seed_played":"-5369450364527593605","potions_obtained":[{"floor":4,"key":"Block Potion"},{"floor":5,"key":"Fruit Juice"},{"floor":7,"key":"SneckoOil"}],"is_trial":false,"path_per_floor":["M","M","?","M","M","E","?","R","T","R","M","M","$","M","R","B"],"character_chosen":"THE_SILENT","items_purchased":[],"campfire_rested":0,"item_purchase_floors":[],"current_hp_per_floor":[59,59,59,59,55,33,33,33,40,40,40,40,40,40,40,0],"gold":168,"neow_bonus":"THREE_ENEMY_KILL","is_prod":false,"is_daily":false,"chose_seed":false,"campfire_upgraded":3,"win_rate":0,"timestamp":1542381834,"path_taken":["M","M","?","?","M","E","?","R","T","R","M","M","$","?","R","BOSS"],"build_version":"2018-11-15","purchased_purges":1,"victory":false,"max_hp_per_floor":[66,66,66,66,66,71,71,71,78,78,78,78,78,78,78,78],"card_choices":[{"not_picked":["Slice","Eviscerate","Flying Knee"],"picked":"SKIP","floor":1},{"not_picked":["Sucker Punch","Dagger Throw"],"picked":"Deadly Poison","floor":2},{"not_picked":["Dodge and Roll","PiercingWail"],"picked":"Backstab","floor":4},{"not_picked":["Blade Dance","Accuracy"],"picked":"Bouncing Flask","floor":5},{"not_picked":["Finisher","Slice","A Thousand Cuts"],"picked":"SKIP","floor":6},{"not_picked":["Outmaneuver","Heel Hook"],"picked":"Backflip","floor":11},{"not_picked":["Acrobatics","PiercingWail"],"picked":"Tactician","floor":12},{"not_picked":["Deflect","Dodge and Roll","Tactician"],"picked":"SKIP","floor":14}],"player_experience":1082581,"relics_obtained":[{"floor":6,"key":"Centennial Puzzle"},{"floor":9,"key":"Strawberry"}],"event_choices":[{"cards_removed":["Strike_G"],"damage_healed":0,"gold_gain":0,"player_choice":"Offered Basic","damage_taken":0,"max_hp_gain":0,"max_hp_loss":0,"event_name":"Bonfire Elementals","floor":3,"gold_loss":0},{"damage_healed":0,"gold_gain":0,"player_choice":"Bought 1 Potion","damage_taken":0,"max_hp_gain":0,"max_hp_loss":0,"event_name":"The Woman in Blue","floor":7,"gold_loss":0}],"is_beta":true,"boss_relics":[],"items_purged_floors":[13],"is_endless":false,"potions_floor_spawned":[4,5],"killed_by":"Slime Boss","ascension_level":20}