{"gold_per_floor":[119,194,211,211,227,227,237,266,315,333,68,68,80,97,97,97],"floor_reached":16,"playtime":554,"items_purged":[],"score":146,"play_id":"94214843-859a-407a-b7e6-0c0548dad183","local_time":"20190312194237","is_ascension_mode":true,"campfire_choices":[{"data":"Corpse Explosion","floor":6.0,"key":"SMITH"},{"data":"Prepared","floor":12.0,"key":"SMITH"},{"data":"Backflip","floor":15.0,"key":"SMITH"}],"neow_cost":"PERCENT_DAMAGE","seed_source_timestamp":83134709069841,"circlet_count":0,"master_deck":["Defend_G","Defend_G","Defend_G","Defend_G","Defend_G","Strike_G","Strike_G","Strike_G","Survivor","Neutralize","Corpse Explosion+1","Masterful Stab","Backflip+1","Acrobatics","PiercingWail","Escape Plan","Prepared+1","Acrobatics","Well Laid Plans","Blur"],"special_seed":0,"relics":["Ring of the Snake","Shuriken","Orichalcum","Medical Kit"],"potions_floor_usage":[16,16],"damage_taken":[{"damage":1.0,"enemies":"Jaw Worm","floor":1.0,"turns":3.0},{"damage":0.0,"enemies":"Small Slimes","floor":3.0,"turns":3.0},{"damage":0.0,"enemies":"Cultist","floor":5.0,"turns":4.0},{"damage":0.0,"enemies":"Exordium Wildlife","floor":7.0,"turns":3.0},{"damage":24.0,"enemies":"Lagavulin","floor":8.0,"turns":7.0},{"damage":0.0,"enemies":"Red Slaver","floor":10.0,"turns":3.0},{"damage":3.0,"enemies":"Gremlin Gang","floor":13.0,"turns":5.0},{"damage":0.0,"enemies":"Exordium Wildlife","floor":14.0,"turns":2.0},{"damage":7,"enemies":"Slime Boss","floor":16,"turns":10}],"seed_played":"6099293986210679463","potions_obtained":[{"floor":5.0,"key":"SneckoOil"},{"floor":8.0,"key":"EssenceOfSteel"},{"floor":10.0,"key":"SpeedPotion"}],"is_trial":false,"path_per_floor":["M","?","M","T","M","R","M","E","T","M","$","R","M","M","R","B"],"character_chosen":"THE_SILENT","items_purchased":["Well Laid Plans","Medical Kit"],"campfire_rested":0,"item_purchase_floors":[11,11],"current_hp_per_floor":[44,33,33,33,33,33,33,9,9,9,9,9,6,6,6,0],"gold":97,"neow_bonus":"TRANSFORM_TWO_CARDS","is_prod":false,"is_daily":false,"chose_seed":false,"campfire_upgraded":3,"win_rate":0,"timestamp":1552387357,"path_taken":["M","?","M","?","M","R","M","E","T","M","$","R","?","M","R","BOSS"],"build_version":"2019-01-23","purchased_purges":0,"victory":false,"max_hp_per_floor":[70,70,70,70,70,70,70,70,70,70,70,70,70,70,70,70],"card_choices":[{"not_picked":["Flying Knee","Dagger Spray"],"picked":"Backflip","floor":1.0},{"not_picked":["PiercingWail","Slice"],"picked":"Acrobatics","floor":3.0},{"not_picked":["Backflip","Sucker Punch"],"picked":"PiercingWail","floor":5.0},{"not_picked":["Accuracy","Blade Dance"],"picked":"Escape Plan","floor":7.0},{"not_picked":["Outmaneuver","Acrobatics"],"picked":"Prepared","floor":8.0},{"not_picked":["Backflip","Deadly Poison"],"picked":"Acrobatics","floor":10.0},{"not_picked":["Flying Knee","All Out Attack","Terror"],"picked":"SKIP","floor":13.0},{"not_picked":["Deflect","Dagger Spray"],"picked":"Blur","floor":14.0}],"player_experience":65499,"relics_obtained":[{"floor":8.0,"key":"Shuriken"},{"floor":9.0,"key":"Orichalcum"}],"event_choices":[{"damage_healed":0.0,"max_hp_gain":0.0,"max_hp_loss":0.0,"gold_gain":75.0,"event_name":"World of Goop","player_choice":"Gather Gold","floor":2.0,"gold_loss":0.0,"damage_taken":11.0}],"is_beta":false,"boss_relics":[],"items_purged_floors":[],"is_endless":false,"potions_floor_spawned":[5,8,10,13,14],"killed_by":"Slime Boss","ascension_level":8}