{"gold_per_floor":[210,210,135,135,410,410,423,439,439,453,453,453],"floor_reached":12,"playtime":197,"items_purged":[],"score":136,"play_id":"89f2e159-302a-46bb-a91c-08fb4ab4b0a2","local_time":"20190808143134","is_ascension_mode":true,"campfire_choices":[{"data":"Neutralize","floor":6.0,"key":"SMITH"},{"floor":11,"key":"REST"}],"neow_cost":"NONE","seed_source_timestamp":181133591609154,"circlet_count":0,"master_deck":["AscendersBane","Strike_G","Strike_G+1","Strike_G","Strike_G","Defend_G+1","Defend_G","Defend_G","Defend_G","Defend_G","Survivor","Neutralize+1","Regret","Catalyst","Endless Agony","Flechettes"],"special_seed":0,"relics":["Ring of the Snake","Lantern"],"potions_floor_usage":[10,12],"damage_taken":[{"damage":11.0,"enemies":"Small Slimes","floor":1.0,"turns":7.0},{"damage":8.0,"enemies":"2 Louse","floor":7.0,"turns":3.0},{"damage":15.0,"enemies":"Jaw Worm","floor":8.0,"turns":6.0},{"damage":4,"enemies":"2 Fungi Beasts","floor":10,"turns":4},{"damage":8,"enemies":"Gremlin Nob","floor":12,"turns":3}],"seed_played":"4837256642584409242","potions_obtained":[{"floor":1.0,"key":"Energy Potion"},{"floor":8.0,"key":"SkillPotion"},{"floor":10,"key":"Swift Potion"}],"is_trial":false,"path_per_floor":["M","?","?","T","?","R","M","M","T","M","R","E"],"character_chosen":"THE_SILENT","items_purchased":[],"campfire_rested":1,"item_purchase_floors":[],"current_hp_per_floor":[48,28,28,28,28,28,20,5,5,1,20,12],"gold":453,"neow_bonus":"HUNDRED_GOLD","is_prod":false,"is_daily":false,"chose_seed":false,"campfire_upgraded":1,"win_rate":0,"timestamp":1565242294,"path_taken":["M","?","?","?","?","R","M","M","T","?","R","E"],"build_version":"2019-07-17","purchased_purges":0,"victory":false,"max_hp_per_floor":[66,66,66,66,66,66,66,66,66,66,66,66],"card_choices":[{"not_picked":["Cloak And Dagger","Sucker Punch","All Out Attack"],"picked":"SKIP","floor":1.0},{"not_picked":["Heel Hook","Poisoned Stab"],"picked":"Catalyst","floor":7.0},{"not_picked":["Underhanded Strike","Distraction","Endless Agony"],"picked":"SKIP","floor":8.0},{"not_picked":["Underhanded Strike","Distraction"],"picked":"Endless Agony","floor":8.0},{"not_picked":["Blade Dance","Acrobatics"],"picked":"Flechettes","floor":10}],"player_experience":818245,"relics_obtained":[{"floor":9.0,"key":"Lantern"}],"event_choices":[{"damage_healed":0.0,"max_hp_gain":0.0,"max_hp_loss":0.0,"gold_gain":0.0,"event_name":"Shining Light","player_choice":"Entered Light","floor":2.0,"gold_loss":0.0,"damage_taken":20.0,"cards_upgraded":["Strike_G","Defend_G"]},{"cards_removed":["Strike_G"],"damage_healed":0.0,"max_hp_gain":0.0,"max_hp_loss":0.0,"gold_gain":0.0,"event_name":"The Cleric","player_choice":"Card Removal","floor":3.0,"gold_loss":75.0,"damage_taken":0.0},{"damage_healed":0.0,"max_hp_gain":0.0,"max_hp_loss":0.0,"gold_gain":275.0,"event_name":"Golden Shrine","player_choice":"Desecrate","floor":5.0,"gold_loss":0.0,"damage_taken":0.0,"cards_obtained":["Regret"]}],"is_beta":false,"boss_relics":[],"items_purged_floors":[],"is_endless":false,"potions_floor_spawned":[1,8,10],"killed_by":"Gremlin Nob","ascension_level":20}