{"gold_per_floor":[18,93,105,125,125,125,142,158,158,173,191,29,29,29,29,107,107,127,127,146,29,29,29,54,72,96,119,144,159,174,186,186,263,263,281,292,1291,560,560,560,593,593,618,264,275,285,320,332,332,332,332],"floor_reached":51,"playtime":2171,"items_purged":["Normality","Normality"],"score":1557,"play_id":"54b63168-4f38-45df-8175-e6c8ca879f24","local_time":"20190603211150","is_ascension_mode":true,"campfire_choices":[{"data":"Heatsinks","floor":6.0,"key":"SMITH"},{"data":"Defragment","floor":13.0,"key":"SMITH"},{"data":"Sunder","floor":15.0,"key":"SMITH"},{"data":"Biased Cognition","floor":23.0,"key":"SMITH"},{"data":"Chaos","floor":32.0,"key":"SMITH"},{"data":"Turbo","floor":40.0,"key":"SMITH"},{"floor":49.0,"key":"RECALL"}],"neow_cost":"NO_GOLD","seed_source_timestamp":692612446936394,"circlet_count":0,"master_deck":["AscendersBane","Defend_B","Zap","Dualcast","Recycle+1","Heatsinks+1","Auto Shields","Buffer","Ball Lightning","Defragment+1","Sunder+1","Electrodynamics","Biased Cognition+1","Turbo","Chaos+1","Self Repair","Glacier","Echo Form","Force Field","Turbo+1","Chill","Creative AI","Consume+1","Leap+1","Storm+1","Loop+1","Panacea","Core Surge","Aggregate"],"special_seed":0,"relics":["Cracked Core","Coffee Dripper","Enchiridion","Blood Vial","Vajra","Boot","Symbiotic Virus","Astrolabe","Matryoshka","Happy Flower","Strange Spoon","Omamori","Pen Nib","Ancient Tea Set","DataDisk","Calipers"],"potions_floor_usage":[],"damage_taken":[{"damage":9.0,"enemies":"Jaw Worm","floor":1.0,"turns":3.0},{"damage":1.0,"enemies":"Cultist","floor":3.0,"turns":3.0},{"damage":3.0,"enemies":"2 Louse","floor":4.0,"turns":4.0},{"damage":8.0,"enemies":"2 Fungi Beasts","floor":7.0,"turns":4.0},{"damage":2.0,"enemies":"Large Slime","floor":8.0,"turns":6.0},{"damage":0.0,"enemies":"Blue Slaver","floor":10.0,"turns":4.0},{"damage":18.0,"enemies":"Lots of Slimes","floor":11.0,"turns":4.0},{"damage":0.0,"enemies":"Slime Boss","floor":16.0,"turns":5.0},{"damage":0.0,"enemies":"Spheric Guardian","floor":18.0,"turns":3.0},{"damage":13.0,"enemies":"3 Byrds","floor":20.0,"turns":3.0},{"damage":7.0,"enemies":"Book of Stabbing","floor":24.0,"turns":5.0},{"damage":7.0,"enemies":"Centurion and Healer","floor":25.0,"turns":5.0},{"damage":20.0,"enemies":"Slavers","floor":28.0,"turns":3.0},{"damage":7.0,"enemies":"Cultist and Chosen","floor":29.0,"turns":6.0},{"damage":0.0,"enemies":"3 Cultists","floor":30.0,"turns":4.0},{"damage":14.0,"enemies":"Shelled Parasite and Fungi","floor":31.0,"turns":3.0},{"damage":9.0,"enemies":"Collector","floor":33.0,"turns":7.0},{"damage":7.0,"enemies":"Orb Walker","floor":35.0,"turns":3.0},{"damage":0.0,"enemies":"3 Darklings","floor":36.0,"turns":3.0},{"damage":9.0,"enemies":"Reptomancer","floor":41.0,"turns":5.0},{"damage":8.0,"enemies":"4 Shapes","floor":45.0,"turns":4.0},{"damage":17.0,"enemies":"Jaw Worm Horde","floor":46.0,"turns":4.0},{"damage":0.0,"enemies":"Nemesis","floor":47.0,"turns":7.0},{"damage":0.0,"enemies":"Writhing Mass","floor":48.0,"turns":3.0},{"damage":49.0,"enemies":"Time Eater","floor":50.0,"turns":6.0},{"damage":25,"enemies":"Awakened One","floor":51,"turns":3}],"seed_played":"-4669719706204595377","potions_obtained":[{"floor":3.0,"key":"Energy Potion"},{"floor":11.0,"key":"PowerPotion"},{"floor":16.0,"key":"Fire Potion"},{"floor":24.0,"key":"Strength Potion"},{"floor":25.0,"key":"LiquidBronze"},{"floor":28.0,"key":"SteroidPotion"},{"floor":30.0,"key":"PowerPotion"},{"floor":35.0,"key":"Weak Potion"},{"floor":41.0,"key":"GamblersBrew"},{"floor":48.0,"key":"SteroidPotion"}],"is_trial":false,"path_per_floor":["M","?","M","M","?","R","M","M","T","M","M","$","R","$","R","B",null,"M","?","M","$","?","R","E","M","T","T","E","M","M","M","R","B",null,"M","M","?","$","?","R","E","?","T","$","M","M","E","M","R","B","B"],"character_chosen":"DEFECT","items_purchased":["Electrodynamics","Self Repair","Glacier","Matryoshka","Happy Flower","Strange Spoon","DataDisk","Panacea"],"campfire_rested":0,"item_purchase_floors":[12,21,21,38,38,38,44,44],"current_hp_per_floor":[55,44,43,40,40,40,32,30,30,30,12,12,12,12,12,12,56,56,56,43,43,22,22,22,31,31,31,20,22,31,19,19,19,58,53,62,62,62,62,62,55,55,55,55,56,41,50,59,59,19,0],"gold":332,"neow_bonus":"REMOVE_TWO","is_prod":false,"is_daily":false,"chose_seed":false,"campfire_upgraded":6,"win_rate":0,"timestamp":1559563910,"path_taken":["M","?","M","M","?","R","M","M","T","M","?","$","R","?","R","BOSS","M","?","M","$","?","R","E","M","T","?","E","?","M","M","R","BOSS","M","M","?","$","?","R","E","?","T","$","M","M","E","M","R","BOSS","BOSS"],"build_version":"2019-01-23","purchased_purges":2,"victory":false,"max_hp_per_floor":[71,71,71,71,71,71,71,71,71,71,71,71,71,71,71,71,71,71,71,71,71,71,71,71,71,71,71,71,71,71,71,71,71,71,71,71,71,71,67,67,67,67,67,67,67,67,67,67,67,67,67],"card_choices":[{"not_picked":["Ball Lightning","Steam"],"picked":"Recycle","floor":1.0},{"not_picked":["Hologram","Compile Driver"],"picked":"Heatsinks","floor":3.0},{"not_picked":["Steam","Conserve Battery"],"picked":"Auto Shields","floor":4.0},{"not_picked":["Reprogram","Leap"],"picked":"Buffer","floor":7.0},{"not_picked":["BootSequence","Sweeping Beam"],"picked":"Ball Lightning","floor":8.0},{"not_picked":["Recycle","Gash"],"picked":"Defragment","floor":10.0},{"not_picked":["Ball Lightning","Streamline"],"picked":"Sunder","floor":11.0},{"not_picked":["Electrodynamics","Rainbow"],"picked":"Biased Cognition","floor":16.0},{"not_picked":["Compile Driver","Hologram"],"picked":"Turbo","floor":18.0},{"not_picked":["Leap","Gash","Stack"],"picked":"SKIP","floor":20.0},{"not_picked":["Gash","Cold Snap+1"],"picked":"Echo Form","floor":24.0},{"not_picked":["Recycle","Heatsinks","BootSequence"],"picked":"SKIP","floor":25.0},{"not_picked":["Rebound","Recycle"],"picked":"Force Field","floor":28.0},{"not_picked":["Leap","Undo"],"picked":"Turbo","floor":29.0},{"not_picked":["Force Field","Redo","Ball Lightning"],"picked":"SKIP","floor":30.0},{"not_picked":["Stack","Hologram"],"picked":"Chill","floor":31.0},{"not_picked":["Seek","Fission"],"picked":"Creative AI","floor":33.0},{"not_picked":["Streamline","Beam Cell","Redo+1"],"picked":"SKIP","floor":35.0},{"not_picked":["Leap","Barrage","Gash"],"picked":"SKIP","floor":36.0},{"not_picked":["Redo+1","Streamline"],"picked":"Loop+1","floor":41.0},{"not_picked":["Ball Lightning","Static Discharge","Darkness"],"picked":"SKIP","floor":45.0},{"not_picked":["Lockon","Conserve Battery"],"picked":"Core Surge","floor":46.0},{"not_picked":["Redo","Fusion+1","Ball Lightning"],"picked":"SKIP","floor":47.0},{"not_picked":["Scrape","Ball Lightning"],"picked":"Aggregate","floor":48.0}],"player_experience":547178,"relics_obtained":[{"floor":22.0,"key":"Enchiridion"},{"floor":24.0,"key":"Blood Vial"},{"floor":26.0,"key":"Vajra"},{"floor":27.0,"key":"Boot"},{"floor":28.0,"key":"Symbiotic Virus"},{"floor":41.0,"key":"Omamori"},{"floor":43.0,"key":"Pen Nib"},{"floor":43.0,"key":"Ancient Tea Set"},{"floor":47.0,"key":"Calipers"}],"event_choices":[{"damage_healed":0.0,"max_hp_gain":0.0,"max_hp_loss":0.0,"gold_gain":75.0,"event_name":"World of Goop","player_choice":"Gather Gold","floor":2.0,"gold_loss":0.0,"damage_taken":11.0},{"damage_healed":0.0,"max_hp_gain":0.0,"max_hp_loss":0.0,"gold_gain":0.0,"event_name":"Accursed Blacksmith","player_choice":"Forge","floor":5.0,"gold_loss":0.0,"damage_taken":0.0,"cards_upgraded":["Recycle"]},{"damage_healed":0.0,"max_hp_gain":0.0,"max_hp_loss":0.0,"gold_gain":0.0,"cards_transformed":["Strike_B","Strike_B"],"event_name":"Drug Dealer","player_choice":"Became Test Subject","floor":19.0,"gold_loss":0.0,"damage_taken":0.0,"cards_obtained":["Chaos","Go for the Eyes"]},{"damage_healed":0.0,"max_hp_gain":0.0,"max_hp_loss":0.0,"gold_gain":0.0,"event_name":"Cursed Tome","player_choice":"Obtained Book","floor":22.0,"gold_loss":0.0,"damage_taken":21.0},{"damage_healed":0.0,"max_hp_gain":0.0,"max_hp_loss":0.0,"gold_gain":999.0,"event_name":"MindBloom","player_choice":"Gold","floor":37.0,"gold_loss":0.0,"damage_taken":0.0,"cards_obtained":["Normality","Normality"]},{"damage_healed":0.0,"max_hp_gain":0.0,"max_hp_loss":4.0,"gold_gain":0.0,"event_name":"Winding Halls","player_choice":"Max HP","floor":39.0,"gold_loss":0.0,"damage_taken":0.0},{"cards_removed":["Go for the Eyes"],"damage_healed":0.0,"max_hp_gain":0.0,"max_hp_loss":0.0,"gold_gain":0.0,"event_name":"Falling","player_choice":"Removed Attack","floor":42.0,"gold_loss":0.0,"damage_taken":0.0}],"is_beta":false,"boss_relics":[{"not_picked":["Fusion Hammer","Velvet Choker"],"picked":"Coffee Dripper"},{"not_picked":["Runic Pyramid","Pandora\u0027s Box"],"picked":"Astrolabe"}],"items_purged_floors":[38,44],"is_endless":false,"potions_floor_spawned":[3,11,16,24,25,28,30,35,41,46,48],"killed_by":"Awakened One","ascension_level":20}