{"gold_per_floor":[114,94,19,19,19,19,29,44,44,57,57,77,145,145],"floor_reached":14,"playtime":345,"items_purged":[],"score":160,"play_id":"239daaf6-50b0-4374-8dc9-2e483214aab8","local_time":"20190122172223","is_ascension_mode":true,"campfire_choices":[{"data":"Neutralize","floor":6,"key":"SMITH"}],"neow_cost":"NONE","seed_source_timestamp":7409974187655,"circlet_count":0,"master_deck":["AscendersBane","Defend_G","Defend_G+1","Defend_G","Defend_G+1","Defend_G","Strike_G","Strike_G","Strike_G","Strike_G","Survivor","Neutralize+1","Regret","Well Laid Plans"],"relics":["Ring of the Snake","Juzu Bracelet","Tingsha","War Paint","Lantern","Letter Opener"],"potions_floor_usage":[10,14,14],"damage_taken":[{"damage":0,"enemies":"2 Louse","floor":1,"turns":4},{"damage":8,"enemies":"Cultist","floor":7,"turns":5},{"damage":2,"enemies":"Small Slimes","floor":8,"turns":5},{"damage":10,"enemies":"Exordium Thugs","floor":10,"turns":4},{"damage":0,"enemies":"Exordium Wildlife","floor":12,"turns":5},{"damage":31,"enemies":"Gremlin Nob","floor":14,"turns":5}],"seed_played":"-2707770632273495642","potions_obtained":[{"floor":1,"key":"Regen Potion"},{"floor":2,"key":"AttackPotion"},{"floor":10,"key":"SpeedPotion"}],"is_trial":false,"path_per_floor":["?","?","?","?","?","T"],"character_chosen":"THE_SILENT","items_purchased":[],"campfire_rested":0,"item_purchase_floors":[],"current_hp_per_floor":[59,59,59,59,59,59,51,49,49,39,21,21,21,4],"gold":145,"neow_bonus":"RANDOM_COMMON_RELIC","is_prod":false,"is_daily":false,"chose_seed":false,"campfire_upgraded":1,"win_rate":0,"timestamp":1548148943,"path_taken":["M","?","?","?","?","R","M","M","T","M","?","M","?","E"],"build_version":"2019-01-20","purchased_purges":0,"victory":false,"max_hp_per_floor":[66,66,66,66,66,66,66,66,66,66,66,66,66,66],"card_choices":[{"not_picked":["Dash","Infinite Blades","Poisoned Stab"],"picked":"SKIP","floor":1},{"not_picked":["Dash","Dagger Spray","Dodge and Roll"],"picked":"SKIP","floor":7},{"not_picked":["Outmaneuver","PiercingWail","Cloak And Dagger"],"picked":"SKIP","floor":8},{"not_picked":["PiercingWail","Leg Sweep","Blade Dance"],"picked":"SKIP","floor":10},{"not_picked":["Deflect","Cloak And Dagger"],"picked":"Well Laid Plans","floor":12}],"player_experience":1314812,"relics_obtained":[{"floor":9,"key":"War Paint"},{"floor":13,"key":"Letter Opener"}],"event_choices":[{"damage_healed":0,"gold_gain":0,"player_choice":"Bought 1 Potion","damage_taken":0,"max_hp_gain":0,"max_hp_loss":0,"event_name":"The Woman in Blue","floor":2,"gold_loss":0},{"cards_removed":["Strike_G"],"damage_healed":0,"gold_gain":0,"player_choice":"Card Removal","damage_taken":0,"max_hp_gain":0,"max_hp_loss":0,"event_name":"The Cleric","floor":3,"gold_loss":75},{"damage_healed":0,"gold_gain":0,"player_choice":"Ignored","damage_taken":0,"max_hp_gain":0,"max_hp_loss":0,"event_name":"Liars Game","floor":4,"gold_loss":0},{"damage_healed":0,"gold_gain":0,"player_choice":"Box","damage_taken":0,"relics_obtained":["Tingsha"],"max_hp_gain":0,"max_hp_loss":0,"event_name":"Big Fish","floor":5,"gold_loss":0,"cards_obtained":["Regret"]},{"damage_healed":0,"gold_gain":0,"player_choice":"Success","damage_taken":18,"relics_obtained":["Lantern"],"max_hp_gain":0,"max_hp_loss":0,"event_name":"Scrap Ooze","floor":11,"gold_loss":0}],"is_beta":true,"boss_relics":[],"items_purged_floors":[],"is_endless":false,"potions_floor_spawned":[1,10],"killed_by":"Gremlin Nob","ascension_level":20}