{"gold_per_floor":[118,118,136,61,61,96,96,96,123,123,152,77,77,135,135,233,233,243,260,160,180,195,226,226,253,277,277],"floor_reached":27,"playtime":1210,"items_purged":["Strike_G","Strike_G"],"score":412,"play_id":"7ad36c8d-f087-439b-b395-cbd04551ec1a","local_time":"20181029191419","is_ascension_mode":true,"campfire_choices":[{"data":"Footwork","floor":8,"key":"SMITH"},{"data":"Neutralize","floor":10,"key":"SMITH"},{"data":"Noxious Fumes","floor":13,"key":"SMITH"},{"data":"Well Laid Plans","floor":15,"key":"SMITH"}],"neow_cost":"NONE","seed_source_timestamp":358736956496574,"circlet_count":0,"master_deck":["Defend_G","Defend_G","Defend_G","Defend_G","Defend_G","Strike_G","Strike_G","Strike_G","Survivor","Neutralize+1","Well Laid Plans+1","Footwork+1","Outmaneuver","Noxious Fumes+1","Deadly Poison","Malaise","Deflect+1","Backflip","Bane+1"],"relics":["Ring of the Snake","NeowsBlessing","CultistMask","Prayer Wheel","Vajra","Blood Vial","Tiny Chest","Sozu","Bag of Preparation","Letter Opener","Oddly Smooth Stone"],"potions_floor_usage":[11,23],"damage_taken":[{"damage":0,"enemies":"2 Louse","floor":1,"turns":1},{"damage":0,"enemies":"Cultist","floor":3,"turns":1},{"damage":0,"enemies":"Gremlin Nob","floor":6,"turns":1},{"damage":0,"enemies":"Lagavulin","floor":11,"turns":9},{"damage":18,"enemies":"3 Sentries","floor":14,"turns":8},{"damage":0,"enemies":"Hexaghost","floor":16,"turns":10},{"damage":0,"enemies":"Chosen","floor":18,"turns":5},{"damage":16,"enemies":"3 Byrds","floor":19,"turns":6},{"damage":10,"enemies":"3 Cultists","floor":21,"turns":7},{"damage":2,"enemies":"Shelled Parasite and Fungi","floor":22,"turns":9},{"damage":26,"enemies":"Slavers","floor":23,"turns":7},{"damage":0,"enemies":"Colosseum Slavers","floor":24,"turns":5},{"damage":0,"enemies":"Book of Stabbing","floor":25,"turns":8},{"damage":39,"enemies":"Slavers","floor":27,"turns":3}],"seed_played":"7008094488765194321","potions_obtained":[{"floor":1,"key":"FearPotion"},{"floor":3,"key":"Explosive Potion"},{"floor":5,"key":"SkillPotion"},{"floor":5,"key":"FairyPotion"},{"floor":14,"key":"SteroidPotion"},{"floor":16,"key":"AttackPotion"}],"is_trial":false,"path_per_floor":["M","?","M","$","?","E","?","R","T","R","E","$","R","E","R","B",null,"M","M","$","M","M","E","?","E","T"],"character_chosen":"THE_SILENT","items_purchased":["Noxious Fumes"],"campfire_rested":0,"item_purchase_floors":[12],"current_hp_per_floor":[70,70,70,70,70,70,70,70,70,70,70,70,70,52,52,54,70,70,54,54,46,46,22,24,26,26,0],"gold":277,"neow_bonus":"THREE_ENEMY_KILL","is_prod":false,"is_daily":false,"chose_seed":false,"campfire_upgraded":4,"win_rate":0,"timestamp":1540811659,"path_taken":["M","?","M","$","?","E","?","R","T","R","E","$","R","E","R","BOSS","M","M","$","M","?","E","?","E","T","E"],"build_version":"2018-10-25v2","purchased_purges":2,"victory":false,"max_hp_per_floor":[70,70,70,70,70,70,70,70,70,70,70,70,70,70,70,70,70,70,70,70,70,70,70,70,70,70,70],"card_choices":[{"not_picked":["Infinite Blades","Concentrate"],"picked":"Well Laid Plans","floor":1},{"not_picked":["Deflect","Escape Plan"],"picked":"Footwork","floor":3},{"not_picked":["Finisher","Accuracy"],"picked":"Outmaneuver","floor":6},{"not_picked":["Cloak And Dagger","Quick Slash","Distraction"],"picked":"SKIP","floor":11},{"not_picked":["Sucker Punch","Concentrate"],"picked":"Deadly Poison","floor":14},{"not_picked":["A Thousand Cuts","Envenom"],"picked":"Malaise","floor":16},{"not_picked":["Distraction","Bane+1"],"picked":"Deflect+1","floor":18},{"not_picked":["Dagger Throw","Flying Knee+1","Slice"],"picked":"SKIP","floor":18},{"not_picked":["Predator","PiercingWail","Bane"],"picked":"SKIP","floor":19},{"not_picked":["Noxious Fumes","Venomology","Dodge and Roll"],"picked":"SKIP","floor":19},{"not_picked":["Underhanded Strike","Outmaneuver"],"picked":"Backflip","floor":21},{"not_picked":["Dagger Throw","Riddle With Holes+1","Cloak And Dagger+1"],"picked":"SKIP","floor":21},{"not_picked":["Dagger Throw","Riddle With Holes+1","Cloak And Dagger+1"],"picked":"SKIP","floor":21},{"not_picked":["Expertise","Blade Dance","Well Laid Plans"],"picked":"SKIP","floor":22},{"not_picked":["Sucker Punch","Noxious Fumes","Bane+1"],"picked":"SKIP","floor":22},{"not_picked":["Sucker Punch","Noxious Fumes"],"picked":"Bane+1","floor":22},{"not_picked":["Expertise","Blade Dance","Well Laid Plans"],"picked":"SKIP","floor":22},{"not_picked":["Bouncing Flask+1","Deadly Poison+1","Acrobatics"],"picked":"SKIP","floor":23},{"not_picked":["Dodge and Roll","Well Laid Plans","Bane"],"picked":"SKIP","floor":25}],"player_experience":415718,"relics_obtained":[{"floor":6,"key":"Prayer Wheel"},{"floor":9,"key":"Vajra"},{"floor":11,"key":"Blood Vial"},{"floor":14,"key":"Tiny Chest"},{"floor":23,"key":"Bag of Preparation"},{"floor":25,"key":"Letter Opener"},{"floor":26,"key":"Oddly Smooth Stone"}],"event_choices":[{"damage_healed":0,"gold_gain":0,"player_choice":"Trade","damage_taken":0,"relics_obtained":["CultistMask"],"max_hp_gain":0,"max_hp_loss":0,"event_name":"FaceTrader","floor":2,"gold_loss":0},{"damage_healed":0,"gold_gain":0,"player_choice":"Got Potions","damage_taken":0,"max_hp_gain":0,"max_hp_loss":0,"event_name":"The Lab","floor":5,"gold_loss":0},{"damage_healed":0,"gold_gain":0,"player_choice":"Bought 0 Potions","damage_taken":0,"max_hp_gain":0,"max_hp_loss":0,"event_name":"The Woman in Blue","floor":7,"gold_loss":0},{"damage_healed":0,"gold_gain":0,"player_choice":"Fight","damage_taken":0,"max_hp_gain":0,"max_hp_loss":0,"event_name":"Colosseum","floor":24,"gold_loss":0},{"damage_healed":0,"gold_gain":0,"player_choice":"Fled From Nobs","damage_taken":0,"max_hp_gain":0,"max_hp_loss":0,"event_name":"Colosseum","floor":24,"gold_loss":0}],"is_beta":false,"boss_relics":[{"not_picked":["Busted Crown","Velvet Choker"],"picked":"Sozu"}],"items_purged_floors":[4,20],"is_endless":false,"potions_floor_spawned":[1,3,14,16,19,23],"killed_by":"Slavers","ascension_level":1}