{"gold_per_floor":[364,439,589,86,102,102,120,120,120,152,152,170,6,25,25,99,99,109,109,9,28,44,44,78,78,78,78,78,90,90,90,90,169,169,189,204,21,39,39,39,39,39],"floor_reached":42,"playtime":2054,"items_purged":["Doubt","Strike_B","Defend_B"],"score":877,"play_id":"a8424141-ddd3-477a-87a1-8953815a78f2","local_time":"20190127233018","is_ascension_mode":true,"campfire_choices":[{"data":"Chaos","floor":6.0,"key":"SMITH"},{"data":"Consume","floor":8.0,"key":"SMITH"},{"data":"Capacitor","floor":15.0,"key":"SMITH"},{"floor":23.0,"key":"RECALL"},{"floor":25.0,"key":"REST"},{"floor":28.0,"key":"REST"},{"floor":30.0,"key":"REST"},{"floor":32.0,"key":"REST"},{"floor":40.0,"key":"REST"}],"neow_cost":"TEN_PERCENT_HP_LOSS","seed_source_timestamp":33878726758982,"circlet_count":0,"master_deck":["AscendersBane","Defend_B","Defend_B","Defend_B","Zap","Dualcast","Consume+1","Chaos+1","Seek","Hologram","Coolheaded","Capacitor+1","Echo Form","Capacitor","White Noise","Electrodynamics"],"special_seed":0,"relics":["Cracked Core","Runic Capacitor","Art of War","Bird Faced Urn","Boot","The Courier","Fusion Hammer","theJungle:SpiritDisease","Singing Bowl","Spirit Poop","Ninja Scroll","Busted Crown","Membership Card"],"potions_floor_usage":[42,42],"damage_taken":[{"damage":1.0,"enemies":"2 Louse","floor":1.0,"turns":3.0},{"damage":2.0,"enemies":"Jaw Worm","floor":5.0,"turns":3.0},{"damage":0.0,"enemies":"Cultist","floor":7.0,"turns":3.0},{"damage":20.0,"enemies":"Lagavulin","floor":10.0,"turns":7.0},{"damage":8.0,"enemies":"3 Louse","floor":12.0,"turns":3.0},{"damage":0.0,"enemies":"Looter","floor":14.0,"turns":4.0},{"damage":18.0,"enemies":"Slime Boss","floor":16.0,"turns":8.0},{"damage":10.0,"enemies":"theJungle:MUSHROOMGANG","floor":18.0,"turns":5.0},{"damage":0.0,"enemies":"theJungle:GiantWrat","floor":21.0,"turns":4.0},{"damage":15.0,"enemies":"theJungle:JungleHuntersEncounter","floor":22.0,"turns":8.0},{"damage":0.0,"enemies":"theJungle:2_Phrogs","floor":24.0,"turns":6.0},{"damage":47.0,"enemies":"JungleHuntersEvent","floor":27.0,"turns":6.0},{"damage":17.0,"enemies":"theJungle:Snecko_Cultist_And_Trap","floor":29.0,"turns":6.0},{"damage":11.0,"enemies":"theJungle:QueenSpyder","floor":33.0,"turns":8.0},{"damage":51.0,"enemies":"3 Darklings","floor":35.0,"turns":3.0},{"damage":25.0,"enemies":"Orb Walker","floor":36.0,"turns":3.0},{"damage":9.0,"enemies":"4 Shapes","floor":38.0,"turns":4.0},{"damage":57,"enemies":"Reptomancer","floor":42,"turns":2}],"seed_played":"7623576010320575988","potions_obtained":[{"floor":1.0,"key":"Poison Potion"},{"floor":5.0,"key":"Fire Potion"},{"floor":12.0,"key":"PowerPotion"},{"floor":18.0,"key":"Weak Potion"},{"floor":29.0,"key":"Fire Potion"},{"floor":33.0,"key":"Regen Potion"},{"floor":36.0,"key":"FocusPotion"}],"is_trial":false,"path_per_floor":["M","?","?","$","M","R","M","R","T","E","T","M","$","M","R","B",null,"M","?","$","M","M","R","E","R","T","?","R","M","R","$","R","B",null,"M","M","$","M","?","R","?","E"],"character_chosen":"DEFECT","items_purchased":["Consume","Runic Capacitor","Art of War","Coolheaded","Capacitor","Membership Card"],"campfire_rested":5,"item_purchase_floors":[4,4,4,13,13,37],"current_hp_per_floor":[63,52,52,52,50,50,50,50,50,30,30,22,22,24,24,10,51,45,45,45,53,46,46,54,66,66,29,49,44,65,65,70,61,68,29,23,23,28,24,48,48,0],"gold":39,"neow_bonus":"TWO_FIFTY_GOLD","is_prod":false,"is_daily":false,"chose_seed":false,"campfire_upgraded":3,"win_rate":0,"timestamp":1548603018,"path_taken":["M","?","?","$","M","R","M","R","T","E","?","?","$","M","R","BOSS","M","?","$","M","M","R","E","R","T","?","R","M","R","$","R","BOSS","M","M","$","M","?","R","?","E"],"build_version":"2019-01-23","purchased_purges":3,"victory":false,"max_hp_per_floor":[64,64,64,64,64,64,64,64,64,64,64,64,64,64,64,64,64,64,64,64,64,64,64,66,66,66,68,68,70,70,70,70,70,70,72,74,74,76,82,82,78,78],"card_choices":[{"not_picked":["Storm","Lockon","Go for the Eyes"],"picked":"SKIP","floor":1.0},{"not_picked":["Static Discharge","Barrage"],"picked":"Chaos","floor":5.0},{"not_picked":["Cold Snap","Sweeping Beam","Melter"],"picked":"SKIP","floor":7.0},{"not_picked":["Streamline","Undo"],"picked":"Seek","floor":10.0},{"not_picked":["Ball Lightning","Doom and Gloom"],"picked":"Hologram","floor":12.0},{"not_picked":["Rebound","Compile Driver","Go for the Eyes"],"picked":"SKIP","floor":14.0},{"not_picked":["Multi-Cast","Seek"],"picked":"Echo Form","floor":16.0},{"not_picked":["Hologram","Turbo+1"],"picked":"Capacitor","floor":18.0},{"not_picked":["Redo","Undo"],"picked":"White Noise","floor":21.0},{"not_picked":["Redo","Hologram","Go for the Eyes"],"picked":"SKIP","floor":22.0},{"not_picked":["Compile Driver","Double Energy","Redo"],"picked":"Singing Bowl","floor":24.0},{"not_picked":["Storm","Conserve Battery","Streamline"],"picked":"Singing Bowl","floor":27.0},{"not_picked":["Barrage","Rebound","Conserve Battery"],"picked":"Singing Bowl","floor":29.0},{"not_picked":["Thunder Strike","Reboot"],"picked":"Electrodynamics","floor":33.0},{"not_picked":["Hologram"],"picked":"Singing Bowl","floor":35.0},{"not_picked":["Aggregate+1"],"picked":"Singing Bowl","floor":36.0},{"not_picked":["Scrape+1"],"picked":"Singing Bowl","floor":38.0},{"not_picked":["Swift Strike"],"picked":"Singing Bowl","floor":39.0},{"not_picked":["Sadistic Nature"],"picked":"Singing Bowl","floor":39.0},{"not_picked":["PanicButton"],"picked":"Singing Bowl","floor":39.0}],"player_experience":2336762,"relics_obtained":[{"floor":9.0,"key":"Bird Faced Urn"},{"floor":10.0,"key":"Boot"},{"floor":11.0,"key":"The Courier"},{"floor":24.0,"key":"Singing Bowl"},{"floor":26.0,"key":"Spirit Poop"},{"floor":27.0,"key":"Ninja Scroll"}],"event_choices":[{"damage_healed":0.0,"max_hp_gain":0.0,"max_hp_loss":0.0,"gold_gain":75.0,"event_name":"World of Goop","player_choice":"Gather Gold","floor":2.0,"gold_loss":0.0,"damage_taken":11.0},{"damage_healed":0.0,"max_hp_gain":0.0,"max_hp_loss":0.0,"gold_gain":150.0,"event_name":"Liars Game","player_choice":"AGREE","floor":3.0,"gold_loss":0.0,"damage_taken":0.0,"cards_obtained":["Doubt"]},{"damage_healed":0.0,"max_hp_gain":0.0,"max_hp_loss":0.0,"gold_gain":0.0,"event_name":"SensoryStone","player_choice":"Memory 3","floor":39.0,"gold_loss":0.0,"damage_taken":10.0},{"damage_healed":0.0,"max_hp_gain":0.0,"max_hp_loss":4.0,"gold_gain":0.0,"event_name":"Winding Halls","player_choice":"Max HP","floor":41.0,"gold_loss":0.0,"damage_taken":0.0}],"is_beta":false,"boss_relics":[{"not_picked":["Tiny House","Black Star"],"picked":"Fusion Hammer"},{"not_picked":["White Beast Statue","Pandora\u0027s Box"],"picked":"Busted Crown"}],"items_purged_floors":[4,13,20],"is_endless":false,"potions_floor_spawned":[1,5,12,14,18,29,33,36,38],"killed_by":"Reptomancer","ascension_level":20}