{"gold_per_floor":[111,131,56,68,86,86,106,106,106,106,106,106,124,124,124,226,226,243,243,168,267,278,278,297,315,315,315,51,51,68,80,80,176,176,189,201,221,20,20,20,39,0,76,76,91,91,109,129,129,129],"floor_reached":51,"playtime":1522,"items_purged":["Strike_R","Strike_R"],"score":886,"play_id":"09fd9970-1a1a-4bd1-9b98-1aa5e1e70058","local_time":"20181009160848","is_ascension_mode":true,"campfire_choices":[{"data":"Flex","floor":6,"key":"SMITH"},{"data":"Whirlwind","floor":8,"key":"SMITH"},{"data":"Shockwave","floor":10,"key":"SMITH"},{"data":"Evolve","floor":15,"key":"SMITH"},{"data":"Disarm","floor":23,"key":"SMITH"},{"data":"Uppercut","floor":27,"key":"SMITH"},{"data":"Double Tap","floor":29,"key":"SMITH"},{"data":"Exhume","floor":32,"key":"SMITH"},{"data":"Offering","floor":40,"key":"SMITH"},{"data":"Bash","floor":44,"key":"SMITH"},{"data":"Reaper","floor":46,"key":"SMITH"},{"data":"Defend_R","floor":49,"key":"SMITH"}],"neow_cost":"TEN_PERCENT_HP_LOSS","seed_source_timestamp":18680655063675,"circlet_count":0,"master_deck":["Strike_R","Strike_R","Defend_R+1","Defend_R","Bash+1","Whirlwind+1","Evolve+1","Flex+1","Shockwave+1","Exhume+1","Reaper+1","True Grit+1","Impervious","Disarm+1","Uppercut+1","Double Tap+1","Inflame+1","Offering+1","Inflame+1","Auto Shields+1","Go for the Eyes+1","Doom and Gloom+1"],"relics":["Burning Blood","Bottled Lightning","Shuriken","Frozen Egg 2","Runic Dome","Art of War","Philosopher\u0027s Stone","PrismaticShard","Red Mask","Bottled Tornado"],"potions_floor_usage":[24,50,50,50],"damage_taken":[{"damage":6,"enemies":"Jaw Worm","floor":1,"turns":5},{"damage":0,"enemies":"2 Louse","floor":2,"turns":2},{"damage":11,"enemies":"Cultist","floor":4,"turns":4},{"damage":22,"enemies":"Lots of Slimes","floor":5,"turns":2},{"damage":0,"enemies":"Exordium Wildlife","floor":7,"turns":3},{"damage":8,"enemies":"Looter","floor":13,"turns":3},{"damage":0,"enemies":"Slime Boss","floor":16,"turns":5},{"damage":8,"enemies":"Chosen","floor":18,"turns":4},{"damage":9,"enemies":"Shell Parasite","floor":22,"turns":5},{"damage":0,"enemies":"3 Cultists","floor":24,"turns":2},{"damage":15,"enemies":"Shelled Parasite and Fungi","floor":25,"turns":5},{"damage":0,"enemies":"Snake Plant","floor":30,"turns":3},{"damage":2,"enemies":"Centurion and Healer","floor":31,"turns":4},{"damage":71,"enemies":"Automaton","floor":33,"turns":9},{"damage":25,"enemies":"3 Shapes","floor":35,"turns":4},{"damage":11,"enemies":"3 Darklings","floor":36,"turns":3},{"damage":31,"enemies":"Transient","floor":37,"turns":5},{"damage":6,"enemies":"Maw","floor":41,"turns":6},{"damage":12,"enemies":"Spire Growth","floor":45,"turns":3},{"damage":24,"enemies":"Transient","floor":47,"turns":5},{"damage":9,"enemies":"Maw","floor":48,"turns":5},{"damage":74,"enemies":"Time Eater","floor":50,"turns":10}],"seed_played":"6791746873507010480","potions_obtained":[{"floor":1,"key":"Strength Potion"},{"floor":5,"key":"Swift Potion"},{"floor":7,"key":"SpeedPotion"},{"floor":13,"key":"Energy Potion"},{"floor":25,"key":"EssenceOfSteel"},{"floor":35,"key":"SteroidPotion"}],"is_trial":false,"path_per_floor":["M","M","$","M","M","R","M","R","T","R","?","?","M","T","R","B",null,"M","?","?","?","M","R","M","M","T","R","$","R","M","M","R","B",null,"M","M","M","$","?","R","M","?","T","R","M","R","M","M","R","B"],"character_chosen":"IRONCLAD","items_purchased":["Double Tap","PrismaticShard"],"campfire_rested":0,"item_purchase_floors":[28,38],"current_hp_per_floor":[72,72,72,67,51,51,57,57,57,57,57,57,55,55,55,61,69,67,67,67,67,72,72,72,68,68,68,68,68,72,72,72,30,62,43,67,65,65,65,65,72,72,72,72,66,66,66,72,72,56],"gold":129,"neow_bonus":"REMOVE_TWO","is_prod":false,"is_daily":false,"chose_seed":false,"campfire_upgraded":12,"win_rate":0,"timestamp":1539072528,"path_taken":["M","M","$","M","M","R","M","R","T","R","?","?","M","?","R","BOSS","M","?","?","?","?","R","M","M","T","R","$","R","M","?","R","BOSS","M","M","M","$","?","R","M","?","T","R","M","R","M","M","R","BOSS"],"build_version":"2018-10-04v2","purchased_purges":2,"victory":true,"max_hp_per_floor":[72,72,72,72,72,72,72,72,72,72,72,72,72,72,72,72,72,72,72,72,72,72,72,72,72,72,72,72,72,72,72,72,72,72,72,72,72,72,72,72,72,72,72,72,72,72,72,72,72,72],"card_choices":[{"not_picked":["Second Wind","Sword Boomerang"],"picked":"Whirlwind","floor":1},{"not_picked":["Headbutt","Burning Pact","Wild Strike"],"picked":"SKIP","floor":2},{"not_picked":["Havoc","Twin Strike"],"picked":"Evolve","floor":4},{"not_picked":["Twin Strike","Armaments"],"picked":"Flex","floor":5},{"not_picked":["Carnage","Wild Strike"],"picked":"Shockwave","floor":7},{"not_picked":["Searing Blow","Pommel Strike"],"picked":"Exhume","floor":13},{"not_picked":["Brutality+1","Berserk+1"],"picked":"Reaper","floor":16},{"not_picked":["Pommel Strike","Havoc"],"picked":"True Grit+1","floor":18},{"not_picked":["Pommel Strike+1","Reckless Charge"],"picked":"Disarm","floor":22},{"not_picked":["Body Slam","Hemokinesis","Iron Wave"],"picked":"SKIP","floor":24},{"not_picked":["Wild Strike+1","Perfected Strike"],"picked":"Uppercut","floor":25},{"not_picked":["Searing Blow","Pummel+1"],"picked":"Inflame+1","floor":30},{"not_picked":["Hemokinesis","Pommel Strike","Rupture+1"],"picked":"SKIP","floor":31},{"not_picked":["Barricade+1","Bludgeon"],"picked":"Offering","floor":33},{"not_picked":["Body Slam+1","Armaments+1","Twin Strike"],"picked":"SKIP","floor":35},{"not_picked":["Metallicize+1","Shrug It Off+1","Warcry"],"picked":"SKIP","floor":36},{"not_picked":["Heavy Blade","True Grit"],"picked":"Inflame+1","floor":37},{"not_picked":["Jack Of All Trades+1","Calculated Gamble+1"],"picked":"Auto Shields+1","floor":41},{"not_picked":["Redo+1","Dagger Throw+1","Sentinel"],"picked":"SKIP","floor":45},{"not_picked":["Catalyst+1","Masterful Stab+1"],"picked":"Go for the Eyes+1","floor":47},{"not_picked":["Carnage","Thunderclap"],"picked":"Doom and Gloom+1","floor":48}],"player_experience":41579,"relics_obtained":[{"floor":9,"key":"Bottled Lightning"},{"floor":14,"key":"Frozen Egg 2"},{"floor":26,"key":"Art of War"},{"floor":43,"key":"Bottled Tornado"}],"event_choices":[{"event_name":"Dead Adventurer","player_choice":"Searched \u00272\u0027 times","floor":11,"damage_taken":0},{"event_name":"Liars Game","player_choice":"disagreed","floor":12,"damage_taken":0},{"event_name":"Match and Keep!","player_choice":"1 cards matched","floor":19,"damage_taken":0},{"event_name":"Beggar","player_choice":"Gave Gold","floor":20,"damage_taken":0},{"event_name":"Nest","player_choice":"Stole From Cult","floor":21,"damage_taken":0},{"event_name":"SensoryStone","player_choice":"Memory 1","floor":39,"damage_taken":0},{"event_name":"Tomb of Lord Red Mask","player_choice":"Paid","floor":42,"damage_taken":0}],"is_beta":false,"boss_relics":[{"not_picked":["Runic Pyramid","Fusion Hammer"],"picked":"Runic Dome"},{"not_picked":["Runic Cube","Orrery"],"picked":"Philosopher\u0027s Stone"}],"items_purged_floors":[3,28],"is_endless":false,"potions_floor_spawned":[1,5,7,13,25,31,35,37,41,47],"ascension_level":6}