{"gold_per_floor":[115,115,132,57,57,57,74,106,106,139,139,173,73,73,73,152,152,162,162,176,446,458,458,458,458,481,494,225,241,441,453,453,527,527,547,559,659,659,208,208,240,240,240,240,240],"floor_reached":45,"playtime":1589,"items_purged":["Strike_G","Strike_G","Strike_G","Normality"],"score":1039,"play_id":"9f639896-b160-47bf-aa03-0eb4d2f46ea4","local_time":"20190406162856","is_ascension_mode":true,"campfire_choices":[{"data":"Noxious Fumes","floor":6.0,"key":"SMITH"},{"data":"Catalyst","floor":11.0,"key":"SMITH"},{"data":"Catalyst","floor":15.0,"key":"SMITH"},{"data":"Bouncing Flask","floor":23.0,"key":"SMITH"},{"data":"Deadly Poison","floor":25.0,"key":"SMITH"},{"data":"Neutralize","floor":32.0,"key":"SMITH"},{"data":"Acrobatics","floor":40.0,"key":"SMITH"},{"data":"Malaise","floor":42.0,"key":"SMITH"}],"neow_cost":"NONE","seed_source_timestamp":19182862356014,"circlet_count":0,"master_deck":["AscendersBane","Defend_G","Defend_G+1","Defend_G","Defend_G","Defend_G","Strike_G+1","Strike_G","Survivor","Neutralize+1","Noxious Fumes+1","Catalyst+1","After Image","Masterful Stab","Catalyst+1","After Image","Leg Sweep+1","Deadly Poison+1","Bouncing Flask+1","Catalyst+1","Adrenaline","Acrobatics+1","Malaise+1"],"special_seed":0,"relics":["Ring of the Snake","NeowsBlessing","Matryoshka","Ancient Tea Set","Omamori","Dream Catcher","Thread and Needle","Coffee Dripper","Smiling Mask","DollysMirror","Calling Bell","Art of War","Ninja Scroll","Tough Bandages","Turnip","Darkstone Periapt","Tiny Chest","Mummified Hand","Question Card","Oddly Smooth Stone"],"potions_floor_usage":[45,45],"damage_taken":[{"damage":0.0,"enemies":"Cultist","floor":1.0,"turns":1.0},{"damage":0.0,"enemies":"Small Slimes","floor":3.0,"turns":1.0},{"damage":0.0,"enemies":"Jaw Worm","floor":7.0,"turns":1.0},{"damage":21.0,"enemies":"Lagavulin","floor":8.0,"turns":8.0},{"damage":11.0,"enemies":"3 Sentries","floor":10.0,"turns":7.0},{"damage":0.0,"enemies":"Gremlin Nob","floor":12.0,"turns":3.0},{"damage":2.0,"enemies":"Hexaghost","floor":16.0,"turns":9.0},{"damage":10.0,"enemies":"Chosen","floor":18.0,"turns":5.0},{"damage":0.0,"enemies":"Shell Parasite","floor":20.0,"turns":6.0},{"damage":2.0,"enemies":"Centurion and Healer","floor":22.0,"turns":6.0},{"damage":0.0,"enemies":"Cultist and Chosen","floor":27.0,"turns":3.0},{"damage":3.0,"enemies":"3 Cultists","floor":29.0,"turns":6.0},{"damage":0.0,"enemies":"Sentry and Sphere","floor":31.0,"turns":4.0},{"damage":8.0,"enemies":"Collector","floor":33.0,"turns":3.0},{"damage":31.0,"enemies":"3 Darklings","floor":35.0,"turns":10.0},{"damage":1.0,"enemies":"3 Shapes","floor":36.0,"turns":5.0},{"damage":0.0,"enemies":"Mind Bloom Boss Battle","floor":37.0,"turns":5.0},{"damage":14.0,"enemies":"Nemesis","floor":41.0,"turns":7.0},{"damage":1,"enemies":"Reptomancer","floor":45,"turns":3}],"seed_played":"-8629704136404647453","potions_obtained":[{"floor":3.0,"key":"Poison Potion"},{"floor":16.0,"key":"Swift Potion"},{"floor":20.0,"key":"PowerPotion"},{"floor":29.0,"key":"AttackPotion"},{"floor":31.0,"key":"SkillPotion"},{"floor":33.0,"key":"Explosive Potion"},{"floor":41.0,"key":"PowerPotion"}],"is_trial":false,"path_per_floor":["M","?","M","$","?","R","M","E","T","E","R","E","$","?","R","B",null,"M","?","M","?","M","R","?","R","T","M","$","M","?","M","R","B",null,"M","M","?","T","$","R","E","R","T","?","E"],"character_chosen":"THE_SILENT","items_purchased":["DollysMirror","Tiny Chest","Mummified Hand"],"campfire_rested":0,"item_purchase_floors":[28,39,39],"current_hp_per_floor":[59,39,39,39,39,39,39,18,18,7,7,7,7,7,7,5,51,41,41,41,17,15,15,15,15,15,15,15,12,12,12,12,4,51,20,19,19,19,19,19,5,5,5,5,4],"gold":240,"neow_bonus":"THREE_ENEMY_KILL","is_prod":false,"is_daily":false,"chose_seed":false,"campfire_upgraded":8,"win_rate":0,"timestamp":1554539336,"path_taken":["M","?","M","$","?","R","?","E","T","E","R","E","$","?","R","BOSS","M","?","M","?","?","R","?","R","T","M","$","M","?","M","R","BOSS","M","?","?","?","$","R","E","R","T","?","E"],"build_version":"2019-01-23","purchased_purges":4,"victory":false,"max_hp_per_floor":[66,66,66,66,66,66,66,66,66,66,66,66,66,66,66,66,66,66,66,66,66,66,66,66,66,66,66,66,66,66,66,66,66,66,66,66,66,66,66,66,66,66,66,66,66],"card_choices":[{"not_picked":["Poisoned Stab","Footwork"],"picked":"Noxious Fumes","floor":1.0},{"not_picked":["Blur","Tactician"],"picked":"Catalyst","floor":3.0},{"not_picked":["Sucker Punch","Underhanded Strike"],"picked":"Masterful Stab","floor":7.0},{"not_picked":["Distraction","Poisoned Stab"],"picked":"Catalyst","floor":8.0},{"not_picked":["Slice","Terror"],"picked":"After Image","floor":10.0},{"not_picked":["Prepared","Dodge and Roll","Poisoned Stab"],"picked":"SKIP","floor":12.0},{"not_picked":["Prepared","Finisher"],"picked":"Leg Sweep+1","floor":18.0},{"not_picked":["Leg Sweep","Dagger Throw"],"picked":"Deadly Poison","floor":20.0},{"not_picked":["Crippling Poison","Quick Slash+1"],"picked":"Bouncing Flask","floor":22.0},{"not_picked":["Blade Dance","Slice","Bane"],"picked":"SKIP","floor":27.0},{"not_picked":["Endless Agony","Outmaneuver","Quick Slash+1"],"picked":"SKIP","floor":29.0},{"not_picked":["Quick Slash","Leg Sweep","A Thousand Cuts"],"picked":"SKIP","floor":31.0},{"not_picked":["Storm of Steel","Night Terror"],"picked":"Adrenaline","floor":33.0},{"not_picked":["Caltrops","Leg Sweep","Dagger Spray"],"picked":"SKIP","floor":35.0},{"not_picked":["Endless Agony","Dagger Spray"],"picked":"Acrobatics","floor":36.0},{"not_picked":["Backflip","Acrobatics+1"],"picked":"Malaise","floor":41.0}],"player_experience":4090164,"relics_obtained":[{"floor":8.0,"key":"Matryoshka"},{"floor":9.0,"key":"Ancient Tea Set"},{"floor":9.0,"key":"Omamori"},{"floor":10.0,"key":"Dream Catcher"},{"floor":12.0,"key":"Thread and Needle"},{"floor":26.0,"key":"Smiling Mask"},{"floor":34.0,"key":"Art of War"},{"floor":34.0,"key":"Ninja Scroll"},{"floor":34.0,"key":"Tough Bandages"},{"floor":37.0,"key":"Turnip"},{"floor":38.0,"key":"Darkstone Periapt"},{"floor":41.0,"key":"Question Card"},{"floor":43.0,"key":"Oddly Smooth Stone"}],"event_choices":[{"damage_healed":0.0,"max_hp_gain":0.0,"max_hp_loss":0.0,"gold_gain":0.0,"event_name":"Shining Light","player_choice":"Entered Light","floor":2.0,"gold_loss":0.0,"damage_taken":20.0,"cards_upgraded":["Strike_G","Defend_G"]},{"damage_healed":0.0,"max_hp_gain":0.0,"max_hp_loss":0.0,"gold_gain":0.0,"event_name":"Match and Keep!","player_choice":"1 cards matched","floor":5.0,"gold_loss":0.0,"damage_taken":0.0,"cards_obtained":["After Image"]},{"damage_healed":0.0,"max_hp_gain":0.0,"max_hp_loss":0.0,"gold_gain":0.0,"event_name":"The Cleric","player_choice":"Leave","floor":14.0,"gold_loss":0.0,"damage_taken":0.0},{"damage_healed":0.0,"max_hp_gain":0.0,"max_hp_loss":0.0,"gold_gain":0.0,"event_name":"Vampires","player_choice":"Ignored","floor":19.0,"gold_loss":0.0,"damage_taken":0.0},{"damage_healed":0.0,"max_hp_gain":0.0,"max_hp_loss":0.0,"gold_gain":270.0,"event_name":"Knowing Skull","player_choice":"GOLD GOLD GOLD ","floor":21.0,"potions_obtained":[],"gold_loss":0.0,"damage_taken":24.0,"cards_obtained":[]},{"damage_healed":0.0,"max_hp_gain":0.0,"max_hp_loss":0.0,"gold_gain":0.0,"event_name":"The Mausoleum","player_choice":"Ignored","floor":24.0,"gold_loss":0.0,"damage_taken":0.0},{"damage_healed":0.0,"max_hp_gain":0.0,"max_hp_loss":0.0,"gold_gain":250.0,"event_name":"The Joust","player_choice":"Bet on Owner","floor":30.0,"gold_loss":50.0,"damage_taken":0.0},{"damage_healed":0.0,"max_hp_gain":0.0,"max_hp_loss":0.0,"gold_gain":0.0,"event_name":"MindBloom","player_choice":"Fight","floor":37.0,"gold_loss":0.0,"damage_taken":0.0},{"damage_healed":0.0,"max_hp_gain":0.0,"max_hp_loss":0.0,"gold_gain":0.0,"event_name":"SecretPortal","player_choice":"Ignored","floor":44.0,"gold_loss":0.0,"damage_taken":0.0}],"is_beta":false,"boss_relics":[{"not_picked":["Orrery","Lizard Tail"],"picked":"Coffee Dripper"},{"not_picked":["HoveringKite","Sozu"],"picked":"Calling Bell"}],"items_purged_floors":[4,13,28,39],"is_endless":false,"potions_floor_spawned":[3,16,20,29,31,33,41],"killed_by":"Reptomancer","ascension_level":20}