{"gold_per_floor":[111,111,211,225,235,235,265,265,265,265,190,190,190,203,203,306,306,325,99,110,16,16,16,46,65,65,81,81,96,110,142,142,241,241,252,269,288,288,188,201,201,27,53,70,130,130,0,10,10,10],"floor_reached":51,"playtime":4907,"items_purged":["Bash","Strike_R","Defend_R","Defend_R"],"score":684,"play_id":"09409989-5b14-48fe-9d76-4e009fd5c325","local_time":"20190713031252","is_ascension_mode":false,"campfire_choices":[{"data":"Blood for Blood","floor":6.0,"key":"SMITH"},{"data":"Rage","floor":8.0,"key":"SMITH"},{"data":"Evolve","floor":10.0,"key":"SMITH"},{"data":"Thunderclap","floor":13.0,"key":"SMITH"},{"data":"Blood for Blood","floor":15.0,"key":"SMITH"},{"data":"True Grit","floor":23.0,"key":"SMITH"},{"data":"Battle Trance","floor":28,"key":"SMITH"},{"data":"Limit Break","floor":32,"key":"SMITH"},{"data":"Limit Break","floor":41,"key":"SMITH"},{"data":"Offering","floor":46,"key":"SMITH"},{"data":"Defend_R","floor":49,"key":"SMITH"}],"neow_cost":"NONE","seed_source_timestamp":56963317734139,"circlet_count":0,"master_deck":["Defend_R+1","Blood for Blood+1","Thunderclap+1","Rage+1","Evolve+1","Berserk","Battle Trance+1","Dropkick","True Grit+1","Warcry+1","Trip","Sentinel+1","Spot Weakness+1","Limit Break+1","Berserk","Limit Break+1","Wild Strike+1","Rupture+1","Disarm+1","Flex+1","Shrug It Off+1","Heavy Blade+1","Offering+1"],"special_seed":0,"relics":["Burning Blood","Odd Mushroom","Shuriken","Pen Nib","Runic Pyramid","Tiny Chest","The Courier","Anchor","Astrolabe","SsserpentHead","Ancient Tea Set","Red Mask"],"potions_floor_usage":[31,31,31,33,50,50],"damage_taken":[{"damage":0.0,"enemies":"2 Louse","floor":1.0,"turns":2.0},{"damage":0.0,"enemies":"Small Slimes","floor":4.0,"turns":2.0},{"damage":0.0,"enemies":"Cultist","floor":5.0,"turns":3.0},{"damage":6.0,"enemies":"The Mushroom Lair","floor":7.0,"turns":4.0},{"damage":5.0,"enemies":"Looter","floor":14.0,"turns":3.0},{"damage":38.0,"enemies":"Hexaghost","floor":16.0,"turns":6.0},{"damage":10.0,"enemies":"3 Byrds","floor":18.0,"turns":4.0},{"damage":2.0,"enemies":"Shell Parasite","floor":20.0,"turns":5.0},{"damage":8,"enemies":"Snecko","floor":25,"turns":5},{"damage":5,"enemies":"Centurion and Healer","floor":27,"turns":5},{"damage":16,"enemies":"Snake Plant","floor":29,"turns":4},{"damage":12,"enemies":"Shelled Parasite and Fungi","floor":30,"turns":4},{"damage":29,"enemies":"Slavers","floor":31,"turns":4},{"damage":0,"enemies":"Collector","floor":33,"turns":6},{"damage":3,"enemies":"3 Shapes","floor":35,"turns":5},{"damage":11,"enemies":"Orb Walker","floor":36,"turns":4},{"damage":2,"enemies":"Maw","floor":37,"turns":4},{"damage":0,"enemies":"Writhing Mass","floor":40,"turns":3},{"damage":6,"enemies":"Transient","floor":44,"turns":4},{"damage":11,"enemies":"4 Shapes","floor":45,"turns":4},{"damage":10,"enemies":"Maw","floor":48,"turns":5},{"damage":15,"enemies":"Awakened One","floor":50,"turns":6}],"seed_played":"3189766674260312362","potions_obtained":[{"floor":5.0,"key":"AttackPotion"},{"floor":7.0,"key":"FearPotion"},{"floor":18.0,"key":"Swift Potion"},{"floor":30,"key":"PowerPotion"},{"floor":31,"key":"FearPotion"},{"floor":44,"key":"Block Potion"},{"floor":45,"key":"AttackPotion"},{"floor":48,"key":"Dexterity Potion"}],"is_trial":false,"path_per_floor":["M","?","?","M","M","R","?","R","T","R","$","?","R","M","R","B",null,"M","$","M","$","$","R","?","M","T","M","R","M","M","E","R","B",null,"M","M","M","?","$","M","R","$","T","M","M","R","?","M","R","B",null],"character_chosen":"IRONCLAD","items_purchased":["Dropkick","True Grit","Trip","Offering"],"campfire_rested":0,"item_purchase_floors":[19,19,21,42],"current_hp_per_floor":[80,80,80,80,80,80,80,80,80,80,80,80,80,80,80,48,80,76,76,80,80,80,80,80,78,78,79,79,69,63,40,40,46,80,80,75,79,79,79,80,80,80,80,80,75,75,75,71,71,62],"gold":10,"neow_bonus":"REMOVE_CARD","is_prod":false,"is_daily":false,"chose_seed":false,"campfire_upgraded":11,"win_rate":0,"timestamp":1562958772,"path_taken":["M","?","?","?","M","R","?","R","T","R","$","?","R","M","R","BOSS","M","$","M","?","$","R","?","M","T","M","R","?","M","E","R","BOSS","M","?","M","?","$","M","R","$","T","M","?","R","?","M","R","BOSS"],"build_version":"2019-07-05","purchased_purges":4,"victory":true,"max_hp_per_floor":[80,80,80,80,80,80,80,80,80,80,80,80,80,80,80,80,80,80,80,80,80,80,80,80,80,80,80,80,80,80,80,80,80,80,80,80,80,80,80,80,80,80,80,80,80,80,80,80,80,80],"card_choices":[{"not_picked":["Armaments","Shrug It Off"],"picked":"Blood for Blood","floor":1.0},{"not_picked":["Clash","Clothesline","Rage"],"picked":"SKIP","floor":4.0},{"not_picked":["Clash","Clothesline"],"picked":"Rage","floor":4.0},{"not_picked":["Inflame","Disarm"],"picked":"Evolve","floor":5.0},{"not_picked":["Feel No Pain","Cleave"],"picked":"Blood for Blood","floor":14.0},{"not_picked":["Juggernaut","Demon Form"],"picked":"Berserk","floor":16.0},{"not_picked":["Shrug It Off","Rupture"],"picked":"Battle Trance","floor":18.0},{"not_picked":["Carnage","Clash+1"],"picked":"Warcry+1","floor":20.0},{"not_picked":["Havoc","Uppercut"],"picked":"Sentinel+1","floor":25},{"not_picked":["Sword Boomerang","Carnage"],"picked":"Spot Weakness+1","floor":27},{"not_picked":["Spot Weakness","Twin Strike"],"picked":"Limit Break","floor":29},{"not_picked":["Fire Breathing","Sever Soul","Armaments"],"picked":"SKIP","floor":30},{"not_picked":["Fire Breathing+1","True Grit"],"picked":"Berserk","floor":31},{"not_picked":["Juggernaut","Bludgeon"],"picked":"Limit Break","floor":33},{"not_picked":["Cleave","Shockwave"],"picked":"Flex+1","floor":35},{"not_picked":["Inflame+1","Iron Wave+1"],"picked":"Shrug It Off+1","floor":36},{"not_picked":["Dropkick+1","Body Slam"],"picked":"Heavy Blade+1","floor":37},{"not_picked":["Cleave+1","Clothesline+1","Iron Wave+1"],"picked":"SKIP","floor":40},{"not_picked":["Clash+1","Whirlwind+1","Wild Strike+1"],"picked":"SKIP","floor":44},{"not_picked":["Metallicize+1","Searing Blow","Seeing Red"],"picked":"SKIP","floor":45},{"not_picked":["Shrug It Off","Perfected Strike","Headbutt"],"picked":"SKIP","floor":48}],"player_experience":5712487,"relics_obtained":[{"floor":7.0,"key":"Odd Mushroom"},{"floor":9.0,"key":"Shuriken"},{"floor":12.0,"key":"Pen Nib"},{"floor":26,"key":"The Courier"},{"floor":31,"key":"Anchor"},{"floor":43,"key":"Ancient Tea Set"}],"event_choices":[{"damage_healed":0.0,"max_hp_gain":0.0,"max_hp_loss":0.0,"gold_gain":0.0,"cards_transformed":["Strike_R"],"event_name":"Living Wall","player_choice":"Change","floor":2.0,"gold_loss":0.0,"damage_taken":0.0,"cards_obtained":["Thunderclap"]},{"damage_healed":0.0,"max_hp_gain":0.0,"max_hp_loss":0.0,"gold_gain":100.0,"event_name":"Golden Shrine","player_choice":"Pray","floor":3.0,"gold_loss":0.0,"damage_taken":0.0},{"damage_healed":0.0,"max_hp_gain":0.0,"max_hp_loss":0.0,"gold_gain":0.0,"event_name":"Mushrooms","player_choice":"Fought Mushrooms","floor":7.0,"gold_loss":0.0,"damage_taken":0.0},{"damage_healed":0.0,"max_hp_gain":0.0,"max_hp_loss":0.0,"gold_gain":0.0,"event_name":"Wheel of Change","player_choice":"Relic","floor":12.0,"gold_loss":0.0,"damage_taken":0.0},{"cards_removed":["Blood for Blood"],"damage_healed":0,"gold_gain":0,"player_choice":"Gave Card","damage_taken":0,"relics_obtained":["Tiny Chest"],"max_hp_gain":0,"max_hp_loss":0,"event_name":"WeMeetAgain","floor":24,"gold_loss":0},{"damage_healed":0,"gold_gain":0,"player_choice":"Trade","damage_taken":0,"relics_obtained":["SsserpentHead"],"max_hp_gain":0,"max_hp_loss":0,"event_name":"FaceTrader","floor":38,"gold_loss":0},{"damage_healed":0,"gold_gain":0,"player_choice":"Paid","damage_taken":0,"relics_obtained":["Red Mask"],"max_hp_gain":0,"max_hp_loss":0,"event_name":"Tomb of Lord Red Mask","floor":47,"gold_loss":180}],"is_beta":false,"boss_relics":[{"not_picked":["Sozu","Empty Cage"],"picked":"Runic Pyramid"},{"not_picked":["Tiny House","Busted Crown"],"picked":"Astrolabe"}],"items_purged_floors":[11,19,39,42],"is_endless":false,"potions_floor_spawned":[5,7,18,29,30,31,44,45,48],"ascension_level":0}