{"gold_per_floor":[117,192,342,361,361,361,372,386,439,451,469,487,487,501,501,501],"floor_reached":16,"playtime":256,"items_purged":[],"score":168,"play_id":"677d66ba-56f0-4659-8355-4caca40edecc","local_time":"20190207204822","is_ascension_mode":true,"campfire_choices":[{"data":"Quick Slash","floor":6,"key":"SMITH"},{"data":"Sucker Punch","floor":13,"key":"SMITH"},{"data":"Sucker Punch","floor":15,"key":"SMITH"}],"neow_cost":"NONE","seed_source_timestamp":28294180615318,"circlet_count":0,"master_deck":["AscendersBane","Defend_G","Defend_G","Defend_G","Defend_G","Defend_G","Strike_G","Strike_G","Strike_G","Strike_G","Strike_G","Survivor","Neutralize","Quick Slash+1","Doubt","Sucker Punch+1","Sucker Punch+1","Dagger Spray","Dagger Spray","Leg Sweep","Flying Knee"],"relics":["Ring of the Snake","NeowsBlessing","Art of War"],"potions_floor_usage":[16],"damage_taken":[{"damage":0,"enemies":"2 Louse","floor":1,"turns":1},{"damage":0,"enemies":"Small Slimes","floor":4,"turns":1},{"damage":0,"enemies":"Jaw Worm","floor":7,"turns":1},{"damage":7,"enemies":"3 Louse","floor":8,"turns":4},{"damage":19,"enemies":"Lots of Slimes","floor":10,"turns":4},{"damage":4,"enemies":"2 Fungi Beasts","floor":11,"turns":3},{"damage":6,"enemies":"Looter","floor":12,"turns":4},{"damage":17,"enemies":"Exordium Wildlife","floor":14,"turns":6},{"damage":25,"enemies":"Slime Boss","floor":16,"turns":5}],"seed_played":"1910633177319373188","potions_obtained":[{"floor":7,"key":"PowerPotion"},{"floor":10,"key":"EssenceOfSteel"}],"is_trial":false,"path_per_floor":["M","?","?","M","?","R","M","M","T","M","M","M","R","M","R","B"],"character_chosen":"THE_SILENT","items_purchased":[],"campfire_rested":0,"item_purchase_floors":[],"current_hp_per_floor":[59,48,48,48,66,66,66,59,59,40,36,30,30,13,13,0],"gold":501,"neow_bonus":"THREE_ENEMY_KILL","is_prod":false,"is_daily":false,"chose_seed":false,"campfire_upgraded":3,"win_rate":0,"timestamp":1549543702,"path_taken":["M","?","?","M","?","R","M","M","T","M","M","M","R","M","R","BOSS"],"build_version":"2019-01-23","purchased_purges":0,"victory":false,"max_hp_per_floor":[66,66,66,66,66,66,66,66,66,66,66,66,66,66,66,66],"card_choices":[{"not_picked":["Outmaneuver","Acrobatics"],"picked":"Quick Slash","floor":1},{"not_picked":["Underhanded Strike","Outmaneuver"],"picked":"Sucker Punch","floor":4},{"not_picked":["Setup","Burst"],"picked":"Sucker Punch","floor":7},{"not_picked":["Outmaneuver","Blade Dance"],"picked":"Dagger Spray","floor":8},{"not_picked":["Slice","Cloak And Dagger"],"picked":"Dagger Spray","floor":10},{"not_picked":["A Thousand Cuts","Setup"],"picked":"Leg Sweep","floor":11},{"not_picked":["Slice","Outmaneuver","PiercingWail"],"picked":"SKIP","floor":12},{"not_picked":["Slice","Bane"],"picked":"Flying Knee","floor":14}],"player_experience":1437063,"relics_obtained":[{"floor":9,"key":"Art of War"}],"event_choices":[{"damage_healed":0,"gold_gain":75,"player_choice":"Gather Gold","damage_taken":11,"max_hp_gain":0,"max_hp_loss":0,"event_name":"World of Goop","floor":2,"gold_loss":0},{"damage_healed":0,"gold_gain":150,"player_choice":"AGREE","damage_taken":0,"max_hp_gain":0,"max_hp_loss":0,"event_name":"Liars Game","floor":3,"gold_loss":0,"cards_obtained":["Doubt"]},{"damage_healed":22,"gold_gain":0,"player_choice":"Banana","damage_taken":0,"max_hp_gain":0,"max_hp_loss":0,"event_name":"Big Fish","floor":5,"gold_loss":0}],"is_beta":false,"boss_relics":[],"items_purged_floors":[],"is_endless":false,"potions_floor_spawned":[7,10,12,14],"killed_by":"Slime Boss","ascension_level":15}