{"gold_per_floor":[117,130,130,149,169,169,201,201,226,237,237,162,162,194,194,293,293,306,154,170,196,206,206,206,224,247,277,277,290,290,165,165,260,260,275,127,141,141,158,158,158,158,158,175,175,224,74,101,101,101],"floor_reached":51,"playtime":1310,"items_purged":["Strike_B","Strike_B","Defend_B","Defend_B+1"],"score":1078,"play_id":"911b6e9a-d8e5-4e28-96bf-57c66932ad8b","local_time":"20190619202809","is_ascension_mode":false,"campfire_choices":[{"data":"Streamline","floor":6.0,"key":"SMITH"},{"data":"Recycle","floor":8.0,"key":"SMITH"},{"data":"Skim","floor":11.0,"key":"SMITH"},{"data":"Coolheaded","floor":15,"key":"SMITH"},{"data":"Turbo","floor":23,"key":"SMITH"},{"data":"Biased Cognition","floor":28,"key":"SMITH"},{"data":"Electrodynamics","floor":30,"key":"SMITH"},{"data":"Dualcast","floor":32,"key":"SMITH"},{"data":"Zap","floor":40,"key":"SMITH"},{"floor":42,"key":"RECALL"},{"floor":45,"key":"REST"},{"data":"Fission","floor":49,"key":"SMITH"}],"neow_cost":"NONE","seed_source_timestamp":37214882524127,"circlet_count":0,"master_deck":["Defend_B+1","Defend_B+1","Zap+1","Dualcast+1","Skim+1","Streamline+1","Recycle+1","Rainbow+1","Coolheaded+1","Electrodynamics+1","Reinforced Body+1","Turbo+1","Biased Cognition+1","Fission+1"],"special_seed":0,"relics":["Cracked Core","Centennial Puzzle","DataDisk","War Paint","Omamori","Philosopher\u0027s Stone","Red Mask","Art of War","Whetstone","Runic Dome","Bag of Preparation","Mark of the Bloom","Turnip","Oddly Smooth Stone","Calipers"],"potions_floor_usage":[50,50,50],"damage_taken":[{"damage":1.0,"enemies":"Jaw Worm","floor":1.0,"turns":3.0},{"damage":1.0,"enemies":"Cultist","floor":2.0,"turns":3.0},{"damage":0.0,"enemies":"2 Louse","floor":4.0,"turns":2.0},{"damage":1.0,"enemies":"2 Fungi Beasts","floor":5.0,"turns":3.0},{"damage":25.0,"enemies":"3 Sentries","floor":7.0,"turns":8.0},{"damage":0.0,"enemies":"Blue Slaver","floor":10.0,"turns":3.0},{"damage":0,"enemies":"Lagavulin","floor":14,"turns":6},{"damage":0,"enemies":"The Guardian","floor":16,"turns":6},{"damage":0,"enemies":"3 Byrds","floor":18,"turns":1},{"damage":0,"enemies":"Chosen","floor":20,"turns":3},{"damage":0,"enemies":"Masked Bandits","floor":21,"turns":2},{"damage":0,"enemies":"Centurion and Healer","floor":22,"turns":3},{"damage":0,"enemies":"Snake Plant","floor":25,"turns":3},{"damage":4,"enemies":"Slavers","floor":27,"turns":2},{"damage":3,"enemies":"Shelled Parasite and Fungi","floor":29,"turns":2},{"damage":0,"enemies":"Automaton","floor":33,"turns":5},{"damage":0,"enemies":"3 Darklings","floor":35,"turns":1},{"damage":0,"enemies":"Orb Walker","floor":37,"turns":2},{"damage":0,"enemies":"4 Shapes","floor":39,"turns":2},{"damage":0,"enemies":"Spire Growth","floor":44,"turns":3},{"damage":0,"enemies":"Giant Head","floor":48,"turns":4},{"damage":0,"enemies":"Time Eater","floor":50,"turns":6}],"seed_played":"-1865528381510386368","potions_obtained":[{"floor":2.0,"key":"LiquidBronze"},{"floor":5.0,"key":"SkillPotion"},{"floor":10.0,"key":"Strength Potion"},{"floor":16,"key":"Regen Potion"},{"floor":21,"key":"FocusPotion"},{"floor":48,"key":"Ancient Potion"}],"is_trial":false,"path_per_floor":["M","M","?","M","M","R","E","R","T","M","R","$","?","E","R","B",null,"M","$","M","?","M","R","?","M","T","E","R","M","R","$","R","B",null,"M","$","M","?","M","R","?","R","T","M","R","T","$","E","R","B",null],"character_chosen":"DEFECT","items_purchased":["Turbo","Bag of Preparation"],"campfire_rested":1,"item_purchase_floors":[19,36],"current_hp_per_floor":[74,73,73,73,72,72,47,47,47,47,47,47,47,47,47,47,75,75,75,75,75,75,75,61,61,61,57,57,54,54,54,54,54,80,80,80,80,80,80,80,80,80,80,80,80,80,80,80,80,80],"gold":101,"neow_bonus":"TRANSFORM_CARD","is_prod":false,"is_daily":false,"chose_seed":false,"campfire_upgraded":10,"win_rate":0,"timestamp":1560947289,"path_taken":["M","M","?","M","?","R","E","R","T","M","R","$","?","E","R","BOSS","M","$","M","?","M","R","?","M","T","E","R","M","R","$","R","BOSS","M","$","M","?","M","R","?","R","T","M","R","?","?","E","R","BOSS"],"build_version":"2019-01-23","purchased_purges":4,"victory":true,"max_hp_per_floor":[75,75,75,75,75,75,75,75,75,75,75,75,75,75,75,75,75,75,75,75,75,75,75,80,80,80,80,80,80,80,80,80,80,80,80,80,80,80,80,80,80,80,80,80,80,80,80,80,80,80],"card_choices":[{"not_picked":["Go for the Eyes","Turbo"],"picked":"Streamline","floor":1.0},{"not_picked":["Stack","Doom and Gloom"],"picked":"Recycle","floor":2.0},{"not_picked":["Cold Snap","Turbo","Conserve Battery"],"picked":"SKIP","floor":4.0},{"not_picked":["Rip and Tear","Conserve Battery","Hologram"],"picked":"SKIP","floor":5.0},{"not_picked":["Machine Learning","Conserve Battery"],"picked":"Rainbow","floor":7.0},{"not_picked":["Self Repair","Cold Snap"],"picked":"Coolheaded","floor":10.0},{"not_picked":["Barrage","Static Discharge","Doom and Gloom"],"picked":"SKIP","floor":14},{"not_picked":["Creative AI","Machine Learning"],"picked":"Electrodynamics","floor":16},{"not_picked":["Capacitor","Barrage"],"picked":"Reinforced Body+1","floor":18},{"not_picked":["Storm","Undo","Streamline"],"picked":"SKIP","floor":20},{"not_picked":["Rebound","Cold Snap"],"picked":"Biased Cognition","floor":21},{"not_picked":["Glacier+1","Rebound","Coolheaded"],"picked":"SKIP","floor":22},{"not_picked":["Cold Snap","Sweeping Beam+1","Go for the Eyes"],"picked":"SKIP","floor":25},{"not_picked":["Hologram","FTL","Auto Shields"],"picked":"SKIP","floor":27},{"not_picked":["Undo+1","Darkness","Hologram"],"picked":"SKIP","floor":29},{"not_picked":["Conserve Battery+1","Hologram+1","Gash+1"],"picked":"SKIP","floor":35},{"not_picked":["Stack","Sunder","Ball Lightning+1"],"picked":"SKIP","floor":37},{"not_picked":["Streamline","Barrage+1","Beam Cell+1"],"picked":"SKIP","floor":39},{"not_picked":["Sunder","Undo+1","Steam+1"],"picked":"SKIP","floor":44},{"not_picked":["Aggregate+1","Sweeping Beam+1","Fission"],"picked":"SKIP","floor":48},{"not_picked":["Aggregate+1","Sweeping Beam+1"],"picked":"Fission","floor":48}],"player_experience":5472063,"relics_obtained":[{"floor":7.0,"key":"DataDisk"},{"floor":9.0,"key":"War Paint"},{"floor":14,"key":"Omamori"},{"floor":21,"key":"Red Mask"},{"floor":26,"key":"Art of War"},{"floor":27,"key":"Whetstone"},{"floor":43,"key":"Turnip"},{"floor":46,"key":"Oddly Smooth Stone"},{"floor":48,"key":"Calipers"}],"event_choices":[{"damage_healed":0.0,"max_hp_gain":0.0,"max_hp_loss":0.0,"gold_gain":0.0,"event_name":"WeMeetAgain","player_choice":"Gave Potion","floor":3.0,"gold_loss":0.0,"damage_taken":0.0,"relics_obtained":["Centennial Puzzle"]},{"cards_removed":["Strike_B"],"damage_healed":0,"gold_gain":0,"player_choice":"Forget","damage_taken":0,"max_hp_gain":0,"max_hp_loss":0,"event_name":"Living Wall","floor":13,"gold_loss":0},{"damage_healed":0,"gold_gain":0,"player_choice":"Fought Bandits","damage_taken":0,"max_hp_gain":0,"max_hp_loss":0,"event_name":"Masked Bandits","floor":21,"gold_loss":0},{"damage_healed":0,"gold_gain":0,"player_choice":"Shed Blood","damage_taken":19,"max_hp_gain":5,"max_hp_loss":0,"event_name":"Forgotten Altar","floor":24,"gold_loss":0},{"damage_healed":0,"gold_gain":0,"player_choice":"Ignored","damage_taken":0,"max_hp_gain":0,"max_hp_loss":0,"event_name":"Mysterious Sphere","floor":38,"gold_loss":0},{"damage_healed":0,"gold_gain":0,"player_choice":"Upgrade","damage_taken":0,"relics_obtained":["Mark of the Bloom"],"max_hp_gain":0,"max_hp_loss":0,"event_name":"MindBloom","floor":41,"gold_loss":0,"cards_upgraded":["Defend_B","Rainbow"]}],"is_beta":false,"boss_relics":[{"not_picked":["Lizard Tail","Velvet Choker"],"picked":"Philosopher\u0027s Stone"},{"not_picked":["FrozenCore","Inserter"],"picked":"Runic Dome"}],"items_purged_floors":[12,19,31,47],"is_endless":false,"potions_floor_spawned":[2,5,10,16,18,20,21,35,48],"ascension_level":0}