{"gold_per_floor":[360,360,360,360,378,412,412,422,447,471,482,407,407,420,420,525,525,545,455,466,466,366,395,395,395,420,420,295,295,327,347,347,450,450,465,485,335,345,363,363,188,188,188,218,230,30,55,71,71,71],"floor_reached":51,"playtime":1057,"items_purged":["Strike_R","Strike_R","Defend_R","Defend_R","Strike_R+1","Defend_R"],"score":793,"play_id":"2878555b-ea0b-4e45-b208-5c6489ffa9a7","local_time":"20180921235829","is_ascension_mode":false,"campfire_choices":[{"data":"Flex","floor":7.0,"key":"SMITH"},{"data":"Whirlwind","floor":15.0,"key":"SMITH"},{"data":"Limit Break","floor":25.0,"key":"SMITH"},{"floor":29.0,"key":"REST"},{"floor":32.0,"key":"REST"},{"floor":40,"key":"REST"},{"floor":49,"key":"REST"}],"neow_cost":"TEN_PERCENT_HP_LOSS","seed_source_timestamp":0,"circlet_count":0,"master_deck":["Bash+1","Flex+1","Whirlwind+1","Limit Break+1","Flex+1"],"special_seed":0,"relics":["Black Blood","Bag of Marbles","Dream Catcher","Odd Mushroom","Darkstone Periapt","Gremlin Horn","Bottled Lightning","Pen Nib","Regal Pillow","Empty Cage","Torii","PreservedInsect","Frozen Egg 2","Oddly Smooth Stone"],"potions_floor_usage":[38,38,47],"damage_taken":[{"damage":0.0,"enemies":"Small Slimes","floor":1.0,"turns":3.0},{"damage":1.0,"enemies":"2 Louse","floor":5.0,"turns":3.0},{"damage":20.0,"enemies":"Gremlin Nob","floor":6.0,"turns":4.0},{"damage":6.0,"enemies":"Jaw Worm","floor":8.0,"turns":2.0},{"damage":13.0,"enemies":"The Mushroom Lair","floor":10.0,"turns":3.0},{"damage":7.0,"enemies":"Looter","floor":11.0,"turns":4.0},{"damage":7.0,"enemies":"Blue Slaver","floor":14.0,"turns":2.0},{"damage":53.0,"enemies":"Hexaghost","floor":16.0,"turns":8.0},{"damage":1.0,"enemies":"3 Byrds","floor":18.0,"turns":3.0},{"damage":27.0,"enemies":"Spheric Guardian","floor":20.0,"turns":4.0},{"damage":53.0,"enemies":"Slavers","floor":23.0,"turns":4.0},{"damage":41.0,"enemies":"Book of Stabbing","floor":30.0,"turns":4.0},{"damage":0.0,"enemies":"Shelled Parasite and Fungi","floor":31.0,"turns":1.0},{"damage":65.0,"enemies":"Automaton","floor":33.0,"turns":7.0},{"damage":17,"enemies":"Orb Walker","floor":35,"turns":3},{"damage":12,"enemies":"3 Shapes","floor":36,"turns":1},{"damage":50,"enemies":"Maw","floor":38,"turns":5},{"damage":27,"enemies":"Spire Growth","floor":39,"turns":3},{"damage":0,"enemies":"Mind Bloom Boss Battle","floor":42,"turns":2},{"damage":0,"enemies":"2 Orb Walkers","floor":44,"turns":1},{"damage":0,"enemies":"Sphere and 2 Shapes","floor":45,"turns":2},{"damage":47,"enemies":"Nemesis","floor":47,"turns":3},{"damage":0,"enemies":"Transient","floor":48,"turns":5},{"damage":68,"enemies":"Time Eater","floor":50,"turns":5}],"seed_played":"-1634420557183360272","potions_obtained":[{"floor":8.0,"key":"FearPotion"},{"floor":11.0,"key":"BloodPotion"},{"floor":14.0,"key":"GamblersBrew"},{"floor":18.0,"key":"Poison Potion"},{"floor":31.0,"key":"Fire Potion"},{"floor":33.0,"key":"EntropicBrew"},{"floor":44,"key":"Swift Potion"},{"floor":47,"key":"SpeedPotion"}],"is_trial":false,"path_per_floor":["M","?","?","?","M","E","R","M","T","?","M","$","T","M","R","B",null,"M","?","M","?","$","E","T","R","T","?","$","R","E","M","R","B",null,"M","M","$","M","M","R","$","?","T","E","M","$","E","M","R","B"],"character_chosen":"IRONCLAD","items_purchased":[],"campfire_rested":4,"item_purchase_floors":[],"current_hp_per_floor":[72,72,77,77,77,63,63,63,63,56,55,55,55,54,54,14,77,77,77,60,60,60,17,17,17,17,42,42,65,34,44,77,22,77,70,68,68,42,25,63,63,73,73,77,77,77,40,50,77,19],"gold":71,"neow_bonus":"TWO_FIFTY_GOLD","is_prod":false,"is_daily":false,"chose_seed":false,"campfire_upgraded":3,"win_rate":0,"timestamp":1537545509,"path_taken":["M","?","?","?","?","E","R","M","T","?","M","$","?","?","R","BOSS","M","?","M","?","$","E","?","R","T","?","$","R","E","?","R","BOSS","M","M","$","M","M","R","$","?","T","E","M","$","E","M","R","BOSS"],"build_version":"2018-09-20","purchased_purges":6,"victory":true,"max_hp_per_floor":[72,72,77,77,77,77,77,77,77,77,77,77,77,77,77,77,77,77,77,77,77,77,77,77,77,77,77,77,77,77,77,77,77,77,77,77,77,77,77,77,77,77,77,77,77,77,77,77,77,77],"card_choices":[{"not_picked":["Havoc","Clash","Armaments"],"picked":"SKIP","floor":1.0},{"not_picked":["Pommel Strike","Armaments","Clothesline"],"picked":"SKIP","floor":5.0},{"not_picked":["Hemokinesis","Thunderclap"],"picked":"Flex","floor":6.0},{"not_picked":["True Grit","Body Slam"],"picked":"Whirlwind","floor":8.0},{"not_picked":["True Grit","Clothesline","Clash"],"picked":"SKIP","floor":11.0},{"not_picked":["Headbutt","Pommel Strike","Battle Trance"],"picked":"SKIP","floor":14.0},{"not_picked":["Bludgeon","Brutality"],"picked":"Limit Break","floor":16.0},{"not_picked":["Flex","Thunderclap","Metallicize+1"],"picked":"SKIP","floor":18.0},{"not_picked":["Clash","Armaments","Iron Wave+1"],"picked":"SKIP","floor":20.0},{"not_picked":["Combust+1","Havoc","Ghostly Armor"],"picked":"SKIP","floor":23.0},{"not_picked":["Dark Embrace","Intimidate","Body Slam"],"picked":"SKIP","floor":30.0},{"not_picked":["Clash","Sword Boomerang","Power Through+1"],"picked":"SKIP","floor":31.0},{"not_picked":["Headbutt+1","Ghostly Armor+1","Rage+1"],"picked":"SKIP","floor":35},{"not_picked":["Hemokinesis","Havoc+1","Spot Weakness"],"picked":"SKIP","floor":36},{"not_picked":["Havoc","Headbutt"],"picked":"Flex+1","floor":38},{"not_picked":["Carnage","Heavy Blade","Clash"],"picked":"SKIP","floor":39},{"not_picked":["Wild Strike","Anger","Body Slam"],"picked":"SKIP","floor":44},{"not_picked":["Evolve+1","Metallicize+1","Perfected Strike"],"picked":"SKIP","floor":45},{"not_picked":["Perfected Strike","Dropkick","Feed"],"picked":"SKIP","floor":47},{"not_picked":["Hemokinesis","Perfected Strike+1","Cleave+1"],"picked":"SKIP","floor":48}],"player_experience":79193,"relics_obtained":[{"floor":6.0,"key":"Bag of Marbles"},{"floor":9.0,"key":"Dream Catcher"},{"floor":10.0,"key":"Odd Mushroom"},{"floor":13.0,"key":"Darkstone Periapt"},{"floor":23.0,"key":"Gremlin Horn"},{"floor":24.0,"key":"Bottled Lightning"},{"floor":26.0,"key":"Pen Nib"},{"floor":30.0,"key":"Regal Pillow"},{"floor":42,"key":"Torii"},{"floor":43,"key":"PreservedInsect"},{"floor":44,"key":"Frozen Egg 2"},{"floor":47,"key":"Oddly Smooth Stone"}],"event_choices":[{"event_name":"Liars Game","player_choice":"disagreed","floor":2.0,"damage_taken":0.0},{"event_name":"Big Fish","player_choice":"Donut","floor":3.0,"damage_taken":0.0},{"event_name":"Upgrade Shrine","player_choice":"Upgraded","floor":4.0,"damage_taken":0.0},{"event_name":"Mushrooms","player_choice":"Fought Mushrooms","floor":10.0,"damage_taken":0.0},{"event_name":"Designer","player_choice":"Full Service","floor":19.0,"damage_taken":0.0},{"event_name":"Cursed Tome","player_choice":"Ignored","floor":21.0,"damage_taken":0.0},{"event_name":"The Library","player_choice":"Heal","floor":27.0,"damage_taken":0.0},{"event_name":"MindBloom","player_choice":"Fight","floor":42,"damage_taken":0}],"is_beta":false,"boss_relics":[{"not_picked":["Snecko Eye","Lizard Tail"],"picked":"Black Blood"},{"not_picked":["Tiny House","Fusion Hammer"],"picked":"Empty Cage"}],"items_purged_floors":[12,22,28,37,41,46],"is_endless":false,"potions_floor_spawned":[8,11,14,18,23,31,33,44,47,48],"ascension_level":0}