{"gold_per_floor":[111,111,131,11,161,161,181,181,181,202,19,19,19,38,38,38],"floor_reached":16,"playtime":1116,"items_purged":["Strike_G","Doubt"],"score":171,"play_id":"5fd17938-9437-41d0-92dc-d9bc478ec380","local_time":"20181219102908","is_ascension_mode":true,"campfire_choices":[{"data":"Noxious Fumes","floor":6,"key":"SMITH"},{"data":"Caltrops","floor":8,"key":"SMITH"},{"floor":12,"key":"REST"},{"floor":15,"key":"REST"}],"neow_cost":"NONE","seed_source_timestamp":3556651569372,"circlet_count":0,"master_deck":["AscendersBane","Defend_G","Defend_G","Defend_G","Defend_G","Defend_G","Strike_G","Strike_G","Strike_G","Strike_G","Survivor","Neutralize","Acrobatics","Predator","Noxious Fumes+1","Caltrops+1","Reflex","Backflip"],"relics":["HoveringKite","Golden Idol","WingedGreaves"],"potions_floor_usage":[16,16],"damage_taken":[{"damage":24,"enemies":"Cultist","floor":1,"turns":6},{"damage":1,"enemies":"Small Slimes","floor":3,"turns":4},{"damage":7,"enemies":"Jaw Worm","floor":7,"turns":5},{"damage":19,"enemies":"Red Slaver","floor":10,"turns":5},{"damage":7,"enemies":"2 Fungi Beasts","floor":14,"turns":3},{"damage":43,"enemies":"Slime Boss","floor":16,"turns":10}],"seed_played":"-4249899068471863023","potions_obtained":[{"floor":3,"key":"EssenceOfSteel"},{"floor":7,"key":"Strength Potion"}],"is_trial":false,"path_per_floor":["M","?","M","$","?","R","M","R","T","M","$","R","$","M","R","B"],"character_chosen":"THE_SILENT","items_purchased":["Noxious Fumes","Reflex"],"campfire_rested":2,"item_purchase_floors":[4,11],"current_hp_per_floor":[35,35,34,34,34,34,27,27,27,8,8,26,26,19,37,0],"gold":38,"neow_bonus":"BOSS_RELIC","is_prod":false,"is_daily":false,"chose_seed":false,"campfire_upgraded":2,"win_rate":0,"timestamp":1545186548,"path_taken":["M","?","M","$","?","R","M","R","T","M","?","R","$","M","R","BOSS"],"build_version":"2018-12-13","purchased_purges":2,"victory":false,"max_hp_per_floor":[66,60,60,60,60,60,60,60,60,60,60,60,60,60,60,60],"card_choices":[{"not_picked":["Outmaneuver","Dagger Throw"],"picked":"Acrobatics","floor":1},{"not_picked":["Slice","Sucker Punch"],"picked":"Predator","floor":3},{"not_picked":["Quick Slash","Accuracy"],"picked":"Caltrops","floor":7},{"not_picked":["Slice","Deadly Poison","Finisher"],"picked":"SKIP","floor":10},{"not_picked":["Dagger Throw","Dodge and Roll"],"picked":"Backflip","floor":14}],"player_experience":1367143,"relics_obtained":[{"floor":9,"key":"WingedGreaves"}],"event_choices":[{"damage_healed":0,"gold_gain":0,"player_choice":"Lose Max HP","damage_taken":0,"relics_obtained":["Golden Idol"],"max_hp_gain":0,"max_hp_loss":6,"event_name":"Golden Idol","floor":2,"gold_loss":0},{"damage_healed":0,"gold_gain":150,"player_choice":"AGREE","damage_taken":0,"max_hp_gain":0,"max_hp_loss":0,"event_name":"Liars Game","floor":5,"gold_loss":0,"cards_obtained":["Doubt"]}],"is_beta":false,"boss_relics":[],"items_purged_floors":[4,11],"is_endless":false,"potions_floor_spawned":[3,7],"killed_by":"Slime Boss","ascension_level":18}