{"gold_per_floor":[112,387,405,405,415,415,449,449,473,473,473,47,61,104,104,104],"floor_reached":16,"playtime":469,"items_purged":["Regret"],"score":316,"play_id":"ad1288ff-4685-420b-8beb-14f87a70b7c9","local_time":"20190225234347","is_ascension_mode":true,"campfire_choices":[{"data":"Streamline","floor":6.0,"key":"SMITH"},{"data":"Hyperbeam","floor":8.0,"key":"SMITH"},{"data":"Loop","floor":15.0,"key":"SMITH"}],"neow_cost":"NONE","seed_source_timestamp":40870780693523,"circlet_count":0,"master_deck":["AscendersBane","Strike_B","Strike_B","Strike_B","Defend_B","Defend_B+1","Defend_B","Defend_B+1","Zap","Dualcast","Hello World","Double Energy","Coolheaded","Streamline+1","Hyperbeam+1","Capacitor","Loop","Loop+1"],"special_seed":0,"relics":["Cracked Core","Ancient Tea Set","War Paint","Golden Idol","Mummified Hand","Mango"],"potions_floor_usage":[16,16,16],"damage_taken":[{"damage":5.0,"enemies":"2 Louse","floor":1.0,"turns":2.0},{"damage":5.0,"enemies":"Cultist","floor":3.0,"turns":4.0},{"damage":4.0,"enemies":"Small Slimes","floor":5.0,"turns":4.0},{"damage":20.0,"enemies":"Lagavulin","floor":7.0,"turns":7.0},{"damage":0.0,"enemies":"3 Louse","floor":13.0,"turns":2.0},{"damage":15.0,"enemies":"3 Sentries","floor":14.0,"turns":4.0},{"damage":34,"enemies":"The Guardian","floor":16,"turns":9}],"seed_played":"3280663888540018625","potions_obtained":[{"floor":5.0,"key":"SteroidPotion"},{"floor":11.0,"key":"EntropicBrew"},{"floor":14.0,"key":"FearPotion"}],"is_trial":false,"path_per_floor":["M","?","M","?","M","R","E","R","T","?","?","$","M","E","R","B"],"character_chosen":"DEFECT","items_purchased":["Mummified Hand","Capacitor"],"campfire_rested":0,"item_purchase_floors":[12,12],"current_hp_per_floor":[59,59,54,59,55,55,35,35,35,35,35,35,35,34,34,0],"gold":104,"neow_bonus":"TRANSFORM_CARD","is_prod":false,"is_daily":false,"chose_seed":false,"campfire_upgraded":3,"win_rate":0,"timestamp":1551109427,"path_taken":["M","?","?","?","M","R","E","R","T","?","?","$","?","E","R","BOSS"],"build_version":"2019-01-23","purchased_purges":1,"victory":false,"max_hp_per_floor":[71,71,71,76,76,76,76,76,76,69,69,69,69,83,83,83],"card_choices":[{"not_picked":["Redo","Steam"],"picked":"Double Energy","floor":1.0},{"not_picked":["Compile Driver","Go for the Eyes"],"picked":"Coolheaded","floor":3.0},{"not_picked":["Go for the Eyes","Coolheaded"],"picked":"Streamline","floor":5.0},{"not_picked":["Gash","Cold Snap"],"picked":"Hyperbeam","floor":7.0},{"not_picked":["Gash","Genetic Algorithm"],"picked":"Loop","floor":13.0},{"not_picked":["Tempest","FTL"],"picked":"Loop","floor":14.0}],"player_experience":3145971,"relics_obtained":[{"floor":7.0,"key":"Ancient Tea Set"},{"floor":9.0,"key":"War Paint"},{"floor":14.0,"key":"Mango"}],"event_choices":[{"damage_healed":0.0,"max_hp_gain":0.0,"max_hp_loss":0.0,"gold_gain":275.0,"event_name":"Golden Shrine","player_choice":"Desecrate","floor":2.0,"gold_loss":0.0,"damage_taken":0.0,"cards_obtained":["Regret"]},{"damage_healed":0.0,"max_hp_gain":5.0,"max_hp_loss":0.0,"gold_gain":0.0,"event_name":"Big Fish","player_choice":"Donut","floor":4.0,"gold_loss":0.0,"damage_taken":0.0},{"damage_healed":0.0,"max_hp_gain":0.0,"max_hp_loss":7.0,"gold_gain":0.0,"event_name":"Golden Idol","player_choice":"Lose Max HP","floor":10.0,"gold_loss":0.0,"damage_taken":0.0,"relics_obtained":["Golden Idol"]},{"damage_healed":0.0,"max_hp_gain":0.0,"max_hp_loss":0.0,"gold_gain":0.0,"event_name":"Lab","player_choice":"Got Potions","floor":11.0,"gold_loss":0.0,"damage_taken":0.0}],"is_beta":false,"boss_relics":[],"items_purged_floors":[12],"is_endless":false,"potions_floor_spawned":[5,13,14],"killed_by":"The Guardian","ascension_level":20}