{"gold_per_floor":[115,2,2,12,31,61,61,78,78,78,96,96,108,121,121,219,219,231,247,29,48,48,48,48],"floor_reached":24,"playtime":864,"items_purged":["Dualcast"],"score":310,"play_id":"48e48b51-f487-45a2-985d-1ab200c419d2","local_time":"20181009194444","is_ascension_mode":true,"campfire_choices":[{"data":"Go for the Eyes","floor":7,"key":"SMITH"},{"floor":10,"key":"REST"},{"data":"Zap","floor":12,"key":"SMITH"},{"data":"Hologram","floor":15,"key":"SMITH"},{"data":"Trip","floor":23,"key":"SMITH"}],"neow_cost":"NONE","seed_source_timestamp":625767848246646,"circlet_count":0,"master_deck":["Strike_B","Strike_B","Strike_B","Strike_B","Defend_B","Defend_B","Defend_B","Defend_B","Zap+1","AscendersBane","Go for the Eyes+1","Gash","Self Repair","Conserve Battery","Rebound","All For One","Gash","Hologram+1","Core Surge","Sunder","Glacier+1","FTL","Trip+1","Turbo"],"relics":["Cracked Core","Bag of Marbles","Anchor","Darkstone Periapt","Orichalcum","Sozu"],"potions_floor_usage":[6,16],"damage_taken":[{"damage":11,"enemies":"Cultist","floor":1,"turns":4},{"damage":0,"enemies":"2 Louse","floor":4,"turns":2},{"damage":0,"enemies":"Small Slimes","floor":5,"turns":3},{"damage":42,"enemies":"3 Sentries","floor":6,"turns":9},{"damage":19,"enemies":"Exordium Thugs","floor":8,"turns":5},{"damage":2,"enemies":"Gremlin Gang","floor":11,"turns":5},{"damage":0,"enemies":"3 Louse","floor":13,"turns":4},{"damage":0,"enemies":"Red Slaver","floor":14,"turns":3},{"damage":14,"enemies":"Hexaghost","floor":16,"turns":9},{"damage":22,"enemies":"Spheric Guardian","floor":18,"turns":4},{"damage":20,"enemies":"3 Byrds","floor":19,"turns":4},{"damage":4,"enemies":"Shelled Parasite and Fungi","floor":21,"turns":4},{"damage":44,"enemies":"Gremlin Leader","floor":24,"turns":7}],"seed_played":"-8250590433049555840","potions_obtained":[{"floor":4,"key":"SkillPotion"},{"floor":8,"key":"Ancient Potion"},{"floor":11,"key":"SkillPotion"},{"floor":14,"key":"SteroidPotion"}],"is_trial":false,"path_per_floor":["M","$","?","M","M","E","R","M","T","R","M","R","M","M","R","B",null,"M","M","$","M","?","R"],"character_chosen":"DEFECT","items_purchased":["Gash","Self Repair","FTL","Trip"],"campfire_rested":1,"item_purchase_floors":[2,2,20,20],"current_hp_per_floor":[57,57,50,57,64,29,29,17,17,39,37,37,44,51,51,44,67,52,32,32,35,35,35,0],"gold":48,"neow_bonus":"RANDOM_COMMON_RELIC","is_prod":false,"is_daily":false,"chose_seed":false,"campfire_upgraded":4,"win_rate":0,"timestamp":1539085484,"path_taken":["M","?","?","M","M","E","R","M","T","R","M","R","M","M","R","BOSS","M","?","$","M","?","R","E"],"build_version":"2018-10-04v2","purchased_purges":1,"victory":false,"max_hp_per_floor":[75,75,75,75,75,75,75,75,75,75,75,75,75,75,75,75,75,75,75,75,75,75,75,75],"card_choices":[{"not_picked":["Cold Snap","Double Energy"],"picked":"Go for the Eyes","floor":1},{"not_picked":["Hologram","Auto Shields"],"picked":"Conserve Battery","floor":4},{"not_picked":["Lockon","Aggregate"],"picked":"Rebound","floor":5},{"not_picked":["Steam Power","Go for the Eyes"],"picked":"All For One","floor":6},{"not_picked":["Melter","Genetic Algorithm","White Noise"],"picked":"SKIP","floor":8},{"not_picked":["Compile Driver","Barrage","Redo"],"picked":"SKIP","floor":11},{"not_picked":["Redo","Stack"],"picked":"Gash","floor":13},{"not_picked":["Reinforced Body","Steam"],"picked":"Hologram","floor":14},{"not_picked":["Meteor Strike","Machine Learning"],"picked":"Core Surge","floor":16},{"not_picked":["Stack","Aggregate"],"picked":"Sunder","floor":18},{"not_picked":["Doom and Gloom","Undo"],"picked":"Glacier+1","floor":19},{"not_picked":["Leap","Undo"],"picked":"Turbo","floor":21}],"player_experience":258396,"relics_obtained":[{"floor":6,"key":"Darkstone Periapt"},{"floor":9,"key":"Orichalcum"}],"event_choices":[{"event_name":"Scrap Ooze","player_choice":"success","floor":3,"damage_taken":7},{"event_name":"The Lab","player_choice":"Got Potions","floor":22,"damage_taken":0}],"is_beta":false,"boss_relics":[{"not_picked":["Calling Bell","Lizard Tail"],"picked":"Sozu"}],"items_purged_floors":[20],"is_endless":false,"potions_floor_spawned":[4,8,11,14,18,19,21],"killed_by":"Gremlin Leader","ascension_level":11}