{"gold_per_floor":[110,127,127,13,63,63,63,109,147,159,190,221,133,145,145,222,222,242,242,259,259,276,308,183,183,183,198,223,223,73,90,90,164,164,174,194,194,194,207,224,224,243,243,243,269,269,69,80,80,80,80,80,80,23,56,56],"floor_reached":57,"playtime":2742,"items_purged":["Strike_G","Strike_G","Defend_G","Defend_G","Strike_G+1"],"score":3269,"play_id":"761f3edf-db1e-4984-92bb-b271fb95f5bd","local_time":"20190512212821","is_ascension_mode":true,"campfire_choices":[{"data":"Deadly Poison","floor":6.0,"key":"SMITH"},{"data":"Calculated Gamble","floor":10.0,"key":"SMITH"},{"data":"Acrobatics","floor":15.0,"key":"SMITH"},{"data":"Tactician","floor":25.0,"key":"SMITH"},{"data":"Reflex","floor":29.0,"key":"SMITH"},{"floor":32.0,"key":"RECALL"},{"data":"Master of Strategy","floor":41,"key":"SMITH"},{"data":"Prepared","floor":44,"key":"SMITH"},{"data":"Prepared","floor":46,"key":"SMITH"},{"data":"Acrobatics","floor":49,"key":"SMITH"},{"data":"Reflex","floor":53,"key":"SMITH"}],"neow_cost":"NONE","seed_source_timestamp":51433008584083,"circlet_count":0,"master_deck":["AscendersBane","Defend_G","Defend_G","Defend_G","Survivor","Neutralize+1","Deadly Poison+1","Bane","Calculated Gamble+1","Tactician+1","Acrobatics+1","Grand Finale","Backflip","Reflex+1","After Image","Master of Strategy+1","Calculated Gamble+1","Tactician+1","Prepared+1","Prepared+1","Acrobatics+1","Reflex+1"],"special_seed":0,"relics":["Ring of the Snake","NeowsBlessing","Paper Crane","Boot","MawBank","Whetstone","Bronze Scales","Empty Cage","Ornamental Fan","Lantern","Dream Catcher","Snake Skull"],"potions_floor_usage":[50,56,56],"damage_taken":[{"damage":0.0,"enemies":"Cultist","floor":1.0,"turns":1.0},{"damage":0.0,"enemies":"2 Louse","floor":2.0,"turns":1.0},{"damage":0.0,"enemies":"Gremlin Nob","floor":8.0,"turns":1.0},{"damage":0.0,"enemies":"Jaw Worm","floor":11.0,"turns":3.0},{"damage":1.0,"enemies":"Looter","floor":12.0,"turns":4.0},{"damage":0.0,"enemies":"3 Louse","floor":14.0,"turns":2.0},{"damage":36.0,"enemies":"Slime Boss","floor":16.0,"turns":9.0},{"damage":6.0,"enemies":"Spheric Guardian","floor":18.0,"turns":4.0},{"damage":2.0,"enemies":"Chosen","floor":20.0,"turns":5.0},{"damage":0.0,"enemies":"3 Cultists","floor":22.0,"turns":1.0},{"damage":18.0,"enemies":"Book of Stabbing","floor":23.0,"turns":5.0},{"damage":0.0,"enemies":"Centurion and Healer","floor":27.0,"turns":5.0},{"damage":0.0,"enemies":"Gremlin Leader","floor":28.0,"turns":3.0},{"damage":0.0,"enemies":"Snake Plant","floor":31.0,"turns":1.0},{"damage":0.0,"enemies":"Automaton","floor":33.0,"turns":7.0},{"damage":0.0,"enemies":"3 Shapes","floor":35.0,"turns":1.0},{"damage":0.0,"enemies":"Orb Walker","floor":36.0,"turns":2.0},{"damage":19,"enemies":"Transient","floor":39,"turns":6},{"damage":0,"enemies":"Jaw Worm Horde","floor":40,"turns":1},{"damage":0,"enemies":"Maw","floor":42,"turns":2},{"damage":0,"enemies":"Giant Head","floor":45,"turns":1},{"damage":0,"enemies":"Writhing Mass","floor":48,"turns":1},{"damage":13,"enemies":"Time Eater","floor":50,"turns":11},{"damage":0,"enemies":"Donu and Deca","floor":51,"turns":1},{"damage":0,"enemies":"Shield and Spear","floor":55,"turns":1},{"damage":0,"enemies":"The Heart","floor":56,"turns":3}],"seed_played":"-3686659932143178163","potions_obtained":[{"floor":8.0,"key":"Fire Potion"},{"floor":16.0,"key":"Regen Potion"},{"floor":27.0,"key":"EssenceOfSteel"},{"floor":31.0,"key":"GamblersBrew"},{"floor":33.0,"key":"Block Potion"},{"floor":39,"key":"GhostInAJar"}],"is_trial":false,"path_per_floor":["M","M","?","$","T","R","?","E","T","R","M","M","$","M","R","B",null,"M","?","M","?","M","E","$","R","T","M","E","R","$","M","R","B",null,"M","M","?","?","M","M","R","M","T","R","E","R","$","M","R","B","B",null,"R","$","E","B",null],"character_chosen":"THE_SILENT","items_purchased":["Calculated Gamble","Acrobatics","SpeedPotion"],"campfire_rested":0,"item_purchase_floors":[4,47,54],"current_hp_per_floor":[59,59,59,59,59,59,59,59,59,59,59,58,58,58,58,22,55,49,49,62,62,62,44,44,44,44,44,44,44,44,44,44,44,61,61,61,61,61,42,42,42,42,42,42,42,42,42,42,42,29,29,57,57,57,57,57],"gold":56,"neow_bonus":"THREE_ENEMY_KILL","is_prod":false,"is_daily":false,"chose_seed":false,"campfire_upgraded":10,"win_rate":0,"timestamp":1557667701,"path_taken":["M","?","?","?","?","R","?","E","T","R","M","M","$","M","R","BOSS","M","?","M","?","M","E","$","R","T","M","E","R","$","M","R","BOSS","M","M","?","?","M","M","R","M","T","R","E","R","$","M","R","BOSS","BOSS","R","$","E","BOSS"],"build_version":"2019-01-23","purchased_purges":5,"victory":true,"max_hp_per_floor":[66,66,66,66,66,66,66,66,66,66,66,66,66,66,66,66,66,66,66,66,66,66,66,66,66,66,66,66,66,66,66,66,66,66,66,66,66,66,66,66,66,66,66,66,66,66,66,66,66,66,66,66,66,66,66,66],"card_choices":[{"not_picked":["Dodge and Roll","Reflex"],"picked":"Deadly Poison","floor":1.0},{"not_picked":["Blade Dance","Eviscerate"],"picked":"Bane","floor":2.0},{"not_picked":["Poisoned Stab","Underhanded Strike"],"picked":"Tactician","floor":8.0},{"not_picked":["Setup","Tactician"],"picked":"Acrobatics","floor":11.0},{"not_picked":["Accuracy","Underhanded Strike"],"picked":"Grand Finale","floor":12.0},{"not_picked":["Endless Agony","PiercingWail"],"picked":"Backflip","floor":14.0},{"not_picked":["Deadly Poison","Outmaneuver","Accuracy"],"picked":"SKIP","floor":18.0},{"not_picked":["Skewer","Deflect+1","Bane"],"picked":"SKIP","floor":20.0},{"not_picked":["Heel Hook","Flying Knee","Cloak And Dagger"],"picked":"SKIP","floor":22.0},{"not_picked":["Eviscerate","Terror+1","Tactician"],"picked":"SKIP","floor":23.0},{"not_picked":["Choke+1","Cloak And Dagger","Outmaneuver"],"picked":"SKIP","floor":27.0},{"not_picked":["Expertise","Noxious Fumes","Masterful Stab+1"],"picked":"SKIP","floor":28.0},{"not_picked":["Crippling Poison","Prepared","Dash"],"picked":"SKIP","floor":31.0},{"not_picked":["Doppelganger","Unload"],"picked":"After Image","floor":33.0},{"not_picked":["Expertise","Endless Agony","PiercingWail"],"picked":"SKIP","floor":35.0},{"not_picked":["Riddle With Holes","Infinite Blades","Dagger Throw"],"picked":"SKIP","floor":36.0},{"not_picked":["Swift Strike","Dark Shackles"],"picked":"Master of Strategy","floor":38},{"not_picked":["Bouncing Flask","Quick Slash"],"picked":"Calculated Gamble+1","floor":39},{"not_picked":["Dagger Spray","Quick Slash"],"picked":"Tactician+1","floor":40},{"not_picked":["Slice","Escape Plan+1"],"picked":"Prepared","floor":42},{"not_picked":["Blur+1","Riddle With Holes+1"],"picked":"Prepared","floor":45},{"not_picked":["Slice","Dagger Throw"],"picked":"Reflex","floor":48},{"not_picked":["Dagger Spray","Underhanded Strike","Flying Knee"],"picked":"SKIP","floor":55}],"player_experience":4717783,"relics_obtained":[{"floor":3.0,"key":"Paper Crane"},{"floor":5.0,"key":"Boot"},{"floor":8.0,"key":"Whetstone"},{"floor":9.0,"key":"Bronze Scales"},{"floor":23.0,"key":"Ornamental Fan"},{"floor":26.0,"key":"Lantern"},{"floor":28.0,"key":"Dream Catcher"},{"floor":55,"key":"Snake Skull"}],"event_choices":[{"damage_healed":0.0,"max_hp_gain":0.0,"max_hp_loss":0.0,"gold_gain":0.0,"event_name":"Wheel of Change","player_choice":"Relic","floor":3.0,"gold_loss":0.0,"damage_taken":0.0},{"damage_healed":0.0,"max_hp_gain":0.0,"max_hp_loss":0.0,"gold_gain":0.0,"event_name":"Dead Adventurer","player_choice":"Searched \u00272\u0027 times","floor":7.0,"gold_loss":0.0,"damage_taken":0.0,"relics_obtained":["MawBank"]},{"damage_healed":0.0,"max_hp_gain":0.0,"max_hp_loss":0.0,"gold_gain":0.0,"event_name":"The Library","player_choice":"Read","floor":19.0,"gold_loss":0.0,"damage_taken":0.0,"cards_obtained":["Reflex"]},{"damage_healed":0.0,"max_hp_gain":0.0,"max_hp_loss":0.0,"gold_gain":0.0,"event_name":"Ghosts","player_choice":"Ignored","floor":21.0,"gold_loss":0.0,"damage_taken":0.0},{"damage_healed":0.0,"max_hp_gain":0.0,"max_hp_loss":0.0,"gold_gain":0.0,"event_name":"Tomb of Lord Red Mask","player_choice":"Ignored","floor":37.0,"gold_loss":0.0,"damage_taken":0.0},{"damage_healed":0,"gold_gain":0,"player_choice":"Memory 1","damage_taken":0,"max_hp_gain":0,"max_hp_loss":0,"event_name":"SensoryStone","floor":38,"gold_loss":0}],"is_beta":false,"boss_relics":[{"not_picked":["Orrery","Eternal Feather"],"picked":"Empty Cage"},{"not_picked":["Calling Bell","Snecko Eye","Cursed Key"]}],"items_purged_floors":[4,13,24,30,47],"is_endless":false,"potions_floor_spawned":[8,16,27,31,33,39,40,45,48,55],"ascension_level":20}