{"gold_per_floor":[116,131,56,74,74,74,109,109,109,109,109,140,140,161,161,161],"floor_reached":16,"playtime":323,"items_purged":["Strike_G"],"score":216,"play_id":"7b526741-923f-4238-a9b9-4d60aa73c6a5","local_time":"20181230143154","is_ascension_mode":true,"campfire_choices":[{"data":"Neutralize","floor":6.0,"key":"SMITH"},{"data":"Caltrops","floor":8.0,"key":"SMITH"},{"data":"Survivor","floor":13,"key":"SMITH"},{"data":"Defend_G","floor":15,"key":"SMITH"}],"neow_cost":"NONE","seed_source_timestamp":9166555317075,"circlet_count":0,"master_deck":["AscendersBane","Defend_G+1","Defend_G","Defend_G","Defend_G","Defend_G","Strike_G","Strike_G","Strike_G","Strike_G","Survivor+1","Neutralize+1","Masterful Stab","All Out Attack","Caltrops+1","Doppelganger","Dagger Throw"],"special_seed":0,"relics":["Ring of the Snake","NeowsBlessing","Gambling Chip","Bag of Preparation","Golden Idol","Ornamental Fan"],"potions_floor_usage":[],"damage_taken":[{"damage":0.0,"enemies":"Cultist","floor":1.0,"turns":1.0},{"damage":0.0,"enemies":"Small Slimes","floor":2.0,"turns":1.0},{"damage":0.0,"enemies":"2 Louse","floor":4.0,"turns":1.0},{"damage":6.0,"enemies":"Gremlin Nob","floor":7.0,"turns":3.0},{"damage":35.0,"enemies":"Lagavulin","floor":12.0,"turns":7.0},{"damage":0,"enemies":"2 Fungi Beasts","floor":14,"turns":2},{"damage":17,"enemies":"Hexaghost","floor":16,"turns":8}],"seed_played":"8260786692779091383","potions_obtained":[{"floor":1.0,"key":"Strength Potion"},{"floor":2.0,"key":"SkillPotion"}],"is_trial":false,"path_per_floor":["M","M","$","M","?","R","E","R","T","?","?","E","E","R","M","R","B"],"character_chosen":"THE_SILENT","items_purchased":[],"campfire_rested":0,"item_purchase_floors":[],"current_hp_per_floor":[59,59,59,59,59,59,53,53,53,48,48,13,13,13,13,0],"gold":161,"neow_bonus":"THREE_ENEMY_KILL","is_prod":false,"is_daily":false,"chose_seed":false,"campfire_upgraded":4,"win_rate":0,"timestamp":1546151514,"path_taken":["M","M","$","?","?","R","E","R","T","?","?","E","R","M","R","BOSS"],"build_version":"2018-12-20","purchased_purges":1,"victory":false,"max_hp_per_floor":[66,66,66,66,66,66,66,66,66,66,60,60,60,60,60,60],"card_choices":[{"not_picked":["Riddle With Holes","Finisher"],"picked":"Masterful Stab","floor":1.0},{"not_picked":["Prepared","Dagger Spray","Quick Slash"],"picked":"SKIP","floor":2.0},{"not_picked":["Poisoned Stab","PiercingWail"],"picked":"All Out Attack","floor":4.0},{"not_picked":["Crippling Poison","Cloak And Dagger"],"picked":"Caltrops","floor":7.0},{"not_picked":["Tactician","Blade Dance"],"picked":"Doppelganger","floor":12},{"not_picked":["Escape Plan","Heel Hook"],"picked":"Dagger Throw","floor":14}],"player_experience":1591990,"relics_obtained":[{"floor":7.0,"key":"Gambling Chip"},{"floor":12,"key":"Ornamental Fan"}],"event_choices":[{"damage_healed":0.0,"max_hp_gain":0.0,"max_hp_loss":0.0,"gold_gain":0.0,"event_name":"The Cleric","player_choice":"Leave","floor":5.0,"gold_loss":0.0,"damage_taken":0.0},{"damage_healed":0.0,"max_hp_gain":0.0,"max_hp_loss":0.0,"gold_gain":0.0,"event_name":"Scrap Ooze","player_choice":"Success","floor":10.0,"gold_loss":0.0,"damage_taken":5.0,"relics_obtained":["Bag of Preparation"]},{"damage_healed":0.0,"max_hp_gain":0.0,"max_hp_loss":6.0,"gold_gain":0.0,"event_name":"Golden Idol","player_choice":"Lose Max HP","floor":11.0,"gold_loss":0.0,"damage_taken":0.0,"relics_obtained":["Golden Idol"]}],"is_beta":false,"boss_relics":[],"items_purged_floors":[3],"is_endless":false,"potions_floor_spawned":[1,2],"killed_by":"Hexaghost","ascension_level":20}