{"gold_per_floor":[118,43,43,43,128,154,172,172,195,228,128,157,157,170,170,241,241,261,261,261,241,219,219,219],"floor_reached":24,"playtime":697,"items_purged":["Strike_G","Strike_G"],"score":450,"play_id":"7cc67bdf-8abf-4475-82d8-e73ce8147c80","local_time":"20190407130516","is_ascension_mode":true,"campfire_choices":[{"data":"Noxious Fumes","floor":8,"key":"SMITH"},{"data":"Noxious Fumes","floor":13,"key":"SMITH"},{"data":"Predator","floor":15,"key":"SMITH"},{"data":"Corpse Explosion","floor":23,"key":"SMITH"}],"neow_cost":"NONE","seed_source_timestamp":1091621968416,"circlet_count":0,"master_deck":["AscendersBane","Defend_G","Defend_G","Defend_G","Defend_G","Strike_G","Strike_G","Strike_G","Survivor","Neutralize","Predator+1","Noxious Fumes+1","Calculated Gamble","Noxious Fumes+1","Corpse Explosion+1","PiercingWail","Backflip"],"relics":["Ring of the Snake","NeowsBlessing","Tiny Chest","Calipers","Oddly Smooth Stone","Juzu Bracelet","Odd Mushroom","Runic Pyramid"],"potions_floor_usage":[10,12],"damage_taken":[{"damage":0,"enemies":"2 Louse","floor":1,"turns":1},{"damage":0,"enemies":"3 Sentries","floor":6,"turns":1},{"damage":0,"enemies":"Cultist","floor":7,"turns":1},{"damage":14,"enemies":"Lagavulin","floor":10,"turns":9},{"damage":7,"enemies":"The Mushroom Lair","floor":12,"turns":5},{"damage":0,"enemies":"Jaw Worm","floor":14,"turns":4},{"damage":31,"enemies":"Slime Boss","floor":16,"turns":9},{"damage":15,"enemies":"Shell Parasite","floor":18,"turns":7},{"damage":11,"enemies":"2 Thieves","floor":22,"turns":5},{"damage":0,"enemies":"Gremlin Leader","floor":24,"turns":3}],"seed_played":"-6048477561702435507","potions_obtained":[{"floor":1,"key":"Energy Potion"},{"floor":6,"key":"Block Potion"},{"floor":12,"key":"FearPotion"},{"floor":21,"key":"LiquidBronze"}],"is_trial":false,"path_per_floor":["M","$","?","$","T","E","M","R","T","E","$","?","R","M","R","B",null,"M","?","?","?","M","R","E"],"character_chosen":"THE_SILENT","items_purchased":[],"campfire_rested":0,"item_purchase_floors":[],"current_hp_per_floor":[59,59,59,59,59,59,59,59,59,45,45,38,38,38,38,7,51,36,18,18,18,7,7,7],"gold":219,"neow_bonus":"THREE_ENEMY_KILL","is_prod":false,"is_daily":false,"chose_seed":false,"campfire_upgraded":4,"win_rate":0,"timestamp":1554613516,"path_taken":["M","$","?","?","?","E","M","R","T","E","$","?","R","M","R","BOSS","M","?","?","?","M","R","E"],"build_version":"2019-01-23","purchased_purges":2,"victory":false,"max_hp_per_floor":[66,66,66,66,66,66,66,66,66,66,66,66,66,66,66,66,66,66,71,71,71,71,71,71],"card_choices":[{"not_picked":["Heel Hook","Dagger Throw"],"picked":"Predator","floor":1},{"not_picked":["Deflect","Acrobatics"],"picked":"Noxious Fumes","floor":6},{"not_picked":["Endless Agony","Accuracy"],"picked":"Calculated Gamble","floor":7},{"not_picked":["Predator","Reflex"],"picked":"Noxious Fumes","floor":10},{"not_picked":["Quick Slash","Reflex","Finisher"],"picked":"SKIP","floor":14},{"not_picked":["Tools of the Trade","Bullet Time"],"picked":"Corpse Explosion","floor":16},{"not_picked":["Bouncing Flask","Slice"],"picked":"PiercingWail","floor":18},{"not_picked":["Eviscerate","Deadly Poison"],"picked":"Backflip","floor":22}],"player_experience":4121151,"relics_obtained":[{"floor":5,"key":"Tiny Chest"},{"floor":6,"key":"Calipers"},{"floor":9,"key":"Oddly Smooth Stone"},{"floor":10,"key":"Juzu Bracelet"},{"floor":12,"key":"Odd Mushroom"}],"event_choices":[{"cards_removed":["Defend_G"],"damage_healed":0,"gold_gain":0,"player_choice":"Purged","damage_taken":0,"max_hp_gain":0,"max_hp_loss":0,"event_name":"Purifier","floor":3,"gold_loss":0},{"damage_healed":0,"gold_gain":0,"player_choice":"Fought Mushrooms","damage_taken":0,"max_hp_gain":0,"max_hp_loss":0,"event_name":"Mushrooms","floor":12,"gold_loss":0},{"damage_healed":0,"gold_gain":0,"player_choice":"Shed Blood","damage_taken":23,"max_hp_gain":5,"max_hp_loss":0,"event_name":"Forgotten Altar","floor":19,"gold_loss":0},{"damage_healed":0,"gold_gain":0,"player_choice":"Ignored","damage_taken":0,"max_hp_gain":0,"max_hp_loss":0,"event_name":"The Mausoleum","floor":20,"gold_loss":0},{"damage_healed":0,"gold_gain":0,"player_choice":"Bought 1 Potion","damage_taken":0,"max_hp_gain":0,"max_hp_loss":0,"event_name":"The Woman in Blue","floor":21,"gold_loss":0}],"is_beta":false,"boss_relics":[{"not_picked":["Coffee Dripper","Velvet Choker"],"picked":"Runic Pyramid"}],"items_purged_floors":[2,11],"is_endless":false,"potions_floor_spawned":[1,6,12],"killed_by":"Gremlin Leader","ascension_level":20}