{"gold_per_floor":[367,121,121,141,141,141,157,167,191,18,18,30,62,76,76,148,148,163,180,197,208,208,208,228,228,228,52,71,71,89,89,89,168,168,185,204,36,36,56,56,87,87,87,87,87,117,127,27,27,27,27],"floor_reached":52,"playtime":4697,"items_purged":["Decay","Decay"],"score":1978,"play_id":"176ea85d-4e4c-402c-b810-f75d14a2e7c1","local_time":"20190213111210","is_ascension_mode":true,"campfire_choices":[{"data":"Zap","floor":6.0,"key":"SMITH"},{"data":"Loop","floor":11.0,"key":"SMITH"},{"data":"Dualcast","floor":15.0,"key":"SMITH"},{"data":"Darkness","floor":23.0,"key":"SMITH"},{"data":"Fission","floor":29.0,"key":"SMITH"},{"floor":32.0,"key":"REST"},{"data":"Turbo","floor":40,"key":"SMITH"},{"floor":42,"key":"REST"},{"floor":44,"key":"REST"},{"data":"All For One","floor":49,"key":"SMITH"}],"neow_cost":"CURSE","seed_source_timestamp":6709163319486,"circlet_count":0,"master_deck":["AscendersBane","Zap+1","Dualcast+1","Cold Snap+1","Loop+1","Undo+1","BootSequence+1","Ball Lightning+1","Core Surge+1","Electrodynamics+1","Rainbow+1","Rebound+1","Darkness+1","Tempest+1","Darkness+1","Steam Power+1","Reboot+1","Conserve Battery+1","Coolheaded+1","Lockon+1","Fission+1","Turbo+1","Meteor Strike+1","Hologram+1","Discovery+1","Violence+1","Magnetism+1","Chill+1","Reinforced Body+1","All For One+1","Hello World+1"],"special_seed":0,"relics":["Cracked Core","Bag of Preparation","Orichalcum","DataDisk","Centennial Puzzle","Pandora\u0027s Box","Enchiridion","Philosopher\u0027s Stone","Happy Flower","Calipers","Juzu Bracelet","Mark of the Bloom","Pocketwatch"],"potions_floor_usage":[41,51],"damage_taken":[{"damage":14.0,"enemies":"Small Slimes","floor":1.0,"turns":3.0},{"damage":0.0,"enemies":"2 Louse","floor":4.0,"turns":3.0},{"damage":4.0,"enemies":"Cultist","floor":7.0,"turns":3.0},{"damage":16.0,"enemies":"Gremlin Gang","floor":8.0,"turns":4.0},{"damage":1.0,"enemies":"Exordium Thugs","floor":12.0,"turns":3.0},{"damage":6.0,"enemies":"Lagavulin","floor":13.0,"turns":6.0},{"damage":0.0,"enemies":"Large Slime","floor":14.0,"turns":4.0},{"damage":0.0,"enemies":"The Guardian","floor":16.0,"turns":8.0},{"damage":12.0,"enemies":"2 Thieves","floor":18.0,"turns":2.0},{"damage":0.0,"enemies":"Spheric Guardian","floor":19.0,"turns":3.0},{"damage":1.0,"enemies":"Centurion and Healer","floor":20.0,"turns":2.0},{"damage":2.0,"enemies":"Chosen and Byrds","floor":21.0,"turns":4.0},{"damage":8.0,"enemies":"Snecko","floor":24.0,"turns":3.0},{"damage":0.0,"enemies":"Centurion and Healer","floor":28.0,"turns":2.0},{"damage":0.0,"enemies":"Snake Plant","floor":30.0,"turns":2.0},{"damage":7.0,"enemies":"Automaton","floor":33.0,"turns":6.0},{"damage":0.0,"enemies":"Orb Walker","floor":35.0,"turns":2.0},{"damage":7.0,"enemies":"3 Darklings","floor":36.0,"turns":5.0},{"damage":0,"enemies":"Sphere and 2 Shapes","floor":39,"turns":1},{"damage":26,"enemies":"Giant Head","floor":41,"turns":7},{"damage":0,"enemies":"Reptomancer","floor":46,"turns":6},{"damage":0,"enemies":"Writhing Mass","floor":47,"turns":4},{"damage":7,"enemies":"Time Eater","floor":50,"turns":7},{"damage":5,"enemies":"Awakened One","floor":51,"turns":13}],"seed_played":"-4011967879633805247","potions_obtained":[{"floor":5.0,"key":"Strength Potion"},{"floor":5.0,"key":"FocusPotion"},{"floor":12.0,"key":"Ancient Potion"},{"floor":14.0,"key":"Fire Potion"},{"floor":18.0,"key":"Block Potion"},{"floor":24.0,"key":"SmokeBomb"},{"floor":36.0,"key":"Block Potion"},{"floor":41,"key":"SteroidPotion"}],"is_trial":false,"path_per_floor":["M","$","?","M","?","R","M","M","T","$","R","M","E","M","R","B",null,"M","M","M","M","?","R","M","?","T","$","M","R","M","?","R","B",null,"M","M","$","?","M","R","E","R","T","R","?","E","M","$","R","B","B",null],"character_chosen":"DEFECT","items_purchased":["Bag of Preparation","DataDisk","Fission","Happy Flower"],"campfire_rested":3,"item_purchase_floors":[2,10,27,37],"current_hp_per_floor":[50,50,50,50,50,50,46,30,30,30,30,29,23,23,23,23,59,47,47,46,44,44,44,36,15,15,15,15,15,15,15,36,29,61,61,54,54,44,44,44,18,39,39,60,60,60,60,60,60,53,48],"gold":27,"neow_bonus":"TWO_FIFTY_GOLD","is_prod":false,"is_daily":false,"chose_seed":false,"campfire_upgraded":7,"win_rate":0,"timestamp":1550027530,"path_taken":["M","$","?","M","?","R","M","?","T","$","R","M","E","M","R","BOSS","M","?","M","M","?","R","M","?","T","?","?","R","M","?","R","BOSS","M","M","$","?","M","R","E","R","T","R","?","E","M","?","R","BOSS","BOSS"],"build_version":"2019-01-23","purchased_purges":2,"victory":true,"max_hp_per_floor":[71,71,71,71,71,71,71,71,71,71,71,71,71,71,71,71,71,71,71,71,71,71,71,71,71,71,71,71,71,71,71,71,71,71,71,71,71,71,71,71,71,71,71,71,71,71,71,71,71,71,71],"card_choices":[{"not_picked":["Turbo","Redo","Hello World"],"picked":"SKIP","floor":1.0},{"not_picked":["Beam Cell","Hologram"],"picked":"Cold Snap","floor":4.0},{"not_picked":["Go for the Eyes","Static Discharge","Sweeping Beam"],"picked":"SKIP","floor":7.0},{"not_picked":["Amplify","Leap"],"picked":"Loop","floor":8.0},{"not_picked":["Coolheaded","Go for the Eyes"],"picked":"Undo","floor":12.0},{"not_picked":["Static Discharge","Storm"],"picked":"BootSequence","floor":13.0},{"not_picked":["Force Field","Steam"],"picked":"Ball Lightning","floor":14.0},{"not_picked":["Seek","Amplify"],"picked":"Core Surge","floor":16.0},{"not_picked":["Beam Cell+1","Barrage","Redo"],"picked":"SKIP","floor":18.0},{"not_picked":["Barrage","Loop"],"picked":"Conserve Battery","floor":19.0},{"not_picked":["Ball Lightning","Go for the Eyes"],"picked":"Coolheaded+1","floor":20.0},{"not_picked":["Conserve Battery","Static Discharge","White Noise"],"picked":"SKIP","floor":21.0},{"not_picked":["Force Field","Ball Lightning"],"picked":"Lockon","floor":24.0},{"not_picked":["Stack","Steam"],"picked":"Turbo","floor":28.0},{"not_picked":["Beam Cell","Barrage","Hologram"],"picked":"SKIP","floor":30.0},{"not_picked":["Amplify","Thunder Strike"],"picked":"Meteor Strike","floor":33.0},{"not_picked":["Genetic Algorithm","BootSequence"],"picked":"Hologram+1","floor":35.0},{"not_picked":["Steam","Redo","Go for the Eyes"],"picked":"SKIP","floor":36.0},{"not_picked":["Dark Shackles","Blind"],"picked":"Discovery","floor":38},{"not_picked":["Mind Blast","The Bomb"],"picked":"Violence","floor":38},{"not_picked":["Violence","Discovery"],"picked":"Magnetism","floor":38},{"not_picked":["Conserve Battery","Ball Lightning"],"picked":"Chill+1","floor":39},{"not_picked":["Fusion","Coolheaded+1"],"picked":"Reinforced Body+1","floor":41},{"not_picked":["Cold Snap","Fusion+1"],"picked":"All For One","floor":46},{"not_picked":["Double Energy","Cold Snap"],"picked":"Hello World+1","floor":47}],"player_experience":2674257,"relics_obtained":[{"floor":9.0,"key":"Orichalcum"},{"floor":13.0,"key":"Centennial Puzzle"},{"floor":25.0,"key":"Enchiridion"},{"floor":41,"key":"Calipers"},{"floor":43,"key":"Juzu Bracelet"},{"floor":46,"key":"Pocketwatch"}],"event_choices":[{"damage_healed":0.0,"max_hp_gain":0.0,"max_hp_loss":0.0,"gold_gain":0.0,"event_name":"The Cleric","player_choice":"Leave","floor":3.0,"gold_loss":0.0,"damage_taken":0.0},{"damage_healed":0.0,"max_hp_gain":0.0,"max_hp_loss":0.0,"gold_gain":0.0,"event_name":"Lab","player_choice":"Got Potions","floor":5.0,"gold_loss":0.0,"damage_taken":0.0},{"damage_healed":0.0,"max_hp_gain":0.0,"max_hp_loss":0.0,"gold_gain":0.0,"event_name":"Vampires","player_choice":"Ignored","floor":22.0,"gold_loss":0.0,"damage_taken":0.0},{"damage_healed":0.0,"max_hp_gain":0.0,"max_hp_loss":0.0,"gold_gain":0.0,"event_name":"Cursed Tome","player_choice":"Obtained Book","floor":25.0,"gold_loss":0.0,"damage_taken":21.0},{"damage_healed":0.0,"max_hp_gain":0.0,"max_hp_loss":0.0,"gold_gain":0.0,"event_name":"Forgotten Altar","player_choice":"Smashed Altar","floor":31.0,"gold_loss":0.0,"damage_taken":0.0,"cards_obtained":["Decay"]},{"damage_healed":0,"gold_gain":0,"player_choice":"Memory 3","damage_taken":10,"max_hp_gain":0,"max_hp_loss":0,"event_name":"SensoryStone","floor":38,"gold_loss":0},{"damage_healed":0,"gold_gain":0,"player_choice":"Upgrade","damage_taken":0,"relics_obtained":["Mark of the Bloom"],"max_hp_gain":0,"max_hp_loss":0,"event_name":"MindBloom","floor":45,"gold_loss":0,"cards_upgraded":["Cold Snap","Undo","BootSequence","Ball Lightning","Core Surge","Electrodynamics","Rainbow","Rebound","Darkness","Tempest","Steam Power","Reboot","Conserve Battery","Lockon","Meteor Strike","Discovery","Violence","Magnetism"]}],"is_beta":false,"boss_relics":[{"not_picked":["Coffee Dripper","Busted Crown"],"picked":"Pandora\u0027s Box"},{"not_picked":["FrozenCore","Lizard Tail"],"picked":"Philosopher\u0027s Stone"}],"items_purged_floors":[2,48],"is_endless":false,"potions_floor_spawned":[7,12,13,14,18,24,30,36,41],"ascension_level":20}