{"gold_per_floor":[113,113,45,70,93,93,268,153,202,240,240,254,90,111,111,240,240,261,87,87,111,134,134,134,159,159,159,202,227,227,247,247,366,366,382,189,189,210,234,234,257,272,295,295,320,320,542,542,542,542],"floor_reached":51,"playtime":1680,"items_purged":["Doubt","Strike_B","Strike_B"],"score":699,"play_id":"85f54642-ac90-46a1-ab34-4137aa02cd09","local_time":"20181025003328","is_ascension_mode":false,"campfire_choices":[{"data":"Loop","floor":6,"key":"SMITH"},{"data":"Capacitor","floor":11,"key":"SMITH"},{"data":"Apotheosis","floor":15,"key":"SMITH"},{"floor":23,"key":"REST"},{"floor":27,"key":"REST"},{"data":"Loop","floor":30,"key":"SMITH"},{"data":"Loop","floor":32,"key":"SMITH"},{"data":"Defragment","floor":40,"key":"SMITH"},{"data":"Echo Form","floor":44,"key":"SMITH"},{"data":"Electrodynamics","floor":49,"key":"SMITH"}],"neow_cost":"NONE","seed_source_timestamp":50951256495171,"circlet_count":0,"master_deck":["Strike_B","Strike_B","Defend_B","Defend_B","Defend_B","Defend_B","Zap","Dualcast","Self Repair","Loop+1","Self Repair","Darkness","Capacitor+1","Hyperbeam","Ball Lightning","Apotheosis+1","Loop+1","Electrodynamics+1","Auto Shields","Loop+1","Cold Snap","Glacier","Glacier","Coolheaded","Coolheaded","White Noise","Echo Form+1","Redo","Defragment+1","Consume+1","Conserve Battery","Skim+1","Writhe"],"relics":["Cracked Core","NeowsBlessing","Golden Idol","DataDisk","Potion Belt","Inserter","Nilry\u0027s Codex","Boot","Red Mask","Coffee Dripper","Bronze Scales","Oddly Smooth Stone"],"potions_floor_usage":[28,33,35],"damage_taken":[{"damage":0,"enemies":"2 Louse","floor":1,"turns":1},{"damage":0,"enemies":"Jaw Worm","floor":4,"turns":1},{"damage":0,"enemies":"Small Slimes","floor":5,"turns":1},{"damage":33,"enemies":"3 Sentries","floor":10,"turns":7},{"damage":0,"enemies":"Gremlin Gang","floor":12,"turns":1},{"damage":14,"enemies":"Blue Slaver","floor":14,"turns":4},{"damage":24,"enemies":"Hexaghost","floor":16,"turns":7},{"damage":34,"enemies":"Spheric Guardian","floor":18,"turns":5},{"damage":0,"enemies":"3 Byrds","floor":21,"turns":2},{"damage":34,"enemies":"Snake Plant","floor":22,"turns":5},{"damage":15,"enemies":"Snecko","floor":25,"turns":6},{"damage":10,"enemies":"Masked Bandits","floor":28,"turns":2},{"damage":11,"enemies":"Chosen and Byrds","floor":29,"turns":7},{"damage":1,"enemies":"Cultist and Chosen","floor":31,"turns":6},{"damage":32,"enemies":"Automaton","floor":33,"turns":10},{"damage":0,"enemies":"Orb Walker","floor":35,"turns":6},{"damage":13,"enemies":"3 Darklings","floor":38,"turns":4},{"damage":2,"enemies":"Transient","floor":39,"turns":5},{"damage":10,"enemies":"Maw","floor":41,"turns":8},{"damage":0,"enemies":"Sphere and 2 Shapes","floor":42,"turns":6},{"damage":33,"enemies":"Transient","floor":45,"turns":5},{"damage":45,"enemies":"Time Eater","floor":50,"turns":11}],"seed_played":"-5946381322368159444","potions_obtained":[{"floor":4,"key":"Regen Potion"},{"floor":10,"key":"SkillPotion"},{"floor":14,"key":"AttackPotion"},{"floor":22,"key":"AttackPotion"},{"floor":25,"key":"SpeedPotion"},{"floor":31,"key":"Energy Potion"},{"floor":33,"key":"Fruit Juice"},{"floor":39,"key":"AttackPotion"},{"floor":42,"key":"Regen Potion"},{"floor":46,"key":"EntropicBrew"}],"is_trial":false,"path_per_floor":["M","?","$","M","M","R","?","$","T","E","R","M","$","M","R","B",null,"M","$","?","M","M","R","?","M","T","R","?","M","R","M","R","B",null,"M","$","?","M","M","R","M","M","T","R","M","?","?","?","R","B"],"character_chosen":"DEFECT","items_purchased":["Loop","Capacitor","Apotheosis","Loop","Defragment"],"campfire_rested":2,"item_purchase_floors":[3,8,13,19,36],"current_hp_per_floor":[75,57,57,57,57,57,57,57,57,31,31,38,38,44,44,37,75,61,61,45,52,25,47,47,39,39,61,58,57,57,63,63,51,75,80,80,80,80,80,80,77,80,80,80,61,61,61,80,80,52],"gold":542,"neow_bonus":"THREE_ENEMY_KILL","is_prod":false,"is_daily":false,"chose_seed":false,"campfire_upgraded":8,"win_rate":0,"timestamp":1540398808,"path_taken":["M","?","$","?","?","R","?","?","T","E","R","M","$","M","R","BOSS","M","$","?","M","M","R","?","?","T","R","?","M","R","M","R","BOSS","M","$","?","M","M","R","M","M","T","R","M","?","?","?","R","BOSS"],"build_version":"2018-10-18","purchased_purges":3,"victory":true,"max_hp_per_floor":[75,75,75,75,75,75,75,75,75,75,75,75,75,75,75,75,75,75,75,75,75,75,75,75,75,75,75,75,75,75,75,75,75,75,80,80,80,80,80,80,80,80,80,80,80,80,80,80,80,80],"card_choices":[{"not_picked":["Sweeping Beam","Static Discharge"],"picked":"Self Repair","floor":1},{"not_picked":["Hologram","Reinforced Body"],"picked":"Self Repair","floor":4},{"not_picked":["Doom and Gloom","Force Field"],"picked":"Darkness","floor":5},{"not_picked":["Beam Cell","Storm"],"picked":"Hyperbeam","floor":10},{"not_picked":["Fusion","Skim"],"picked":"Ball Lightning","floor":12},{"not_picked":["Lockon","Hologram"],"picked":"Loop","floor":14},{"not_picked":["Meteor Strike","Reboot"],"picked":"Electrodynamics","floor":16},{"not_picked":["Streamline+1","Lockon"],"picked":"Auto Shields","floor":18},{"not_picked":["Compile Driver","FTL"],"picked":"Cold Snap","floor":21},{"not_picked":["Gash","Scrape","Compile Driver"],"picked":"SKIP","floor":22},{"not_picked":["Barrage+1","Streamline+1"],"picked":"Glacier","floor":25},{"not_picked":["Blizzard+1","Heatsinks"],"picked":"Coolheaded","floor":28},{"not_picked":["Turbo","Scrape+1"],"picked":"Coolheaded","floor":29},{"not_picked":["Conserve Battery+1","Coolheaded"],"picked":"White Noise","floor":31},{"not_picked":["Amplify","Buffer"],"picked":"Echo Form","floor":33},{"not_picked":["Compile Driver+1","Beam Cell"],"picked":"Redo","floor":35},{"not_picked":["Beam Cell","Hello World","FTL+1"],"picked":"SKIP","floor":38},{"not_picked":["Ball Lightning+1","Tempest+1"],"picked":"Consume+1","floor":39},{"not_picked":["Double Energy","Streamline"],"picked":"Conserve Battery","floor":41},{"not_picked":["Turbo","Genetic Algorithm","Rebound+1"],"picked":"SKIP","floor":42},{"not_picked":["Streamline","Conserve Battery"],"picked":"Skim+1","floor":45}],"player_experience":622167,"relics_obtained":[{"floor":9,"key":"DataDisk"},{"floor":10,"key":"Potion Belt"},{"floor":20,"key":"Nilry\u0027s Codex"},{"floor":26,"key":"Boot"},{"floor":28,"key":"Red Mask"},{"floor":43,"key":"Oddly Smooth Stone"}],"event_choices":[{"damage_healed":0,"gold_gain":0,"player_choice":"Take Damage","damage_taken":18,"relics_obtained":["Golden Idol"],"max_hp_gain":0,"max_hp_loss":0,"event_name":"Golden Idol","floor":2,"gold_loss":0},{"damage_healed":0,"gold_gain":175,"player_choice":"AGREE","damage_taken":0,"max_hp_gain":0,"max_hp_loss":0,"event_name":"Liars Game","floor":7,"gold_loss":0,"cards_obtained":["Doubt"]},{"damage_healed":0,"gold_gain":0,"player_choice":"Obtained Book","damage_taken":16,"max_hp_gain":0,"max_hp_loss":0,"event_name":"Cursed Tome","floor":20,"gold_loss":0},{"damage_healed":0,"gold_gain":0,"player_choice":"Read","damage_taken":0,"max_hp_gain":0,"max_hp_loss":0,"event_name":"The Library","floor":24,"gold_loss":0,"cards_obtained":["Glacier"]},{"damage_healed":0,"gold_gain":0,"player_choice":"Fought Bandits","damage_taken":0,"max_hp_gain":0,"max_hp_loss":0,"event_name":"Masked Bandits","floor":28,"gold_loss":0},{"damage_healed":0,"gold_gain":0,"player_choice":"Gave Potion","damage_taken":0,"relics_obtained":["Bronze Scales"],"max_hp_gain":0,"max_hp_loss":0,"event_name":"WeMeetAgain","floor":37,"gold_loss":0},{"damage_healed":0,"gold_gain":0,"player_choice":"Got Potions","damage_taken":0,"max_hp_gain":0,"max_hp_loss":0,"event_name":"The Lab","floor":46,"gold_loss":0},{"damage_healed":0,"gold_gain":222,"player_choice":"Wore Mask","damage_taken":0,"max_hp_gain":0,"max_hp_loss":0,"event_name":"Tomb of Lord Red Mask","floor":47,"gold_loss":0},{"damage_healed":20,"gold_gain":0,"player_choice":"Writhe","damage_taken":0,"max_hp_gain":0,"max_hp_loss":0,"event_name":"Winding Halls","floor":48,"gold_loss":0,"cards_obtained":["Writhe"]}],"is_beta":false,"boss_relics":[{"not_picked":["Cursed Key","Black Star"],"picked":"Inserter"},{"not_picked":["Snecko Eye","Calling Bell"],"picked":"Coffee Dripper"}],"items_purged_floors":[8,19,36],"is_endless":false,"potions_floor_spawned":[4,10,14,22,25,31,33,39,42],"ascension_level":0}