{"gold_per_floor":[360,25,25,44,57,57,77,77,77,91,101,130,148,165,165,267,267,237,237,237,237,237,237,237,237,237,237,162,162,162,162,162,162],"floor_reached":33,"playtime":742,"items_purged":["Defend_R"],"score":377,"play_id":"8712f427-9f2d-411d-8483-016cea53931d","local_time":"20181009195953","is_ascension_mode":true,"campfire_choices":[{"data":"Perfected Strike","floor":6,"key":"SMITH"},{"data":"Perfected Strike","floor":8,"key":"SMITH"},{"data":"Shockwave","floor":15,"key":"SMITH"},{"floor":23,"key":"REST"},{"floor":25,"key":"REST"},{"floor":27,"key":"REST"},{"data":"Dual Wield","floor":32,"key":"SMITH"}],"neow_cost":"TEN_PERCENT_HP_LOSS","seed_source_timestamp":33336631427662,"circlet_count":0,"master_deck":["Strike_R","Strike_R","Strike_R","Strike_R","Strike_R","Defend_R","Defend_R","Defend_R","Bash","Perfected Strike+1","Perfected Strike+1","Immolate","Shockwave+1","Clash","Feed","Shockwave+1","Dual Wield+1"],"relics":["Burning Blood","ClockworkSouvenir","Sundial","Incense Burner","Ectoplasm","Molten Egg 2","Tiny Chest","Boot"],"potions_floor_usage":[18,33,33],"damage_taken":[{"damage":6,"enemies":"2 Louse","floor":1,"turns":4},{"damage":0,"enemies":"Small Slimes","floor":4,"turns":3},{"damage":6,"enemies":"Cultist","floor":5,"turns":3},{"damage":15,"enemies":"Lots of Slimes","floor":7,"turns":2},{"damage":0,"enemies":"2 Fungi Beasts","floor":10,"turns":2},{"damage":6,"enemies":"Looter","floor":11,"turns":2},{"damage":16,"enemies":"Gremlin Nob","floor":12,"turns":3},{"damage":0,"enemies":"Exordium Wildlife","floor":13,"turns":3},{"damage":0,"enemies":"Large Slime","floor":14,"turns":2},{"damage":37,"enemies":"Slime Boss","floor":16,"turns":9},{"damage":12,"enemies":"2 Thieves","floor":18,"turns":3},{"damage":25,"enemies":"3 Byrds","floor":20,"turns":5},{"damage":11,"enemies":"Cultist and Chosen","floor":22,"turns":4},{"damage":30,"enemies":"Gremlin Leader","floor":24,"turns":5},{"damage":23,"enemies":"Centurion and Healer","floor":31,"turns":3},{"damage":96,"enemies":"Automaton","floor":33,"turns":6}],"seed_played":"-2767623166082055648","potions_obtained":[{"floor":4,"key":"Regen Potion"},{"floor":5,"key":"Ancient Potion"},{"floor":10,"key":"SpeedPotion"},{"floor":14,"key":"SkillPotion"},{"floor":20,"key":"LiquidBronze"},{"floor":24,"key":"BloodPotion"}],"is_trial":false,"path_per_floor":["M","$","?","M","M","R","M","R","T","M","M","E","M","M","R","B",null,"M","?","M","?","M","R","E","R","T","R","$","T","$","M","R"],"character_chosen":"IRONCLAD","items_purchased":["Perfected Strike","ClockworkSouvenir","Dual Wield"],"campfire_rested":3,"item_purchase_floors":[2,2,28],"current_hp_per_floor":[72,72,72,72,72,72,63,63,63,69,69,59,65,71,71,40,64,61,61,45,30,25,49,25,49,49,73,73,73,73,59,59,0],"gold":162,"neow_bonus":"TWO_FIFTY_GOLD","is_prod":false,"is_daily":false,"chose_seed":false,"campfire_upgraded":4,"win_rate":0,"timestamp":1539086393,"path_taken":["M","$","?","M","M","R","M","R","T","M","M","E","?","?","R","BOSS","M","?","M","?","M","R","E","R","T","R","$","?","$","M","R","BOSS"],"build_version":"2018-10-04v2","purchased_purges":1,"victory":false,"max_hp_per_floor":[72,72,72,72,72,72,72,72,72,72,72,72,72,72,72,72,72,75,75,78,83,83,83,83,83,83,83,83,83,83,86,86,86],"card_choices":[{"not_picked":["Body Slam","Thunderclap"],"picked":"Perfected Strike","floor":1},{"not_picked":["Whirlwind","Infernal Blade","Clothesline"],"picked":"SKIP","floor":4},{"not_picked":["Thunderclap","Headbutt"],"picked":"Immolate","floor":5},{"not_picked":["Combust","Rage","Shrug It Off"],"picked":"SKIP","floor":7},{"not_picked":["Body Slam","Headbutt"],"picked":"Shockwave","floor":10},{"not_picked":["Heavy Blade","True Grit","Rampage"],"picked":"SKIP","floor":11},{"not_picked":["Juggernaut","Hemokinesis","Iron Wave"],"picked":"SKIP","floor":12},{"not_picked":["Shrug It Off","Dropkick"],"picked":"Clash","floor":13},{"not_picked":["Armaments","Rupture","Battle Trance"],"picked":"SKIP","floor":14},{"not_picked":["Impervious","Barricade"],"picked":"Feed","floor":16},{"not_picked":["Clothesline","Body Slam"],"picked":"Shockwave+1","floor":18},{"not_picked":["Armaments","Sentinel","Burning Pact"],"picked":"SKIP","floor":20},{"not_picked":["Pommel Strike","True Grit","Intimidate"],"picked":"SKIP","floor":22},{"not_picked":["Pommel Strike","Dark Embrace","Body Slam+1"],"picked":"SKIP","floor":24},{"not_picked":["Twin Strike+1","Wild Strike+1","Sentinel"],"picked":"SKIP","floor":31}],"player_experience":55382,"relics_obtained":[{"floor":9,"key":"Sundial"},{"floor":12,"key":"Incense Burner"},{"floor":24,"key":"Molten Egg 2"},{"floor":26,"key":"Tiny Chest"},{"floor":29,"key":"Boot"}],"event_choices":[{"event_name":"The Cleric","player_choice":"Leave","floor":3,"damage_taken":0},{"event_name":"The Mausoleum","player_choice":"No","floor":19,"damage_taken":0},{"event_name":"Forgotten Altar","player_choice":"Shed Blood","floor":21,"damage_taken":0}],"is_beta":false,"boss_relics":[{"not_picked":["Empty Cage","Pandora\u0027s Box"],"picked":"Ectoplasm"}],"items_purged_floors":[2],"is_endless":false,"potions_floor_spawned":[4,5,10,14,16,20,24,31],"killed_by":"Automaton","ascension_level":8}