{"gold_per_floor":[112,132,132,132,148,148,166,166,190,232,262,274,301,326,338,427,439,470,498,108,123,141,141,152,152,178,178,178,205,205,205,205,283,283,303,303,353,303,316,345,357,372,372,372,322,333,333,368,368,368,368,368,368,45,77,77],"floor_reached":57,"playtime":3562,"items_purged":["Strike_G","Strike_G+1","Strike_G+1","Strike_G+1"],"score":3193,"play_id":"b0e36d50-50a6-4ff0-8308-73219395f9c4","local_time":"20190515182620","is_ascension_mode":true,"campfire_choices":[{"data":"Bouncing Flask","floor":6.0,"key":"SMITH"},{"data":"Neutralize","floor":8.0,"key":"SMITH"},{"floor":12.0,"key":"REST"},{"data":"Well Laid Plans","floor":15.0,"key":"SMITH"},{"data":"Reflex","floor":23.0,"key":"SMITH"},{"floor":25.0,"key":"REST"},{"floor":30.0,"key":"REST"},{"floor":32.0,"key":"REST"},{"floor":44.0,"key":"RECALL"},{"data":"Acrobatics","floor":47.0,"key":"SMITH"},{"data":"1","floor":49.0,"key":"LIFT"},{"data":"2","floor":53,"key":"LIFT"}],"neow_cost":"NONE","seed_source_timestamp":20779577877075,"circlet_count":0,"master_deck":["AscendersBane","Defend_G+1","Defend_G+1","Defend_G+1","Defend_G+1","Defend_G+1","Survivor+1","Neutralize+1","Unload+1","Bouncing Flask+1","Backflip+1","Corpse Explosion+1","Well Laid Plans+1","Reflex+1","Venomology+1","Expertise+1","Night Terror+1","Reflex+1","Blur+1","Leg Sweep+1","Grand Finale+1","Tactician+1","Acrobatics+1","Concentrate+1","Acrobatics+1"],"special_seed":0,"relics":["Ring of the Snake","MawBank","Centennial Puzzle","HoveringKite","Bag of Preparation","Smiling Mask","Enchiridion","Oddly Smooth Stone","Orrery","Mark of the Bloom","Girya","Snake Skull","Lantern","Anchor","Medical Kit","Bronze Scales"],"potions_floor_usage":[51,55,56,56,56],"damage_taken":[{"damage":1.0,"enemies":"Cultist","floor":1.0,"turns":4.0},{"damage":2.0,"enemies":"Small Slimes","floor":2.0,"turns":3.0},{"damage":2.0,"enemies":"Jaw Worm","floor":5.0,"turns":4.0},{"damage":7.0,"enemies":"Exordium Thugs","floor":7.0,"turns":5.0},{"damage":22.0,"enemies":"3 Sentries","floor":10.0,"turns":10.0},{"damage":15.0,"enemies":"Gremlin Gang","floor":11.0,"turns":7.0},{"damage":0.0,"enemies":"Blue Slaver","floor":13.0,"turns":3.0},{"damage":0.0,"enemies":"3 Louse","floor":14.0,"turns":3.0},{"damage":9.0,"enemies":"The Guardian","floor":16.0,"turns":12.0},{"damage":0.0,"enemies":"3 Byrds","floor":18.0,"turns":3.0},{"damage":3.0,"enemies":"Chosen","floor":19.0,"turns":5.0},{"damage":9.0,"enemies":"Snake Plant","floor":21.0,"turns":4.0},{"damage":3.0,"enemies":"Snecko","floor":22.0,"turns":7.0},{"damage":19.0,"enemies":"Chosen and Byrds","floor":24.0,"turns":5.0},{"damage":10.0,"enemies":"Book of Stabbing","floor":29.0,"turns":7.0},{"damage":0.0,"enemies":"Automaton","floor":33.0,"turns":8.0},{"damage":0.0,"enemies":"3 Darklings","floor":35.0,"turns":4.0},{"damage":0.0,"enemies":"2 Orb Walkers","floor":37.0,"turns":3.0},{"damage":0.0,"enemies":"Orb Walker","floor":39.0,"turns":4.0},{"damage":0.0,"enemies":"Reptomancer","floor":40.0,"turns":5.0},{"damage":0.0,"enemies":"Maw","floor":41.0,"turns":7.0},{"damage":0.0,"enemies":"Sphere and 2 Shapes","floor":42.0,"turns":1.0},{"damage":0.0,"enemies":"Jaw Worm Horde","floor":46.0,"turns":3.0},{"damage":0.0,"enemies":"Nemesis","floor":48.0,"turns":3.0},{"damage":0.0,"enemies":"Donu and Deca","floor":50.0,"turns":6.0},{"damage":0,"enemies":"Time Eater","floor":51,"turns":6},{"damage":0,"enemies":"Shield and Spear","floor":55,"turns":2},{"damage":27,"enemies":"The Heart","floor":56,"turns":10}],"seed_played":"-2095254033825260000","potions_obtained":[{"floor":5.0,"key":"Energy Potion"},{"floor":7.0,"key":"Weak Potion"},{"floor":14.0,"key":"FearPotion"},{"floor":18.0,"key":"Block Potion"},{"floor":24.0,"key":"AttackPotion"},{"floor":40.0,"key":"Ancient Potion"}],"is_trial":false,"path_per_floor":["M","M","?","T","M","R","M","R","T","E","M","R","M","M","R","B",null,"M","M","$","M","M","R","M","R","T","?","?","E","R","?","R","B",null,"M","?","?","$","M","E","M","M","T","R","$","M","R","E","R","B","B",null,"R","$","E","B",null],"character_chosen":"THE_SILENT","items_purchased":["Bag of Preparation","Night Terror","Medical Kit","Energy Potion"],"campfire_rested":4,"item_purchase_floors":[20,20,54,54],"current_hp_per_floor":[58,56,49,49,47,47,40,40,40,18,3,22,22,22,22,13,53,53,50,50,41,38,38,19,38,38,17,17,7,26,8,29,29,61,61,61,61,61,61,61,61,61,61,61,61,61,61,61,61,61,61,61,61,61,61,34],"gold":77,"neow_bonus":"ONE_RANDOM_RARE_CARD","is_prod":false,"is_daily":false,"chose_seed":false,"campfire_upgraded":5,"win_rate":0,"timestamp":1557915980,"path_taken":["M","?","?","?","?","R","M","R","T","E","M","R","M","M","R","BOSS","M","M","$","M","M","R","?","R","T","?","?","E","R","?","R","BOSS","M","?","?","$","M","E","M","M","T","R","$","M","R","E","R","BOSS","BOSS","R","$","E","BOSS"],"build_version":"2019-01-23","purchased_purges":4,"victory":true,"max_hp_per_floor":[66,66,66,66,66,66,66,66,66,66,66,66,66,66,66,66,66,66,66,66,66,66,66,66,66,66,66,66,66,66,71,71,71,71,71,71,71,71,71,71,71,71,71,71,71,71,71,71,71,71,71,71,71,71,71,71],"card_choices":[{"not_picked":["Acrobatics","Deflect"],"picked":"Bouncing Flask","floor":1.0},{"not_picked":["Infinite Blades","Concentrate","Dagger Throw"],"picked":"SKIP","floor":2.0},{"not_picked":["Predator","Dodge and Roll","Finisher"],"picked":"SKIP","floor":5.0},{"not_picked":["Riddle With Holes","Blade Dance","Bouncing Flask"],"picked":"SKIP","floor":7.0},{"not_picked":["Backstab","Escape Plan"],"picked":"Backflip","floor":10.0},{"not_picked":["Terror","Expertise"],"picked":"Corpse Explosion","floor":11.0},{"not_picked":["Backflip","Sucker Punch"],"picked":"Well Laid Plans","floor":13.0},{"not_picked":["Poisoned Stab","Quick Slash"],"picked":"Reflex","floor":14.0},{"not_picked":["Glass Knife","Envenom"],"picked":"Venomology","floor":16.0},{"not_picked":["Blade Dance+1","Cloak And Dagger+1"],"picked":"Expertise","floor":18.0},{"not_picked":["Bouncing Flask","Deadly Poison+1","Quick Slash"],"picked":"SKIP","floor":19.0},{"not_picked":["PiercingWail+1","Bane"],"picked":"Reflex","floor":21.0},{"not_picked":["All Out Attack+1","Crippling Poison+1"],"picked":"Blur+1","floor":22.0},{"not_picked":["Acrobatics","Poisoned Stab"],"picked":"Leg Sweep+1","floor":24.0},{"not_picked":["PiercingWail","Quick Slash"],"picked":"Grand Finale","floor":29.0},{"not_picked":["Reflex","Backstab"],"picked":"Tactician","floor":34.0},{"not_picked":["Terror","Slice"],"picked":"Acrobatics+1","floor":35.0},{"not_picked":["All Out Attack+1","Well Laid Plans+1"],"picked":"Concentrate+1","floor":39.0},{"not_picked":["Accuracy","Bouncing Flask+1","Dodge and Roll"],"picked":"SKIP","floor":40.0},{"not_picked":["Dash+1","Underhanded Strike","Expertise"],"picked":"SKIP","floor":41.0},{"not_picked":["Dash+1","Underhanded Strike","Expertise"],"picked":"SKIP","floor":41.0},{"not_picked":["Underhanded Strike","Leg Sweep","Choke+1"],"picked":"SKIP","floor":42.0},{"not_picked":["Bane","Dagger Spray+1"],"picked":"Acrobatics","floor":46.0},{"not_picked":["Acrobatics","Flechettes+1","Backflip"],"picked":"SKIP","floor":48.0},{"not_picked":["Terror","Dodge and Roll+1","Masterful Stab"],"picked":"SKIP","floor":55},{"not_picked":["Terror","Dodge and Roll+1","Masterful Stab"],"picked":"SKIP","floor":55}],"player_experience":4784230,"relics_obtained":[{"floor":9.0,"key":"MawBank"},{"floor":10.0,"key":"Centennial Puzzle"},{"floor":26.0,"key":"Smiling Mask"},{"floor":27.0,"key":"Enchiridion"},{"floor":29.0,"key":"Oddly Smooth Stone"},{"floor":37.0,"key":"Girya"},{"floor":40.0,"key":"Snake Skull"},{"floor":43.0,"key":"Lantern"},{"floor":48.0,"key":"Anchor"},{"floor":55,"key":"Bronze Scales"}],"event_choices":[{"cards_removed":["Strike_G"],"damage_healed":0.0,"max_hp_gain":0.0,"max_hp_loss":0.0,"gold_gain":0.0,"event_name":"Golden Wing","player_choice":"Card Removal","floor":3.0,"gold_loss":0.0,"damage_taken":7.0},{"damage_healed":0.0,"max_hp_gain":0.0,"max_hp_loss":0.0,"gold_gain":0.0,"event_name":"Cursed Tome","player_choice":"Obtained Book","floor":27.0,"gold_loss":0.0,"damage_taken":21.0},{"damage_healed":0.0,"max_hp_gain":0.0,"max_hp_loss":0.0,"gold_gain":0.0,"event_name":"The Mausoleum","player_choice":"Ignored","floor":28.0,"gold_loss":0.0,"damage_taken":0.0},{"damage_healed":0.0,"max_hp_gain":5.0,"max_hp_loss":0.0,"gold_gain":0.0,"event_name":"Forgotten Altar","player_choice":"Shed Blood","floor":31.0,"gold_loss":0.0,"damage_taken":23.0},{"damage_healed":0.0,"max_hp_gain":0.0,"max_hp_loss":0.0,"gold_gain":0.0,"event_name":"MindBloom","player_choice":"Upgrade","floor":36.0,"gold_loss":0.0,"damage_taken":0.0,"cards_upgraded":["Defend_G","Defend_G","Defend_G","Defend_G","Defend_G","Strike_G","Strike_G","Strike_G","Survivor","Unload","Backflip","Corpse Explosion","Venomology","Expertise","Night Terror","Reflex","Grand Finale","Tactician"],"relics_obtained":["Mark of the Bloom"]},{"damage_healed":0.0,"max_hp_gain":0.0,"max_hp_loss":0.0,"gold_gain":0.0,"event_name":"Mysterious Sphere","player_choice":"Fight","floor":37.0,"gold_loss":0.0,"damage_taken":0.0}],"is_beta":false,"boss_relics":[{"not_picked":["Empty Cage","Busted Crown"],"picked":"HoveringKite"},{"not_picked":["Sozu","Philosopher\u0027s Stone"],"picked":"Orrery"}],"items_purged_floors":[20,38,45,54],"is_endless":false,"potions_floor_spawned":[5,7,14,18,24,40,41,48],"ascension_level":20}