{"gold_per_floor":[10,10,10,33,33,33,67,67,115,140,187,238,264,201,213,323,335,361,373,385,417,37,37,63,113,413,427,440,74,91,107,107,184,184,195,70,80,100,113,142,156,183,183,215,231,241,266,266,266,266,266,266,266,31,31],"floor_reached":66,"playtime":2509,"items_purged":["Strike_R","Strike_R","Perfected Strike","Defend_R"],"score":2123,"play_id":"ae88f821-c951-4b02-a1ce-717d8485ba8f","local_time":"20190808000546","is_ascension_mode":true,"campfire_choices":[{"data":"Body Slam","floor":6.0,"key":"SMITH"},{"data":"Feel No Pain","floor":8.0,"key":"SMITH"},{"data":"Armaments","floor":15.0,"key":"SMITH"},{"data":"Limit Break","floor":23.0,"key":"SMITH"},{"data":"Dual Wield","floor":32.0,"key":"SMITH"},{"floor":60.0,"key":"RECALL"},{"floor":64.0,"key":"REST"}],"neow_cost":"NO_GOLD","seed_source_timestamp":124368659905433,"circlet_count":0,"master_deck":["AscendersBane","Defend_R","Defend_R","Defend_R","Bash+1","Limit Break+1","Body Slam+1","Feel No Pain+1","Armaments+1","Ghostly Armor","Immolate","Power Through","Demon Form","Deep Breath","True Grit","Dual Wield+1","Barricade","Rampage+1","Twin Strike+1","Second Wind+1","Feel No Pain","Dark Embrace","Heavy Blade+1","Evolve"],"special_seed":0,"relics":["Burning Blood","Bloody Idol","Meat on the Bone","MawBank","Odd Mushroom","Pocketwatch","Snecko Eye","Champion Belt","Bag of Preparation","Old Coin","Omamori","Astrolabe","Du-Vu Doll","Happy Flower","Whetstone"],"potions_floor_usage":[],"damage_taken":[{"damage":14.0,"enemies":"Small Slimes","floor":1.0,"turns":4.0},{"damage":7.0,"enemies":"Cultist","floor":4.0,"turns":4.0},{"damage":8.0,"enemies":"Gremlin Nob","floor":7.0,"turns":3.0},{"damage":1.0,"enemies":"2 Louse","floor":10.0,"turns":4.0},{"damage":36.0,"enemies":"The Mushroom Lair","floor":11.0,"turns":5.0},{"damage":50.0,"enemies":"Lagavulin","floor":12.0,"turns":6.0},{"damage":22.0,"enemies":"Exordium Thugs","floor":13.0,"turns":4.0},{"damage":13.0,"enemies":"The Guardian","floor":16.0,"turns":12.0},{"damage":2.0,"enemies":"Spheric Guardian","floor":18.0,"turns":3.0},{"damage":6.0,"enemies":"3 Byrds","floor":21.0,"turns":3.0},{"damage":43.0,"enemies":"Book of Stabbing","floor":24.0,"turns":5.0},{"damage":0.0,"enemies":"Snecko","floor":27.0,"turns":3.0},{"damage":31.0,"enemies":"Snake Plant","floor":28.0,"turns":5.0},{"damage":9.0,"enemies":"Centurion and Healer","floor":30.0,"turns":4.0},{"damage":1.0,"enemies":"Shelled Parasite and Fungi","floor":31.0,"turns":3.0},{"damage":30.0,"enemies":"Champ","floor":33.0,"turns":8.0},{"damage":5.0,"enemies":"3 Shapes","floor":46.0,"turns":7.0},{"damage":6.0,"enemies":"Orb Walker","floor":48.0,"turns":6.0},{"damage":17.0,"enemies":"Writhing Mass","floor":49.0,"turns":7.0},{"damage":29.0,"enemies":"Transient","floor":50.0,"turns":6.0},{"damage":39.0,"enemies":"Reptomancer","floor":51.0,"turns":8.0},{"damage":20.0,"enemies":"Sphere and 2 Shapes","floor":52.0,"turns":8.0},{"damage":31.0,"enemies":"Nemesis","floor":53.0,"turns":7.0},{"damage":10.0,"enemies":"Giant Head","floor":55.0,"turns":7.0},{"damage":41.0,"enemies":"Writhing Mass","floor":56.0,"turns":8.0},{"damage":0.0,"enemies":"Maw","floor":57.0,"turns":6.0},{"damage":11.0,"enemies":"Nemesis","floor":58.0,"turns":7.0},{"damage":25.0,"enemies":"Donu and Deca","floor":61.0,"turns":8.0},{"damage":43.0,"enemies":"Awakened One","floor":62.0,"turns":7.0},{"damage":0,"enemies":"Shield and Spear","floor":66,"turns":1}],"seed_played":"-2357648408274111595","potions_obtained":[{"floor":4.0,"key":"AttackPotion"},{"floor":7.0,"key":"Regen Potion"},{"floor":13.0,"key":"Dexterity Potion"},{"floor":16.0,"key":"Energy Potion"},{"floor":18.0,"key":"LiquidBronze"},{"floor":30.0,"key":"Dexterity Potion"},{"floor":31.0,"key":"Block Potion"},{"floor":48.0,"key":"Energy Potion"},{"floor":51.0,"key":"Ancient Potion"},{"floor":52.0,"key":"PowerPotion"},{"floor":58.0,"key":"PowerPotion"}],"is_trial":false,"path_per_floor":["M","?","?","M","$","R","E","R","T","M","?","E","M","?","R","B",null,"M","?","?","M","$","R","E","?","T","M","M","$","M","M","R","B",null,"M","$","M","M","M","E","M","E","T","E","M","M","E","?","R","B","B",null,"R","$","E"],"character_chosen":"IRONCLAD","items_purchased":["Champion Belt","Omamori","Deep Breath","Evolve"],"campfire_rested":1,"item_purchase_floors":[22,29,29,65],"current_hp_per_floor":[60,60,60,59,59,59,57,57,57,62,44,27,23,23,23,28,58,62,62,67,68,68,68,48,53,58,68,48,48,50,60,60,53,68,68,68,68,62,56,40,43,35,35,48,30,53,53,53,53,46,21,54,65,65,65],"gold":31,"neow_bonus":"THREE_RARE_CARDS","is_prod":false,"is_daily":false,"chose_seed":false,"campfire_upgraded":5,"win_rate":0,"timestamp":1565190346,"path_taken":["M","?","?","?","?","R","E","R","T","M","?","E","?","?","R","BOSS","M","?","?","M","$","R","E","?","T","M","?","$","M","M","R","BOSS","M","$","M","?","M","E","M","E","T","E","M","?","E","?","R","BOSS","BOSS","R","$","E"],"build_version":"2019-07-17","purchased_purges":4,"victory":false,"max_hp_per_floor":[75,68,68,68,68,68,68,68,68,68,68,68,68,68,68,68,68,68,68,68,68,68,68,68,68,68,68,68,68,68,68,68,68,68,68,68,68,68,68,68,68,68,68,68,68,68,68,65,65,65,65,65,65,65,65],"card_choices":[{"not_picked":["Brutality","Impervious"],"picked":"Limit Break","floor":0.0},{"not_picked":["Pommel Strike","Burning Pact"],"picked":"Perfected Strike","floor":1.0},{"not_picked":["Pummel","Pommel Strike"],"picked":"Body Slam","floor":4.0},{"not_picked":["Whirlwind","Perfected Strike"],"picked":"Feel No Pain","floor":7.0},{"not_picked":["Headbutt","Twin Strike"],"picked":"Spot Weakness","floor":10.0},{"not_picked":["Exhume","Perfected Strike"],"picked":"Armaments","floor":11.0},{"not_picked":["Armaments","Thunderclap"],"picked":"Ghostly Armor","floor":12.0},{"not_picked":["Twin Strike","Sword Boomerang","Infernal Blade"],"picked":"SKIP","floor":13.0},{"not_picked":["Demon Form","Brutality"],"picked":"Immolate","floor":16.0},{"not_picked":["Combust+1","Headbutt","Flex"],"picked":"SKIP","floor":18.0},{"not_picked":["Sword Boomerang","Hemokinesis","Ghostly Armor"],"picked":"SKIP","floor":21.0},{"not_picked":["Intimidate","Clash","True Grit"],"picked":"SKIP","floor":24.0},{"not_picked":["Intimidate","Clash"],"picked":"True Grit","floor":24.0},{"not_picked":["Seeing Red+1","Warcry"],"picked":"Power Through","floor":27.0},{"not_picked":["Wild Strike","Twin Strike"],"picked":"Demon Form","floor":28.0},{"not_picked":["Sword Boomerang","True Grit","Wild Strike"],"picked":"SKIP","floor":30.0},{"not_picked":["Sword Boomerang","Wild Strike"],"picked":"True Grit","floor":30.0},{"not_picked":["Entrench","Cleave+1"],"picked":"Dual Wield","floor":31.0},{"not_picked":["Offering","Fiend Fire"],"picked":"Barricade","floor":33.0},{"not_picked":["Thunderclap+1","Sword Boomerang","Dropkick"],"picked":"SKIP","floor":46.0},{"not_picked":["Iron Wave","Metallicize","Shockwave"],"picked":"SKIP","floor":48.0},{"not_picked":["Cleave+1","Clothesline+1","True Grit"],"picked":"SKIP","floor":49.0},{"not_picked":["Spot Weakness","Battle Trance"],"picked":"Feel No Pain","floor":50.0},{"not_picked":["Heavy Blade+1","Anger"],"picked":"Dark Embrace","floor":51.0},{"not_picked":["True Grit","Thunderclap","Headbutt"],"picked":"SKIP","floor":52.0},{"not_picked":["Carnage","Heavy Blade","Rage"],"picked":"SKIP","floor":53.0},{"not_picked":["Carnage","Rage"],"picked":"Heavy Blade","floor":53.0},{"not_picked":["Blood for Blood","Clash+1","True Grit"],"picked":"SKIP","floor":55.0},{"not_picked":["Armaments","Shrug It Off","Anger"],"picked":"SKIP","floor":56.0},{"not_picked":["Feed","Ghostly Armor","Shrug It Off"],"picked":"SKIP","floor":57.0},{"not_picked":["Infernal Blade+1","Carnage","Headbutt+1"],"picked":"SKIP","floor":58.0}],"player_experience":807007,"relics_obtained":[{"floor":7.0,"key":"Meat on the Bone"},{"floor":9.0,"key":"MawBank"},{"floor":11.0,"key":"Odd Mushroom"},{"floor":12.0,"key":"Pocketwatch"},{"floor":24.0,"key":"Bag of Preparation"},{"floor":26.0,"key":"Old Coin"},{"floor":51.0,"key":"Du-Vu Doll"},{"floor":53.0,"key":"Happy Flower"},{"floor":55.0,"key":"Whetstone"}],"event_choices":[{"damage_healed":0.0,"max_hp_gain":0.0,"max_hp_loss":7.0,"gold_gain":0.0,"event_name":"Golden Idol","player_choice":"Lose Max HP","floor":2.0,"gold_loss":0.0,"damage_taken":0.0,"relics_obtained":["Golden Idol"]},{"cards_removed":["Strike_R"],"damage_healed":0.0,"max_hp_gain":0.0,"max_hp_loss":0.0,"gold_gain":0.0,"event_name":"Bonfire Elementals","player_choice":"Offered Basic","floor":3.0,"gold_loss":0.0,"damage_taken":0.0},{"damage_healed":0.0,"max_hp_gain":0.0,"max_hp_loss":0.0,"gold_gain":0.0,"event_name":"Mushrooms","player_choice":"Fought Mushrooms","floor":11.0,"gold_loss":0.0,"damage_taken":0.0},{"cards_removed":["Strike_R"],"damage_healed":0.0,"max_hp_gain":0.0,"max_hp_loss":0.0,"gold_gain":0.0,"event_name":"The Cleric","player_choice":"Card Removal","floor":14.0,"gold_loss":75.0,"damage_taken":0.0},{"damage_healed":0.0,"max_hp_gain":0.0,"max_hp_loss":0.0,"gold_gain":0.0,"event_name":"Forgotten Altar","player_choice":"Gave Idol","floor":19.0,"relics_lost":["Golden Idol"],"gold_loss":0.0,"damage_taken":0.0,"relics_obtained":["Bloody Idol"]},{"damage_healed":0.0,"max_hp_gain":0.0,"max_hp_loss":0.0,"gold_gain":0.0,"event_name":"Vampires","player_choice":"Ignored","floor":20.0,"gold_loss":0.0,"damage_taken":0.0},{"damage_healed":0.0,"max_hp_gain":0.0,"max_hp_loss":0.0,"gold_gain":50.0,"event_name":"Nest","player_choice":"Stole From Cult","floor":25.0,"gold_loss":0.0,"damage_taken":0.0},{"damage_healed":0.0,"max_hp_gain":0.0,"max_hp_loss":3.0,"gold_gain":0.0,"event_name":"Winding Halls","player_choice":"Max HP","floor":59.0,"gold_loss":0.0,"damage_taken":0.0}],"is_beta":false,"boss_relics":[{"not_picked":["Pandora\u0027s Box","Runic Cube"],"picked":"Snecko Eye"},{"not_picked":["Mark of Pain","Tiny House"],"picked":"Astrolabe"}],"items_purged_floors":[22,29,47,65],"is_endless":false,"potions_floor_spawned":[4,7,13,16,18,30,31,33,48,49,51,52,57,58],"killed_by":"Shield and Spear","ascension_level":20}