{"gold_per_floor":[118,17,17,27,27,57,57,57,108,120,139,139,139,154,154,231,231,244,244,169,169,181,181,213,229,229,46,46,65,82,117,117,190,190,200,200,219,494,207,207,235,235,314,314,334,367,367,191,191,191,191,191,191,12,43,43],"floor_reached":56,"playtime":3089,"items_purged":["Strike_B","Shame","Regret","Doubt"],"score":2332,"play_id":"58ea6323-1973-41d7-a655-8f70cd8186c0","local_time":"20190307131054","is_ascension_mode":true,"campfire_choices":[{"data":"Discovery","floor":7.0,"key":"SMITH"},{"floor":15.0,"key":"REST"},{"data":"Fission","floor":23.0,"key":"SMITH"},{"data":"Hologram","floor":28.0,"key":"SMITH"},{"data":"Coolheaded","floor":32.0,"key":"SMITH"},{"data":"Turbo","floor":40.0,"key":"SMITH"},{"data":"Biased Cognition","floor":42.0,"key":"SMITH"},{"data":"Loop","floor":44.0,"key":"SMITH"},{"floor":49.0,"key":"RECALL"},{"data":"Consume","floor":53.0,"key":"SMITH"}],"neow_cost":"NONE","seed_source_timestamp":1297258070515,"circlet_count":0,"master_deck":["AscendersBane","Strike_B+1","Strike_B+1","Defend_B","Defend_B","Defend_B","Zap","Dualcast","Loop+1","Discovery+1","Coolheaded+1","Echo Form","Auto Shields","White Noise","White Noise","Turbo+1","Fission+1","Ghostly","Ghostly","Ghostly","Seek","Hologram+1","Reinforced Body+1","Biased Cognition+1","Creative AI","Consume+1"],"special_seed":0,"relics":["Cracked Core","NeowsBlessing","Pear","Nunchaku","Pen Nib","Cursed Key","FossilizedHelix","WingedGreaves","Eternal Feather","Smiling Mask","The Courier","Unceasing Top","Anchor","Strange Spoon","Blue Candle"],"potions_floor_usage":[56],"damage_taken":[{"damage":0.0,"enemies":"Jaw Worm","floor":1.0,"turns":1.0},{"damage":0.0,"enemies":"Small Slimes","floor":4.0,"turns":1.0},{"damage":0.0,"enemies":"Gremlin Nob","floor":6.0,"turns":1.0},{"damage":1.0,"enemies":"2 Louse","floor":10.0,"turns":3.0},{"damage":18.0,"enemies":"Large Slime","floor":11.0,"turns":4.0},{"damage":6.0,"enemies":"Looter","floor":14.0,"turns":3.0},{"damage":0.0,"enemies":"The Guardian","floor":16.0,"turns":13.0},{"damage":5.0,"enemies":"3 Byrds","floor":18.0,"turns":6.0},{"damage":2.0,"enemies":"Shell Parasite","floor":22.0,"turns":7.0},{"damage":25.0,"enemies":"Gremlin Leader","floor":24.0,"turns":8.0},{"damage":0.0,"enemies":"Snake Plant","floor":25.0,"turns":4.0},{"damage":2.0,"enemies":"3 Cultists","floor":29.0,"turns":6.0},{"damage":0.0,"enemies":"Sentry and Sphere","floor":30.0,"turns":9.0},{"damage":1.0,"enemies":"Slavers","floor":31.0,"turns":4.0},{"damage":0.0,"enemies":"Champ","floor":33.0,"turns":14.0},{"damage":0.0,"enemies":"Orb Walker","floor":35.0,"turns":5.0},{"damage":0.0,"enemies":"3 Darklings","floor":37.0,"turns":5.0},{"damage":0.0,"enemies":"Nemesis","floor":41.0,"turns":9.0},{"damage":0.0,"enemies":"Maw","floor":45.0,"turns":7.0},{"damage":3.0,"enemies":"Reptomancer","floor":46.0,"turns":6.0},{"damage":0.0,"enemies":"Time Eater","floor":50.0,"turns":9.0},{"damage":0.0,"enemies":"Donu and Deca","floor":51.0,"turns":10.0},{"damage":11.0,"enemies":"Shield and Spear","floor":55.0,"turns":9.0},{"damage":27,"enemies":"The Heart","floor":56,"turns":2}],"seed_played":"5205065944036110663","potions_obtained":[{"floor":11.0,"key":"Weak Potion"},{"floor":14.0,"key":"SteroidPotion"},{"floor":29.0,"key":"Explosive Potion"},{"floor":33.0,"key":"Explosive Potion"},{"floor":41.0,"key":"Ancient Potion"}],"is_trial":false,"path_per_floor":["M","$","?","M","?","E","R","?","T","M","M","?","?","M","R","B",null,"M","?","$","?","M","R","E","M","T","$","R","M","M","E","R","B",null,"M","?","M","?","$","R","E","R","T","R","M","E","?","$","R","B","B",null,"R","$","E","B"],"character_chosen":"DEFECT","items_purchased":["Discovery","Hologram","PowerPotion","Creative AI","Anchor","Strange Spoon"],"campfire_rested":1,"item_purchase_floors":[2,27,27,39,48,54],"current_hp_per_floor":[64,64,43,43,43,53,53,35,35,34,16,16,16,10,34,34,69,64,40,40,40,38,38,13,13,13,13,13,11,11,10,10,10,33,33,33,33,33,33,40,40,40,40,40,40,37,37,37,38,38,38,38,38,38,27,0],"gold":43,"neow_bonus":"THREE_ENEMY_KILL","is_prod":false,"is_daily":false,"chose_seed":false,"campfire_upgraded":8,"win_rate":0,"timestamp":1551935454,"path_taken":["M","$","?","M","?","E","R","?","T","?","M","?","?","M","R","BOSS","M","?","$","?","M","R","E","M","T","$","R","M","M","E","R","BOSS","M","?","M","?","$","R","E","R","T","R","?","E","?","$","R","BOSS","BOSS","R","$","E","BOSS"],"build_version":"2019-01-23","purchased_purges":4,"victory":false,"max_hp_per_floor":[71,71,71,71,71,81,81,81,81,81,81,81,81,81,81,81,81,81,40,40,40,40,40,40,40,40,40,40,40,40,40,40,40,40,40,40,40,40,40,40,40,40,40,40,40,40,38,38,38,38,38,38,38,38,38,38],"card_choices":[{"not_picked":["Conserve Battery","FTL"],"picked":"Loop","floor":1.0},{"not_picked":["Go for the Eyes","Conserve Battery"],"picked":"Coolheaded","floor":4.0},{"not_picked":["Cold Snap","Turbo"],"picked":"Echo Form","floor":6.0},{"not_picked":["Gash","Steam Power"],"picked":"Auto Shields","floor":10.0},{"not_picked":["Turbo","Leap"],"picked":"White Noise","floor":11.0},{"not_picked":["Ball Lightning","Beam Cell"],"picked":"Turbo","floor":14.0},{"not_picked":["All For One","Meteor Strike"],"picked":"Fission","floor":16.0},{"not_picked":["Stack","Beam Cell","Steam+1"],"picked":"SKIP","floor":18.0},{"not_picked":["Turbo","Gash","Leap"],"picked":"SKIP","floor":22.0},{"not_picked":["Fusion","Recycle"],"picked":"Seek","floor":24.0},{"not_picked":["Stack","Beam Cell+1","Tempest"],"picked":"SKIP","floor":25.0},{"not_picked":["Steam+1","Reprogram"],"picked":"Reinforced Body+1","floor":29.0},{"not_picked":["Streamline","Static Discharge","Cold Snap"],"picked":"SKIP","floor":30.0},{"not_picked":["Turbo","Ball Lightning","FTL"],"picked":"SKIP","floor":31.0},{"not_picked":["Turbo","Ball Lightning","FTL"],"picked":"SKIP","floor":31.0},{"not_picked":["Reboot","Buffer"],"picked":"Biased Cognition","floor":33.0},{"not_picked":["Compile Driver","Force Field","Gash"],"picked":"SKIP","floor":35.0},{"not_picked":["Cold Snap+1","Reinforced Body","Coolheaded"],"picked":"SKIP","floor":37.0},{"not_picked":["Redo+1","Go for the Eyes+1","Coolheaded"],"picked":"SKIP","floor":41.0},{"not_picked":["Scrape","Sweeping Beam"],"picked":"Consume","floor":45.0},{"not_picked":["Rebound+1","Multi-Cast","Ball Lightning"],"picked":"SKIP","floor":46.0},{"not_picked":["Cold Snap","Ball Lightning","Stack"],"picked":"SKIP","floor":55.0}],"player_experience":3377565,"relics_obtained":[{"floor":6.0,"key":"Pear"},{"floor":9.0,"key":"Pen Nib"},{"floor":24.0,"key":"FossilizedHelix"},{"floor":31.0,"key":"WingedGreaves"},{"floor":41.0,"key":"Smiling Mask"},{"floor":43.0,"key":"The Courier"},{"floor":46.0,"key":"Unceasing Top"},{"floor":55.0,"key":"Blue Candle"}],"event_choices":[{"damage_healed":0.0,"max_hp_gain":0.0,"max_hp_loss":0.0,"gold_gain":0.0,"event_name":"Shining Light","player_choice":"Entered Light","floor":3.0,"gold_loss":0.0,"damage_taken":21.0,"cards_upgraded":["Strike_B","Strike_B"]},{"damage_healed":0.0,"max_hp_gain":0.0,"max_hp_loss":0.0,"gold_gain":0.0,"event_name":"The Cleric","player_choice":"Leave","floor":5.0,"gold_loss":0.0,"damage_taken":0.0},{"damage_healed":0.0,"max_hp_gain":0.0,"max_hp_loss":0.0,"gold_gain":0.0,"event_name":"Scrap Ooze","player_choice":"Success","floor":8.0,"gold_loss":0.0,"damage_taken":18.0,"relics_obtained":["Nunchaku"]},{"damage_healed":0.0,"max_hp_gain":0.0,"max_hp_loss":0.0,"gold_gain":0.0,"cards_transformed":["Strike_B"],"event_name":"Living Wall","player_choice":"Change","floor":12.0,"gold_loss":0.0,"damage_taken":0.0,"cards_obtained":["White Noise"]},{"damage_healed":0.0,"max_hp_gain":0.0,"max_hp_loss":0.0,"gold_gain":0.0,"event_name":"Dead Adventurer","player_choice":"Searched \u00270\u0027 times","floor":13.0,"gold_loss":0.0,"damage_taken":0.0},{"damage_healed":0.0,"max_hp_gain":0.0,"max_hp_loss":41.0,"gold_gain":0.0,"event_name":"Ghosts","player_choice":"Became a Ghost","floor":19.0,"gold_loss":0.0,"damage_taken":0.0,"cards_obtained":["Ghostly","Ghostly","Ghostly"]},{"cards_removed":["Defend_B"],"damage_healed":0.0,"max_hp_gain":0.0,"max_hp_loss":0.0,"gold_gain":0.0,"event_name":"Back to Basics","player_choice":"Elegance","floor":21.0,"gold_loss":0.0,"damage_taken":0.0},{"damage_healed":0.0,"max_hp_gain":0.0,"max_hp_loss":0.0,"gold_gain":0.0,"event_name":"Tomb of Lord Red Mask","player_choice":"Ignored","floor":36.0,"gold_loss":0.0,"damage_taken":0.0},{"damage_healed":0.0,"max_hp_gain":0.0,"max_hp_loss":0.0,"gold_gain":275.0,"event_name":"Golden Shrine","player_choice":"Desecrate","floor":38.0,"gold_loss":0.0,"damage_taken":0.0,"cards_obtained":["Regret"]},{"damage_healed":0.0,"max_hp_gain":0.0,"max_hp_loss":2.0,"gold_gain":0.0,"event_name":"Winding Halls","player_choice":"Max HP","floor":47.0,"gold_loss":0.0,"damage_taken":0.0}],"is_beta":false,"boss_relics":[{"not_picked":["Inserter","Tiny House"],"picked":"Cursed Key"},{"not_picked":["Snecko Eye","White Beast Statue"],"picked":"Eternal Feather"}],"items_purged_floors":[20,27,39,48],"is_endless":false,"potions_floor_spawned":[11,14,16,29,30,33,35,41],"killed_by":"The Heart","ascension_level":20}