{"gold_per_floor":[115,15,15,31,41,67,67,131,183,193,193,193,193],"floor_reached":13,"playtime":682,"items_purged":[],"score":167,"play_id":"eb5aaeae-09fe-4f52-b852-b13dd397033c","local_time":"20190504184521","is_ascension_mode":true,"campfire_choices":[{"floor":7.0,"key":"REST"},{"data":"Skewer","floor":12.0,"key":"SMITH"}],"neow_cost":"NONE","seed_source_timestamp":26086912905410,"circlet_count":0,"master_deck":["AscendersBane","Defend_G","Defend_G","Defend_G","Defend_G","Defend_G","Strike_G","Strike_G","Strike_G","Strike_G","Strike_G","Survivor","Neutralize","Leg Sweep","Skewer+1","Cloak And Dagger","Caltrops","Noxious Fumes","Deadly Poison","PiercingWail","Doppelganger"],"special_seed":0,"relics":["Ring of the Snake","Bottled Lightning","Tiny Chest","Happy Flower","Bag of Preparation"],"potions_floor_usage":[],"damage_taken":[{"damage":0.0,"enemies":"2 Louse","floor":1.0,"turns":4.0},{"damage":0.0,"enemies":"Cultist","floor":4.0,"turns":4.0},{"damage":0.0,"enemies":"Small Slimes","floor":5.0,"turns":5.0},{"damage":46.0,"enemies":"Gremlin Nob","floor":6.0,"turns":6.0},{"damage":12.0,"enemies":"Lagavulin","floor":8.0,"turns":9.0},{"damage":3.0,"enemies":"Exordium Thugs","floor":10.0,"turns":5.0},{"damage":38,"enemies":"Gremlin Nob","floor":13,"turns":5}],"seed_played":"-300173447426690726","potions_obtained":[{"floor":1.0,"key":"Explosive Potion"},{"floor":8.0,"key":"Weak Potion"}],"is_trial":false,"path_per_floor":["M","$","?","M","M","E","R","E","T","M","?","R","E"],"character_chosen":"THE_SILENT","items_purchased":["Skewer","Cloak And Dagger"],"campfire_rested":1,"item_purchase_floors":[2,2],"current_hp_per_floor":[65,65,65,65,65,19,40,28,28,25,25,25,0],"gold":193,"neow_bonus":"TEN_PERCENT_HP_BONUS","is_prod":false,"is_daily":false,"chose_seed":false,"campfire_upgraded":1,"win_rate":0,"timestamp":1556988321,"path_taken":["M","$","?","M","?","E","R","E","T","M","?","R","E"],"build_version":"2019-01-23","purchased_purges":0,"victory":false,"max_hp_per_floor":[72,72,72,72,72,72,72,72,72,72,72,72,72],"card_choices":[{"not_picked":["Heel Hook","Poisoned Stab"],"picked":"Leg Sweep","floor":1.0},{"not_picked":["Deflect","Footwork"],"picked":"Noxious Fumes","floor":4.0},{"not_picked":["Prepared","Riddle With Holes"],"picked":"Deadly Poison","floor":5.0},{"not_picked":["Setup","Tactician"],"picked":"PiercingWail","floor":6.0},{"not_picked":["Heel Hook","Terror"],"picked":"Doppelganger","floor":8.0},{"not_picked":["Endless Agony","Terror","Heel Hook"],"picked":"SKIP","floor":10.0}],"player_experience":549766,"relics_obtained":[{"floor":6.0,"key":"Bottled Lightning"},{"floor":8.0,"key":"Tiny Chest"},{"floor":9.0,"key":"Happy Flower"}],"event_choices":[{"damage_healed":0.0,"max_hp_gain":0.0,"max_hp_loss":0.0,"gold_gain":0.0,"event_name":"Match and Keep!","player_choice":"1 cards matched","floor":3.0,"gold_loss":0.0,"damage_taken":0.0,"cards_obtained":["Caltrops"]},{"damage_healed":0.0,"max_hp_gain":0.0,"max_hp_loss":0.0,"gold_gain":0.0,"event_name":"WeMeetAgain","player_choice":"Gave Potion","floor":11.0,"gold_loss":0.0,"damage_taken":0.0,"relics_obtained":["Bag of Preparation"]}],"is_beta":false,"boss_relics":[],"items_purged_floors":[],"is_endless":false,"potions_floor_spawned":[1,8],"killed_by":"Gremlin Nob","ascension_level":16}