{"gold_per_floor":[116,37,52,65,65,65,85,85,135,135,135,135,152,77,77,176,176,189,189,89,106,106,121,121,131,154,172,172,187,32,42,42,138,138,150,25,39,0,0,32,32,32,58,58,74,74,100,119,119,119,119,119,119,147,147],"floor_reached":56,"playtime":1919,"items_purged":["Defend_B","Defend_B","Strike_B"],"score":1377,"play_id":"8c7eb390-ac0d-4289-82f4-9526963f6b35","local_time":"20181123164942","is_ascension_mode":false,"campfire_choices":[{"data":"Defragment","floor":6.0,"key":"SMITH"},{"data":"Defragment","floor":8.0,"key":"SMITH"},{"data":"Loop","floor":10.0,"key":"SMITH"},{"data":"Dualcast","floor":12.0,"key":"SMITH"},{"floor":15.0,"key":"RECALL"},{"data":"Buffer","floor":24.0,"key":"SMITH"},{"data":"Coolheaded","floor":32.0,"key":"SMITH"},{"data":"Amplify","floor":42.0,"key":"SMITH"},{"data":"Chill","floor":46.0,"key":"SMITH"},{"data":"Machine Learning","floor":49,"key":"SMITH"},{"data":"Ball Lightning","floor":52,"key":"SMITH"}],"neow_cost":"PERCENT_DAMAGE","seed_source_timestamp":606269869991,"circlet_count":0,"master_deck":["Strike_B","Defend_B+1","Zap+1","Dualcast+1","Cold Snap","Defragment+1","Defragment+1","Cold Snap","Loop+1","Buffer+1","Ball Lightning+1","Coolheaded+1","Glacier+1","Chill+1","Conserve Battery+1","Amplify+1","Reinforced Body+1","Machine Learning+1"],"special_seed":0,"relics":["Cracked Core","War Paint","Inserter","DataDisk","Eternal Feather","Red Mask","Boot","Centennial Puzzle","Orichalcum","Symbiotic Virus"],"potions_floor_usage":[55,55,55,55,55,55],"damage_taken":[{"damage":6.0,"enemies":"Jaw Worm","floor":1.0,"turns":3.0},{"damage":2.0,"enemies":"Small Slimes","floor":3.0,"turns":3.0},{"damage":1.0,"enemies":"2 Louse","floor":4.0,"turns":3.0},{"damage":8.0,"enemies":"Exordium Thugs","floor":7.0,"turns":5.0},{"damage":3.0,"enemies":"Looter","floor":13.0,"turns":3.0},{"damage":0.0,"enemies":"The Guardian","floor":16.0,"turns":10.0},{"damage":2.0,"enemies":"Chosen","floor":18.0,"turns":4.0},{"damage":2.0,"enemies":"Spheric Guardian","floor":21.0,"turns":3.0},{"damage":13.0,"enemies":"Snake Plant","floor":23.0,"turns":3.0},{"damage":0.0,"enemies":"Centurion and Healer","floor":25.0,"turns":7.0},{"damage":6.0,"enemies":"Cultist and Chosen","floor":27.0,"turns":5.0},{"damage":13.0,"enemies":"Colosseum Slavers","floor":28.0,"turns":5.0},{"damage":2.0,"enemies":"Shelled Parasite and Fungi","floor":29.0,"turns":5.0},{"damage":8.0,"enemies":"Snake Plant","floor":31.0,"turns":5.0},{"damage":11.0,"enemies":"Collector","floor":33.0,"turns":7.0},{"damage":0.0,"enemies":"Orb Walker","floor":35.0,"turns":4.0},{"damage":0.0,"enemies":"3 Shapes","floor":37.0,"turns":6.0},{"damage":0.0,"enemies":"Nemesis","floor":40.0,"turns":13.0},{"damage":0.0,"enemies":"Writhing Mass","floor":45.0,"turns":9.0},{"damage":0,"enemies":"Giant Head","floor":47,"turns":16},{"damage":4,"enemies":"Maw","floor":48,"turns":9},{"damage":0,"enemies":"Donu and Deca","floor":50,"turns":17},{"damage":0,"enemies":"Shield and Spear","floor":54,"turns":20},{"damage":37,"enemies":"The Heart","floor":55,"turns":9}],"seed_played":"8313029577512135492","potions_obtained":[{"floor":1.0,"key":"Weak Potion"},{"floor":3.0,"key":"Swift Potion"},{"floor":23.0,"key":"Ancient Potion"},{"floor":25.0,"key":"PowerPotion"},{"floor":27.0,"key":"PowerPotion"},{"floor":31.0,"key":"EntropicBrew"},{"floor":33.0,"key":"PowerPotion"}],"is_trial":false,"path_per_floor":["M","$","M","M","?","R","M","R","T","R","?","R","M","$","R","B",null,"M","?","$","M","$","M","R","M","T","M","?","M","$","M","R","B",null,"M","$","M","?","?","E","?","R","T","?","M","R","E","M","R","B",null,"R","$","E","B",null],"character_chosen":"DEFECT","items_purchased":["Defragment","DataDisk"],"campfire_rested":0,"item_purchase_floors":[2,30],"current_hp_per_floor":[48,48,46,45,38,38,30,30,30,30,35,35,32,32,32,32,80,78,78,78,76,76,63,63,63,63,57,44,42,42,34,34,23,80,80,80,80,80,80,80,76,76,76,76,76,76,76,72,76,76,76,76,76,76,39],"gold":147,"neow_bonus":"REMOVE_TWO","is_prod":false,"is_daily":false,"chose_seed":false,"campfire_upgraded":10,"win_rate":0,"timestamp":1542962982,"path_taken":["M","$","M","M","?","R","M","R","T","R","?","R","?","$","R","BOSS","M","?","$","M","$","M","R","M","T","M","?","M","?","M","R","BOSS","M","$","M","?","?","E","?","R","T","?","M","R","E","M","R","BOSS","R","$","E","BOSS"],"build_version":"2018-11-15","purchased_purges":3,"victory":true,"max_hp_per_floor":[75,75,75,75,75,75,75,75,75,75,80,80,80,80,80,80,80,80,80,80,80,80,80,80,80,80,80,80,80,80,80,80,80,80,80,80,80,80,80,80,76,76,76,76,76,76,76,76,76,76,76,76,76,76,76],"card_choices":[{"not_picked":["Sweeping Beam","Hologram"],"picked":"Cold Snap","floor":1.0},{"not_picked":["Compile Driver","White Noise"],"picked":"Defragment","floor":3.0},{"not_picked":["Blizzard","Steam Power"],"picked":"Cold Snap","floor":4.0},{"not_picked":["Sweeping Beam","Leap"],"picked":"Loop","floor":7.0},{"not_picked":["Stack","Barrage","Hologram"],"picked":"SKIP","floor":13.0},{"not_picked":["Meteor Strike","Thunder Strike"],"picked":"Buffer","floor":16.0},{"not_picked":["Recycle","Steam","Tempest"],"picked":"SKIP","floor":18.0},{"not_picked":["Ball Lightning","Hello World","Storm+1"],"picked":"SKIP","floor":21.0},{"not_picked":["Turbo","Doom and Gloom"],"picked":"Coolheaded","floor":23.0},{"not_picked":["Streamline+1","Turbo"],"picked":"Glacier+1","floor":25.0},{"not_picked":["FTL","Rebound+1"],"picked":"Chill","floor":27.0},{"not_picked":["Sunder","Aggregate"],"picked":"Conserve Battery+1","floor":29.0},{"not_picked":["Ball Lightning","Lockon","Tempest+1"],"picked":"SKIP","floor":31.0},{"not_picked":["Rainbow","Buffer"],"picked":"Amplify","floor":33.0},{"not_picked":["Stack+1","Double Energy+1","Ball Lightning"],"picked":"SKIP","floor":35.0},{"not_picked":["Conserve Battery","Cold Snap","Leap+1"],"picked":"SKIP","floor":37.0},{"not_picked":["Coolheaded","Beam Cell"],"picked":"Reinforced Body+1","floor":40.0},{"not_picked":["Ball Lightning+1","Go for the Eyes+1"],"picked":"Machine Learning","floor":45.0},{"not_picked":["Steam","Rebound","Turbo+1"],"picked":"SKIP","floor":47},{"not_picked":["Sunder+1","Barrage","Steam+1"],"picked":"SKIP","floor":48},{"not_picked":["Amplify","Turbo+1","BootSequence"],"picked":"SKIP","floor":54}],"player_experience":1110162,"relics_obtained":[{"floor":9.0,"key":"War Paint"},{"floor":40.0,"key":"Boot"},{"floor":43.0,"key":"Centennial Puzzle"},{"floor":47,"key":"Orichalcum"},{"floor":54,"key":"Symbiotic Virus"}],"event_choices":[{"cards_removed":["Strike_B"],"damage_healed":0.0,"max_hp_gain":0.0,"max_hp_loss":0.0,"gold_gain":0.0,"event_name":"Golden Wing","player_choice":"Card Removal","floor":5.0,"gold_loss":0.0,"damage_taken":7.0},{"damage_healed":0.0,"max_hp_gain":5.0,"max_hp_loss":0.0,"gold_gain":0.0,"event_name":"Big Fish","player_choice":"Donut","floor":11.0,"gold_loss":0.0,"damage_taken":0.0},{"damage_healed":0.0,"max_hp_gain":0.0,"max_hp_loss":0.0,"gold_gain":0.0,"event_name":"The Library","player_choice":"Read","floor":19.0,"gold_loss":0.0,"damage_taken":0.0,"cards_obtained":["Ball Lightning"]},{"damage_healed":0.0,"max_hp_gain":0.0,"max_hp_loss":0.0,"gold_gain":0.0,"event_name":"Colosseum","player_choice":"Fight","floor":28.0,"gold_loss":0.0,"damage_taken":0.0},{"damage_healed":0.0,"max_hp_gain":0.0,"max_hp_loss":0.0,"gold_gain":0.0,"event_name":"Colosseum","player_choice":"Fled From Nobs","floor":28.0,"gold_loss":0.0,"damage_taken":0.0},{"damage_healed":0.0,"max_hp_gain":0.0,"max_hp_loss":0.0,"gold_gain":0.0,"event_name":"Tomb of Lord Red Mask","player_choice":"Paid","floor":38.0,"gold_loss":39.0,"damage_taken":0.0,"relics_obtained":["Red Mask"]},{"damage_healed":0.0,"max_hp_gain":0.0,"max_hp_loss":0.0,"gold_gain":0.0,"event_name":"Mysterious Sphere","player_choice":"Ignored","floor":39.0,"gold_loss":0.0,"damage_taken":0.0},{"damage_healed":0.0,"max_hp_gain":0.0,"max_hp_loss":4.0,"gold_gain":0.0,"event_name":"Winding Halls","player_choice":"Max HP","floor":41.0,"gold_loss":0.0,"damage_taken":0.0},{"damage_healed":0.0,"max_hp_gain":0.0,"max_hp_loss":0.0,"gold_gain":0.0,"event_name":"Lab","player_choice":"Got Potions","floor":44.0,"gold_loss":0.0,"damage_taken":0.0}],"is_beta":false,"boss_relics":[{"not_picked":["Runic Dome","Coffee Dripper"],"picked":"Inserter"},{"not_picked":["Orrery","Calling Bell"],"picked":"Eternal Feather"}],"items_purged_floors":[14,20,36],"is_endless":false,"potions_floor_spawned":[1,3,23,25,27,31,33,40,48],"ascension_level":0}