{"gold_per_floor":[109,68,82,82,100,100,119,119,164,208,133,133,133,208,208,306,306,331,364,379,400,450,450,450],"floor_reached":24,"playtime":814,"items_purged":["Strike_G"],"score":388,"play_id":"39d4782f-90d8-4e21-8b17-c75e735747a6","local_time":"20190314204611","is_ascension_mode":true,"campfire_choices":[{"data":"Expertise","floor":6.0,"key":"SMITH"},{"data":"Well Laid Plans","floor":8.0,"key":"SMITH"},{"data":"Grand Finale","floor":15.0,"key":"SMITH"},{"data":"Survivor","floor":23,"key":"SMITH"}],"neow_cost":"NONE","seed_source_timestamp":45681766582878,"circlet_count":0,"master_deck":["AscendersBane","Defend_G","Defend_G","Defend_G","Defend_G","Defend_G","Strike_G","Strike_G","Strike_G","Strike_G","Survivor+1","Neutralize+1","Well Laid Plans+1","Concentrate","Expertise+1","Eviscerate+1","Grand Finale+1","Adrenaline"],"special_seed":0,"relics":["Coffee Dripper","Golden Idol","Centennial Puzzle","Whetstone","Black Star","Red Mask"],"potions_floor_usage":[21],"damage_taken":[{"damage":1.0,"enemies":"Small Slimes","floor":1.0,"turns":5.0},{"damage":0.0,"enemies":"2 Louse","floor":3.0,"turns":3.0},{"damage":7.0,"enemies":"Jaw Worm","floor":5.0,"turns":5.0},{"damage":5.0,"enemies":"3 Louse","floor":7.0,"turns":5.0},{"damage":12.0,"enemies":"3 Sentries","floor":10.0,"turns":7.0},{"damage":20.0,"enemies":"Slime Boss","floor":16.0,"turns":7.0},{"damage":10.0,"enemies":"Chosen","floor":18.0,"turns":4.0},{"damage":2.0,"enemies":"Masked Bandits","floor":19.0,"turns":2.0},{"damage":4.0,"enemies":"2 Thieves","floor":20.0,"turns":2.0},{"damage":6,"enemies":"Snake Plant","floor":21,"turns":6},{"damage":14,"enemies":"Book of Stabbing","floor":24,"turns":5}],"seed_played":"-7970667453617946905","potions_obtained":[{"floor":1.0,"key":"Fire Potion"},{"floor":5.0,"key":"Dexterity Potion"},{"floor":7.0,"key":"Explosive Potion"},{"floor":16.0,"key":"SkillPotion"},{"floor":18.0,"key":"Block Potion"}],"is_trial":false,"path_per_floor":["M","$","M","?","M","R","M","R","T","E","$","?","T","?","R","B",null,"M","?","M","M","?","R","E"],"character_chosen":"THE_SILENT","items_purchased":["Concentrate"],"campfire_rested":0,"item_purchase_floors":[2],"current_hp_per_floor":[58,58,58,58,51,51,46,46,46,34,34,39,39,28,28,8,51,41,39,35,29,29,29,15],"gold":450,"neow_bonus":"BOSS_RELIC","is_prod":false,"is_daily":false,"chose_seed":false,"campfire_upgraded":4,"win_rate":0,"timestamp":1552567571,"path_taken":["M","$","M","?","M","R","M","R","T","E","$","?","?","?","R","BOSS","M","?","M","M","?","R","E"],"build_version":"2019-01-23","purchased_purges":1,"victory":false,"max_hp_per_floor":[66,66,66,60,60,60,60,60,60,60,60,65,65,65,65,65,65,65,65,65,65,65,65,65],"card_choices":[{"not_picked":["Choke","Bane"],"picked":"Well Laid Plans","floor":1.0},{"not_picked":["Dagger Spray","Outmaneuver"],"picked":"Expertise","floor":3.0},{"not_picked":["Dagger Spray","Flying Knee"],"picked":"Eviscerate","floor":5.0},{"not_picked":["Outmaneuver","Slice"],"picked":"Grand Finale","floor":7.0},{"not_picked":["Skewer","Underhanded Strike","Bane"],"picked":"SKIP","floor":10.0},{"not_picked":["Corpse Explosion","Tools of the Trade"],"picked":"Adrenaline","floor":16.0},{"not_picked":["Blade Dance","Noxious Fumes","Bane"],"picked":"SKIP","floor":18.0},{"not_picked":["Terror","Accuracy+1","Heel Hook"],"picked":"SKIP","floor":20.0},{"not_picked":["Choke","Prepared","Poisoned Stab"],"picked":"SKIP","floor":21}],"player_experience":3595310,"relics_obtained":[{"floor":10.0,"key":"Centennial Puzzle"},{"floor":13.0,"key":"Whetstone"},{"floor":19.0,"key":"Red Mask"}],"event_choices":[{"damage_healed":0.0,"max_hp_gain":0.0,"max_hp_loss":6.0,"gold_gain":0.0,"event_name":"Golden Idol","player_choice":"Lose Max HP","floor":4.0,"gold_loss":0.0,"damage_taken":0.0,"relics_obtained":["Golden Idol"]},{"damage_healed":0.0,"max_hp_gain":5.0,"max_hp_loss":0.0,"gold_gain":0.0,"event_name":"Big Fish","player_choice":"Donut","floor":12.0,"gold_loss":0.0,"damage_taken":0.0},{"damage_healed":0.0,"max_hp_gain":0.0,"max_hp_loss":0.0,"gold_gain":75.0,"event_name":"World of Goop","player_choice":"Gather Gold","floor":14.0,"gold_loss":0.0,"damage_taken":11.0},{"damage_healed":0.0,"max_hp_gain":0.0,"max_hp_loss":0.0,"gold_gain":0.0,"event_name":"Masked Bandits","player_choice":"Fought Bandits","floor":19.0,"gold_loss":0.0,"damage_taken":0.0},{"damage_healed":0,"gold_gain":100,"player_choice":"Bet on Murderer","damage_taken":0,"max_hp_gain":0,"max_hp_loss":0,"event_name":"The Joust","floor":22,"gold_loss":50}],"is_beta":false,"boss_relics":[{"not_picked":["WristBlade","HoveringKite"],"picked":"Black Star"}],"items_purged_floors":[11],"is_endless":false,"potions_floor_spawned":[1,5,7,16,18],"killed_by":"Book of Stabbing","ascension_level":20}