{"gold_per_floor":[116,116,116,116,38,38,50,85,139,139,465,482,510,523,523,523],"floor_reached":16,"playtime":786,"items_purged":[],"score":236,"play_id":"adb9e93f-9240-4214-9225-9408d23453e1","local_time":"20190622214244","is_ascension_mode":true,"campfire_choices":[{"floor":6,"key":"REST"},{"floor":10,"key":"REST"},{"floor":15,"key":"REST"}],"neow_cost":"NONE","seed_source_timestamp":90658621152712,"circlet_count":0,"master_deck":["AscendersBane","Defend_G","Defend_G","Defend_G","Defend_G+1","Defend_G","Strike_G","Strike_G","Strike_G","Strike_G","Survivor","Neutralize+1","Dagger Throw","Distraction+1","Deadly Poison","Poisoned Stab","Poisoned Stab","Backflip","Wraith Form v2","Well Laid Plans","Backstab","Noxious Fumes","Expertise"],"relics":["Ring of the Snake","Prayer Wheel","Regal Pillow","Old Coin","Smiling Mask"],"potions_floor_usage":[13,16],"damage_taken":[{"damage":0,"enemies":"Cultist","floor":1,"turns":4},{"damage":1,"enemies":"2 Louse","floor":7,"turns":2},{"damage":32,"enemies":"3 Sentries","floor":8,"turns":10},{"damage":24,"enemies":"Gremlin Nob","floor":11,"turns":4},{"damage":0,"enemies":"Small Slimes","floor":12,"turns":3},{"damage":17,"enemies":"3 Sentries","floor":13,"turns":6},{"damage":0,"enemies":"Exordium Wildlife","floor":14,"turns":4},{"damage":59,"enemies":"Slime Boss","floor":16,"turns":12}],"seed_played":"4914815407529606225","potions_obtained":[{"floor":8,"key":"LiquidBronze"},{"floor":12,"key":"Weak Potion"}],"is_trial":false,"path_per_floor":["M","?","?","?","$","R","M","E","T","R","E","M","E","M","R","B"],"character_chosen":"THE_SILENT","items_purchased":["Deadly Poison","Poisoned Stab"],"campfire_rested":3,"item_purchase_floors":[5,5],"current_hp_per_floor":[59,59,59,39,39,58,57,25,25,59,35,35,18,18,52,0],"gold":523,"neow_bonus":"UPGRADE_CARD","is_prod":false,"is_daily":false,"chose_seed":false,"campfire_upgraded":0,"win_rate":0,"timestamp":1561232564,"path_taken":["M","?","?","?","$","R","M","E","T","R","E","?","E","M","R","BOSS"],"build_version":"2019-01-23","purchased_purges":0,"victory":false,"max_hp_per_floor":[66,66,66,66,66,66,66,66,66,66,66,66,66,66,66,66],"card_choices":[{"not_picked":["Bane","Predator"],"picked":"Dagger Throw","floor":1},{"not_picked":["Backflip","Burst"],"picked":"Poisoned Stab","floor":7},{"not_picked":["Dodge and Roll","Quick Slash"],"picked":"Backflip","floor":8},{"not_picked":["PiercingWail","Dodge and Roll"],"picked":"Wraith Form v2","floor":11},{"not_picked":["All Out Attack","Cloak And Dagger"],"picked":"Well Laid Plans","floor":12},{"not_picked":["Bouncing Flask","Deflect"],"picked":"Backstab","floor":12},{"not_picked":["Dodge and Roll","Prepared","Phantasmal Killer"],"picked":"SKIP","floor":13},{"not_picked":["Predator","Underhanded Strike"],"picked":"Noxious Fumes","floor":14},{"not_picked":["Poisoned Stab","Acrobatics"],"picked":"Expertise","floor":14}],"player_experience":639272,"relics_obtained":[{"floor":8,"key":"Prayer Wheel"},{"floor":9,"key":"Regal Pillow"},{"floor":11,"key":"Old Coin"},{"floor":13,"key":"Smiling Mask"}],"event_choices":[{"damage_healed":0,"gold_gain":0,"cards_transformed":["Strike_G"],"player_choice":"Change","damage_taken":0,"max_hp_gain":0,"max_hp_loss":0,"event_name":"Living Wall","floor":2,"gold_loss":0,"cards_obtained":["Distraction"]},{"damage_healed":0,"gold_gain":0,"player_choice":"Leave","damage_taken":0,"max_hp_gain":0,"max_hp_loss":0,"event_name":"The Cleric","floor":3,"gold_loss":0},{"damage_healed":0,"gold_gain":0,"player_choice":"Entered Light","damage_taken":20,"max_hp_gain":0,"max_hp_loss":0,"event_name":"Shining Light","floor":4,"gold_loss":0,"cards_upgraded":["Defend_G","Distraction"]}],"is_beta":false,"boss_relics":[],"items_purged_floors":[],"is_endless":false,"potions_floor_spawned":[8,12],"killed_by":"Slime Boss","ascension_level":20}