{"gold_per_floor":[117,117,41,58,74,74,74,92,117,136,136,136],"floor_reached":12,"playtime":309,"items_purged":[],"score":140,"play_id":"066d0070-5fb9-432d-8afa-b143a32e6f49","local_time":"20190214154601","is_ascension_mode":true,"campfire_choices":[{"data":"Noxious Fumes","floor":6.0,"key":"SMITH"},{"floor":11,"key":"REST"}],"neow_cost":"PERCENT_DAMAGE","seed_source_timestamp":24708108114328,"circlet_count":0,"master_deck":["AscendersBane","Defend_G","Defend_G","Defend_G","Defend_G","Strike_G","Strike_G","Survivor","Neutralize","Noxious Fumes+1","Footwork","Deflect","Die Die Die","Backflip","Escape Plan"],"special_seed":0,"relics":["Ring of the Snake","Regal Pillow"],"potions_floor_usage":[],"damage_taken":[{"damage":18.0,"enemies":"Jaw Worm","floor":1.0,"turns":6.0},{"damage":5.0,"enemies":"Cultist","floor":4.0,"turns":5.0},{"damage":0.0,"enemies":"2 Louse","floor":5.0,"turns":3.0},{"damage":0,"enemies":"Lots of Slimes","floor":8,"turns":2},{"damage":0,"enemies":"Looter","floor":10,"turns":5},{"damage":0,"enemies":"Gremlin Nob","floor":12,"turns":1}],"seed_played":"-1350000301272967523","potions_obtained":[{"floor":4.0,"key":"Block Potion"},{"floor":5.0,"key":"SpeedPotion"}],"is_trial":false,"path_per_floor":["M","?","$","M","M","R","?","M","T","M","R","E"],"character_chosen":"THE_SILENT","items_purchased":["Footwork"],"campfire_rested":1,"item_purchase_floors":[3],"current_hp_per_floor":[26,19,19,14,14,14,14,14,14,14,48,48],"gold":136,"neow_bonus":"REMOVE_TWO","is_prod":false,"is_daily":false,"chose_seed":false,"campfire_upgraded":1,"win_rate":0,"timestamp":1550130361,"path_taken":["M","?","$","M","M","R","?","?","T","M","R","E"],"build_version":"2019-01-23","purchased_purges":0,"victory":false,"max_hp_per_floor":[66,66,66,66,66,66,66,66,66,66,66,66],"card_choices":[{"not_picked":["PiercingWail","Setup"],"picked":"Noxious Fumes","floor":1.0},{"not_picked":["Dodge and Roll","Poisoned Stab"],"picked":"Deflect","floor":4.0},{"not_picked":["Outmaneuver","Terror","Finisher"],"picked":"SKIP","floor":5.0},{"not_picked":["Endless Agony","Slice"],"picked":"Backflip","floor":8},{"not_picked":["Deadly Poison","Dagger Throw"],"picked":"Escape Plan","floor":10}],"player_experience":2727631,"relics_obtained":[{"floor":9,"key":"Regal Pillow"}],"event_choices":[{"cards_removed":["Strike_G"],"damage_healed":0.0,"max_hp_gain":0.0,"max_hp_loss":0.0,"gold_gain":0.0,"event_name":"Golden Wing","player_choice":"Card Removal","floor":2.0,"gold_loss":0.0,"damage_taken":7.0},{"damage_healed":0,"gold_gain":0,"cards_transformed":["Strike_G"],"player_choice":"Transformed","damage_taken":0,"max_hp_gain":0,"max_hp_loss":0,"event_name":"Transmorgrifier","floor":7,"gold_loss":0,"cards_obtained":["Die Die Die"]}],"is_beta":false,"boss_relics":[],"items_purged_floors":[],"is_endless":false,"potions_floor_spawned":[4,5],"killed_by":"Gremlin Nob","ascension_level":20}