{"gold_per_floor":[14,64,83,94,110,110,128,53,53,63,8,8,34,46,46,46],"floor_reached":16,"playtime":421,"items_purged":[],"score":208,"play_id":"2e09e126-6f73-4fb7-9627-b737bc94e813","local_time":"20190804163337","is_ascension_mode":true,"campfire_choices":[{"data":"Armaments","floor":6.0,"key":"SMITH"},{"data":"Strike_R","floor":12.0,"key":"PURGE"},{"data":"Strike_R","floor":15,"key":"PURGE"}],"neow_cost":"NO_GOLD","seed_source_timestamp":689696418519600,"circlet_count":0,"master_deck":["AscendersBane","Strike_R","Strike_R","Strike_R","Defend_R","Defend_R","Defend_R","Defend_R","Bash","Shrug It Off","Armaments+1","Power Through","Inflame","Dark Embrace","Body Slam"],"special_seed":0,"relics":["Burning Blood","Peace Pipe","Vajra","Lantern"],"potions_floor_usage":[13,13,13,14],"damage_taken":[{"damage":8.0,"enemies":"2 Louse","floor":1.0,"turns":4.0},{"damage":1.0,"enemies":"Cultist","floor":3.0,"turns":4.0},{"damage":4.0,"enemies":"Small Slimes","floor":4.0,"turns":4.0},{"damage":16.0,"enemies":"3 Louse","floor":5.0,"turns":5.0},{"damage":7.0,"enemies":"Looter","floor":7.0,"turns":4.0},{"damage":12.0,"enemies":"2 Fungi Beasts","floor":10.0,"turns":5.0},{"damage":28,"enemies":"Gremlin Nob","floor":13,"turns":4},{"damage":10,"enemies":"Gremlin Gang","floor":14,"turns":7},{"damage":31,"enemies":"Hexaghost","floor":16,"turns":12}],"seed_played":"-5912479917869502273","potions_obtained":[{"floor":1.0,"key":"Dexterity Potion"},{"floor":7.0,"key":"EntropicBrew"}],"is_trial":false,"path_per_floor":["M","?","M","M","M","R","M","$","T","M","$","R","E","M","R","B"],"character_chosen":"IRONCLAD","items_purchased":["Inflame","Body Slam"],"campfire_rested":0,"item_purchase_floors":[8,11],"current_hp_per_floor":[66,66,71,73,63,63,62,62,62,56,56,56,34,30,30,0],"gold":46,"neow_bonus":"ONE_RARE_RELIC","is_prod":false,"is_daily":false,"chose_seed":false,"campfire_upgraded":1,"win_rate":0,"timestamp":1564907617,"path_taken":["M","?","?","M","M","R","M","?","T","M","$","R","E","M","R","BOSS"],"build_version":"2019-07-17","purchased_purges":0,"victory":false,"max_hp_per_floor":[75,75,75,75,75,75,75,75,75,75,75,75,75,75,75,75],"card_choices":[{"not_picked":["Thunderclap","Wild Strike"],"picked":"Shrug It Off","floor":1.0},{"not_picked":["Uppercut","Shrug It Off"],"picked":"Armaments","floor":3.0},{"not_picked":["Battle Trance","Wild Strike"],"picked":"Power Through","floor":4.0},{"not_picked":["Searing Blow","Entrench","Clash"],"picked":"SKIP","floor":5.0},{"not_picked":["Sword Boomerang","Ghostly Armor","Wild Strike"],"picked":"SKIP","floor":7.0},{"not_picked":["Sever Soul","Heavy Blade","Dark Embrace"],"picked":"SKIP","floor":10.0},{"not_picked":["Sever Soul","Heavy Blade"],"picked":"Dark Embrace","floor":10.0},{"not_picked":["Anger","Flame Barrier","Dropkick"],"picked":"SKIP","floor":13},{"not_picked":["Perfected Strike","Warcry","Sentinel"],"picked":"SKIP","floor":14}],"player_experience":726949,"relics_obtained":[{"floor":9.0,"key":"Vajra"},{"floor":13,"key":"Lantern"}],"event_choices":[{"damage_healed":0.0,"max_hp_gain":0.0,"max_hp_loss":0.0,"gold_gain":50.0,"event_name":"Golden Shrine","player_choice":"Pray","floor":2.0,"gold_loss":0.0,"damage_taken":0.0}],"is_beta":false,"boss_relics":[],"items_purged_floors":[],"is_endless":false,"potions_floor_spawned":[1,7,10],"killed_by":"Hexaghost","ascension_level":20}