{"gold_per_floor":[113,38,57,75,75,75,89,122,122,138,138,164,164,182,182,254,254,269,269,37,37,36,36,46,75,125,125,125,35,53,70,70,146,146,156,175,192,192,210,210,235,235,260,260,43,43,43,59,59,59,59],"floor_reached":52,"playtime":2903,"items_purged":["Strike_B","Strike_B","Parasite"],"score":1954,"play_id":"7edff1b1-7914-46eb-888d-77523da53b89","local_time":"20190119235916","is_ascension_mode":true,"campfire_choices":[{"data":"Sunder","floor":6.0,"key":"SMITH"},{"data":"Buffer","floor":11.0,"key":"SMITH"},{"data":"Hologram","floor":15.0,"key":"SMITH"},{"data":"Biased Cognition","floor":23.0,"key":"SMITH"},{"floor":27.0,"key":"REST"},{"data":"Loop","floor":32.0,"key":"SMITH"},{"data":"Panacea","floor":40.0,"key":"SMITH"},{"data":"Recycle","floor":42.0,"key":"SMITH"},{"data":"Biased Cognition","floor":44.0,"key":"SMITH"},{"data":"Apotheosis","floor":47,"key":"SMITH"},{"floor":49,"key":"REST"}],"neow_cost":"NONE","seed_source_timestamp":38721867977049,"circlet_count":0,"master_deck":["AscendersBane","Defend_B","Defend_B","Defend_B","Defend_B","Zap","Dualcast","Cold Snap","Sunder+1","Blizzard","Buffer+1","Hologram+1","Hologram+1","Gash","Biased Cognition+1","Ball Lightning","Reboot","Coolheaded","Reboot","FTL","Panacea+1","Undo","Recycle+1","Loop+1","Finesse","Skim","Biased Cognition+1","Coolheaded","Double Energy+1","Biased Cognition","Capacitor","Electrodynamics","Turbo","Flash of Steel","Apotheosis+1","Purity","PanicButton","Consume"],"special_seed":0,"relics":["Cracked Core","NeowsBlessing","Pantograph","Prayer Wheel","Odd Mushroom","Inserter","FossilizedHelix","PreservedInsect","Runic Pyramid","Calipers","Omamori"],"potions_floor_usage":[],"damage_taken":[{"damage":0.0,"enemies":"Jaw Worm","floor":1.0,"turns":1.0},{"damage":0.0,"enemies":"Small Slimes","floor":3.0,"turns":1.0},{"damage":0.0,"enemies":"Cultist","floor":4.0,"turns":1.0},{"damage":6.0,"enemies":"Large Slime","floor":7.0,"turns":5.0},{"damage":20.0,"enemies":"Lagavulin","floor":8.0,"turns":7.0},{"damage":1.0,"enemies":"Looter","floor":10.0,"turns":3.0},{"damage":7.0,"enemies":"The Mushroom Lair","floor":12.0,"turns":4.0},{"damage":4.0,"enemies":"Red Slaver","floor":14.0,"turns":3.0},{"damage":33.0,"enemies":"The Guardian","floor":16.0,"turns":12.0},{"damage":0.0,"enemies":"Spheric Guardian","floor":18.0,"turns":4.0},{"damage":4.0,"enemies":"2 Thieves","floor":22.0,"turns":4.0},{"damage":27.0,"enemies":"Snake Plant","floor":24.0,"turns":6.0},{"damage":37.0,"enemies":"Gremlin Leader","floor":25.0,"turns":9.0},{"damage":0.0,"enemies":"Chosen and Byrds","floor":30.0,"turns":7.0},{"damage":7.0,"enemies":"3 Cultists","floor":31.0,"turns":5.0},{"damage":0.0,"enemies":"Champ","floor":33.0,"turns":14.0},{"damage":17.0,"enemies":"3 Darklings","floor":35.0,"turns":7.0},{"damage":0.0,"enemies":"3 Shapes","floor":36.0,"turns":6.0},{"damage":0.0,"enemies":"Writhing Mass","floor":37.0,"turns":8.0},{"damage":0.0,"enemies":"Transient","floor":39.0,"turns":6.0},{"damage":0.0,"enemies":"Reptomancer","floor":41.0,"turns":5.0},{"damage":0,"enemies":"Maw","floor":48,"turns":6},{"damage":12,"enemies":"Donu and Deca","floor":50,"turns":8},{"damage":47,"enemies":"Awakened One","floor":51,"turns":12}],"seed_played":"6627921696167123132","potions_obtained":[{"floor":10.0,"key":"Poison Potion"},{"floor":12.0,"key":"SkillPotion"},{"floor":24.0,"key":"Regen Potion"},{"floor":25.0,"key":"SpeedPotion"},{"floor":33.0,"key":"FocusPotion"},{"floor":36.0,"key":"Swift Potion"}],"is_trial":false,"path_per_floor":["M","$","M","M","$","R","M","E","T","M","R","?","?","M","R","B",null,"M","?","$","?","M","R","M","E","T","R","?","$","M","M","R","B",null,"M","M","M","?","M","R","E","R","T","R","$","?","R","M","R","B","B",null],"character_chosen":"DEFECT","items_purchased":["Panacea","Undo","Finesse","Flash of Steel"],"campfire_rested":2,"item_purchase_floors":[20,20,29,45],"current_hp_per_floor":[64,64,64,64,64,64,58,38,38,37,37,30,30,26,26,18,58,58,58,58,58,54,54,27,5,5,26,26,26,26,19,19,44,64,47,47,47,47,47,47,47,47,47,47,47,37,37,37,57,56,21],"gold":59,"neow_bonus":"THREE_ENEMY_KILL","is_prod":false,"is_daily":false,"chose_seed":false,"campfire_upgraded":9,"win_rate":0,"timestamp":1547913556,"path_taken":["M","$","M","M","$","R","M","E","T","M","R","?","?","M","R","BOSS","M","?","$","?","M","R","M","E","T","R","?","$","M","M","R","BOSS","M","M","M","?","?","R","E","R","T","R","?","?","R","M","R","BOSS","BOSS"],"build_version":"2019-01-17v2","purchased_purges":3,"victory":true,"max_hp_per_floor":[71,71,71,71,71,71,71,71,71,71,71,71,71,71,71,71,71,71,71,71,71,71,71,71,71,71,71,71,71,71,71,71,71,71,71,71,71,71,71,71,71,71,71,71,68,68,68,68,68,68,68],"card_choices":[{"not_picked":["Redo","Scrape"],"picked":"Cold Snap","floor":1.0},{"not_picked":["Aggregate","Redo"],"picked":"Sunder","floor":3.0},{"not_picked":["Go for the Eyes","Conserve Battery"],"picked":"Blizzard","floor":4.0},{"not_picked":["Conserve Battery","Static Discharge","Beam Cell"],"picked":"SKIP","floor":7.0},{"not_picked":["Force Field","Defragment"],"picked":"Buffer","floor":8.0},{"not_picked":["Stack","Compile Driver"],"picked":"Hologram","floor":10.0},{"not_picked":["Force Field","Rebound"],"picked":"Hologram","floor":10.0},{"not_picked":["Turbo","Force Field"],"picked":"Gash","floor":12.0},{"not_picked":["Leap","Cold Snap"],"picked":"Biased Cognition","floor":14.0},{"not_picked":["Conserve Battery","Blizzard"],"picked":"Ball Lightning","floor":14.0},{"not_picked":["Thunder Strike","Hyperbeam"],"picked":"Reboot","floor":16.0},{"not_picked":["Steam+1","Hologram"],"picked":"Coolheaded","floor":18.0},{"not_picked":["Sunder","Turbo","Stack"],"picked":"SKIP","floor":18.0},{"not_picked":["Sweeping Beam","Darkness","Sunder"],"picked":"SKIP","floor":22.0},{"not_picked":["Compile Driver+1","Turbo","Gash"],"picked":"SKIP","floor":22.0},{"not_picked":["Compile Driver+1","Stack"],"picked":"Recycle","floor":24.0},{"not_picked":["Compile Driver","Stack","Leap"],"picked":"SKIP","floor":24.0},{"not_picked":["Rebound","Force Field"],"picked":"Loop","floor":25.0},{"not_picked":["Beam Cell","Hello World"],"picked":"Skim","floor":30.0},{"not_picked":["Multi-Cast","Turbo","Sweeping Beam+1"],"picked":"SKIP","floor":30.0},{"not_picked":["Stack","Ball Lightning","Double Energy"],"picked":"SKIP","floor":31.0},{"not_picked":["Rebound+1","Beam Cell","Hologram"],"picked":"SKIP","floor":31.0},{"not_picked":["Buffer","Reboot"],"picked":"Biased Cognition","floor":33.0},{"not_picked":["White Noise","Barrage+1"],"picked":"Coolheaded","floor":35.0},{"not_picked":["Storm","Gash","Beam Cell"],"picked":"SKIP","floor":35.0},{"not_picked":["Force Field","Static Discharge","Gash"],"picked":"SKIP","floor":36.0},{"not_picked":["Rebound","Streamline","Redo"],"picked":"SKIP","floor":36.0},{"not_picked":["Go for the Eyes","Steam"],"picked":"Double Energy+1","floor":37.0},{"not_picked":["Fusion","Sweeping Beam+1"],"picked":"Biased Cognition","floor":37.0},{"not_picked":["Redo","Compile Driver"],"picked":"Turbo","floor":39.0},{"not_picked":["Blizzard","Stack","Barrage"],"picked":"SKIP","floor":39.0},{"not_picked":["Skim+1","Capacitor","Ball Lightning"],"picked":"SKIP","floor":41.0},{"not_picked":["Good Instincts","Secret Technique"],"picked":"Apotheosis","floor":46},{"not_picked":["Forethought","Dark Shackles"],"picked":"Purity","floor":46},{"not_picked":["Magnetism","Mind Blast"],"picked":"PanicButton","floor":46},{"not_picked":["Compile Driver","Beam Cell+1"],"picked":"Consume","floor":48},{"not_picked":["Fusion","Go for the Eyes","Steam Power"],"picked":"SKIP","floor":48}],"player_experience":2047683,"relics_obtained":[{"floor":8.0,"key":"Pantograph"},{"floor":9.0,"key":"Prayer Wheel"},{"floor":12.0,"key":"Odd Mushroom"},{"floor":25.0,"key":"FossilizedHelix"},{"floor":26.0,"key":"PreservedInsect"},{"floor":41.0,"key":"Calipers"},{"floor":43.0,"key":"Omamori"}],"event_choices":[{"damage_healed":0.0,"max_hp_gain":0.0,"max_hp_loss":0.0,"gold_gain":0.0,"event_name":"Mushrooms","player_choice":"Fought Mushrooms","floor":12.0,"gold_loss":0.0,"damage_taken":0.0},{"damage_healed":0.0,"max_hp_gain":0.0,"max_hp_loss":0.0,"gold_gain":0.0,"event_name":"Upgrade Shrine","player_choice":"Upgraded","floor":13.0,"gold_loss":0.0,"damage_taken":0.0,"cards_upgraded":["Hologram"]},{"damage_healed":0.0,"max_hp_gain":0.0,"max_hp_loss":0.0,"gold_gain":0.0,"cards_transformed":["Strike_B","Strike_B"],"event_name":"Drug Dealer","player_choice":"Became Test Subject","floor":19.0,"gold_loss":0.0,"damage_taken":0.0,"cards_obtained":["Reboot","FTL"]},{"damage_healed":0.0,"max_hp_gain":0.0,"max_hp_loss":0.0,"gold_gain":0.0,"event_name":"Forgotten Altar","player_choice":"Smashed Altar","floor":21.0,"gold_loss":0.0,"damage_taken":0.0,"cards_obtained":["Decay"]},{"cards_removed":["Decay"],"damage_healed":0.0,"max_hp_gain":0.0,"max_hp_loss":0.0,"gold_gain":0.0,"event_name":"Back to Basics","player_choice":"Elegance","floor":28.0,"gold_loss":0.0,"damage_taken":0.0},{"damage_healed":0.0,"max_hp_gain":0.0,"max_hp_loss":0.0,"gold_gain":0.0,"event_name":"Match and Keep!","player_choice":"2 cards matched","floor":38.0,"gold_loss":0.0,"damage_taken":0.0,"cards_obtained":["Capacitor","Electrodynamics"]},{"damage_healed":0,"gold_gain":0,"player_choice":"Memory 3","damage_taken":10,"max_hp_gain":0,"max_hp_loss":0,"event_name":"SensoryStone","floor":46,"gold_loss":0}],"is_beta":false,"boss_relics":[{"not_picked":["Black Star","Ectoplasm"],"picked":"Inserter"},{"not_picked":["Lizard Tail","Astrolabe"],"picked":"Runic Pyramid"}],"items_purged_floors":[2,20,45],"is_endless":false,"potions_floor_spawned":[10,12,14,24,25,33,36,37],"ascension_level":20}