{"gold_per_floor":[111,128,128,146,146,146,167,167,193,193,212,253,271,271,271,369,369,382,382,16,16,36,36,72,72,95,134,39,39,39,59,59,152,152,177,177,77,96,96,96,135,156,182,84,104,104,104,148,148,148,148,148,148,37,72,72],"floor_reached":57,"playtime":3018,"items_purged":["Cold Snap","Turbo"],"score":3317,"play_id":"5de72f63-9b7d-4157-861c-7c5de17d8824","local_time":"20190227155349","is_ascension_mode":true,"campfire_choices":[{"data":"Redo","floor":6.0,"key":"SMITH"},{"data":"Dualcast","floor":8.0,"key":"SMITH"},{"data":"Recycle","floor":10.0,"key":"SMITH"},{"data":"Zap","floor":15.0,"key":"SMITH"},{"data":"Hologram","floor":23.0,"key":"SMITH"},{"data":"Defragment","floor":25.0,"key":"SMITH"},{"floor":29.0,"key":"REST"},{"data":"Blizzard","floor":32.0,"key":"SMITH"},{"data":"Heatsinks","floor":40.0,"key":"SMITH"},{"floor":49.0,"key":"RECALL"},{"data":"Skim","floor":53.0,"key":"SMITH"}],"neow_cost":"NONE","seed_source_timestamp":845624649146841,"circlet_count":0,"master_deck":["AscendersBane","Zap+1","Dualcast+1","Blizzard+1","Undo+1","Capacitor","Steam Power","Reboot","Reinforced Body","Recycle+1","Biased Cognition+1","Glacier","Defragment+1","Hologram+1","Cold Snap","Tempest","Electrodynamics","Chill","Turbo+1","Heatsinks+1","Conserve Battery","Compile Driver","Seek","Skim+1","Deep Breath+1","Force Field+1","Dark Shackles+1","All For One","Steam+1"],"special_seed":0,"relics":["Pandora\u0027s Box","Golden Idol","Omamori","Vajra","Orrery","OrangePellets","Pen Nib","Anchor","Nloth\u0027s Gift","Coffee Dripper","Toxic Egg 2","Juzu Bracelet","Blue Candle"],"potions_floor_usage":[56,56,56,56],"damage_taken":[{"damage":12.0,"enemies":"Jaw Worm","floor":1.0,"turns":3.0},{"damage":0.0,"enemies":"2 Louse","floor":2.0,"turns":2.0},{"damage":0.0,"enemies":"Small Slimes","floor":4.0,"turns":2.0},{"damage":4.0,"enemies":"2 Fungi Beasts","floor":7.0,"turns":3.0},{"damage":0.0,"enemies":"Large Slime","floor":11.0,"turns":4.0},{"damage":4.0,"enemies":"3 Sentries","floor":12.0,"turns":7.0},{"damage":14.0,"enemies":"Red Slaver","floor":13.0,"turns":3.0},{"damage":0.0,"enemies":"The Guardian","floor":16.0,"turns":7.0},{"damage":25.0,"enemies":"2 Thieves","floor":18.0,"turns":4.0},{"damage":0.0,"enemies":"Spheric Guardian","floor":22.0,"turns":4.0},{"damage":6.0,"enemies":"Book of Stabbing","floor":24.0,"turns":5.0},{"damage":12.0,"enemies":"Slavers","floor":27.0,"turns":4.0},{"damage":4.0,"enemies":"Shelled Parasite and Fungi","floor":31.0,"turns":5.0},{"damage":0.0,"enemies":"Collector","floor":33.0,"turns":9.0},{"damage":2.0,"enemies":"Orb Walker","floor":35.0,"turns":4.0},{"damage":0.0,"enemies":"3 Shapes","floor":38.0,"turns":3.0},{"damage":0.0,"enemies":"Nemesis","floor":41.0,"turns":9.0},{"damage":19.0,"enemies":"Jaw Worm Horde","floor":42.0,"turns":7.0},{"damage":0.0,"enemies":"3 Darklings","floor":45.0,"turns":3.0},{"damage":0.0,"enemies":"Giant Head","floor":48.0,"turns":9.0},{"damage":19.0,"enemies":"Awakened One","floor":50.0,"turns":17.0},{"damage":0.0,"enemies":"Donu and Deca","floor":51.0,"turns":7.0},{"damage":27.0,"enemies":"Shield and Spear","floor":55.0,"turns":5.0},{"damage":17,"enemies":"The Heart","floor":56,"turns":14}],"seed_played":"6321447513364040155","potions_obtained":[{"floor":2.0,"key":"Poison Potion"},{"floor":4.0,"key":"Block Potion"},{"floor":13.0,"key":"Ancient Potion"},{"floor":18.0,"key":"GamblersBrew"},{"floor":27.0,"key":"SneckoOil"},{"floor":31.0,"key":"Block Potion"},{"floor":36.0,"key":"Regen Potion"},{"floor":42.0,"key":"FearPotion"},{"floor":48.0,"key":"Swift Potion"}],"is_trial":false,"path_per_floor":["M","M","?","M","?","R","M","R","T","R","M","E","M","?","R","B",null,"M","?","$","?","M","R","E","R","T","E","$","R","?","M","R","B",null,"M","?","$","M","?","R","E","M","T","$","M","?","$","E","R","B","B",null,"R","$","E","B",null],"character_chosen":"DEFECT","items_purchased":["OrangePellets","Chill","Heatsinks","Conserve Battery","Deep Breath+1","EntropicBrew"],"campfire_rested":1,"item_purchase_floors":[20,20,28,28,44,54],"current_hp_per_floor":[52,52,52,52,52,52,48,48,48,48,48,44,30,11,11,11,51,26,26,26,26,26,26,20,20,20,8,8,27,27,23,23,23,54,52,52,52,52,52,52,52,48,48,48,48,48,48,48,48,29,29,55,55,55,28,11],"gold":72,"neow_bonus":"BOSS_RELIC","is_prod":false,"is_daily":false,"chose_seed":false,"campfire_upgraded":9,"win_rate":0,"timestamp":1551254029,"path_taken":["M","M","?","M","?","R","M","R","T","R","?","E","M","?","R","BOSS","M","?","$","?","M","R","E","R","T","E","$","R","?","?","R","BOSS","M","?","$","?","?","R","E","M","T","$","M","?","?","E","R","BOSS","BOSS","R","$","E","BOSS"],"build_version":"2019-01-23","purchased_purges":2,"victory":true,"max_hp_per_floor":[71,71,64,64,64,64,64,64,64,64,64,64,64,64,64,64,64,64,64,64,64,64,64,64,64,64,64,64,64,64,64,64,64,64,64,64,64,64,64,64,64,64,64,64,64,64,64,64,64,64,64,64,64,64,64,64],"card_choices":[{"not_picked":["Capacitor","Aggregate"],"picked":"Ball Lightning","floor":1.0},{"not_picked":["Sweeping Beam","Blizzard"],"picked":"Reinforced Body","floor":2.0},{"not_picked":["Skim","Cold Snap"],"picked":"Recycle","floor":4.0},{"not_picked":["Go for the Eyes","Turbo"],"picked":"Glacier","floor":7.0},{"not_picked":["Blizzard","Rebound","Ball Lightning"],"picked":"SKIP","floor":11.0},{"not_picked":["Blizzard","Rebound","Ball Lightning"],"picked":"SKIP","floor":11.0},{"not_picked":["Beam Cell","Barrage"],"picked":"Defragment","floor":12.0},{"not_picked":["Stack","Redo","Streamline"],"picked":"SKIP","floor":13.0},{"not_picked":["Stack","Darkness"],"picked":"Turbo","floor":17.0},{"not_picked":["Go for the Eyes","Redo"],"picked":"Hologram","floor":17.0},{"not_picked":["Beam Cell","Stack"],"picked":"Cold Snap","floor":17.0},{"not_picked":["FTL","Streamline"],"picked":"Go for the Eyes","floor":17.0},{"not_picked":["Scrape","Doom and Gloom"],"picked":"Tempest","floor":17.0},{"not_picked":["Cold Snap","Blizzard","Redo"],"picked":"SKIP","floor":18.0},{"not_picked":["Loop","Steam"],"picked":"Turbo+1","floor":22.0},{"not_picked":["Sweeping Beam","Storm","Cold Snap"],"picked":"SKIP","floor":24.0},{"not_picked":["Go for the Eyes","Auto Shields","Meteor Strike"],"picked":"SKIP","floor":27.0},{"not_picked":["Turbo","Barrage+1"],"picked":"Compile Driver","floor":31.0},{"not_picked":["Buffer","Rainbow"],"picked":"Seek","floor":33.0},{"not_picked":["Sweeping Beam+1","Steam Power","Stack"],"picked":"SKIP","floor":35.0},{"not_picked":["Buffer","Fission"],"picked":"Skim","floor":38.0},{"not_picked":["Hologram","Scrape","Rebound"],"picked":"SKIP","floor":41.0},{"not_picked":["Turbo+1","Tempest+1","Consume+1"],"picked":"SKIP","floor":42.0},{"not_picked":["Stack+1","Rebound"],"picked":"Force Field+1","floor":45.0},{"not_picked":["Good Instincts+1","Jack Of All Trades+1"],"picked":"Dark Shackles+1","floor":46.0},{"not_picked":["BootSequence+1","Lockon"],"picked":"All For One","floor":48.0},{"not_picked":["Buffer","Reprogram+1"],"picked":"Steam+1","floor":55.0}],"player_experience":1026417,"relics_obtained":[{"floor":9.0,"key":"Omamori"},{"floor":12.0,"key":"Vajra"},{"floor":24.0,"key":"Pen Nib"},{"floor":26.0,"key":"Anchor"},{"floor":27.0,"key":"MawBank"},{"floor":41.0,"key":"Toxic Egg 2"},{"floor":48.0,"key":"Juzu Bracelet"},{"floor":55.0,"key":"Blue Candle"}],"event_choices":[{"damage_healed":0.0,"max_hp_gain":0.0,"max_hp_loss":7.0,"gold_gain":0.0,"event_name":"Golden Idol","player_choice":"Lose Max HP","floor":3.0,"gold_loss":0.0,"damage_taken":0.0,"relics_obtained":["Golden Idol"]},{"damage_healed":0.0,"max_hp_gain":0.0,"max_hp_loss":0.0,"gold_gain":0.0,"cards_transformed":["Rip and Tear"],"event_name":"Living Wall","player_choice":"Change","floor":5.0,"gold_loss":0.0,"damage_taken":0.0,"cards_obtained":["Biased Cognition"]},{"damage_healed":0.0,"max_hp_gain":0.0,"max_hp_loss":0.0,"gold_gain":0.0,"event_name":"Shining Light","player_choice":"Entered Light","floor":14.0,"gold_loss":0.0,"damage_taken":19.0,"cards_upgraded":["Undo","Biased Cognition"]},{"damage_healed":0.0,"max_hp_gain":0.0,"max_hp_loss":0.0,"gold_gain":0.0,"cards_transformed":["Doom and Gloom","Go for the Eyes"],"event_name":"Drug Dealer","player_choice":"Became Test Subject","floor":19.0,"gold_loss":0.0,"damage_taken":0.0,"cards_obtained":["Cold Snap","Electrodynamics"]},{"cards_removed":["Redo"],"damage_healed":0.0,"max_hp_gain":0.0,"max_hp_loss":0.0,"gold_gain":0.0,"event_name":"Back to Basics","player_choice":"Elegance","floor":21.0,"gold_loss":0.0,"damage_taken":0.0},{"damage_healed":0.0,"max_hp_gain":0.0,"max_hp_loss":0.0,"gold_gain":0.0,"event_name":"N\u0027loth","player_choice":"Traded Relic","floor":30.0,"relics_lost":["MawBank"],"gold_loss":0.0,"damage_taken":0.0,"relics_obtained":["Nloth\u0027s Gift"]},{"damage_healed":0.0,"max_hp_gain":0.0,"max_hp_loss":0.0,"gold_gain":0.0,"event_name":"Lab","player_choice":"Got Potions","floor":36.0,"gold_loss":0.0,"damage_taken":0.0},{"cards_removed":["Ball Lightning"],"damage_healed":0.0,"max_hp_gain":0.0,"max_hp_loss":0.0,"gold_gain":0.0,"event_name":"Falling","player_choice":"Removed Attack","floor":39.0,"gold_loss":0.0,"damage_taken":0.0},{"damage_healed":0.0,"max_hp_gain":0.0,"max_hp_loss":0.0,"gold_gain":0.0,"event_name":"SensoryStone","player_choice":"Memory 1","floor":46.0,"gold_loss":0.0,"damage_taken":0.0}],"is_beta":false,"boss_relics":[{"not_picked":["Empty Cage","Astrolabe"],"picked":"Orrery"},{"not_picked":["Runic Dome","Velvet Choker"],"picked":"Coffee Dripper"}],"items_purged_floors":[20,37],"is_endless":false,"potions_floor_spawned":[2,4,13,18,27,31,41,42,48],"ascension_level":20}