{"gold_per_floor":[112,130,130,142,152,478,478,511,557,557,202,221,221,234,234,234],"floor_reached":16,"playtime":399,"items_purged":["Strike_B"],"score":224,"play_id":"41e4338c-4a76-4307-a0b7-39f0a3485632","local_time":"20190306181924","is_ascension_mode":true,"campfire_choices":[{"data":"Defragment","floor":7,"key":"SMITH"},{"data":"Dualcast","floor":10,"key":"SMITH"},{"data":"Consume","floor":13,"key":"SMITH"},{"data":"Zap","floor":15,"key":"SMITH"}],"neow_cost":"NONE","seed_source_timestamp":33447888758640,"circlet_count":0,"master_deck":["AscendersBane","Strike_B","Strike_B","Strike_B","Defend_B","Defend_B","Defend_B","Defend_B","Zap+1","Dualcast+1","Defragment+1","Consume+1","Melter","Cold Snap","Capacitor","Undo"],"relics":["Cracked Core","NeowsBlessing","Old Coin","Question Card","Art of War","Potion Belt"],"potions_floor_usage":[5,8,12,12],"damage_taken":[{"damage":0,"enemies":"Jaw Worm","floor":1,"turns":1},{"damage":0,"enemies":"Cultist","floor":2,"turns":1},{"damage":0,"enemies":"2 Louse","floor":4,"turns":1},{"damage":0,"enemies":"Gremlin Gang","floor":5,"turns":1},{"damage":25,"enemies":"Lagavulin","floor":6,"turns":7},{"damage":31,"enemies":"3 Sentries","floor":8,"turns":11},{"damage":0,"enemies":"Blue Slaver","floor":12,"turns":2},{"damage":0,"enemies":"2 Fungi Beasts","floor":14,"turns":4},{"damage":0,"enemies":"The Guardian","floor":16,"turns":2}],"seed_played":"5792835623877063117","potions_obtained":[{"floor":3,"key":"Energy Potion"},{"floor":3,"key":"Explosive Potion"},{"floor":8,"key":"Fire Potion"},{"floor":12,"key":"LiquidBronze"}],"is_trial":false,"path_per_floor":["M","M","?","M","M","E","R","E","T","R","$","M","R","M","R","B"],"character_chosen":"DEFECT","items_purchased":["Potion Belt","AttackPotion","Energy Potion"],"campfire_rested":0,"item_purchase_floors":[11,11,11],"current_hp_per_floor":[64,64,64,64,64,39,39,8,8,8,8,8,8,8,8,8],"gold":234,"neow_bonus":"THREE_ENEMY_KILL","is_prod":false,"is_daily":false,"chose_seed":false,"campfire_upgraded":4,"win_rate":0,"timestamp":1551867564,"path_taken":["M","M","?","M","M","E","R","E","T","R","?","M","R","M","R","BOSS"],"build_version":"2019-01-23","purchased_purges":1,"victory":false,"max_hp_per_floor":[71,71,71,71,71,71,71,71,71,71,71,71,71,71,71,71],"card_choices":[{"not_picked":["Beam Cell","Glacier"],"picked":"Defragment","floor":1},{"not_picked":["Sweeping Beam","Go for the Eyes","Reprogram"],"picked":"SKIP","floor":2},{"not_picked":["Hello World","Hologram"],"picked":"Consume","floor":4},{"not_picked":["Force Field","FTL"],"picked":"Melter","floor":5},{"not_picked":["Ball Lightning","Beam Cell"],"picked":"Cold Snap","floor":6},{"not_picked":["Barrage","Hologram"],"picked":"Capacitor","floor":8},{"not_picked":["Lockon","Cold Snap","Gash"],"picked":"Undo","floor":12},{"not_picked":["Compile Driver","Doom and Gloom","Hello World","Leap"],"picked":"SKIP","floor":14}],"player_experience":3362487,"relics_obtained":[{"floor":6,"key":"Old Coin"},{"floor":8,"key":"Question Card"},{"floor":9,"key":"Art of War"}],"event_choices":[{"damage_healed":0,"gold_gain":0,"player_choice":"Got Potions","damage_taken":0,"max_hp_gain":0,"max_hp_loss":0,"event_name":"Lab","floor":3,"gold_loss":0}],"is_beta":false,"boss_relics":[],"items_purged_floors":[11],"is_endless":false,"potions_floor_spawned":[4,8,12],"killed_by":"The Guardian","ascension_level":20}