{"gold_per_floor":[116,126,54,54,129,149,74,88,111,123,135,147,59,74,74,174,174,155,168,8,8,21,21,37,37,60,74,74,74,94,112,112,209,209,225,225,225,75,75,89,89,103,128,128,128,142,158,175,175,175],"floor_reached":51,"playtime":3185,"items_purged":["Strike_G","Defend_G","Strike_G","Strike_G"],"score":716,"play_id":"a33633ac-0ab0-41ce-a80e-63ea4e9bf08f","local_time":"20181022204836","is_ascension_mode":false,"campfire_choices":[{"data":"Well Laid Plans","floor":10.0,"key":"SMITH"},{"data":"Leg Sweep","floor":12.0,"key":"SMITH"},{"floor":15.0,"key":"REST"},{"data":"Well Laid Plans","floor":25.0,"key":"SMITH"},{"data":"Neutralize","floor":29.0,"key":"SMITH"},{"data":"Deadly Poison","floor":32.0,"key":"SMITH"},{"data":"Escape Plan","floor":41,"key":"SMITH"},{"data":"Venomology","floor":44,"key":"SMITH"},{"floor":49,"key":"REST"}],"neow_cost":"PERCENT_DAMAGE","seed_source_timestamp":44200354097459,"circlet_count":0,"master_deck":["Defend_G+1","Defend_G+1","Strike_G+1","Survivor+1","Neutralize+1","Well Laid Plans+1","Leg Sweep+1","Bouncing Flask+1","Venomology+1","Well Laid Plans+1","Deadly Poison+1","Adrenaline+1","Escape Plan+1","Escape Plan+1","Noxious Fumes+1"],"special_seed":0,"relics":["Ring of the Snake","MawBank","Philosopher\u0027s Stone","Lantern","Orrery","Potion Belt","Mark of the Bloom"],"potions_floor_usage":[40,42,46,48,50,50,50],"damage_taken":[{"damage":0.0,"enemies":"Jaw Worm","floor":1.0,"turns":4.0},{"damage":0.0,"enemies":"Small Slimes","floor":2.0,"turns":4.0},{"damage":0.0,"enemies":"2 Louse","floor":6.0,"turns":3.0},{"damage":2.0,"enemies":"Exordium Wildlife","floor":8.0,"turns":6.0},{"damage":0.0,"enemies":"Large Slime","floor":14.0,"turns":6.0},{"damage":9.0,"enemies":"Slime Boss","floor":16.0,"turns":9.0},{"damage":3.0,"enemies":"2 Thieves","floor":18.0,"turns":4.0},{"damage":0.0,"enemies":"Shell Parasite","floor":19.0,"turns":5.0},{"damage":0.0,"enemies":"Snake Plant","floor":22.0,"turns":7.0},{"damage":1.0,"enemies":"Cultist and Chosen","floor":24.0,"turns":6.0},{"damage":11.0,"enemies":"Centurion and Healer","floor":27.0,"turns":6.0},{"damage":8.0,"enemies":"Shelled Parasite and Fungi","floor":30.0,"turns":5.0},{"damage":0.0,"enemies":"Snecko","floor":31.0,"turns":4.0},{"damage":31.0,"enemies":"Champ","floor":33.0,"turns":10.0},{"damage":1.0,"enemies":"Orb Walker","floor":35.0,"turns":3.0},{"damage":1,"enemies":"3 Darklings","floor":40,"turns":6},{"damage":0,"enemies":"Sphere and 2 Shapes","floor":42,"turns":6},{"damage":0,"enemies":"Jaw Worm Horde","floor":46,"turns":5},{"damage":0,"enemies":"Spire Growth","floor":47,"turns":5},{"damage":2,"enemies":"Maw","floor":48,"turns":6},{"damage":0,"enemies":"Awakened One","floor":50,"turns":13}],"seed_played":"337223156836106911","potions_obtained":[{"floor":2.0,"key":"SteroidPotion"},{"floor":6.0,"key":"Strength Potion"},{"floor":16.0,"key":"SteroidPotion"},{"floor":18.0,"key":"Swift Potion"},{"floor":30.0,"key":"Regen Potion"},{"floor":35.0,"key":"Dexterity Potion"},{"floor":47,"key":"Swift Potion"}],"is_trial":false,"path_per_floor":["M","M","$","?","?","M","$","M","T","R","?","R","$","M","R","B",null,"M","M","$","?","M","?","M","R","T","M","$","R","M","M","R","B",null,"M","?","?","$","?","M","R","M","T","R","?","M","M","M","R","B"],"character_chosen":"THE_SILENT","items_purchased":["Bouncing Flask","Well Laid Plans"],"campfire_rested":2,"item_purchase_floors":[3,20],"current_hp_per_floor":[49,49,49,35,24,24,24,22,22,22,22,22,22,22,43,34,70,67,67,67,67,67,67,66,66,66,55,55,55,47,61,61,30,70,69,69,69,69,66,65,65,65,65,65,65,65,65,63,63,63],"gold":175,"neow_bonus":"REMOVE_TWO","is_prod":false,"is_daily":false,"chose_seed":false,"campfire_upgraded":7,"win_rate":0,"timestamp":1540212516,"path_taken":["M","M","$","?","?","?","$","M","T","R","?","R","$","M","R","BOSS","M","M","$","?","?","?","M","R","T","?","?","R","M","M","R","BOSS","M","?","?","$","?","M","R","M","T","R","?","?","M","M","R","BOSS"],"build_version":"2018-10-18","purchased_purges":4,"victory":true,"max_hp_per_floor":[70,70,70,70,70,70,70,70,70,70,70,70,70,70,70,70,70,70,70,70,70,70,70,70,70,70,70,70,70,70,70,70,70,70,70,70,70,70,66,66,66,66,66,66,66,66,66,66,66,66],"card_choices":[{"not_picked":["Bane","Deflect"],"picked":"Well Laid Plans","floor":1.0},{"not_picked":["Finisher","Caltrops"],"picked":"Leg Sweep","floor":2.0},{"not_picked":["Acrobatics","Cloak And Dagger","Quick Slash"],"picked":"SKIP","floor":6.0},{"not_picked":["PiercingWail","Bane","Quick Slash"],"picked":"SKIP","floor":8.0},{"not_picked":["Cloak And Dagger","Setup","Calculated Gamble"],"picked":"SKIP","floor":14.0},{"not_picked":["Bullet Time","Tools of the Trade"],"picked":"Venomology","floor":16.0},{"not_picked":["Bane","Flying Knee","Dodge and Roll"],"picked":"SKIP","floor":18.0},{"not_picked":["Choke+1","Slice","Riddle With Holes"],"picked":"SKIP","floor":19.0},{"not_picked":["Prepared","Terror+1","Flechettes"],"picked":"SKIP","floor":22.0},{"not_picked":["Terror","Deflect","Dagger Spray"],"picked":"SKIP","floor":24.0},{"not_picked":["Bane","Poisoned Stab","Dodge and Roll"],"picked":"SKIP","floor":27.0},{"not_picked":["Choke","Outmaneuver"],"picked":"Deadly Poison","floor":30.0},{"not_picked":["Blade Dance+1","Masterful Stab","Poisoned Stab"],"picked":"SKIP","floor":31.0},{"not_picked":["Die Die Die","Bullet Time"],"picked":"Adrenaline","floor":33.0},{"not_picked":["Backflip","PiercingWail"],"picked":"Escape Plan","floor":34.0},{"not_picked":["Flying Knee","Blade Dance"],"picked":"Escape Plan+1","floor":35.0},{"not_picked":["Deadly Poison","Distraction","Flying Knee"],"picked":"SKIP","floor":40},{"not_picked":["Slice","Blur"],"picked":"Noxious Fumes+1","floor":42},{"not_picked":["Concentrate+1","Terror","Distraction"],"picked":"SKIP","floor":46},{"not_picked":["Deflect","Distraction","Deadly Poison+1"],"picked":"SKIP","floor":47},{"not_picked":["Bullet Time","Poisoned Stab+1","Flying Knee+1"],"picked":"SKIP","floor":48}],"player_experience":526893,"relics_obtained":[{"floor":9.0,"key":"MawBank"},{"floor":26.0,"key":"Lantern"},{"floor":43,"key":"Potion Belt"}],"event_choices":[{"damage_healed":0.0,"max_hp_gain":0.0,"max_hp_loss":0.0,"gold_gain":0.0,"event_name":"Shining Light","player_choice":"Entered Light","floor":4.0,"gold_loss":0.0,"damage_taken":14.0,"cards_upgraded":["Strike_G","Bouncing Flask"]},{"damage_healed":0.0,"max_hp_gain":0.0,"max_hp_loss":0.0,"gold_gain":75.0,"event_name":"World of Goop","player_choice":"Gather Gold","floor":5.0,"gold_loss":0.0,"damage_taken":11.0},{"damage_healed":0.0,"max_hp_gain":0.0,"max_hp_loss":0.0,"gold_gain":0.0,"event_name":"Dead Adventurer","player_choice":"Searched \u00271\u0027 times","floor":11.0,"gold_loss":0.0,"damage_taken":0.0},{"cards_removed":["Defend_G"],"damage_healed":0.0,"max_hp_gain":0.0,"max_hp_loss":0.0,"gold_gain":0.0,"event_name":"Back to Basics","player_choice":"Elegance","floor":23.0,"gold_loss":0.0,"damage_taken":0.0},{"damage_healed":0,"gold_gain":0,"player_choice":"Ignored","damage_taken":0,"max_hp_gain":0,"max_hp_loss":0,"event_name":"Mysterious Sphere","floor":36,"gold_loss":0},{"damage_healed":0,"gold_gain":0,"player_choice":"Ignored","damage_taken":0,"max_hp_gain":0,"max_hp_loss":0,"event_name":"Tomb of Lord Red Mask","floor":37,"gold_loss":0},{"damage_healed":0,"gold_gain":0,"player_choice":"Max HP","damage_taken":0,"max_hp_gain":0,"max_hp_loss":4,"event_name":"Winding Halls","floor":39,"gold_loss":0},{"damage_healed":0,"gold_gain":0,"player_choice":"Upgrade","damage_taken":0,"relics_obtained":["Mark of the Bloom"],"max_hp_gain":0,"max_hp_loss":0,"event_name":"MindBloom","floor":45,"gold_loss":0,"cards_upgraded":["Defend_G","Defend_G","Survivor","Adrenaline"]}],"is_beta":false,"boss_relics":[{"not_picked":["Black Star","White Beast Statue"],"picked":"Philosopher\u0027s Stone"},{"not_picked":["Eternal Feather","Empty Cage"],"picked":"Orrery"}],"items_purged_floors":[7,13,20,38],"is_endless":false,"potions_floor_spawned":[2,6,16,18,22,30,33,35,47],"ascension_level":0}