{"gold_per_floor":[114,125,144,124,135,135,162,162,162,180,105,115,15,15,15,15],"floor_reached":16,"playtime":338,"items_purged":["Strike_R","Strike_R"],"score":204,"play_id":"cbd465a6-174a-4805-bde4-244ae4f8c042","local_time":"20190724075646","is_ascension_mode":true,"campfire_choices":[{"data":"Armaments","floor":6.0,"key":"SMITH"},{"data":"Rampage","floor":8.0,"key":"SMITH"},{"data":"Evolve","floor":15.0,"key":"SMITH"}],"neow_cost":"NONE","seed_source_timestamp":453158445183000,"circlet_count":0,"master_deck":["AscendersBane","Strike_R","Strike_R","Strike_R","Defend_R","Defend_R","Defend_R","Defend_R","Bash","Evolve+1","Rampage+1","Armaments+1","Feel No Pain","True Grit","Decay"],"special_seed":0,"relics":["Burning Blood","NeowsBlessing","Paper Frog","Blue Candle"],"potions_floor_usage":[16],"damage_taken":[{"damage":0.0,"enemies":"Cultist","floor":1.0,"turns":1.0},{"damage":0.0,"enemies":"2 Louse","floor":2.0,"turns":1.0},{"damage":0.0,"enemies":"Small Slimes","floor":3.0,"turns":1.0},{"damage":24.0,"enemies":"Red Slaver","floor":5.0,"turns":4.0},{"damage":24.0,"enemies":"3 Sentries","floor":7.0,"turns":8.0},{"damage":30.0,"enemies":"Gremlin Gang","floor":10.0,"turns":8.0},{"damage":5.0,"enemies":"Exordium Wildlife","floor":12.0,"turns":4.0},{"damage":23,"enemies":"Slime Boss","floor":16,"turns":3}],"seed_played":"-9219210643394075451","potions_obtained":[{"floor":3.0,"key":"Strength Potion"},{"floor":4.0,"key":"Ancient Potion"},{"floor":7.0,"key":"PowerPotion"}],"is_trial":false,"path_per_floor":["M","M","M","?","M","R","E","R","T","M","$","M","$","?","R","B"],"character_chosen":"IRONCLAD","items_purchased":[],"campfire_rested":0,"item_purchase_floors":[],"current_hp_per_floor":[74,75,75,75,57,57,39,39,39,15,15,16,16,16,16,0],"gold":15,"neow_bonus":"THREE_ENEMY_KILL","is_prod":false,"is_daily":false,"chose_seed":false,"campfire_upgraded":3,"win_rate":0,"timestamp":1563926206,"path_taken":["M","M","?","?","?","R","E","R","T","M","?","M","$","?","R","BOSS"],"build_version":"2019-07-17","purchased_purges":2,"victory":false,"max_hp_per_floor":[75,75,75,75,75,75,75,75,75,75,75,75,75,75,75,75],"card_choices":[{"not_picked":["Twin Strike","Armaments"],"picked":"Evolve","floor":1.0},{"not_picked":["Flex","Shrug It Off"],"picked":"Rampage","floor":2.0},{"not_picked":["Cleave","Rampage"],"picked":"Armaments","floor":3.0},{"not_picked":["Clash","Perfected Strike"],"picked":"Feel No Pain","floor":5.0},{"not_picked":["Heavy Blade","Reckless Charge","Twin Strike"],"picked":"SKIP","floor":7.0},{"not_picked":["Disarm","Thunderclap","Reaper"],"picked":"SKIP","floor":10.0},{"not_picked":["Combust","Clothesline"],"picked":"True Grit","floor":12.0}],"player_experience":679990,"relics_obtained":[{"floor":7.0,"key":"Paper Frog"},{"floor":9.0,"key":"Blue Candle"}],"event_choices":[{"damage_healed":0.0,"max_hp_gain":0.0,"max_hp_loss":0.0,"gold_gain":0.0,"event_name":"The Woman in Blue","player_choice":"Bought 1 Potion","floor":4.0,"gold_loss":0.0,"damage_taken":0.0},{"damage_healed":0.0,"max_hp_gain":0.0,"max_hp_loss":0.0,"gold_gain":0.0,"event_name":"Wheel of Change","player_choice":"Cursed","floor":14.0,"gold_loss":0.0,"damage_taken":0.0,"cards_obtained":["Decay"]}],"is_beta":false,"boss_relics":[],"items_purged_floors":[11,13],"is_endless":false,"potions_floor_spawned":[3,5,7,10],"killed_by":"Slime Boss","ascension_level":20}