{"gold_per_floor":[118,135,135,145,155,155,185,185,185,185,185],"floor_reached":11,"playtime":253,"items_purged":[],"score":146,"play_id":"e2bc9a92-7e2f-4e01-9582-75dcd47ba3d7","local_time":"20190130150906","is_ascension_mode":true,"campfire_choices":[{"data":"Neutralize","floor":6,"key":"SMITH"},{"data":"Setup","floor":10,"key":"SMITH"}],"neow_cost":"NONE","seed_source_timestamp":21036207794839,"circlet_count":0,"master_deck":["AscendersBane","Defend_G","Defend_G","Defend_G","Defend_G","Defend_G","Strike_G","Strike_G","Strike_G","Strike_G","Survivor","Neutralize+1","Dash","Endless Agony","Grand Finale","Endless Agony","Setup+1"],"relics":["Ring of the Snake","NeowsBlessing","Paper Crane","Kunai"],"potions_floor_usage":[11],"damage_taken":[{"damage":0,"enemies":"Cultist","floor":1,"turns":1},{"damage":0,"enemies":"Jaw Worm","floor":2,"turns":1},{"damage":0,"enemies":"2 Louse","floor":4,"turns":1},{"damage":18,"enemies":"Exordium Thugs","floor":5,"turns":7},{"damage":36,"enemies":"Gremlin Nob","floor":7,"turns":5},{"damage":1,"enemies":"Large Slime","floor":11,"turns":8}],"seed_played":"-9013512487915624073","potions_obtained":[{"floor":7,"key":"PowerPotion"}],"is_trial":false,"path_per_floor":["M","M","?","M","M","R","E","?","T","R","M"],"character_chosen":"THE_SILENT","items_purchased":[],"campfire_rested":0,"item_purchase_floors":[],"current_hp_per_floor":[59,59,59,59,41,41,5,5,5,5,4],"gold":185,"neow_bonus":"THREE_ENEMY_KILL","is_prod":false,"is_daily":false,"chose_seed":false,"campfire_upgraded":2,"win_rate":0,"timestamp":1548832146,"path_taken":["M","M","?","M","M","R","E","?","T","R","M"],"build_version":"2019-01-23","purchased_purges":0,"victory":false,"max_hp_per_floor":[66,66,66,66,66,66,66,66,66,66,66],"card_choices":[{"not_picked":["Outmaneuver","PiercingWail"],"picked":"Dash","floor":1},{"not_picked":["Finisher","Cloak And Dagger"],"picked":"Endless Agony","floor":2},{"not_picked":["Slice","Poisoned Stab"],"picked":"Endless Agony","floor":4},{"not_picked":["Dash","Heel Hook","Accuracy"],"picked":"SKIP","floor":5},{"not_picked":["Blade Dance","Cloak And Dagger"],"picked":"Setup","floor":7}],"player_experience":1389741,"relics_obtained":[{"floor":7,"key":"Paper Crane"},{"floor":9,"key":"Kunai"}],"event_choices":[{"damage_healed":0,"gold_gain":0,"cards_transformed":["Strike_G"],"player_choice":"Change","damage_taken":0,"max_hp_gain":0,"max_hp_loss":0,"event_name":"Living Wall","floor":3,"gold_loss":0,"cards_obtained":["Grand Finale"]},{"damage_healed":0,"gold_gain":0,"player_choice":"Ignored","damage_taken":0,"max_hp_gain":0,"max_hp_loss":0,"event_name":"Liars Game","floor":8,"gold_loss":0}],"is_beta":true,"boss_relics":[],"items_purged_floors":[],"is_endless":false,"potions_floor_spawned":[7],"killed_by":"Large Slime","ascension_level":20}