{"path_per_floor":["M","$","?","M","M","R","$","R","T","R","E","M","M","M","R","B",null,"M","?","$","?","M","R","E","M","T","M","R","M","M","E","R"],"character_chosen":"DEFECT","items_purchased":["Capacitor","Steam","Sunder"],"gold_per_floor":[119,97,97,116,136,136,15,15,84,84,116,130,147,165,165,266,266,280,280,112,139,150,150,177,191,241,259,259,277,290,322,322,322],"floor_reached":33,"campfire_rested":1,"playtime":2387,"item_purchase_floors":[2,7,20],"current_hp_per_floor":[75,75,68,62,60,60,60,60,60,60,42,46,48,48,48,39,75,75,75,75,62,52,52,38,38,38,38,75,65,65,65,65,0],"items_purged":["Defend_B","Defend_B"],"gold":322,"score":314,"play_id":"12fcfa2b-ccd4-4a97-9b08-cacd131cdf8a","local_time":"20180525201428","is_prod":false,"is_daily":false,"chose_seed":false,"is_ascension_mode":false,"campfire_upgraded":6,"win_rate":0,"timestamp":1527272068,"campfire_choices":[{"data":"Zap","floor":6,"key":"SMITH"},{"data":"Buffer","floor":8,"key":"SMITH"},{"data":"Auto Shields","floor":10,"key":"SMITH"},{"data":"Coolheaded","floor":15,"key":"SMITH"},{"data":"Echo Form","floor":23,"key":"SMITH"},{"floor":28,"key":"REST"},{"data":"Chaos","floor":32,"key":"SMITH"}],"path_taken":["M","$","?","?","M","R","?","R","T","R","E","?","M","M","R","BOSS","M","?","?","?","M","R","E","M","T","M","R","M","M","E","R","BOSS"],"build_version":"2018-05-24","seed_source_timestamp":4726224719683,"purchased_purges":2,"victory":false,"master_deck":["Strike_B","Strike_B","Defend_B","Defend_B","Zap+1","Dualcast","Buffer+1","Rebound","Capacitor","Auto Shields+1","Turbo","Steam","Coolheaded+1","Skim","Melter","Meteor Strike","Capacitor","Sweeping Beam","Sunder","Echo Form+1","Turbo","Machine Learning","Conserve Battery","Chaos+1"],"max_hp_per_floor":[75,75,75,75,75,75,75,75,75,75,75,75,75,75,75,75,75,75,75,75,75,75,75,75,75,75,75,75,75,75,75,75,75],"relics":["Cracked Core","Meat on the Bone","Lantern","Sozu","Red Mask","Regal Pillow","Pen Nib","Symbiotic Virus"],"card_choices":[{"not_picked":["Heatsinks","Sweeping Beam"],"picked":"Rebound","floor":1},{"not_picked":["Streamline","Redo"],"picked":"Auto Shields","floor":4},{"not_picked":["Blizzard","Heatsinks"],"picked":"Turbo","floor":5},{"not_picked":["Stack","Auto Shields","Hologram"],"picked":"SKIP","floor":11},{"not_picked":["Barrage","Redo"],"picked":"Coolheaded","floor":12},{"not_picked":["White Noise","Scrape"],"picked":"Skim","floor":13},{"not_picked":["Reinforced Body","Static Discharge"],"picked":"Melter","floor":14},{"not_picked":["Amplify","Seek"],"picked":"Meteor Strike","floor":16},{"not_picked":["Turbo","Melter"],"picked":"Capacitor","floor":18},{"not_picked":["Stack","BootSequence+1"],"picked":"Echo Form","floor":21},{"not_picked":["Sunder","Ball Lightning"],"picked":"Turbo","floor":22},{"not_picked":["Go for the Eyes","Core Surge"],"picked":"Machine Learning","floor":24},{"not_picked":["Rebound","Redo","Stack+1"],"picked":"SKIP","floor":25},{"not_picked":["Rebound","Compile Driver"],"picked":"Conserve Battery","floor":27},{"not_picked":["Steam","Beam Cell"],"picked":"Chaos","floor":29},{"not_picked":["Go for the Eyes","Steam+1","Capacitor"],"picked":"SKIP","floor":30},{"not_picked":["Compile Driver","Machine Learning","Coolheaded"],"picked":"SKIP","floor":31}],"player_experience":53052,"potions_floor_usage":[16,24],"damage_taken":[{"damage":0,"enemies":"Cultist","floor":1,"turns":4},{"damage":6,"enemies":"Jaw Worm","floor":4,"turns":4},{"damage":2,"enemies":"2 Louse","floor":5,"turns":3},{"damage":30,"enemies":"Gremlin Nob","floor":11,"turns":6},{"damage":8,"enemies":"Red Slaver","floor":12,"turns":3},{"damage":10,"enemies":"Looter","floor":13,"turns":2},{"damage":0,"enemies":"Exordium Thugs","floor":14,"turns":4},{"damage":36,"enemies":"The Guardian","floor":16,"turns":14},{"damage":0,"enemies":"Spheric Guardian","floor":18,"turns":1},{"damage":13,"enemies":"Masked Bandits","floor":21,"turns":5},{"damage":10,"enemies":"3 Byrds","floor":22,"turns":5},{"damage":26,"enemies":"Book of Stabbing","floor":24,"turns":5},{"damage":0,"enemies":"Snake Plant","floor":25,"turns":3},{"damage":0,"enemies":"Cultist and Chosen","floor":27,"turns":6},{"damage":10,"enemies":"Chosen and Byrds","floor":29,"turns":8},{"damage":0,"enemies":"Sentry and Sphere","floor":30,"turns":3},{"damage":0,"enemies":"Gremlin Leader","floor":31,"turns":8},{"damage":74,"enemies":"Collector","floor":33,"turns":7}],"relics_obtained":[{"floor":9,"key":"Meat on the Bone"},{"floor":11,"key":"Lantern"},{"floor":21,"key":"Red Mask"},{"floor":24,"key":"Regal Pillow"},{"floor":26,"key":"Pen Nib"},{"floor":31,"key":"Symbiotic Virus"}],"event_choices":[{"event_name":"Golden Wing","player_choice":"Card Removal","floor":3,"damage_taken":0},{"event_name":"Transmorgrifier","player_choice":"Transform","floor":19,"damage_taken":0},{"event_name":"Masked Bandits","player_choice":"Fought over 112 gold","floor":21,"damage_taken":0}],"boss_relics":[{"not_picked":["Astrolabe","Lizard Tail"],"picked":"Sozu"}],"items_purged_floors":[7,20],"potions_floor_spawned":[5,12,16,18,25,30],"seed_played":"5592673661776905527","killed_by":"Collector","ascension_level":0,"potions_obtained":[{"floor":5,"key":"Strength Potion"},{"floor":12,"key":"Regen Potion"},{"floor":16,"key":"GamblersBrew"}],"is_trial":false}