{"gold_per_floor":[116,41,91,5,16,16,70,70,96,96,109,9,9,22,22,98,98,113,38,56,76,76],"floor_reached":22,"playtime":766,"items_purged":["Strike_G","Strike_G"],"score":498,"play_id":"301e5792-4f76-4ba0-876d-d1fa518aa115","local_time":"20190326200110","is_ascension_mode":true,"campfire_choices":[{"data":"Bouncing Flask","floor":6.0,"key":"SMITH"},{"data":"Prepared","floor":8.0,"key":"SMITH"},{"data":"Deadly Poison","floor":13.0,"key":"SMITH"},{"data":"Neutralize","floor":15.0,"key":"SMITH"}],"neow_cost":"PERCENT_DAMAGE","seed_source_timestamp":35507053254164,"circlet_count":0,"master_deck":["AscendersBane","Defend_G","Defend_G","Defend_G","Defend_G","Defend_G","Strike_G","Survivor","Neutralize+1","Prepared+1","Bouncing Flask+1","Deadly Poison+1","Corpse Explosion","Acrobatics"],"special_seed":0,"relics":["Ring of the Serpent","Oddly Smooth Stone","Pen Nib","Centennial Puzzle"],"potions_floor_usage":[21],"damage_taken":[{"damage":3.0,"enemies":"Cultist","floor":1.0,"turns":4.0},{"damage":1.0,"enemies":"Small Slimes","floor":5.0,"turns":5.0},{"damage":0.0,"enemies":"Jaw Worm","floor":11.0,"turns":3.0},{"damage":0.0,"enemies":"Exordium Wildlife","floor":14.0,"turns":3.0},{"damage":0.0,"enemies":"The Guardian","floor":16.0,"turns":8.0},{"damage":0.0,"enemies":"Spheric Guardian","floor":18.0,"turns":2.0},{"damage":20,"enemies":"2 Thieves","floor":20,"turns":3},{"damage":36,"enemies":"Chosen and Byrds","floor":21,"turns":6},{"damage":4,"enemies":"Snake Plant","floor":22,"turns":4}],"seed_played":"9203625236641661354","potions_obtained":[{"floor":1.0,"key":"PowerPotion"},{"floor":18.0,"key":"SkillPotion"}],"is_trial":false,"path_per_floor":["M","$","?","$","M","R","T","R","T","?","M","$","R","M","R","B",null,"M","?","M","M","M"],"character_chosen":"THE_SILENT","items_purchased":["Bouncing Flask"],"campfire_rested":0,"item_purchase_floors":[4],"current_hp_per_floor":[41,41,41,41,40,40,40,40,40,35,35,35,35,35,35,35,58,58,58,38,2,0],"gold":76,"neow_bonus":"TRANSFORM_TWO_CARDS","is_prod":false,"is_daily":false,"chose_seed":false,"campfire_upgraded":4,"win_rate":0,"timestamp":1553601670,"path_taken":["M","$","?","?","?","R","?","R","T","?","M","?","R","M","R","BOSS","M","?","M","M","M"],"build_version":"2019-01-23","purchased_purges":2,"victory":false,"max_hp_per_floor":[66,66,66,66,66,66,66,66,66,66,66,66,66,66,66,66,66,66,66,66,66,66],"card_choices":[{"not_picked":["Leg Sweep","PiercingWail","Flying Knee"],"picked":"SKIP","floor":1.0},{"not_picked":["Expertise","Quick Slash","Dodge and Roll"],"picked":"SKIP","floor":5.0},{"not_picked":["Dagger Spray","Heel Hook"],"picked":"Deadly Poison","floor":11.0},{"not_picked":["Predator","Bane","Flying Knee"],"picked":"SKIP","floor":14.0},{"not_picked":["Phantasmal Killer","Envenom"],"picked":"Corpse Explosion","floor":16.0},{"not_picked":["Poisoned Stab","Masterful Stab","Noxious Fumes"],"picked":"SKIP","floor":18.0},{"not_picked":["Deadly Poison+1","Dodge and Roll"],"picked":"Acrobatics","floor":20},{"not_picked":["Accuracy+1","Flying Knee","Heel Hook"],"picked":"SKIP","floor":21}],"player_experience":1487206,"relics_obtained":[{"floor":7.0,"key":"Oddly Smooth Stone"},{"floor":9.0,"key":"Pen Nib"}],"event_choices":[{"damage_healed":0.0,"max_hp_gain":0.0,"max_hp_loss":0.0,"gold_gain":50.0,"event_name":"Golden Shrine","player_choice":"Pray","floor":3.0,"gold_loss":0.0,"damage_taken":0.0},{"damage_healed":0.0,"max_hp_gain":0.0,"max_hp_loss":0.0,"gold_gain":0.0,"event_name":"Scrap Ooze","player_choice":"Success","floor":10.0,"gold_loss":0.0,"damage_taken":5.0,"relics_obtained":["Centennial Puzzle"]},{"cards_removed":["Riddle With Holes"],"damage_healed":0.0,"max_hp_gain":0.0,"max_hp_loss":0.0,"gold_gain":0.0,"event_name":"Beggar","player_choice":"Gave Gold","floor":19.0,"gold_loss":75.0,"damage_taken":0.0}],"is_beta":false,"boss_relics":[{"not_picked":["HoveringKite","WristBlade"],"picked":"Ring of the Serpent"}],"items_purged_floors":[2,12],"is_endless":false,"potions_floor_spawned":[1,18],"killed_by":"Snake Plant","ascension_level":20}