{"gold_per_floor":[114,90,106,120,41,41,61,61,61,71,87,105,105,30,30,130,130,149,163,38,55,55,87,186,101,101,112,112,124,124,124],"floor_reached":31,"playtime":2014,"items_purged":["Strike_G"],"score":249,"play_id":"bddeec37-3ab7-4eac-bd79-494fe26dfba8","local_time":"20181125114244","is_ascension_mode":false,"campfire_choices":[{"data":"Acrobatics","floor":6.0,"key":"SMITH"},{"data":"Concentrate","floor":8.0,"key":"SMITH"},{"data":"Poisoned Stab","floor":13.0,"key":"SMITH"},{"data":"Neutralize","floor":15.0,"key":"SMITH"},{"data":"Catalyst","floor":28.0,"key":"SMITH"},{"data":"Tactician","floor":30.0,"key":"SMITH"}],"neow_cost":"NONE","seed_source_timestamp":9033478182276,"circlet_count":0,"master_deck":["Defend_G","Defend_G","Defend_G","Defend_G","Defend_G","Strike_G","Strike_G","Strike_G","Strike_G","Survivor","Neutralize+1","Acrobatics+1","Backflip","Concentrate+1","Dagger Throw","Poisoned Stab+1","Tactician+1","Night Terror","Escape Plan","Backflip","Tactician","Catalyst+1","Bouncing Flask+1"],"special_seed":0,"relics":["Cursed Key","Coffee Dripper","Toxic Egg 2","Frozen Egg 2"],"potions_floor_usage":[],"damage_taken":[{"damage":0.0,"enemies":"Cultist","floor":1.0,"turns":4.0},{"damage":0.0,"enemies":"Jaw Worm","floor":3.0,"turns":4.0},{"damage":0.0,"enemies":"Small Slimes","floor":4.0,"turns":5.0},{"damage":0.0,"enemies":"Exordium Wildlife","floor":7.0,"turns":8.0},{"damage":0.0,"enemies":"Looter","floor":10.0,"turns":3.0},{"damage":1.0,"enemies":"Exordium Thugs","floor":11.0,"turns":6.0},{"damage":2.0,"enemies":"Exordium Wildlife","floor":12.0,"turns":4.0},{"damage":41.0,"enemies":"Hexaghost","floor":16.0,"turns":12.0},{"damage":0.0,"enemies":"3 Byrds","floor":18.0,"turns":6.0},{"damage":2.0,"enemies":"Shell Parasite","floor":19.0,"turns":6.0},{"damage":36.0,"enemies":"Cultist and Chosen","floor":21.0,"turns":10.0},{"damage":8.0,"enemies":"Colosseum Slavers","floor":22.0,"turns":8.0},{"damage":19.0,"enemies":"Gremlin Leader","floor":23.0,"turns":6.0},{"damage":1.0,"enemies":"Centurion and Healer","floor":27.0,"turns":13.0},{"damage":0.0,"enemies":"Snecko","floor":29.0,"turns":8.0},{"damage":5,"enemies":"Snake Plant","floor":31,"turns":2}],"seed_played":"-3823394606645112569","potions_obtained":[{"floor":1.0,"key":"Dexterity Potion"},{"floor":7.0,"key":"Swift Potion"},{"floor":10.0,"key":"PowerPotion"},{"floor":18.0,"key":"SpeedPotion"},{"floor":19.0,"key":"SpeedPotion"},{"floor":21.0,"key":"Ancient Potion"}],"is_trial":false,"path_per_floor":["M","$","M","M","$","R","M","R","T","M","M","M","R","$","R","B",null,"M","M","$","M","?","E","?","?","T","M","R","M","R","M"],"character_chosen":"THE_SILENT","items_purchased":["Acrobatics","Concentrate","Backflip","Tactician"],"campfire_rested":0,"item_purchase_floors":[2,5,20,20],"current_hp_per_floor":[70,70,70,70,70,70,70,70,70,70,69,67,67,67,67,26,70,70,68,68,32,24,5,5,5,5,4,4,4,4,0],"gold":124,"neow_bonus":"BOSS_RELIC","is_prod":false,"is_daily":false,"chose_seed":false,"campfire_upgraded":6,"win_rate":0,"timestamp":1543117364,"path_taken":["M","$","M","M","$","R","M","R","T","M","?","M","R","?","R","BOSS","M","M","$","M","?","E","?","?","T","?","R","M","R","M"],"build_version":"2018-11-15","purchased_purges":1,"victory":false,"max_hp_per_floor":[70,70,70,70,70,70,70,70,70,70,70,70,70,70,70,70,70,70,70,70,70,70,70,70,70,70,70,70,70,70,70],"card_choices":[{"not_picked":["Heel Hook","Eviscerate","Slice"],"picked":"SKIP","floor":1.0},{"not_picked":["Distraction","Infinite Blades"],"picked":"Backflip","floor":3.0},{"not_picked":["Sucker Punch","Blade Dance","Dagger Spray"],"picked":"SKIP","floor":4.0},{"not_picked":["Doppelganger","Slice","Masterful Stab"],"picked":"SKIP","floor":7.0},{"not_picked":["Endless Agony","Cloak And Dagger"],"picked":"Dagger Throw","floor":10.0},{"not_picked":["Backstab","Outmaneuver"],"picked":"Poisoned Stab","floor":11.0},{"not_picked":["Flying Knee","Prepared"],"picked":"Tactician","floor":12.0},{"not_picked":["Storm of Steel","Phantasmal Killer"],"picked":"Night Terror","floor":16.0},{"not_picked":["Blade Dance","Deadly Poison"],"picked":"Escape Plan","floor":18.0},{"not_picked":["Slice","Dodge and Roll","Blade Dance"],"picked":"SKIP","floor":19.0},{"not_picked":["Quick Slash","Masterful Stab"],"picked":"Catalyst","floor":21.0},{"not_picked":["Underhanded Strike","Flechettes","Choke"],"picked":"SKIP","floor":23.0},{"not_picked":["Unload","Backstab+1","Blade Dance+1"],"picked":"SKIP","floor":27.0},{"not_picked":["Dagger Throw","Blade Dance+1"],"picked":"Bouncing Flask+1","floor":29.0}],"player_experience":1181661,"relics_obtained":[{"floor":23.0,"key":"Toxic Egg 2"}],"event_choices":[{"damage_healed":0.0,"max_hp_gain":0.0,"max_hp_loss":0.0,"gold_gain":0.0,"event_name":"Colosseum","player_choice":"Fight","floor":22.0,"gold_loss":0.0,"damage_taken":0.0},{"damage_healed":0.0,"max_hp_gain":0.0,"max_hp_loss":0.0,"gold_gain":0.0,"event_name":"Colosseum","player_choice":"Fled From Nobs","floor":22.0,"gold_loss":0.0,"damage_taken":0.0},{"damage_healed":0.0,"max_hp_gain":0.0,"max_hp_loss":0.0,"gold_gain":99.0,"event_name":"Nest","player_choice":"Stole From Cult","floor":24.0,"gold_loss":0.0,"damage_taken":0.0},{"damage_healed":0.0,"max_hp_gain":0.0,"max_hp_loss":0.0,"gold_gain":0.0,"event_name":"Addict","player_choice":"Obtained Relic","floor":25.0,"gold_loss":85.0,"damage_taken":0.0,"relics_obtained":["Frozen Egg 2"]}],"is_beta":false,"boss_relics":[{"not_picked":["Philosopher\u0027s Stone","HoveringKite"],"picked":"Coffee Dripper"}],"items_purged_floors":[14],"is_endless":false,"potions_floor_spawned":[1,7,10,18,19,21],"killed_by":"Snake Plant","ascension_level":0}