{"gold_per_floor":[119,133,46,46,60,60,74,74,74,94,107,87,12,0,0,79,79,99,118,118,138,138,138,163,163,163,163,213,231,231,151,151,228,228,240,240,240,240,256,256],"floor_reached":40,"playtime":1115,"items_purged":["Strike_G","Defend_G"],"score":938,"play_id":"161a91ae-7f59-4e7c-865e-af029a48cc5d","local_time":"20190702111757","is_ascension_mode":true,"campfire_choices":[{"data":"Deadly Poison","floor":6.0,"key":"SMITH"},{"data":"Neutralize","floor":8.0,"key":"SMITH"},{"data":"Catalyst","floor":15.0,"key":"SMITH"},{"data":"Burst","floor":23.0,"key":"SMITH"},{"data":"Leg Sweep","floor":27.0,"key":"SMITH"},{"data":"Deadly Poison","floor":30.0,"key":"SMITH"},{"data":"Backflip","floor":32.0,"key":"SMITH"}],"neow_cost":"NONE","seed_source_timestamp":316181425531100,"circlet_count":0,"master_deck":["AscendersBane","Defend_G","Defend_G","Defend_G","Defend_G","Survivor","Neutralize+1","Deadly Poison+1","Noxious Fumes+1","Blur","Backflip+1","Catalyst+1","After Image","Deadly Poison+1","PiercingWail","Burst+1","Leg Sweep+1","Acrobatics+1"],"special_seed":0,"relics":["Ring of the Snake","Orichalcum","Runic Dome","Kunai","The Courier","Black Star"],"potions_floor_usage":[40],"damage_taken":[{"damage":4.0,"enemies":"Cultist","floor":1.0,"turns":5.0},{"damage":1.0,"enemies":"Small Slimes","floor":2.0,"turns":4.0},{"damage":0.0,"enemies":"2 Louse","floor":5.0,"turns":4.0},{"damage":10.0,"enemies":"2 Fungi Beasts","floor":7.0,"turns":4.0},{"damage":11.0,"enemies":"Gremlin Gang","floor":10.0,"turns":6.0},{"damage":3.0,"enemies":"Blue Slaver","floor":11.0,"turns":6.0},{"damage":0.0,"enemies":"Looter","floor":14.0,"turns":4.0},{"damage":2.0,"enemies":"Hexaghost","floor":16.0,"turns":9.0},{"damage":15.0,"enemies":"3 Byrds","floor":18.0,"turns":5.0},{"damage":4.0,"enemies":"Chosen","floor":19.0,"turns":4.0},{"damage":19.0,"enemies":"Centurion and Healer","floor":21.0,"turns":5.0},{"damage":3.0,"enemies":"Book of Stabbing","floor":24.0,"turns":6.0},{"damage":0.0,"enemies":"Snake Plant","floor":29.0,"turns":6.0},{"damage":0.0,"enemies":"Automaton","floor":33.0,"turns":5.0},{"damage":14.0,"enemies":"3 Darklings","floor":35.0,"turns":5.0},{"damage":7.0,"enemies":"3 Shapes","floor":39.0,"turns":7.0},{"damage":34,"enemies":"Reptomancer","floor":40,"turns":2}],"seed_played":"5601129445485032733","potions_obtained":[{"floor":2.0,"key":"GhostInAJar"},{"floor":10.0,"key":"PowerPotion"},{"floor":21.0,"key":"Swift Potion"},{"floor":24.0,"key":"Strength Potion"},{"floor":39.0,"key":"Ancient Potion"}],"is_trial":false,"path_per_floor":["M","M","$","?","M","R","M","R","T","M","M","?","$","M","R","B",null,"M","M","?","M","?","R","E","?","T","R","?","M","R","$","R","B",null,"M","?","?","?","M","E"],"character_chosen":"THE_SILENT","items_purchased":["Noxious Fumes"],"campfire_rested":0,"item_purchase_floors":[3],"current_hp_per_floor":[55,54,54,54,54,54,44,44,44,33,30,30,30,30,30,28,57,42,38,38,19,19,19,16,16,16,16,16,16,16,16,16,16,54,40,40,40,40,33,0],"gold":256,"neow_bonus":"REMOVE_CARD","is_prod":false,"is_daily":false,"chose_seed":false,"campfire_upgraded":7,"win_rate":0,"timestamp":1562037477,"path_taken":["M","?","?","?","M","R","M","R","T","?","M","?","$","M","R","BOSS","M","?","?","M","?","R","E","?","T","R","?","?","R","$","R","BOSS","M","?","?","?","M","E"],"build_version":"2019-07-01","purchased_purges":2,"victory":false,"max_hp_per_floor":[66,66,66,66,66,66,66,66,66,66,66,66,66,66,66,66,66,66,66,66,66,66,66,66,66,66,66,66,66,66,66,66,66,66,66,63,63,63,63,63],"card_choices":[{"not_picked":["Blade Dance","Dagger Throw","Concentrate"],"picked":"SKIP","floor":1.0},{"not_picked":["Acrobatics","Crippling Poison"],"picked":"Deadly Poison","floor":2.0},{"not_picked":["Poisoned Stab","Endless Agony","PiercingWail"],"picked":"SKIP","floor":5.0},{"not_picked":["Choke","Crippling Poison","PiercingWail"],"picked":"SKIP","floor":7.0},{"not_picked":["Prepared","Blade Dance"],"picked":"Blur","floor":10.0},{"not_picked":["Setup","Distraction"],"picked":"Backflip","floor":11.0},{"not_picked":["Crippling Poison","Dagger Spray"],"picked":"Catalyst","floor":14.0},{"not_picked":["Doppelganger","Die Die Die"],"picked":"After Image","floor":16.0},{"not_picked":["Quick Slash","Caltrops"],"picked":"Deadly Poison","floor":18.0},{"not_picked":["Sucker Punch","Deadly Poison","Outmaneuver"],"picked":"SKIP","floor":19.0},{"not_picked":["All Out Attack","Slice"],"picked":"Leg Sweep","floor":21.0},{"not_picked":["PiercingWail","Malaise","Setup"],"picked":"SKIP","floor":24.0},{"not_picked":["Quick Slash","Sucker Punch","PiercingWail"],"picked":"SKIP","floor":29.0},{"not_picked":["Backflip+1","Leg Sweep","Concentrate"],"picked":"SKIP","floor":35.0},{"not_picked":["Dodge and Roll","Prepared"],"picked":"Acrobatics+1","floor":39.0}],"player_experience":639655,"relics_obtained":[{"floor":9.0,"key":"Orichalcum"},{"floor":24.0,"key":"Kunai"},{"floor":26.0,"key":"The Courier"}],"event_choices":[{"damage_healed":0.0,"max_hp_gain":0.0,"max_hp_loss":0.0,"gold_gain":0.0,"event_name":"Upgrade Shrine","player_choice":"Upgraded","floor":4.0,"gold_loss":0.0,"damage_taken":0.0,"cards_upgraded":["Noxious Fumes"]},{"damage_healed":0.0,"max_hp_gain":0.0,"max_hp_loss":0.0,"gold_gain":0.0,"event_name":"The Woman in Blue","player_choice":"Bought 1 Potion","floor":12.0,"gold_loss":0.0,"damage_taken":0.0},{"damage_healed":0.0,"max_hp_gain":0.0,"max_hp_loss":0.0,"gold_gain":0.0,"cards_transformed":["Strike_G","Strike_G"],"event_name":"Drug Dealer","player_choice":"Became Test Subject","floor":20.0,"gold_loss":0.0,"damage_taken":0.0,"cards_obtained":["PiercingWail","Burst"]},{"damage_healed":0.0,"max_hp_gain":0.0,"max_hp_loss":0.0,"gold_gain":0.0,"event_name":"The Mausoleum","player_choice":"Ignored","floor":22.0,"gold_loss":0.0,"damage_taken":0.0},{"cards_removed":["Strike_G"],"damage_healed":0.0,"max_hp_gain":0.0,"max_hp_loss":0.0,"gold_gain":0.0,"event_name":"Back to Basics","player_choice":"Elegance","floor":25.0,"gold_loss":0.0,"damage_taken":0.0},{"damage_healed":0.0,"max_hp_gain":0.0,"max_hp_loss":0.0,"gold_gain":100.0,"event_name":"The Joust","player_choice":"Bet on Murderer","floor":28.0,"gold_loss":50.0,"damage_taken":0.0},{"damage_healed":0.0,"max_hp_gain":0.0,"max_hp_loss":3.0,"gold_gain":0.0,"event_name":"Winding Halls","player_choice":"Max HP","floor":36.0,"gold_loss":0.0,"damage_taken":0.0},{"damage_healed":0.0,"max_hp_gain":0.0,"max_hp_loss":0.0,"gold_gain":0.0,"event_name":"Tomb of Lord Red Mask","player_choice":"Ignored","floor":37.0,"gold_loss":0.0,"damage_taken":0.0},{"damage_healed":0.0,"max_hp_gain":0.0,"max_hp_loss":0.0,"gold_gain":0.0,"event_name":"SecretPortal","player_choice":"Ignored","floor":38.0,"gold_loss":0.0,"damage_taken":0.0}],"is_beta":false,"boss_relics":[{"not_picked":["Calling Bell","Snecko Eye"],"picked":"Runic Dome"},{"not_picked":["Philosopher\u0027s Stone","Velvet Choker"],"picked":"Black Star"}],"items_purged_floors":[13,31],"is_endless":false,"potions_floor_spawned":[2,10,16,21,24,33,39],"killed_by":"Reptomancer","ascension_level":20}