{"gold_per_floor":[119,135,152,167,183,183,212,212,294,309,321,353,22,42,42,117,117,89,89,109,109,125,125,25,52,78,78,178,205,205,240,240,311,311,324,324,335,346,221,256,256,282,282,295,295,308,336,346,346,346,346,346,346,28,63,63],"floor_reached":57,"playtime":2181,"items_purged":["Strike_R","Strike_R","Bash"],"score":3303,"play_id":"6e89e908-6944-474f-b98c-666e39a50ce8","local_time":"20190602195820","is_ascension_mode":true,"campfire_choices":[{"data":"Whirlwind","floor":6.0,"key":"SMITH"},{"data":"Spot Weakness","floor":8.0,"key":"SMITH"},{"data":"Second Wind","floor":15.0,"key":"SMITH"},{"data":"Burning Pact","floor":23.0,"key":"SMITH"},{"data":"Evolve","floor":27.0,"key":"SMITH"},{"data":"Power Through","floor":32.0,"key":"SMITH"},{"data":"Limit Break","floor":41,"key":"SMITH"},{"floor":45,"key":"RECALL"},{"data":"Power Through","floor":49,"key":"SMITH"},{"data":"Second Wind","floor":53,"key":"SMITH"}],"neow_cost":"NONE","seed_source_timestamp":96134072538926,"circlet_count":0,"master_deck":["AscendersBane","Defend_R","Defend_R","Defend_R","Defend_R+1","Flame Barrier","Spot Weakness+1","Shrug It Off","Whirlwind+1","Second Wind+1","Evolve+1","Fiend Fire+1","Second Wind+1","Intimidate+1","Burning Pact+1","Power Through+1","Power Through+1","Second Wind+1","Limit Break","Master of Strategy+1","Limit Break+1","Second Wind"],"special_seed":0,"relics":["Burning Blood","NeowsBlessing","Bag of Preparation","Singing Bowl","Nunchaku","Omamori","Astrolabe","Necronomicon","Juzu Bracelet","Vajra","Mango","Self Forming Clay","Red Skull","Potion Belt","Sozu","Art of War","War Paint","Lantern","Calipers","Orichalcum"],"potions_floor_usage":[56,56,56],"damage_taken":[{"damage":0.0,"enemies":"Cultist","floor":1.0,"turns":1.0},{"damage":0.0,"enemies":"2 Louse","floor":2.0,"turns":1.0},{"damage":0.0,"enemies":"Small Slimes","floor":3.0,"turns":1.0},{"damage":12.0,"enemies":"Blue Slaver","floor":4.0,"turns":5.0},{"damage":12.0,"enemies":"Large Slime","floor":5.0,"turns":6.0},{"damage":28.0,"enemies":"Lagavulin","floor":7.0,"turns":7.0},{"damage":4.0,"enemies":"Looter","floor":10.0,"turns":4.0},{"damage":0.0,"enemies":"2 Fungi Beasts","floor":11.0,"turns":2.0},{"damage":40.0,"enemies":"Gremlin Nob","floor":12.0,"turns":5.0},{"damage":2.0,"enemies":"Exordium Thugs","floor":14.0,"turns":3.0},{"damage":12.0,"enemies":"Slime Boss","floor":16.0,"turns":7.0},{"damage":0.0,"enemies":"2 Thieves","floor":18.0,"turns":4.0},{"damage":8.0,"enemies":"Chosen","floor":20.0,"turns":6.0},{"damage":13.0,"enemies":"Sentry and Sphere","floor":22.0,"turns":4.0},{"damage":5.0,"enemies":"Slavers","floor":25.0,"turns":3.0},{"damage":0.0,"enemies":"Colosseum Slavers","floor":28.0,"turns":1.0},{"damage":1.0,"enemies":"Colosseum Nobs","floor":28.0,"turns":4.0},{"damage":20.0,"enemies":"Book of Stabbing","floor":29.0,"turns":5.0},{"damage":0.0,"enemies":"Gremlin Leader","floor":31.0,"turns":4.0},{"damage":23,"enemies":"Automaton","floor":33,"turns":8},{"damage":0,"enemies":"Orb Walker","floor":35,"turns":4},{"damage":0,"enemies":"3 Darklings","floor":37,"turns":1},{"damage":14,"enemies":"Writhing Mass","floor":38,"turns":4},{"damage":0,"enemies":"Nemesis","floor":40,"turns":9},{"damage":0,"enemies":"Reptomancer","floor":42,"turns":4},{"damage":27,"enemies":"Transient","floor":44,"turns":6},{"damage":0,"enemies":"Maw","floor":46,"turns":5},{"damage":0,"enemies":"Giant Head","floor":47,"turns":9},{"damage":0,"enemies":"Spire Growth","floor":48,"turns":8},{"damage":0,"enemies":"Donu and Deca","floor":50,"turns":5},{"damage":62,"enemies":"Awakened One","floor":51,"turns":6},{"damage":21,"enemies":"Shield and Spear","floor":55,"turns":6},{"damage":0,"enemies":"The Heart","floor":56,"turns":11}],"seed_played":"-1587250292094886566","potions_obtained":[{"floor":1.0,"key":"EntropicBrew"},{"floor":2.0,"key":"Strength Potion"},{"floor":10.0,"key":"SteroidPotion"},{"floor":20.0,"key":"EssenceOfSteel"},{"floor":22.0,"key":"FearPotion"},{"floor":25.0,"key":"Weak Potion"},{"floor":29.0,"key":"Block Potion"},{"floor":31.0,"key":"PowerPotion"}],"is_trial":false,"path_per_floor":["M","M","M","M","M","R","E","R","T","M","M","E","$","M","R","B",null,"M","$","M","?","M","R","$","E","T","R","?","E","?","E","R","B",null,"M","?","M","M","$","E","R","E","T","M","R","M","E","M","R","B","B",null,"R","$","E","B",null],"character_chosen":"IRONCLAD","items_purchased":["Evolve","Omamori","Calipers"],"campfire_rested":0,"item_purchase_floors":[13,13,54],"current_hp_per_floor":[74,75,75,69,63,63,41,41,41,43,51,19,19,25,25,21,68,76,76,74,53,48,48,48,49,49,49,74,62,31,37,37,20,86,94,88,96,90,90,96,96,104,104,85,85,93,101,109,109,115,59,111,111,111,96,102],"gold":63,"neow_bonus":"THREE_ENEMY_KILL","is_prod":false,"is_daily":false,"chose_seed":false,"campfire_upgraded":9,"win_rate":0,"timestamp":1559476700,"path_taken":["M","?","M","?","M","R","E","R","T","M","M","E","$","M","R","BOSS","M","$","M","?","M","R","$","E","T","R","?","E","?","E","R","BOSS","M","?","M","M","$","E","R","E","T","M","R","M","E","M","R","BOSS","BOSS","R","$","E","BOSS"],"build_version":"2019-01-23","purchased_purges":3,"victory":true,"max_hp_per_floor":[75,75,75,75,75,75,75,75,75,75,77,79,79,81,81,83,83,85,85,85,85,87,87,87,87,87,87,101,103,108,108,108,108,108,110,114,116,118,118,118,118,120,120,122,122,124,126,128,128,128,128,128,128,128,128,128],"card_choices":[{"not_picked":["Cleave","Sever Soul"],"picked":"Flame Barrier","floor":1.0},{"not_picked":["True Grit","Wild Strike"],"picked":"Spot Weakness","floor":2.0},{"not_picked":["Corruption","Cleave"],"picked":"Shrug It Off","floor":3.0},{"not_picked":["Pummel","Ghostly Armor"],"picked":"Whirlwind","floor":4.0},{"not_picked":["Shrug It Off","Iron Wave","Pommel Strike"],"picked":"SKIP","floor":5.0},{"not_picked":["Immolate","Iron Wave","Whirlwind"],"picked":"SKIP","floor":7.0},{"not_picked":["Sentinel","Warcry"],"picked":"Second Wind","floor":10.0},{"not_picked":["Thunderclap","Clothesline","Havoc"],"picked":"Singing Bowl","floor":11.0},{"not_picked":["Combust","Headbutt","Berserk"],"picked":"Singing Bowl","floor":12.0},{"not_picked":["True Grit","Twin Strike","Dropkick"],"picked":"Singing Bowl","floor":14.0},{"not_picked":["Brutality","Fiend Fire","Demon Form"],"picked":"Singing Bowl","floor":16.0},{"not_picked":["Spot Weakness","Sword Boomerang","Flame Barrier"],"picked":"Singing Bowl","floor":18.0},{"not_picked":["Twin Strike","Anger"],"picked":"Burning Pact","floor":20.0},{"not_picked":["Anger","Cleave","Clash+1"],"picked":"Singing Bowl","floor":22.0},{"not_picked":["Iron Wave","Anger"],"picked":"Power Through","floor":25.0},{"not_picked":["Dual Wield","Perfected Strike"],"picked":"Power Through","floor":28.0},{"not_picked":["Flex+1","Iron Wave","Headbutt"],"picked":"Singing Bowl","floor":29.0},{"not_picked":["Armaments","Reckless Charge"],"picked":"Second Wind","floor":31.0},{"not_picked":["Exhume","Impervious"],"picked":"Limit Break","floor":33},{"not_picked":["Ghostly Armor","Whirlwind","Iron Wave"],"picked":"Singing Bowl","floor":35},{"not_picked":["HandOfGreed","Jack Of All Trades","Good Instincts"],"picked":"Singing Bowl","floor":36},{"not_picked":["Dramatic Entrance","Jack Of All Trades","Swift Strike"],"picked":"Singing Bowl","floor":36},{"not_picked":["Thinking Ahead","Dark Shackles"],"picked":"Master of Strategy","floor":36},{"not_picked":["Sword Boomerang","Perfected Strike","Searing Blow"],"picked":"Singing Bowl","floor":37},{"not_picked":["Flex","Inflame","Anger"],"picked":"Singing Bowl","floor":38},{"not_picked":["Armaments","Reckless Charge+1"],"picked":"Limit Break","floor":40},{"not_picked":["Headbutt","Juggernaut","Spot Weakness"],"picked":"Singing Bowl","floor":42},{"not_picked":["Headbutt","Whirlwind","Clothesline"],"picked":"Singing Bowl","floor":44},{"not_picked":["Iron Wave","Blood for Blood","Spot Weakness"],"picked":"Singing Bowl","floor":46},{"not_picked":["Entrench","Feel No Pain","Spot Weakness"],"picked":"Singing Bowl","floor":47},{"not_picked":["Heavy Blade","Clash","Bloodletting+1"],"picked":"Singing Bowl","floor":48},{"not_picked":["Perfected Strike","Entrench"],"picked":"Second Wind","floor":55}],"player_experience":5013524,"relics_obtained":[{"floor":7.0,"key":"Bag of Preparation"},{"floor":9.0,"key":"Singing Bowl"},{"floor":12.0,"key":"Nunchaku"},{"floor":21.0,"key":"Necronomicon"},{"floor":25.0,"key":"Juzu Bracelet"},{"floor":26.0,"key":"Vajra"},{"floor":28.0,"key":"Mango"},{"floor":28.0,"key":"Self Forming Clay"},{"floor":29.0,"key":"Red Skull"},{"floor":31.0,"key":"Potion Belt"},{"floor":40,"key":"Art of War"},{"floor":42,"key":"War Paint"},{"floor":47,"key":"Lantern"},{"floor":55,"key":"Orichalcum"}],"event_choices":[{"damage_healed":0.0,"max_hp_gain":0.0,"max_hp_loss":0.0,"gold_gain":0.0,"event_name":"Cursed Tome","player_choice":"Obtained Book","floor":21.0,"gold_loss":0.0,"damage_taken":21.0},{"damage_healed":0.0,"max_hp_gain":0.0,"max_hp_loss":0.0,"gold_gain":0.0,"event_name":"Colosseum","player_choice":"Fight","floor":28.0,"gold_loss":0.0,"damage_taken":0.0},{"damage_healed":0.0,"max_hp_gain":0.0,"max_hp_loss":0.0,"gold_gain":0.0,"event_name":"Colosseum","player_choice":"Fought Nobs","floor":28.0,"gold_loss":0.0,"damage_taken":0.0},{"damage_healed":0.0,"max_hp_gain":5.0,"max_hp_loss":0.0,"gold_gain":0.0,"event_name":"Forgotten Altar","player_choice":"Shed Blood","floor":30.0,"gold_loss":0.0,"damage_taken":36.0},{"damage_healed":0,"gold_gain":0,"player_choice":"Memory 3","damage_taken":10,"max_hp_gain":0,"max_hp_loss":0,"event_name":"SensoryStone","floor":36,"gold_loss":0}],"is_beta":false,"boss_relics":[{"not_picked":["Empty Cage","Black Blood"],"picked":"Astrolabe"},{"not_picked":["Runic Cube","White Beast Statue"],"picked":"Sozu"}],"items_purged_floors":[13,24,39],"is_endless":false,"potions_floor_spawned":[1,2,3,4,10,20,22,25,29,31,37,44,47,55],"ascension_level":20}