{"gold_per_floor":[115,115,126,141,157,157,188,200,200,21,33,83,83,101,101,178,178,188,188,188,140,140],"floor_reached":22,"playtime":936,"items_purged":[],"score":376,"play_id":"f1aa7109-fd96-4510-b5d8-5df8813d25a3","local_time":"20190807132931","is_ascension_mode":true,"campfire_choices":[{"data":"Zap","floor":6.0,"key":"SMITH"},{"floor":13.0,"key":"REST"},{"data":"Echo Form","floor":15.0,"key":"SMITH"}],"neow_cost":"NONE","seed_source_timestamp":5572568711919,"circlet_count":0,"master_deck":["AscendersBane","Strike_B","Strike_B","Strike_B","Strike_B","Defend_B","Defend_B","Defend_B","Defend_B","Zap+1","Dualcast","Reinforced Body","Rebound","Cold Snap","Cold Snap","Defragment+1","Blizzard","Echo Form+1","Hologram","Echo Form","Electrodynamics","Shame","Static Discharge","Writhe","Undo"],"special_seed":0,"relics":["Cracked Core","Pear","Omamori","Pantograph","Calling Bell","Smiling Mask","Letter Opener","Torii","Mercury Hourglass"],"potions_floor_usage":[],"damage_taken":[{"damage":19.0,"enemies":"2 Louse","floor":1.0,"turns":3.0},{"damage":1.0,"enemies":"Cultist","floor":3.0,"turns":3.0},{"damage":0.0,"enemies":"Jaw Worm","floor":4.0,"turns":3.0},{"damage":17.0,"enemies":"Exordium Thugs","floor":5.0,"turns":4.0},{"damage":43.0,"enemies":"Gremlin Nob","floor":7.0,"turns":5.0},{"damage":4.0,"enemies":"Large Slime","floor":8.0,"turns":8.0},{"damage":0.0,"enemies":"Red Slaver","floor":11.0,"turns":3.0},{"damage":16.0,"enemies":"Exordium Wildlife","floor":14.0,"turns":5.0},{"damage":26.0,"enemies":"The Guardian","floor":16.0,"turns":11.0},{"damage":12,"enemies":"Chosen","floor":18,"turns":5},{"damage":40,"enemies":"2 Thieves","floor":21,"turns":5},{"damage":0,"enemies":"Cultist and Chosen","floor":22,"turns":1}],"seed_played":"-5708872326852943291","potions_obtained":[{"floor":1.0,"key":"Energy Potion"},{"floor":4.0,"key":"Regen Potion"},{"floor":5.0,"key":"SkillPotion"},{"floor":7.0,"key":"Energy Potion"}],"is_trial":false,"path_per_floor":["M","?","M","M","M","R","E","M","T","$","M","?","R","M","R","B",null,"M","?","?","M","M"],"character_chosen":"DEFECT","items_purchased":["Echo Form","Hologram"],"campfire_rested":1,"item_purchase_floors":[10,10],"current_hp_per_floor":[52,62,61,61,56,56,13,9,9,9,9,9,35,19,19,18,71,59,59,59,19,19],"gold":140,"neow_bonus":"TEN_PERCENT_HP_BONUS","is_prod":false,"is_daily":false,"chose_seed":false,"campfire_upgraded":2,"win_rate":0,"timestamp":1565177371,"path_taken":["M","?","M","M","M","R","E","?","T","$","?","?","R","M","R","BOSS","M","?","?","M","?"],"build_version":"2019-07-17","purchased_purges":0,"victory":false,"max_hp_per_floor":[78,88,88,88,88,88,88,88,88,88,88,88,88,88,88,88,88,88,88,88,88,88],"card_choices":[{"not_picked":["Loop","Hello World"],"picked":"Reinforced Body","floor":1.0},{"not_picked":["Beam Cell","Tempest"],"picked":"Rebound","floor":3.0},{"not_picked":["Hologram","Coolheaded"],"picked":"Cold Snap","floor":4.0},{"not_picked":["Reinforced Body","Turbo"],"picked":"Cold Snap","floor":5.0},{"not_picked":["Consume","Rebound"],"picked":"Defragment","floor":7.0},{"not_picked":["Stack","Streamline"],"picked":"Blizzard","floor":8.0},{"not_picked":["Consume","Hologram"],"picked":"Echo Form","floor":11.0},{"not_picked":["Hologram","Rip and Tear","Double Energy"],"picked":"SKIP","floor":14.0},{"not_picked":["Machine Learning","Hyperbeam"],"picked":"Electrodynamics","floor":16.0},{"not_picked":["Turbo","Cold Snap"],"picked":"Static Discharge","floor":18},{"not_picked":["Go for the Eyes","Beam Cell"],"picked":"Undo","floor":21}],"player_experience":825103,"relics_obtained":[{"floor":7.0,"key":"Omamori"},{"floor":9.0,"key":"Pantograph"},{"floor":17,"key":"Smiling Mask"},{"floor":17,"key":"Letter Opener"},{"floor":17,"key":"Torii"}],"event_choices":[{"damage_healed":0.0,"max_hp_gain":0.0,"max_hp_loss":0.0,"gold_gain":0.0,"event_name":"WeMeetAgain","player_choice":"Gave Potion","floor":2.0,"gold_loss":0.0,"damage_taken":0.0,"relics_obtained":["Pear"]},{"damage_healed":0.0,"max_hp_gain":0.0,"max_hp_loss":0.0,"gold_gain":50.0,"event_name":"Golden Shrine","player_choice":"Pray","floor":12.0,"gold_loss":0.0,"damage_taken":0.0},{"damage_healed":0,"gold_gain":0,"player_choice":"Opened","damage_taken":0,"relics_obtained":["Mercury Hourglass"],"max_hp_gain":0,"max_hp_loss":0,"event_name":"The Mausoleum","floor":19,"gold_loss":0,"cards_obtained":["Writhe"]},{"damage_healed":0,"gold_gain":0,"player_choice":"Upgraded","damage_taken":0,"max_hp_gain":0,"max_hp_loss":0,"event_name":"Upgrade Shrine","floor":20,"gold_loss":0,"cards_upgraded":["Defragment"]}],"is_beta":false,"boss_relics":[{"not_picked":["White Beast Statue","Ectoplasm"],"picked":"Calling Bell"}],"items_purged_floors":[],"is_endless":false,"potions_floor_spawned":[1,4,5,7,8],"killed_by":"Cultist and Chosen","ascension_level":20}