{"gold_per_floor":[113,133,58,58,75,75,95,111,111,129,156,156,166,181,181,181],"floor_reached":16,"playtime":440,"items_purged":["Strike_G"],"score":212,"play_id":"21d5a45a-4989-4d55-bd00-bcc7179d57d3","local_time":"20190731174307","is_ascension_mode":true,"campfire_choices":[{"data":"Neutralize","floor":6.0,"key":"SMITH"},{"data":"Crippling Poison","floor":12.0,"key":"SMITH"},{"data":"Purity","floor":15.0,"key":"SMITH"}],"neow_cost":"TEN_PERCENT_HP_LOSS","seed_source_timestamp":257278003741508,"circlet_count":0,"master_deck":["AscendersBane","Strike_G","Strike_G","Strike_G","Strike_G","Defend_G","Defend_G","Defend_G","Defend_G","Defend_G","Survivor","Neutralize+1","Dark Shackles","Purity+1","PiercingWail","Terror","All Out Attack","Dash","Crippling Poison+1","Bane"],"special_seed":0,"relics":["Ring of the Snake","CultistMask","Art of War"],"potions_floor_usage":[16],"damage_taken":[{"damage":2.0,"enemies":"Small Slimes","floor":1.0,"turns":5.0},{"damage":2.0,"enemies":"Cultist","floor":2.0,"turns":4.0},{"damage":2.0,"enemies":"Jaw Worm","floor":5.0,"turns":5.0},{"damage":4.0,"enemies":"Blue Slaver","floor":7.0,"turns":6.0},{"damage":2.0,"enemies":"2 Fungi Beasts","floor":8.0,"turns":3.0},{"damage":3.0,"enemies":"Looter","floor":10.0,"turns":4.0},{"damage":11.0,"enemies":"3 Sentries","floor":11.0,"turns":5.0},{"damage":0.0,"enemies":"3 Louse","floor":13.0,"turns":2.0},{"damage":0.0,"enemies":"Large Slime","floor":14.0,"turns":4.0},{"damage":37,"enemies":"Hexaghost","floor":16,"turns":9}],"seed_played":"1177615831878754147","potions_obtained":[{"floor":5.0,"key":"PowerPotion"},{"floor":7.0,"key":"Energy Potion"},{"floor":13.0,"key":"AttackPotion"}],"is_trial":false,"path_per_floor":["M","M","$","?","M","R","M","M","T","M","E","R","M","M","R","B"],"character_chosen":"THE_SILENT","items_purchased":[],"campfire_rested":0,"item_purchase_floors":[],"current_hp_per_floor":[57,55,55,55,53,53,49,47,47,44,33,33,33,33,33,0],"gold":181,"neow_bonus":"RANDOM_COLORLESS_2","is_prod":false,"is_daily":false,"chose_seed":false,"campfire_upgraded":3,"win_rate":0,"timestamp":1564562587,"path_taken":["M","M","$","?","M","R","M","?","T","M","E","R","M","M","R","BOSS"],"build_version":"2019-07-17","purchased_purges":1,"victory":false,"max_hp_per_floor":[60,60,60,60,60,60,60,60,60,60,60,60,60,60,60,60],"card_choices":[{"not_picked":["Accuracy","Underhanded Strike","Prepared"],"picked":"SKIP","floor":1.0},{"not_picked":["Underhanded Strike","Quick Slash"],"picked":"PiercingWail","floor":2.0},{"not_picked":["Backflip","Cloak And Dagger"],"picked":"Terror","floor":5.0},{"not_picked":["PiercingWail","All Out Attack","Leg Sweep"],"picked":"SKIP","floor":7.0},{"not_picked":["PiercingWail","Leg Sweep"],"picked":"All Out Attack","floor":7.0},{"not_picked":["Leg Sweep","Dagger Throw"],"picked":"Dash","floor":8.0},{"not_picked":["Masterful Stab","Poisoned Stab"],"picked":"Crippling Poison","floor":10.0},{"not_picked":["Blade Dance","Backflip","PiercingWail"],"picked":"SKIP","floor":11.0},{"not_picked":["Bane","Dagger Throw","Finisher"],"picked":"SKIP","floor":13.0},{"not_picked":["Dagger Throw","Finisher"],"picked":"Bane","floor":13.0},{"not_picked":["Prepared","Poisoned Stab","Backflip"],"picked":"SKIP","floor":14.0}],"player_experience":707802,"relics_obtained":[{"floor":11.0,"key":"Art of War"}],"event_choices":[{"damage_healed":0.0,"max_hp_gain":0.0,"max_hp_loss":0.0,"gold_gain":0.0,"event_name":"FaceTrader","player_choice":"Trade","floor":4.0,"gold_loss":0.0,"damage_taken":0.0,"relics_obtained":["CultistMask"]}],"is_beta":false,"boss_relics":[],"items_purged_floors":[3],"is_endless":false,"potions_floor_spawned":[5,7,10,13,14],"killed_by":"Hexaghost","ascension_level":20}