{"gold_per_floor":[111,128,128,203,128,172,172,203,203,222,242,242,273,298,298,391,391,414,689,418,437,453,453,453,487,487,522,537,537,662,676,676,765,765,786,786,809,823,838,838,878,894,972,1013,1013,1053,401,416,416,416,416,416,416,128,163,163],"floor_reached":57,"playtime":3084,"items_purged":["Regret","Strike_B","Strike_B"],"score":3050,"play_id":"206a1292-c2a7-4c4d-8b33-53fc4d6781cb","local_time":"20190423113720","is_ascension_mode":true,"campfire_choices":[{"data":"Darkness","floor":7.0,"key":"SMITH"},{"data":"Biased Cognition","floor":12.0,"key":"SMITH"},{"data":"Dualcast","floor":15.0,"key":"SMITH"},{"data":"Apotheosis","floor":23.0,"key":"SMITH"},{"floor":29.0,"key":"RECALL"},{"data":"Machine Learning","floor":32.0,"key":"SMITH"},{"data":"Defragment","floor":40.0,"key":"SMITH"},{"data":"Echo Form","floor":49.0,"key":"SMITH"},{"data":"Echo Form","floor":53.0,"key":"SMITH"}],"neow_cost":"NONE","seed_source_timestamp":66819523573417,"circlet_count":0,"master_deck":["AscendersBane","Defend_B","Defend_B","Defend_B","Defend_B","Zap","Dualcast+1","Darkness+1","Conserve Battery","Genetic Algorithm","Biased Cognition+1","Machine Learning+1","Cold Snap","Buffer","Apotheosis+1","Coolheaded","Defragment+1","Echo Form+1","Redo","Seek+1","Turbo+1","White Noise","Consume+1","Recycle+1","Skim+1","Double Energy+1","All For One","Echo Form+1","Uppercut","Grand Finale"],"special_seed":0,"relics":["Cracked Core","NeowsBlessing","Golden Idol","Meat on the Bone","Bronze Scales","PreservedInsect","Singing Bowl","Odd Mushroom","Coffee Dripper","Emotion Chip","Nunchaku","Cables","Bird Faced Urn","Shuriken","Inserter","Toxic Egg 2","Ancient Tea Set","Mercury Hourglass","PrismaticShard","Torii","Anchor","Kunai"],"potions_floor_usage":[56],"damage_taken":[{"damage":0.0,"enemies":"2 Louse","floor":1.0,"turns":1.0},{"damage":0.0,"enemies":"Jaw Worm","floor":2.0,"turns":1.0},{"damage":0.0,"enemies":"3 Sentries","floor":6.0,"turns":2.0},{"damage":15.0,"enemies":"Lagavulin","floor":8.0,"turns":7.0},{"damage":0.0,"enemies":"Cultist","floor":10.0,"turns":3.0},{"damage":9.0,"enemies":"Blue Slaver","floor":11.0,"turns":3.0},{"damage":8.0,"enemies":"Gremlin Nob","floor":13.0,"turns":3.0},{"damage":28.0,"enemies":"The Mushroom Lair","floor":14.0,"turns":5.0},{"damage":13.0,"enemies":"Hexaghost","floor":16.0,"turns":9.0},{"damage":12.0,"enemies":"Spheric Guardian","floor":18.0,"turns":5.0},{"damage":9.0,"enemies":"Chosen","floor":21.0,"turns":5.0},{"damage":11.0,"enemies":"Centurion and Healer","floor":22.0,"turns":7.0},{"damage":26.0,"enemies":"Slavers","floor":25.0,"turns":5.0},{"damage":0.0,"enemies":"Gremlin Leader","floor":27.0,"turns":5.0},{"damage":17.0,"enemies":"Shelled Parasite and Fungi","floor":28.0,"turns":4.0},{"damage":12.0,"enemies":"Colosseum Slavers","floor":30.0,"turns":4.0},{"damage":6.0,"enemies":"Colosseum Nobs","floor":30.0,"turns":5.0},{"damage":24.0,"enemies":"Snake Plant","floor":31.0,"turns":3.0},{"damage":15.0,"enemies":"Champ","floor":33.0,"turns":8.0},{"damage":8.0,"enemies":"Orb Walker","floor":35.0,"turns":4.0},{"damage":25.0,"enemies":"3 Darklings","floor":37.0,"turns":6.0},{"damage":0.0,"enemies":"Jaw Worm Horde","floor":38.0,"turns":3.0},{"damage":0.0,"enemies":"Spire Growth","floor":39.0,"turns":5.0},{"damage":25.0,"enemies":"Reptomancer","floor":41.0,"turns":4.0},{"damage":54.0,"enemies":"3 Darklings","floor":42.0,"turns":4.0},{"damage":13.0,"enemies":"Giant Head","floor":44.0,"turns":9.0},{"damage":20.0,"enemies":"Reptomancer","floor":46.0,"turns":6.0},{"damage":27.0,"enemies":"Writhing Mass","floor":48.0,"turns":5.0},{"damage":0.0,"enemies":"Time Eater","floor":50.0,"turns":9.0},{"damage":51.0,"enemies":"Donu and Deca","floor":51.0,"turns":7.0},{"damage":18.0,"enemies":"Shield and Spear","floor":55.0,"turns":2.0},{"damage":49,"enemies":"The Heart","floor":56,"turns":8}],"seed_played":"3669105133806286002","potions_obtained":[{"floor":1.0,"key":"GamblersBrew"},{"floor":2.0,"key":"Regen Potion"},{"floor":8.0,"key":"Regen Potion"},{"floor":13.0,"key":"PowerPotion"},{"floor":18.0,"key":"SneckoOil"},{"floor":21.0,"key":"Ancient Potion"},{"floor":33.0,"key":"Energy Potion"},{"floor":37.0,"key":"PowerPotion"}],"is_trial":false,"path_per_floor":["M","M","?","?","?","E","R","E","T","M","M","R","E","?","R","B",null,"M","?","$","M","M","R","?","E","T","E","M","R","?","M","R","B",null,"M","?","M","M","M","R","E","M","T","E","?","E","$","M","R","B","B",null,"R","$","E","B",null],"character_chosen":"DEFECT","items_purchased":["Apotheosis","PrismaticShard","Torii","Anchor"],"campfire_rested":0,"item_purchase_floors":[20,47,47,54],"current_hp_per_floor":[64,64,40,29,29,34,34,31,31,43,46,46,40,24,24,23,61,51,51,51,42,43,43,43,31,31,43,40,40,48,44,44,45,72,74,74,63,71,81,81,64,34,34,51,51,49,49,46,46,66,47,74,74,74,68,45],"gold":163,"neow_bonus":"THREE_ENEMY_KILL","is_prod":false,"is_daily":false,"chose_seed":false,"campfire_upgraded":8,"win_rate":0,"timestamp":1555990640,"path_taken":["M","M","?","?","?","E","R","E","T","M","M","R","E","?","R","BOSS","M","?","$","?","M","R","?","E","T","E","M","R","?","M","R","BOSS","M","?","?","M","M","R","E","M","T","E","?","E","?","M","R","BOSS","BOSS","R","$","E","BOSS"],"build_version":"2019-01-23","purchased_purges":3,"victory":true,"max_hp_per_floor":[71,71,71,71,71,71,71,71,71,71,71,71,73,73,73,73,73,75,75,75,75,75,75,75,77,77,77,79,79,81,81,81,81,81,81,81,81,81,81,81,81,81,81,81,81,83,83,83,83,83,83,83,83,83,83,83],"card_choices":[{"not_picked":["Rebound","Scrape"],"picked":"Darkness","floor":1.0},{"not_picked":["Chaos","Gash"],"picked":"Conserve Battery","floor":2.0},{"not_picked":["Undo","Darkness"],"picked":"Genetic Algorithm","floor":6.0},{"not_picked":["Cold Snap","FTL"],"picked":"Biased Cognition","floor":8.0},{"not_picked":["Rebound","Beam Cell","Leap"],"picked":"SKIP","floor":10.0},{"not_picked":["Conserve Battery","Storm"],"picked":"Machine Learning","floor":11.0},{"not_picked":["Hologram","Tempest","Sunder"],"picked":"Singing Bowl","floor":13.0},{"not_picked":["Force Field","Beam Cell"],"picked":"Cold Snap","floor":14.0},{"not_picked":["Fission","Reboot"],"picked":"Buffer","floor":16.0},{"not_picked":["Go for the Eyes","Compile Driver","Conserve Battery"],"picked":"Singing Bowl","floor":18.0},{"not_picked":["Sweeping Beam","Melter"],"picked":"Coolheaded","floor":21.0},{"not_picked":["Double Energy","Rebound"],"picked":"Defragment","floor":22.0},{"not_picked":["Steam Power","Sunder","Barrage"],"picked":"Singing Bowl","floor":25.0},{"not_picked":["White Noise","Lockon"],"picked":"Echo Form","floor":27.0},{"not_picked":["Conserve Battery","Sweeping Beam+1","Steam"],"picked":"Singing Bowl","floor":28.0},{"not_picked":["Doom and Gloom","Sweeping Beam","Cold Snap"],"picked":"Singing Bowl","floor":30.0},{"not_picked":["Rebound","Steam"],"picked":"Redo","floor":31.0},{"not_picked":["Electrodynamics","Buffer"],"picked":"Seek","floor":33.0},{"not_picked":["Tempest","Sweeping Beam"],"picked":"Turbo+1","floor":35.0},{"not_picked":["Streamline","Beam Cell"],"picked":"White Noise","floor":37.0},{"not_picked":["Reinforced Body+1","Reprogram"],"picked":"Consume+1","floor":38.0},{"not_picked":["Ball Lightning+1","Reinforced Body"],"picked":"Recycle+1","floor":39.0},{"not_picked":["Defragment","Leap"],"picked":"Skim+1","floor":41.0},{"not_picked":["Ball Lightning","Conserve Battery+1"],"picked":"Double Energy+1","floor":42.0},{"not_picked":["Aggregate+1","Gash"],"picked":"All For One","floor":44.0},{"not_picked":["BootSequence+1","Compile Driver","Consume+1"],"picked":"Singing Bowl","floor":46.0},{"not_picked":["Armaments+1","Caltrops"],"picked":"Uppercut","floor":48.0},{"not_picked":["Quick Slash+1","Leg Sweep+1"],"picked":"Grand Finale","floor":55.0}],"player_experience":4450981,"relics_obtained":[{"floor":6.0,"key":"Meat on the Bone"},{"floor":8.0,"key":"Bronze Scales"},{"floor":9.0,"key":"PreservedInsect"},{"floor":13.0,"key":"Singing Bowl"},{"floor":14.0,"key":"Odd Mushroom"},{"floor":25.0,"key":"Emotion Chip"},{"floor":26.0,"key":"Nunchaku"},{"floor":27.0,"key":"Cables"},{"floor":30.0,"key":"Bird Faced Urn"},{"floor":30.0,"key":"Shuriken"},{"floor":41.0,"key":"Toxic Egg 2"},{"floor":44.0,"key":"Ancient Tea Set"},{"floor":46.0,"key":"Mercury Hourglass"},{"floor":55.0,"key":"Kunai"}],"event_choices":[{"damage_healed":0.0,"max_hp_gain":0.0,"max_hp_loss":0.0,"gold_gain":0.0,"event_name":"Golden Idol","player_choice":"Take Damage","floor":3.0,"gold_loss":0.0,"damage_taken":24.0,"relics_obtained":["Golden Idol"]},{"damage_healed":0.0,"max_hp_gain":0.0,"max_hp_loss":0.0,"gold_gain":75.0,"event_name":"World of Goop","player_choice":"Gather Gold","floor":4.0,"gold_loss":0.0,"damage_taken":11.0},{"cards_removed":["Strike_B"],"damage_healed":0.0,"max_hp_gain":0.0,"max_hp_loss":0.0,"gold_gain":0.0,"event_name":"The Cleric","player_choice":"Card Removal","floor":5.0,"gold_loss":75.0,"damage_taken":0.0},{"damage_healed":0.0,"max_hp_gain":0.0,"max_hp_loss":0.0,"gold_gain":0.0,"event_name":"Mushrooms","player_choice":"Fought Mushrooms","floor":14.0,"gold_loss":0.0,"damage_taken":0.0},{"damage_healed":0.0,"max_hp_gain":0.0,"max_hp_loss":0.0,"gold_gain":275.0,"event_name":"Golden Shrine","player_choice":"Desecrate","floor":19.0,"gold_loss":0.0,"damage_taken":0.0,"cards_obtained":["Regret"]},{"cards_removed":["Strike_B"],"damage_healed":0.0,"max_hp_gain":0.0,"max_hp_loss":0.0,"gold_gain":0.0,"event_name":"Back to Basics","player_choice":"Elegance","floor":24.0,"gold_loss":0.0,"damage_taken":0.0},{"damage_healed":0.0,"max_hp_gain":0.0,"max_hp_loss":0.0,"gold_gain":0.0,"event_name":"Colosseum","player_choice":"Fight","floor":30.0,"gold_loss":0.0,"damage_taken":0.0},{"damage_healed":0.0,"max_hp_gain":0.0,"max_hp_loss":0.0,"gold_gain":0.0,"event_name":"Colosseum","player_choice":"Fought Nobs","floor":30.0,"gold_loss":0.0,"damage_taken":0.0},{"damage_healed":0.0,"max_hp_gain":0.0,"max_hp_loss":0.0,"gold_gain":0.0,"event_name":"Accursed Blacksmith","player_choice":"Forge","floor":36.0,"gold_loss":0.0,"damage_taken":0.0,"cards_upgraded":["Seek"]},{"damage_healed":0.0,"max_hp_gain":0.0,"max_hp_loss":0.0,"gold_gain":0.0,"event_name":"Match and Keep!","player_choice":"1 cards matched","floor":45.0,"gold_loss":0.0,"damage_taken":0.0,"cards_obtained":["Echo Form"]}],"is_beta":false,"boss_relics":[{"not_picked":["Calling Bell","Busted Crown"],"picked":"Coffee Dripper"},{"not_picked":["Cursed Key","Black Star"],"picked":"Inserter"}],"items_purged_floors":[20,47,54],"is_endless":false,"potions_floor_spawned":[1,2,8,11,13,18,21,22,30,33,37,38,42],"ascension_level":20}