{"gold_per_floor":[113,113,131,146,34,34,62,62,89,119,19,53,53,71,71,71],"floor_reached":16,"playtime":489,"items_purged":["Strike_G","Strike_G"],"score":236,"play_id":"f5c7ff2d-4ec2-41c9-9014-8f5a298dd371","local_time":"20181026001603","is_ascension_mode":true,"campfire_choices":[{"data":"Envenom","floor":6,"key":"SMITH"},{"data":"Neutralize","floor":8,"key":"SMITH"},{"data":"Flechettes","floor":15,"key":"SMITH"}],"neow_cost":"NONE","seed_source_timestamp":31939642749533,"circlet_count":0,"master_deck":["Defend_G","Defend_G","Defend_G","Defend_G","Defend_G","Strike_G","Strike_G","Strike_G","Survivor","Neutralize+1","AscendersBane","Flechettes+1","Dash","Envenom+1","Well Laid Plans","Blade Dance"],"special_seed":0,"relics":["Ring of the Snake","NeowsBlessing","Blood Vial","Snake Skull","Ancient Tea Set","Mercury Hourglass"],"potions_floor_usage":[10,14,14],"damage_taken":[{"damage":0.0,"enemies":"Cultist","floor":1.0,"turns":1.0},{"damage":0,"enemies":"Small Slimes","floor":3,"turns":1},{"damage":0,"enemies":"Jaw Worm","floor":4,"turns":1},{"damage":33,"enemies":"Lagavulin","floor":7,"turns":9},{"damage":17,"enemies":"3 Sentries","floor":10,"turns":6},{"damage":7,"enemies":"Lagavulin","floor":12,"turns":6},{"damage":0,"enemies":"Red Slaver","floor":14,"turns":3},{"damage":12,"enemies":"Slime Boss","floor":16,"turns":6}],"seed_played":"7618645707623618977","potions_obtained":[{"floor":3,"key":"Strength Potion"},{"floor":4,"key":"PowerPotion"},{"floor":12,"key":"Regen Potion"}],"is_trial":false,"path_per_floor":["M","?","M","M","$","R","E","R","T","E","$","E","?","M","R"],"character_chosen":"THE_SILENT","items_purchased":["Well Laid Plans"],"campfire_rested":0,"item_purchase_floors":[5],"current_hp_per_floor":[59,59,59,59,59,59,26,26,26,11,11,6,1,12,12,2],"gold":71,"neow_bonus":"THREE_ENEMY_KILL","is_prod":false,"is_daily":false,"chose_seed":false,"campfire_upgraded":3,"win_rate":0,"timestamp":1540484163,"path_taken":["M","?","M","?","?","R","E","R","T","E","?","E","?","M","R","BOSS"],"build_version":"2018-10-18","purchased_purges":2,"victory":false,"max_hp_per_floor":[66,66,66,66,66,66,66,66,66,66,66,66,66,66,66,66],"card_choices":[{"not_picked":["Backflip","Underhanded Strike"],"picked":"Flechettes","floor":1.0},{"not_picked":["PiercingWail","Flying Knee","Caltrops"],"picked":"SKIP","floor":3},{"not_picked":["Masterful Stab","Deadly Poison"],"picked":"Envenom","floor":4},{"not_picked":["Outmaneuver","Endless Agony"],"picked":"Blade Dance","floor":7},{"not_picked":["Dagger Spray","Catalyst","Eviscerate"],"picked":"SKIP","floor":10},{"not_picked":["Predator","Catalyst","Masterful Stab"],"picked":"SKIP","floor":12},{"not_picked":["Underhanded Strike","Flying Knee","Distraction"],"picked":"SKIP","floor":14}],"player_experience":388466,"relics_obtained":[{"floor":7,"key":"Blood Vial"},{"floor":9,"key":"Snake Skull"},{"floor":10,"key":"Ancient Tea Set"},{"floor":12,"key":"Mercury Hourglass"}],"event_choices":[{"damage_healed":0,"gold_gain":0,"player_choice":"1 cards matched","damage_taken":0,"max_hp_gain":0,"max_hp_loss":0,"event_name":"Match and Keep!","floor":2,"gold_loss":0,"cards_obtained":["Dash"]},{"damage_healed":0,"gold_gain":0,"player_choice":"Fled","damage_taken":5,"max_hp_gain":0,"max_hp_loss":0,"event_name":"Scrap Ooze","floor":13,"gold_loss":0}],"is_beta":false,"boss_relics":[],"items_purged_floors":[5,11],"is_endless":false,"potions_floor_spawned":[3,4,7,12],"killed_by":"Slime Boss","ascension_level":20}