{"gold_per_floor":[116,41,56,69,69,69,69,93,93,93,107,57,57,74,74,172,172,184,196,296,313,115,115,115,115,115,115,85,98,98,115,115,218,218,232,72,72,72,84,84,94,94,94,94,117,117,132,14,14,14],"floor_reached":51,"playtime":2289,"items_purged":["Strike_G","Strike_G","Strike_G"],"score":710,"play_id":"eedc5394-a8ab-4d7c-b102-3947c7b7199d","local_time":"20181024135810","is_ascension_mode":false,"campfire_choices":[{"data":"Noxious Fumes","floor":6.0,"key":"SMITH"},{"data":"Well Laid Plans","floor":10.0,"key":"SMITH"},{"data":"Neutralize","floor":15.0,"key":"SMITH"},{"data":"Survivor","floor":24.0,"key":"SMITH"},{"data":"Defend_G","floor":27.0,"key":"SMITH"},{"data":"Well Laid Plans","floor":30.0,"key":"SMITH"},{"data":"Defend_G","floor":32.0,"key":"SMITH"},{"data":"Malaise","floor":40,"key":"SMITH"},{"data":"Corpse Explosion","floor":42,"key":"SMITH"},{"data":"Grand Finale","floor":49,"key":"SMITH"}],"neow_cost":"NONE","seed_source_timestamp":12076905071202,"circlet_count":0,"master_deck":["Defend_G+1","Defend_G+1","Defend_G+1","Defend_G+1","Survivor+1","Neutralize+1","Noxious Fumes+1","Well Laid Plans+1","Well Laid Plans+1","Leg Sweep+1","Noxious Fumes+1","Corpse Explosion+1","Malaise+1","Grand Finale+1"],"special_seed":0,"relics":["Ring of the Snake","Odd Mushroom","The Courier","CultistMask","Coffee Dripper","War Paint","Bird Faced Urn","Empty Cage","Dream Catcher","Bag of Marbles","Ice Cream"],"potions_floor_usage":[38,47,47,50,50],"damage_taken":[{"damage":0.0,"enemies":"Cultist","floor":1.0,"turns":4.0},{"damage":0.0,"enemies":"2 Louse","floor":3.0,"turns":3.0},{"damage":0.0,"enemies":"Jaw Worm","floor":4.0,"turns":5.0},{"damage":11.0,"enemies":"The Mushroom Lair","floor":8.0,"turns":5.0},{"damage":2.0,"enemies":"Exordium Thugs","floor":11.0,"turns":6.0},{"damage":1.0,"enemies":"Large Slime","floor":14.0,"turns":8.0},{"damage":17.0,"enemies":"Hexaghost","floor":16.0,"turns":12.0},{"damage":0.0,"enemies":"Chosen","floor":18.0,"turns":7.0},{"damage":4.0,"enemies":"3 Byrds","floor":19.0,"turns":6.0},{"damage":3.0,"enemies":"Snake Plant","floor":21.0,"turns":8.0},{"damage":0.0,"enemies":"Colosseum Slavers","floor":25.0,"turns":7.0},{"damage":1.0,"enemies":"3 Cultists","floor":29.0,"turns":7.0},{"damage":0.0,"enemies":"Centurion and Healer","floor":31.0,"turns":11.0},{"damage":5.0,"enemies":"Automaton","floor":33.0,"turns":12.0},{"damage":0.0,"enemies":"3 Darklings","floor":35.0,"turns":4.0},{"damage":0,"enemies":"3 Shapes","floor":38,"turns":1},{"damage":2,"enemies":"Spire Growth","floor":39,"turns":8},{"damage":0,"enemies":"3 Darklings","floor":41,"turns":6},{"damage":0,"enemies":"Mind Bloom Boss Battle","floor":46,"turns":8},{"damage":0,"enemies":"4 Shapes","floor":47,"turns":3},{"damage":0,"enemies":"Time Eater","floor":50,"turns":11}],"seed_played":"-116016035412609511","potions_obtained":[{"floor":1.0,"key":"SteroidPotion"},{"floor":4.0,"key":"Swift Potion"},{"floor":11.0,"key":"SkillPotion"},{"floor":19.0,"key":"Block Potion"},{"floor":21.0,"key":"SmokeBomb"},{"floor":31.0,"key":"Swift Potion"},{"floor":39,"key":"Swift Potion"},{"floor":41,"key":"Dexterity Potion"},{"floor":47,"key":"Strength Potion"}],"is_trial":false,"path_per_floor":["M","$","M","M","$","R","$","?","T","R","M","?","?","M","R","B",null,"M","M","?","M","$","?","R","?","T","R","$","M","R","M","R","B",null,"M","$","?","M","M","R","M","R","T","R","T","?","M","$","R","B"],"character_chosen":"THE_SILENT","items_purchased":["War Paint","Well Laid Plans","Malaise","Grand Finale"],"campfire_rested":0,"item_purchase_floors":[22,28,36,48],"current_hp_per_floor":[70,70,70,70,70,70,70,59,59,59,57,57,57,56,56,39,70,70,66,66,63,63,63,63,63,63,63,63,68,68,70,70,65,70,70,70,70,70,70,70,70,70,70,70,70,70,70,70,70,70],"gold":14,"neow_bonus":"THREE_CARDS","is_prod":false,"is_daily":false,"chose_seed":false,"campfire_upgraded":10,"win_rate":0,"timestamp":1540360690,"path_taken":["M","$","?","M","?","R","$","?","T","R","?","?","?","M","R","BOSS","M","M","?","M","$","?","R","?","T","R","$","M","R","M","R","BOSS","M","$","?","M","M","R","M","R","T","R","?","?","?","$","R","BOSS"],"build_version":"2018-10-18","purchased_purges":3,"victory":true,"max_hp_per_floor":[70,70,70,70,70,70,70,70,70,70,70,70,70,70,70,70,70,70,70,70,70,70,70,70,70,70,70,70,70,70,70,70,70,70,70,70,70,70,70,70,70,70,70,70,70,70,70,70,70,70],"card_choices":[{"not_picked":["Deflect","Setup"],"picked":"Noxious Fumes","floor":0.0},{"not_picked":["Masterful Stab","Setup","Flying Knee"],"picked":"SKIP","floor":1.0},{"not_picked":["Caltrops","Masterful Stab","Sucker Punch"],"picked":"SKIP","floor":3.0},{"not_picked":["Acrobatics","Leg Sweep"],"picked":"Well Laid Plans","floor":4.0},{"not_picked":["Calculated Gamble","PiercingWail","Predator"],"picked":"SKIP","floor":11.0},{"not_picked":["Cloak And Dagger","Deflect","Bane"],"picked":"SKIP","floor":14.0},{"not_picked":["PiercingWail","Infinite Blades+1","Blade Dance"],"picked":"SKIP","floor":18.0},{"not_picked":["All Out Attack","Reflex+1","Blade Dance"],"picked":"SKIP","floor":19.0},{"not_picked":["Prepared","Poisoned Stab","Dagger Spray"],"picked":"SKIP","floor":21.0},{"not_picked":["All Out Attack","Acrobatics"],"picked":"Leg Sweep+1","floor":29.0},{"not_picked":["Backstab","All Out Attack"],"picked":"Noxious Fumes+1","floor":31.0},{"not_picked":["Tools of the Trade","Adrenaline"],"picked":"Corpse Explosion","floor":33.0},{"not_picked":["Calculated Gamble+1","Poisoned Stab+1","Flechettes"],"picked":"SKIP","floor":35.0},{"not_picked":["Dagger Throw+1","Predator+1","PiercingWail"],"picked":"SKIP","floor":39},{"not_picked":["Riddle With Holes+1","Distraction+1","All Out Attack"],"picked":"SKIP","floor":41},{"not_picked":["Acrobatics","Prepared","All Out Attack"],"picked":"SKIP","floor":47}],"player_experience":596428,"relics_obtained":[{"floor":8.0,"key":"Odd Mushroom"},{"floor":9.0,"key":"The Courier"},{"floor":26.0,"key":"Bird Faced Urn"},{"floor":43,"key":"Dream Catcher"},{"floor":45,"key":"Bag of Marbles"},{"floor":46,"key":"Ice Cream"}],"event_choices":[{"damage_healed":0.0,"max_hp_gain":0.0,"max_hp_loss":0.0,"gold_gain":0.0,"event_name":"Mushrooms","player_choice":"Fought Mushrooms","floor":8.0,"gold_loss":0.0,"damage_taken":0.0},{"cards_removed":["Strike_G"],"damage_healed":0.0,"max_hp_gain":0.0,"max_hp_loss":0.0,"gold_gain":0.0,"event_name":"The Cleric","player_choice":"Card Removal","floor":12.0,"gold_loss":50.0,"damage_taken":0.0},{"damage_healed":0.0,"max_hp_gain":0.0,"max_hp_loss":0.0,"gold_gain":0.0,"event_name":"FaceTrader","player_choice":"Trade","floor":13.0,"gold_loss":0.0,"damage_taken":0.0,"relics_obtained":["CultistMask"]},{"damage_healed":0.0,"max_hp_gain":0.0,"max_hp_loss":0.0,"gold_gain":100.0,"event_name":"Golden Shrine","player_choice":"Pray","floor":20.0,"gold_loss":0.0,"damage_taken":0.0},{"damage_healed":0.0,"max_hp_gain":0.0,"max_hp_loss":0.0,"gold_gain":0.0,"event_name":"Vampires","player_choice":"Ignored","floor":23.0,"gold_loss":0.0,"damage_taken":0.0},{"damage_healed":0.0,"max_hp_gain":0.0,"max_hp_loss":0.0,"gold_gain":0.0,"event_name":"Colosseum","player_choice":"Fight","floor":25.0,"gold_loss":0.0,"damage_taken":0.0},{"damage_healed":0.0,"max_hp_gain":0.0,"max_hp_loss":0.0,"gold_gain":0.0,"event_name":"Colosseum","player_choice":"Fled From Nobs","floor":25.0,"gold_loss":0.0,"damage_taken":0.0},{"damage_healed":0.0,"max_hp_gain":0.0,"max_hp_loss":0.0,"gold_gain":0.0,"event_name":"Colosseum","player_choice":"Fled From Nobs","floor":25.0,"gold_loss":0.0,"damage_taken":0.0},{"damage_healed":0.0,"max_hp_gain":0.0,"max_hp_loss":0.0,"gold_gain":0.0,"event_name":"SensoryStone","player_choice":"Memory 1","floor":37.0,"gold_loss":0.0,"damage_taken":0.0},{"damage_healed":0,"gold_gain":0,"player_choice":"Fight","damage_taken":0,"max_hp_gain":0,"max_hp_loss":0,"event_name":"MindBloom","floor":46,"gold_loss":0}],"is_beta":false,"boss_relics":[{"not_picked":["Ring of the Serpent","Pandora\u0027s Box"],"picked":"Coffee Dripper"},{"not_picked":["Black Star","WristBlade"],"picked":"Empty Cage"}],"items_purged_floors":[2,22,36],"is_endless":false,"potions_floor_spawned":[1,4,11,19,21,25,31,39,41,47],"ascension_level":0}