{"gold_per_floor":[18,34,45,56,72,72,104,29,29,29,69,69,69,93,93,182,182,206,78,128,128,144,177,36,36,36,36,36,36,75,21,21,112,112,126,147,147,161,36,69,69,194,194,527,527,527,537,537,537,537,537,537,537,131,164,164],"floor_reached":56,"playtime":3111,"items_purged":["Strike_R","Strike_R","Strike_R"],"score":1838,"play_id":"9c0b8763-42be-44f1-afdc-c5cc1050c263","local_time":"20190312223042","is_ascension_mode":true,"campfire_choices":[{"data":"Heavy Blade","floor":6.0,"key":"SMITH"},{"data":"Immolate","floor":12.0,"key":"SMITH"},{"data":"Battle Trance","floor":15.0,"key":"SMITH"},{"data":"Sword Boomerang","floor":25.0,"key":"SMITH"},{"data":"Seeing Red","floor":27.0,"key":"SMITH"},{"data":"J.A.X.","floor":29.0,"key":"SMITH"},{"data":"True Grit","floor":32.0,"key":"SMITH"},{"data":"Pommel Strike","floor":41.0,"key":"SMITH"},{"data":"Bloodletting","floor":45.0,"key":"SMITH"},{"floor":49.0,"key":"RECALL"},{"data":"Shrug It Off","floor":53.0,"key":"SMITH"}],"neow_cost":"NO_GOLD","seed_source_timestamp":31752092042548,"circlet_count":0,"master_deck":["AscendersBane","Strike_R","Defend_R","Defend_R","Defend_R+1","Defend_R","Bash","Reaper+1","Shrug It Off+1","Spot Weakness","Heavy Blade+1","Battle Trance+1","Immolate+1","Seeing Red+1","Fiend Fire","Sword Boomerang+1","Inflame","J.A.X.+1","Dual Wield+1","True Grit+1","Feed","Pommel Strike+1","Bloodletting+1","True Grit+1","Limit Break+1","Impervious+1"],"special_seed":0,"relics":["Burning Blood","Bird Faced Urn","Letter Opener","Juzu Bracelet","Runic Pyramid","Prayer Wheel","Singing Bowl","Sundial","Orrery","Toxic Egg 2","Ginger","Happy Flower"],"potions_floor_usage":[],"damage_taken":[{"damage":4.0,"enemies":"Small Slimes","floor":1.0,"turns":5.0},{"damage":12.0,"enemies":"Jaw Worm","floor":2.0,"turns":2.0},{"damage":9.0,"enemies":"2 Louse","floor":3.0,"turns":4.0},{"damage":18.0,"enemies":"Large Slime","floor":4.0,"turns":6.0},{"damage":1.0,"enemies":"2 Fungi Beasts","floor":5.0,"turns":4.0},{"damage":30.0,"enemies":"Lagavulin","floor":7.0,"turns":6.0},{"damage":35.0,"enemies":"3 Sentries","floor":11.0,"turns":7.0},{"damage":0.0,"enemies":"Looter","floor":14.0,"turns":5.0},{"damage":25.0,"enemies":"The Guardian","floor":16.0,"turns":8.0},{"damage":20.0,"enemies":"3 Byrds","floor":18.0,"turns":5.0},{"damage":22.0,"enemies":"Shell Parasite","floor":22.0,"turns":3.0},{"damage":15.0,"enemies":"Gremlin Leader","floor":23.0,"turns":4.0},{"damage":22.0,"enemies":"Book of Stabbing","floor":30.0,"turns":3.0},{"damage":63.0,"enemies":"Automaton","floor":33.0,"turns":8.0},{"damage":6.0,"enemies":"Orb Walker","floor":35.0,"turns":3.0},{"damage":14.0,"enemies":"3 Shapes","floor":36.0,"turns":1.0},{"damage":21.0,"enemies":"Sphere and 2 Shapes","floor":38.0,"turns":4.0},{"damage":54.0,"enemies":"Nemesis","floor":40.0,"turns":5.0},{"damage":20.0,"enemies":"Mind Bloom Boss Battle","floor":42.0,"turns":8.0},{"damage":72.0,"enemies":"3 Darklings","floor":47.0,"turns":7.0},{"damage":260.0,"enemies":"Awakened One","floor":50.0,"turns":16.0},{"damage":203.0,"enemies":"Time Eater","floor":51.0,"turns":13.0},{"damage":89.0,"enemies":"Shield and Spear","floor":55.0,"turns":9.0},{"damage":64,"enemies":"The Heart","floor":56,"turns":2}],"seed_played":"-4102159397821693012","potions_obtained":[{"floor":1.0,"key":"Block Potion"},{"floor":5.0,"key":"SneckoOil"},{"floor":14.0,"key":"Dexterity Potion"},{"floor":16.0,"key":"EssenceOfSteel"},{"floor":23.0,"key":"Regen Potion"},{"floor":30.0,"key":"SkillPotion"},{"floor":33.0,"key":"Strength Potion"}],"is_trial":false,"path_per_floor":["M","M","M","M","M","R","E","?","T","?","E","R","?","M","R","B",null,"M","$","?","?","M","E","$","R","T","R","?","R","E","$","R","B",null,"M","M","?","M","$","E","R","?","T","?","R","?","M","?","R","B","B",null,"R","$","E","B"],"character_chosen":"IRONCLAD","items_purchased":["Sword Boomerang","Inflame","True Grit","Limit Break+1","Impervious+1","GamblersBrew"],"campfire_rested":0,"item_purchase_floors":[19,24,31,54,54,54],"current_hp_per_floor":[75,69,73,71,75,75,51,51,51,51,39,39,19,33,33,26,58,52,52,52,52,36,49,49,49,49,49,49,49,35,35,35,19,62,78,74,74,68,68,34,34,89,89,89,89,89,101,96,96,99,40,84,84,84,53,0],"gold":164,"neow_bonus":"THREE_RARE_CARDS","is_prod":false,"is_daily":false,"chose_seed":false,"campfire_upgraded":10,"win_rate":0,"timestamp":1552401042,"path_taken":["M","M","M","M","M","R","E","?","T","?","E","R","?","M","R","BOSS","M","$","?","?","M","E","$","R","T","R","?","R","E","?","R","BOSS","M","M","?","M","$","E","R","?","T","?","R","?","M","?","R","BOSS","BOSS","R","$","E","BOSS"],"build_version":"2019-01-23","purchased_purges":3,"victory":false,"max_hp_per_floor":[75,75,75,75,75,75,75,75,75,68,68,68,68,68,68,68,68,68,68,68,68,68,68,68,68,68,68,68,68,68,68,68,68,74,78,82,82,89,89,91,91,94,94,94,94,94,101,96,96,99,99,99,99,99,101,101],"card_choices":[{"not_picked":["Impervious","Juggernaut"],"picked":"Reaper","floor":0.0},{"not_picked":["Bloodletting","Warcry"],"picked":"Shrug It Off","floor":1.0},{"not_picked":["Body Slam","Warcry"],"picked":"Spot Weakness","floor":2.0},{"not_picked":["Uppercut","Shrug It Off"],"picked":"Heavy Blade","floor":3.0},{"not_picked":["Flex","Heavy Blade"],"picked":"Battle Trance","floor":4.0},{"not_picked":["Rage","Pommel Strike","Ghostly Armor"],"picked":"SKIP","floor":5.0},{"not_picked":["Body Slam","Rupture","Intimidate"],"picked":"SKIP","floor":7.0},{"not_picked":["Cleave","Infernal Blade"],"picked":"Immolate","floor":11.0},{"not_picked":["Flex","Anger"],"picked":"Seeing Red","floor":14.0},{"not_picked":["Bludgeon","Berserk"],"picked":"Fiend Fire","floor":16.0},{"not_picked":["Perfected Strike+1","Shrug It Off","Pommel Strike"],"picked":"SKIP","floor":18.0},{"not_picked":["Carnage","Twin Strike","Havoc"],"picked":"SKIP","floor":22.0},{"not_picked":["Sword Boomerang","Metallicize","Shrug It Off"],"picked":"SKIP","floor":23.0},{"not_picked":["Sword Boomerang","Metallicize"],"picked":"Shrug It Off","floor":23.0},{"not_picked":["Havoc","Cleave"],"picked":"Dual Wield+1","floor":30.0},{"not_picked":["Demon Form","Juggernaut"],"picked":"Feed","floor":33.0},{"not_picked":["True Grit","Shrug It Off"],"picked":"Pommel Strike","floor":34.0},{"not_picked":["Clash","Fire Breathing"],"picked":"Bloodletting","floor":34.0},{"not_picked":["Sword Boomerang+1","Havoc","Iron Wave"],"picked":"Singing Bowl","floor":34.0},{"not_picked":["Heavy Blade","Headbutt","Anger"],"picked":"Singing Bowl","floor":34.0},{"not_picked":["Combust","Feel No Pain","Shrug It Off+1"],"picked":"Singing Bowl","floor":34.0},{"not_picked":["Hemokinesis","Corruption","Wild Strike"],"picked":"Singing Bowl","floor":35.0},{"not_picked":["Brutality","Sentinel","Battle Trance"],"picked":"Singing Bowl","floor":35.0},{"not_picked":["Twin Strike","Blood for Blood","Sever Soul"],"picked":"Singing Bowl","floor":36.0},{"not_picked":["Clash+1","Combust+1","Cleave"],"picked":"Singing Bowl","floor":36.0},{"not_picked":["Twin Strike","Thunderclap","Sword Boomerang"],"picked":"Singing Bowl","floor":38.0},{"not_picked":["Heavy Blade+1","Headbutt+1","Combust"],"picked":"Singing Bowl","floor":38.0},{"not_picked":["Demon Form","Wild Strike","Anger"],"picked":"Singing Bowl","floor":40.0},{"not_picked":["Cleave","Searing Blow"],"picked":"True Grit+1","floor":42.0},{"not_picked":["Headbutt","Infernal Blade+1","Inflame"],"picked":"Singing Bowl","floor":47.0},{"not_picked":["Pommel Strike","Feel No Pain+1","Seeing Red+1"],"picked":"Singing Bowl","floor":47.0},{"not_picked":["Dropkick","Sword Boomerang","Headbutt"],"picked":"Singing Bowl","floor":55.0}],"player_experience":3529450,"relics_obtained":[{"floor":7.0,"key":"Bird Faced Urn"},{"floor":9.0,"key":"Letter Opener"},{"floor":11.0,"key":"Juzu Bracelet"},{"floor":23.0,"key":"Prayer Wheel"},{"floor":26.0,"key":"Singing Bowl"},{"floor":30.0,"key":"Sundial"},{"floor":40.0,"key":"Toxic Egg 2"},{"floor":42.0,"key":"Ginger"},{"floor":55.0,"key":"Happy Flower"}],"event_choices":[{"cards_removed":["Strike_R"],"damage_healed":0.0,"max_hp_gain":0.0,"max_hp_loss":0.0,"gold_gain":0.0,"event_name":"The Cleric","player_choice":"Card Removal","floor":8.0,"gold_loss":75.0,"damage_taken":0.0},{"damage_healed":0.0,"max_hp_gain":0.0,"max_hp_loss":7.0,"gold_gain":0.0,"event_name":"Golden Idol","player_choice":"Lose Max HP","floor":10.0,"gold_loss":0.0,"damage_taken":0.0,"relics_obtained":["Golden Idol"]},{"damage_healed":0.0,"max_hp_gain":0.0,"max_hp_loss":0.0,"gold_gain":0.0,"event_name":"Shining Light","player_choice":"Entered Light","floor":13.0,"gold_loss":0.0,"damage_taken":20.0,"cards_upgraded":["Defend_R","Reaper"]},{"damage_healed":0.0,"max_hp_gain":0.0,"max_hp_loss":0.0,"gold_gain":50.0,"event_name":"Nest","player_choice":"Stole From Cult","floor":20.0,"gold_loss":0.0,"damage_taken":0.0},{"damage_healed":0.0,"max_hp_gain":0.0,"max_hp_loss":0.0,"gold_gain":0.0,"event_name":"The Mausoleum","player_choice":"Ignored","floor":21.0,"gold_loss":0.0,"damage_taken":0.0},{"damage_healed":0.0,"max_hp_gain":0.0,"max_hp_loss":0.0,"gold_gain":0.0,"event_name":"Drug Dealer","player_choice":"Obtain J.A.X.","floor":28.0,"gold_loss":0.0,"damage_taken":0.0,"cards_obtained":["J.A.X."]},{"damage_healed":0.0,"max_hp_gain":0.0,"max_hp_loss":0.0,"gold_gain":0.0,"event_name":"Tomb of Lord Red Mask","player_choice":"Ignored","floor":37.0,"gold_loss":0.0,"damage_taken":0.0},{"damage_healed":0.0,"max_hp_gain":0.0,"max_hp_loss":0.0,"gold_gain":0.0,"event_name":"MindBloom","player_choice":"Fight","floor":42.0,"gold_loss":0.0,"damage_taken":0.0},{"damage_healed":0.0,"max_hp_gain":0.0,"max_hp_loss":0.0,"gold_gain":333.0,"event_name":"The Moai Head","player_choice":"Gave Idol","floor":44.0,"relics_lost":["Golden Idol"],"gold_loss":0.0,"damage_taken":0.0},{"cards_removed":["Shrug It Off"],"damage_healed":0.0,"max_hp_gain":0.0,"max_hp_loss":0.0,"gold_gain":0.0,"event_name":"Falling","player_choice":"Removed Skill","floor":46.0,"gold_loss":0.0,"damage_taken":0.0},{"damage_healed":0.0,"max_hp_gain":0.0,"max_hp_loss":5.0,"gold_gain":0.0,"event_name":"Winding Halls","player_choice":"Max HP","floor":48.0,"gold_loss":0.0,"damage_taken":0.0}],"is_beta":false,"boss_relics":[{"not_picked":["Busted Crown","White Beast Statue"],"picked":"Runic Pyramid"},{"not_picked":["Black Star","Empty Cage"],"picked":"Orrery"}],"items_purged_floors":[19,24,39],"is_endless":false,"potions_floor_spawned":[1,5,14,16,23,30,33,35,36],"killed_by":"The Heart","ascension_level":20}