{"gold_per_floor":[111,35,51,63,63,97,108,108,108,163,67,67,67],"floor_reached":13,"playtime":371,"items_purged":[],"score":166,"play_id":"2b4cd39a-230e-48f2-b6e5-d7df45f7e59a","local_time":"20190216212123","is_ascension_mode":true,"campfire_choices":[],"neow_cost":"TEN_PERCENT_HP_LOSS","seed_source_timestamp":353636865878474,"circlet_count":0,"master_deck":["AscendersBane","Strike_B","Strike_B","Strike_B","Defend_B","Defend_B","Defend_B","Defend_B","Zap","Dualcast","Madness","Coolheaded","Sunder","Beam Cell","Cold Snap","Core Surge","Glacier","Hologram","Biased Cognition","Consume"],"special_seed":0,"relics":["Cracked Core","Matryoshka","Omamori","Ginger","Bottled Lightning","Blue Candle"],"potions_floor_usage":[10,13],"damage_taken":[{"damage":13.0,"enemies":"Cultist","floor":1.0,"turns":5.0},{"damage":2.0,"enemies":"Jaw Worm","floor":3.0,"turns":3.0},{"damage":0.0,"enemies":"Small Slimes","floor":4.0,"turns":1.0},{"damage":31.0,"enemies":"3 Sentries","floor":6.0,"turns":11.0},{"damage":7.0,"enemies":"Looter","floor":7.0,"turns":3.0},{"damage":20,"enemies":"Gremlin Nob","floor":10,"turns":4},{"damage":9,"enemies":"Gremlin Gang","floor":13,"turns":1}],"seed_played":"1561513613651381038","potions_obtained":[{"floor":1.0,"key":"SpeedPotion"},{"floor":3.0,"key":"Regen Potion"},{"floor":6.0,"key":"Poison Potion"}],"is_trial":false,"path_per_floor":["M","$","M","M","?","E","M","?","T","?","$","?","M"],"character_chosen":"DEFECT","items_purchased":["Sunder","Consume","PowerPotion"],"campfire_rested":0,"item_purchase_floors":[2,11,11],"current_hp_per_floor":[51,51,49,49,49,33,26,26,26,6,6,6,0],"gold":67,"neow_bonus":"RANDOM_COLORLESS_2","is_prod":false,"is_daily":false,"chose_seed":false,"campfire_upgraded":0,"win_rate":0,"timestamp":1550323283,"path_taken":["M","?","M","M","?","E","M","?","T","?","$","?","?"],"build_version":"2019-01-23","purchased_purges":0,"victory":false,"max_hp_per_floor":[64,64,64,64,64,64,64,64,64,64,64,64,64],"card_choices":[{"not_picked":["Streamline","Compile Driver"],"picked":"Coolheaded","floor":1.0},{"not_picked":["Cold Snap","Streamline"],"picked":"Beam Cell","floor":3.0},{"not_picked":["Chill","Reprogram"],"picked":"Cold Snap","floor":4.0},{"not_picked":["Rebound","Streamline"],"picked":"Glacier","floor":6.0},{"not_picked":["Hyperbeam","Compile Driver"],"picked":"Hologram","floor":7.0},{"not_picked":["Beam Cell","Cold Snap"],"picked":"Biased Cognition","floor":10}],"player_experience":791963,"relics_obtained":[{"floor":6.0,"key":"Matryoshka"},{"floor":9.0,"key":"Omamori"},{"floor":9.0,"key":"Ginger"},{"floor":10,"key":"Bottled Lightning"}],"event_choices":[{"damage_healed":0.0,"max_hp_gain":0.0,"max_hp_loss":0.0,"gold_gain":0.0,"cards_transformed":["Strike_B"],"event_name":"Living Wall","player_choice":"Change","floor":5.0,"gold_loss":0.0,"damage_taken":0.0,"cards_obtained":["Core Surge"]},{"damage_healed":0.0,"max_hp_gain":0.0,"max_hp_loss":0.0,"gold_gain":0.0,"event_name":"Liars Game","player_choice":"Ignored","floor":8.0,"gold_loss":0.0,"damage_taken":0.0},{"damage_healed":0,"gold_gain":0,"player_choice":"Searched \u00271\u0027 times","damage_taken":0,"max_hp_gain":0,"max_hp_loss":0,"event_name":"Dead Adventurer","floor":10,"gold_loss":0},{"cards_removed":["Thinking Ahead"],"damage_healed":0,"gold_gain":0,"player_choice":"Gave Card","damage_taken":0,"relics_obtained":["Blue Candle"],"max_hp_gain":0,"max_hp_loss":0,"event_name":"WeMeetAgain","floor":12,"gold_loss":0}],"is_beta":false,"boss_relics":[],"items_purged_floors":[],"is_endless":false,"potions_floor_spawned":[1,3,6],"killed_by":"Gremlin Gang","ascension_level":20}