{"path_per_floor":["M","?","M","?","M","$","E","M","T","?","R"],"character_chosen":"THE_SILENT","items_purchased":["Unceasing Top"],"gold_per_floor":[112,187,206,381,393,5,32,48,48,13,13,13],"floor_reached":12,"campfire_rested":0,"playtime":351,"item_purchase_floors":[6],"current_hp_per_floor":[75,64,63,63,63,63,26,13,13,34,34,0],"items_purged":["Doubt"],"gold":13,"score":113,"play_id":"e13ce4c2-017a-4fd2-badd-88ac1716bbff","local_time":"20180605220400","is_prod":false,"is_daily":false,"chose_seed":false,"is_ascension_mode":true,"campfire_upgraded":1,"win_rate":0,"timestamp":1528207440,"campfire_choices":[{"data":"Calculated Gamble","floor":11,"key":"SMITH"}],"path_taken":["M","?","?","?","M","$","E","M","T","?","R","E"],"build_version":"2018-06-04v2","seed_source_timestamp":47670606480660,"purchased_purges":1,"victory":false,"master_deck":["Defend_G","Defend_G","Defend_G","Defend_G","Defend_G","Strike_G","Strike_G","Strike_G","Strike_G","Strike_G","Survivor","Neutralize","Injury","Dagger Throw","Masterful Stab","Footwork","Masterful Stab","Calculated Gamble+1"],"max_hp_per_floor":[84,84,84,84,84,84,84,84,84,84,84,84],"relics":["Ring of the Snake","Unceasing Top","Letter Opener","Blue Candle"],"card_choices":[{"not_picked":["Expertise","Acrobatics"],"picked":"Dagger Throw","floor":1},{"not_picked":["Cloak And Dagger","Calculated Gamble"],"picked":"Masterful Stab","floor":3},{"not_picked":["Cloak And Dagger","Bane"],"picked":"Footwork","floor":5},{"not_picked":["Expertise","Blur"],"picked":"Masterful Stab","floor":7},{"not_picked":["Underhanded Strike","Cloak And Dagger"],"picked":"Calculated Gamble","floor":8}],"player_experience":534290,"potions_floor_usage":[],"damage_taken":[{"damage":2,"enemies":"Small Slimes","floor":1,"turns":4},{"damage":1,"enemies":"2 Louse","floor":3,"turns":3},{"damage":0,"enemies":"Cultist","floor":5,"turns":4},{"damage":37,"enemies":"Gremlin Nob","floor":7,"turns":5},{"damage":13,"enemies":"Red Slaver","floor":8,"turns":4},{"damage":39,"enemies":"3 Sentries","floor":12,"turns":9}],"relics_obtained":[{"floor":7,"key":"Letter Opener"},{"floor":9,"key":"Blue Candle"}],"event_choices":[{"event_name":"World of Goop","player_choice":"Gather Gold","floor":2,"damage_taken":0},{"event_name":"Liars Game","player_choice":"agreed","floor":4,"damage_taken":0},{"event_name":"The Cleric","player_choice":"Healed","floor":10,"damage_taken":0}],"boss_relics":[],"items_purged_floors":[6],"potions_floor_spawned":[1,7],"seed_played":"-7728223943595414309","killed_by":"3 Sentries","ascension_level":9,"potions_obtained":[{"floor":1,"key":"SteroidPotion"},{"floor":7,"key":"Weak Potion"}],"is_trial":false}