{"gold_per_floor":[119,134,150,167,185,185,196,224,300,300,316,316,54,64,64,161,161,180,196,196,209,66,66,66,66,113,127,147,158,158,158,158,158],"floor_reached":33,"playtime":2777,"items_purged":[],"score":253,"play_id":"68a9077e-cf3c-4456-8795-18799c352667","local_time":"20190807160725","is_ascension_mode":false,"campfire_choices":[{"floor":6,"key":"REST"},{"floor":10,"key":"REST"},{"data":"Demon Form","floor":15,"key":"SMITH"},{"data":"Limit Break","floor":23,"key":"SMITH"},{"data":"Reaper","floor":25,"key":"SMITH"},{"floor":30,"key":"REST"},{"floor":32,"key":"REST"}],"neow_cost":"NONE","seed_source_timestamp":154724141134600,"circlet_count":0,"master_deck":["Strike_R","Strike_R","Strike_R","Strike_R","Defend_R","Defend_R","Defend_R","Defend_R","Bash","Reaper+1","Sever Soul","Clash","Dual Wield","Demon Form+1","Thunderclap","Flex","Spot Weakness","Combust","Evolve","Heavy Blade","Limit Break","Shrug It Off","Warcry","Combust","Body Slam","Body Slam+1","Limit Break+1","Shrug It Off","Shrug It Off"],"relics":["Burning Blood","Bag of Marbles","Mummified Hand","Shuriken","Orrery","Juzu Bracelet","MutagenicStrength","Pen Nib","Bottled Flame"],"potions_floor_usage":[28,28,33,33],"damage_taken":[{"damage":16,"enemies":"Cultist","floor":1,"turns":5},{"damage":12,"enemies":"Small Slimes","floor":2,"turns":3},{"damage":7,"enemies":"2 Louse","floor":3,"turns":2},{"damage":31,"enemies":"Lots of Slimes","floor":4,"turns":5},{"damage":37,"enemies":"3 Louse","floor":5,"turns":5},{"damage":20,"enemies":"Exordium Wildlife","floor":7,"turns":4},{"damage":36,"enemies":"3 Sentries","floor":8,"turns":6},{"damage":10,"enemies":"Looter","floor":11,"turns":3},{"damage":7,"enemies":"3 Louse","floor":14,"turns":3},{"damage":66,"enemies":"Hexaghost","floor":16,"turns":8},{"damage":59,"enemies":"2 Thieves","floor":18,"turns":4},{"damage":30,"enemies":"Shell Parasite","floor":19,"turns":4},{"damage":40,"enemies":"Snake Plant","floor":21,"turns":5},{"damage":49,"enemies":"Shelled Parasite and Fungi","floor":27,"turns":5},{"damage":22,"enemies":"Centurion and Healer","floor":28,"turns":6},{"damage":53,"enemies":"Sentry and Sphere","floor":29,"turns":6},{"damage":60,"enemies":"Automaton","floor":33,"turns":6}],"seed_played":"2375939258734815701","potions_obtained":[{"floor":2,"key":"SteroidPotion"},{"floor":3,"key":"Regen Potion"},{"floor":7,"key":"Energy Potion"},{"floor":28,"key":"Explosive Potion"}],"is_trial":false,"path_per_floor":["M","M","M","M","M","R","M","E","T","R","M","?","$","M","R","B",null,"M","M","?","M","$","R","?","R","T","M","M","M","R","T","R","B"],"character_chosen":"IRONCLAD","items_purchased":["Shuriken","Juzu Bracelet"],"campfire_rested":4,"item_purchase_floors":[13,22],"current_hp_per_floor":[76,70,69,55,38,62,52,34,34,58,54,54,54,80,80,33,80,52,28,80,46,46,46,46,46,46,21,58,11,35,35,59,0],"gold":158,"neow_bonus":"ONE_RANDOM_RARE_CARD","is_prod":false,"is_daily":false,"chose_seed":false,"campfire_upgraded":3,"win_rate":0.0,"timestamp":1565215645,"path_taken":["M","M","M","M","M","R","?","E","T","R","M","?","$","M","R","BOSS","M","M","?","?","$","R","?","R","T","M","M","M","R","?","R","BOSS"],"build_version":"2019-07-17","purchased_purges":0,"victory":false,"max_hp_per_floor":[80,80,80,80,80,80,80,80,80,80,80,80,80,80,80,80,80,80,80,80,80,80,80,80,80,80,80,80,80,80,80,80,80],"card_choices":[{"not_picked":["Anger","Twin Strike"],"picked":"Sever Soul","floor":1},{"not_picked":["True Grit","Rupture"],"picked":"Clash","floor":2},{"not_picked":["Inflame","Perfected Strike"],"picked":"Dual Wield","floor":3},{"not_picked":["Rampage","Power Through"],"picked":"Demon Form","floor":4},{"not_picked":["Sword Boomerang","Havoc"],"picked":"Thunderclap","floor":5},{"not_picked":["Searing Blow","Iron Wave"],"picked":"Flex","floor":7},{"not_picked":["True Grit","Havoc"],"picked":"Spot Weakness","floor":8},{"not_picked":["Wild Strike","Twin Strike"],"picked":"Combust","floor":11},{"not_picked":["Feel No Pain","Sword Boomerang"],"picked":"Heavy Blade","floor":14},{"not_picked":["Double Tap","Juggernaut"],"picked":"Limit Break","floor":16},{"not_picked":["Anger","Intimidate"],"picked":"Shrug It Off","floor":17},{"not_picked":["Clash","Iron Wave"],"picked":"Bloodletting","floor":17},{"not_picked":["Intimidate","Dual Wield"],"picked":"Warcry","floor":17},{"not_picked":["Wild Strike","Infernal Blade"],"picked":"Combust","floor":17},{"not_picked":["Headbutt","Warcry"],"picked":"Body Slam","floor":17},{"not_picked":["Dual Wield","Heavy Blade"],"picked":"Body Slam+1","floor":18},{"not_picked":["Armaments","Perfected Strike","Pommel Strike"],"picked":"SKIP","floor":19},{"not_picked":["Pummel+1","Armaments"],"picked":"Limit Break","floor":21},{"not_picked":["Battle Trance","Thunderclap+1"],"picked":"Shrug It Off","floor":27},{"not_picked":["True Grit","Cleave"],"picked":"Shrug It Off","floor":28},{"not_picked":["Thunderclap","Battle Trance","Second Wind"],"picked":"SKIP","floor":29}],"player_experience":59250,"relics_obtained":[{"floor":8,"key":"Bag of Marbles"},{"floor":9,"key":"Mummified Hand"},{"floor":26,"key":"Pen Nib"},{"floor":31,"key":"Bottled Flame"}],"event_choices":[{"damage_healed":0,"gold_gain":0,"cards_transformed":["Strike_R"],"player_choice":"Change","damage_taken":0,"max_hp_gain":0,"max_hp_loss":0,"event_name":"Living Wall","floor":12,"gold_loss":0,"cards_obtained":["Evolve"]},{"cards_removed":["Bloodletting"],"damage_healed":52,"gold_gain":0,"player_choice":"Offered Uncommon","damage_taken":0,"max_hp_gain":0,"max_hp_loss":0,"event_name":"Bonfire Elementals","floor":20,"gold_loss":0},{"damage_healed":0,"gold_gain":0,"player_choice":"Inject Mutagens","damage_taken":0,"relics_obtained":["MutagenicStrength"],"max_hp_gain":0,"max_hp_loss":0,"event_name":"Drug Dealer","floor":24,"gold_loss":0}],"is_beta":false,"boss_relics":[{"not_picked":["Sozu","Fusion Hammer"],"picked":"Orrery"}],"items_purged_floors":[],"is_endless":false,"potions_floor_spawned":[2,3,7,8,14,21,28],"killed_by":"Automaton","ascension_level":0}