{"gold_per_floor":[365,376,376,92,104,104,123,123,123,134,144,144,170,70,70,174,174,193,68,68,68,58,58,74,74,74,37,37,70,70,86,86,190,190,205,44,59,59,59,59,59,69,69,69,69,69,84,100,100,100],"floor_reached":51,"playtime":1436,"items_purged":["Strike_G","Strike_G","Strike_G"],"score":840,"play_id":"34ff07f0-933d-4fc9-99dc-9127332d7886","local_time":"20181016204151","is_ascension_mode":false,"campfire_choices":[{"data":"Catalyst","floor":6.0,"key":"SMITH"},{"data":"Noxious Fumes","floor":8.0,"key":"SMITH"},{"data":"Leg Sweep","floor":15.0,"key":"SMITH"},{"data":"Deadly Poison","floor":23,"key":"SMITH"},{"data":"Neutralize","floor":25,"key":"SMITH"},{"data":"Bouncing Flask","floor":32,"key":"SMITH"},{"data":"Night Terror","floor":40,"key":"SMITH"},{"floor":44,"key":"REST"},{"data":"Footwork","floor":46,"key":"SMITH"},{"floor":49,"key":"REST"}],"neow_cost":"TEN_PERCENT_HP_LOSS","seed_source_timestamp":45329233810354,"circlet_count":0,"master_deck":["Defend_G","Defend_G","Defend_G","Defend_G","Defend_G","Strike_G","Survivor","Neutralize+1","Catalyst+1","Leg Sweep+1","Noxious Fumes+1","Adrenaline","Deadly Poison+1","Backflip+1","Footwork+1","Footwork","Panacea","Bouncing Flask+1","Escape Plan","Doppelganger","Night Terror+1","Leg Sweep+1","Catalyst+1"],"special_seed":0,"relics":["Ring of the Snake","TwistedFunnel","Sundial","Dead Branch","Cursed Key","Bag of Marbles","Ice Cream","Velvet Choker"],"potions_floor_usage":[21,50,50],"damage_taken":[{"damage":4.0,"enemies":"Cultist","floor":1.0,"turns":6.0},{"damage":0.0,"enemies":"2 Louse","floor":2.0,"turns":5.0},{"damage":0.0,"enemies":"Small Slimes","floor":5.0,"turns":3.0},{"damage":0.0,"enemies":"Looter","floor":7.0,"turns":4.0},{"damage":0.0,"enemies":"Red Slaver","floor":10.0,"turns":4.0},{"damage":0.0,"enemies":"Lots of Slimes","floor":11.0,"turns":3.0},{"damage":19.0,"enemies":"Gremlin Nob","floor":13.0,"turns":5.0},{"damage":20.0,"enemies":"The Guardian","floor":16.0,"turns":10.0},{"damage":0.0,"enemies":"Chosen","floor":18.0,"turns":5.0},{"damage":0,"enemies":"Colosseum Slavers","floor":21,"turns":4},{"damage":1,"enemies":"2 Thieves","floor":22,"turns":4},{"damage":0,"enemies":"Snecko","floor":24,"turns":3},{"damage":0,"enemies":"Book of Stabbing","floor":29,"turns":4},{"damage":0,"enemies":"Sentry and Sphere","floor":31,"turns":6},{"damage":0,"enemies":"Champ","floor":33,"turns":7},{"damage":0,"enemies":"Orb Walker","floor":35,"turns":3},{"damage":9,"enemies":"3 Shapes","floor":37,"turns":4},{"damage":32,"enemies":"Reptomancer","floor":42,"turns":6},{"damage":0,"enemies":"Sphere and 2 Shapes","floor":47,"turns":4},{"damage":4,"enemies":"3 Darklings","floor":48,"turns":4},{"damage":0,"enemies":"Donu and Deca","floor":50,"turns":7}],"seed_played":"-1226318330683885217","potions_obtained":[{"floor":1.0,"key":"FearPotion"},{"floor":2.0,"key":"PowerPotion"},{"floor":11.0,"key":"AttackPotion"},{"floor":22,"key":"Weak Potion"},{"floor":24,"key":"Energy Potion"},{"floor":33,"key":"LiquidBronze"}],"is_trial":false,"path_per_floor":["M","M","?","$","M","R","M","R","T","M","M","?","E","$","R","B",null,"M","$","?","?","M","R","M","R","T","$","?","E","?","M","R","B",null,"M","$","M","?","T","R","?","M","T","R","?","R","M","M","R","B"],"character_chosen":"THE_SILENT","items_purchased":["TwistedFunnel","Footwork","Night Terror"],"campfire_rested":2,"item_purchase_floors":[4,27,36],"current_hp_per_floor":[59,59,59,59,59,59,59,59,59,59,59,73,54,54,54,34,73,73,73,73,73,72,72,72,72,72,72,72,72,72,72,72,72,73,73,73,64,64,64,64,64,32,32,52,52,52,52,48,68,68],"gold":100,"neow_bonus":"TWO_FIFTY_GOLD","is_prod":false,"is_daily":false,"chose_seed":false,"campfire_upgraded":8,"win_rate":0,"timestamp":1539693711,"path_taken":["M","?","?","$","M","R","M","R","T","M","M","?","E","?","R","BOSS","M","?","?","?","M","R","M","R","T","$","?","E","?","?","R","BOSS","M","$","M","?","?","R","?","?","T","R","?","R","M","M","R","BOSS"],"build_version":"2018-10-11","purchased_purges":3,"victory":true,"max_hp_per_floor":[63,63,63,63,63,63,63,63,63,63,63,73,73,73,73,73,73,73,73,73,73,73,73,73,73,73,73,73,73,73,73,73,73,73,73,73,73,69,69,69,69,69,69,69,69,69,69,69,69,69],"card_choices":[{"not_picked":["Calculated Gamble","Endless Agony"],"picked":"Catalyst","floor":1.0},{"not_picked":["Eviscerate","Terror","Blade Dance"],"picked":"SKIP","floor":2.0},{"not_picked":["Concentrate","Dagger Throw"],"picked":"Noxious Fumes","floor":5.0},{"not_picked":["Deflect","Infinite Blades","Blade Dance"],"picked":"SKIP","floor":7.0},{"not_picked":["Eviscerate","Choke","Cloak And Dagger"],"picked":"SKIP","floor":10.0},{"not_picked":["Setup","Slice","Eviscerate"],"picked":"SKIP","floor":11.0},{"not_picked":["Riddle With Holes","Calculated Gamble","Quick Slash"],"picked":"SKIP","floor":13.0},{"not_picked":["Riddle With Holes","Calculated Gamble","Quick Slash"],"picked":"SKIP","floor":13.0},{"not_picked":["Grand Finale","A Thousand Cuts"],"picked":"Adrenaline","floor":16.0},{"not_picked":["Acrobatics","Poisoned Stab","Slice"],"picked":"SKIP","floor":18.0},{"not_picked":["Bane","Masterful Stab"],"picked":"Deadly Poison","floor":22},{"not_picked":["PiercingWail+1","Quick Slash+1"],"picked":"Backflip+1","floor":24},{"not_picked":["Endless Agony","Dagger Spray+1"],"picked":"Bouncing Flask","floor":29},{"not_picked":["Reflex","Outmaneuver"],"picked":"Escape Plan","floor":31},{"not_picked":["Storm of Steel","Venomology"],"picked":"Doppelganger","floor":33},{"not_picked":["Dagger Spray+1","Prepared+1","Deflect+1"],"picked":"SKIP","floor":35},{"not_picked":["Acrobatics+1","Underhanded Strike"],"picked":"Leg Sweep+1","floor":37},{"not_picked":["Cloak And Dagger+1","Poisoned Stab","Deadly Poison"],"picked":"SKIP","floor":42},{"not_picked":["Choke","Blade Dance+1"],"picked":"Catalyst+1","floor":47},{"not_picked":["Tactician","PiercingWail","Dodge and Roll"],"picked":"SKIP","floor":48}],"player_experience":264093,"relics_obtained":[{"floor":9.0,"key":"Sundial"},{"floor":13.0,"key":"Dead Branch"},{"floor":29,"key":"Bag of Marbles"}],"event_choices":[{"event_name":"Match and Keep!","player_choice":"2 cards matched","floor":3.0,"damage_taken":0.0},{"event_name":"Bonfire Elementals","player_choice":"RARE","floor":12.0,"damage_taken":0.0},{"event_name":"Cursed Tome","player_choice":"Ignored","floor":20,"damage_taken":0},{"event_name":"Colosseum","player_choice":"Fight","floor":21,"damage_taken":0},{"event_name":"Colosseum","player_choice":"Fled From Nobs","floor":21,"damage_taken":0},{"event_name":"Match and Keep!","player_choice":"2 cards matched","floor":28,"damage_taken":0},{"event_name":"WeMeetAgain","player_choice":"Potion","floor":30,"damage_taken":0},{"event_name":"Winding Halls","player_choice":"Max HP","floor":38,"damage_taken":0},{"event_name":"Mysterious Sphere","player_choice":"Ignore","floor":41,"damage_taken":0},{"event_name":"Falling","player_choice":"Removed Attack","floor":45,"damage_taken":0}],"is_beta":false,"boss_relics":[{"not_picked":["Empty Cage","Ectoplasm"],"picked":"Cursed Key"},{"not_picked":["Coffee Dripper","Tiny House"],"picked":"Velvet Choker"}],"items_purged_floors":[4,14,19],"is_endless":false,"potions_floor_spawned":[1,2,11,22,24,33,37,48],"ascension_level":0}