{"gold_per_floor":[116,131,151,101,101,101,118,118,144,209,209,223,223,248,248,352,352,367,386,485,498,511,540,540,555,555,555,590,590,619,639,639,739,739,752,290,303,303,303,303,303,303,303,303,46,65,78,90,90,90],"floor_reached":51,"playtime":1993,"items_purged":["Strike_G","Defend_G"],"score":782,"play_id":"1615e241-982a-4d2c-bbef-1d6f2f5a0d7a","local_time":"20181027173859","is_ascension_mode":false,"campfire_choices":[{"data":"Catalyst","floor":6.0,"key":"SMITH"},{"data":"Footwork","floor":8.0,"key":"SMITH"},{"data":"Survivor","floor":11.0,"key":"SMITH"},{"data":"Deadly Poison","floor":13.0,"key":"SMITH"},{"data":"Defend_G","floor":15.0,"key":"SMITH"},{"data":"Blur","floor":24.0,"key":"SMITH"},{"floor":27.0,"key":"REST"},{"floor":29.0,"key":"REST"},{"data":"Deadly Poison","floor":32.0,"key":"SMITH"},{"data":"Leg Sweep","floor":40,"key":"SMITH"},{"data":"Adrenaline","floor":42,"key":"SMITH"},{"data":"Dodge and Roll","floor":44,"key":"SMITH"},{"data":"Defend_G","floor":49,"key":"SMITH"}],"neow_cost":"NONE","seed_source_timestamp":24432685144217,"circlet_count":0,"master_deck":["Defend_G+1","Defend_G+1","Defend_G","Defend_G","Strike_G","Survivor+1","Neutralize+1","Footwork+1","Catalyst+1","Deadly Poison+1","Adrenaline+1","Blur+1","Dodge and Roll+1","Deadly Poison+1","Deadly Poison+1","Venomology","PiercingWail+1","Leg Sweep+1","Master of Strategy","Deadly Poison+1","Catalyst+1","Sucker Punch+1","After Image"],"special_seed":0,"relics":["Ring of the Snake","PreservedInsect","Oddly Smooth Stone","Tiny Chest","Odd Mushroom","Black Star","Molten Egg 2","Bottled Flame","Letter Opener","Pear","Ornamental Fan","Potion Belt","Bag of Marbles","Empty Cage","Vajra","Snake Skull"],"potions_floor_usage":[35,37,46,48,48,50,50,50,50,50],"damage_taken":[{"damage":0.0,"enemies":"Jaw Worm","floor":1.0,"turns":5.0},{"damage":0.0,"enemies":"2 Louse","floor":2.0,"turns":3.0},{"damage":0.0,"enemies":"Small Slimes","floor":3.0,"turns":6.0},{"damage":3.0,"enemies":"3 Louse","floor":7.0,"turns":6.0},{"damage":0.0,"enemies":"3 Sentries","floor":10.0,"turns":13.0},{"damage":0.0,"enemies":"2 Fungi Beasts","floor":12.0,"turns":6.0},{"damage":8.0,"enemies":"The Mushroom Lair","floor":14.0,"turns":5.0},{"damage":3.0,"enemies":"The Guardian","floor":16.0,"turns":9.0},{"damage":0.0,"enemies":"Chosen","floor":18.0,"turns":5.0},{"damage":0.0,"enemies":"3 Byrds","floor":19.0,"turns":6.0},{"damage":0.0,"enemies":"Centurion and Healer","floor":21.0,"turns":11.0},{"damage":0.0,"enemies":"Snecko","floor":22.0,"turns":5.0},{"damage":17.0,"enemies":"Slavers","floor":23.0,"turns":7.0},{"damage":19.0,"enemies":"Sentry and Sphere","floor":25.0,"turns":13.0},{"damage":9.0,"enemies":"Gremlin Leader","floor":28.0,"turns":8.0},{"damage":7.0,"enemies":"Slavers","floor":30.0,"turns":5.0},{"damage":0.0,"enemies":"Centurion and Healer","floor":31.0,"turns":6.0},{"damage":59.0,"enemies":"Champ","floor":33.0,"turns":12.0},{"damage":12,"enemies":"Orb Walker","floor":35,"turns":5},{"damage":0,"enemies":"3 Darklings","floor":37,"turns":11},{"damage":0,"enemies":"Transient","floor":46,"turns":5},{"damage":12,"enemies":"Writhing Mass","floor":47,"turns":4},{"damage":5,"enemies":"3 Darklings","floor":48,"turns":6},{"damage":1,"enemies":"Time Eater","floor":50,"turns":11}],"seed_played":"-4083364768231634224","potions_obtained":[{"floor":2.0,"key":"SpeedPotion"},{"floor":3.0,"key":"Poison Potion"},{"floor":12.0,"key":"Fire Potion"},{"floor":16.0,"key":"Fire Potion"},{"floor":19.0,"key":"Swift Potion"},{"floor":21.0,"key":"Swift Potion"},{"floor":22.0,"key":"FearPotion"},{"floor":28.0,"key":"Swift Potion"},{"floor":30.0,"key":"FearPotion"},{"floor":37,"key":"Strength Potion"},{"floor":46,"key":"SpeedPotion"},{"floor":48,"key":"PowerPotion"}],"is_trial":false,"path_per_floor":["M","M","M","?","?","R","M","R","T","E","R","M","R","?","R","B",null,"M","M","?","M","M","E","R","M","T","R","E","R","E","M","R","B",null,"M","$","M","?","?","R","?","R","T","R","$","M","M","M","R","B"],"character_chosen":"THE_SILENT","items_purchased":["Leg Sweep","Master of Strategy","Regen Potion","SkillPotion","Snake Skull"],"campfire_rested":2,"item_purchase_floors":[36,36,36,36,45],"current_hp_per_floor":[70,70,70,70,67,67,64,64,64,64,64,64,64,56,56,53,70,70,70,70,70,70,53,53,34,34,55,56,80,73,73,73,14,80,68,68,80,80,76,76,76,76,76,76,76,76,64,74,74,73],"gold":90,"neow_bonus":"UPGRADE_CARD","is_prod":false,"is_daily":false,"chose_seed":false,"campfire_upgraded":11,"win_rate":0,"timestamp":1540633139,"path_taken":["M","M","M","?","?","R","M","R","T","E","R","M","R","?","R","BOSS","M","?","?","?","M","E","R","M","T","R","E","R","E","M","R","BOSS","M","$","M","?","?","R","?","R","T","R","$","M","M","M","R","BOSS"],"build_version":"2018-10-25v2","purchased_purges":2,"victory":true,"max_hp_per_floor":[70,70,70,70,70,70,70,70,70,70,70,70,70,70,70,70,70,70,70,70,70,70,70,70,70,70,70,80,80,80,80,80,80,80,80,80,80,80,76,76,76,76,76,76,76,76,76,76,76,76],"card_choices":[{"not_picked":["Blade Dance","Endless Agony"],"picked":"Footwork","floor":1.0},{"not_picked":["Sucker Punch","Finisher","Prepared"],"picked":"SKIP","floor":2.0},{"not_picked":["Heel Hook","Flying Knee"],"picked":"Catalyst","floor":3.0},{"not_picked":["Dash","Blade Dance","Dodge and Roll"],"picked":"SKIP","floor":7.0},{"not_picked":["PiercingWail","Quick Slash","Distraction"],"picked":"SKIP","floor":10.0},{"not_picked":["Underhanded Strike","Heel Hook"],"picked":"Deadly Poison","floor":12.0},{"not_picked":["A Thousand Cuts","Glass Knife"],"picked":"Adrenaline","floor":16.0},{"not_picked":["Dagger Spray","Sucker Punch","Outmaneuver"],"picked":"SKIP","floor":18.0},{"not_picked":["Slice","All Out Attack"],"picked":"Die Die Die","floor":19.0},{"not_picked":["Prepared","Distraction","Bane"],"picked":"SKIP","floor":21.0},{"not_picked":["Cloak And Dagger","Poisoned Stab"],"picked":"Blur","floor":22.0},{"not_picked":["Dagger Throw","Skewer","Grand Finale"],"picked":"SKIP","floor":23.0},{"not_picked":["Dagger Throw+1","Dagger Spray+1"],"picked":"Dodge and Roll","floor":25.0},{"not_picked":["Bane+1","Concentrate+1"],"picked":"Deadly Poison+1","floor":28.0},{"not_picked":["Crippling Poison+1","Heel Hook+1","Finisher+1"],"picked":"SKIP","floor":30.0},{"not_picked":["Infinite Blades","Dash+1"],"picked":"Deadly Poison","floor":31.0},{"not_picked":["Phantasmal Killer","A Thousand Cuts"],"picked":"Venomology","floor":33.0},{"not_picked":["Slice+1","Distraction"],"picked":"PiercingWail+1","floor":35},{"not_picked":["Underhanded Strike+1","Bane+1"],"picked":"Deadly Poison+1","floor":37},{"not_picked":["Sucker Punch+1","Deflect","Bane+1"],"picked":"SKIP","floor":46},{"not_picked":["Deflect","Bane+1"],"picked":"Sucker Punch+1","floor":46},{"not_picked":["Deflect","Quick Slash+1","Poisoned Stab+1"],"picked":"SKIP","floor":47},{"not_picked":["Dagger Throw+1","Poisoned Stab+1"],"picked":"After Image","floor":48}],"player_experience":677744,"relics_obtained":[{"floor":9.0,"key":"Oddly Smooth Stone"},{"floor":10.0,"key":"Tiny Chest"},{"floor":14.0,"key":"Odd Mushroom"},{"floor":23.0,"key":"Molten Egg 2"},{"floor":23.0,"key":"Bottled Flame"},{"floor":26.0,"key":"Letter Opener"},{"floor":28.0,"key":"Pear"},{"floor":28.0,"key":"Ornamental Fan"},{"floor":30.0,"key":"Potion Belt"},{"floor":30.0,"key":"Bag of Marbles"},{"floor":43,"key":"Vajra"}],"event_choices":[{"cards_removed":["Strike_G"],"damage_healed":0.0,"max_hp_gain":0.0,"max_hp_loss":0.0,"gold_gain":0.0,"event_name":"The Cleric","player_choice":"Card Removal","floor":4.0,"gold_loss":50.0,"damage_taken":0.0},{"damage_healed":0.0,"max_hp_gain":0.0,"max_hp_loss":0.0,"gold_gain":0.0,"event_name":"Scrap Ooze","player_choice":"Success","floor":5.0,"gold_loss":0.0,"damage_taken":3.0,"relics_obtained":["PreservedInsect"]},{"damage_healed":0.0,"max_hp_gain":0.0,"max_hp_loss":0.0,"gold_gain":0.0,"event_name":"Mushrooms","player_choice":"Fought Mushrooms","floor":14.0,"gold_loss":0.0,"damage_taken":0.0},{"damage_healed":0.0,"max_hp_gain":0.0,"max_hp_loss":0.0,"gold_gain":99.0,"event_name":"Nest","player_choice":"Stole From Cult","floor":20.0,"gold_loss":0.0,"damage_taken":0.0},{"damage_healed":0,"gold_gain":0,"player_choice":"Copied","damage_taken":0,"max_hp_gain":0,"max_hp_loss":0,"event_name":"Duplicator","floor":38,"gold_loss":0,"cards_obtained":["Catalyst"]},{"damage_healed":0,"gold_gain":0,"player_choice":"Max HP","damage_taken":0,"max_hp_gain":0,"max_hp_loss":4,"event_name":"Winding Halls","floor":39,"gold_loss":0},{"cards_removed":["Die Die Die"],"damage_healed":0,"gold_gain":0,"player_choice":"Removed Attack","damage_taken":0,"max_hp_gain":0,"max_hp_loss":0,"event_name":"Falling","floor":41,"gold_loss":0}],"is_beta":false,"boss_relics":[{"not_picked":["Runic Dome","Snecko Eye"],"picked":"Black Star"},{"not_picked":["Calling Bell","Orrery"],"picked":"Empty Cage"}],"items_purged_floors":[36,45],"is_endless":false,"potions_floor_spawned":[2,3,12,16,19,21,22,28,30,37,46,48],"ascension_level":0}