{"gold_per_floor":[116,130,130,42,59,59,86,86,158,158,191,116,116,127,127,127],"floor_reached":16,"playtime":308,"items_purged":[],"score":216,"play_id":"79a6fdac-0114-4535-99ec-7a6084f75b88","local_time":"20190228161633","is_ascension_mode":true,"campfire_choices":[{"data":"Sunder","floor":6,"key":"SMITH"},{"data":"Coolheaded","floor":8,"key":"SMITH"},{"data":"Zap","floor":10,"key":"SMITH"},{"data":"Biased Cognition","floor":13,"key":"SMITH"},{"data":"Beam Cell","floor":15,"key":"SMITH"}],"neow_cost":"NONE","seed_source_timestamp":2770547990569,"circlet_count":0,"master_deck":["AscendersBane","Strike_B","Strike_B","Strike_B","Defend_B","Defend_B","Defend_B","Defend_B","Zap+1","Dualcast","Cold Snap","Coolheaded+1","Core Surge","Sunder+1","Biased Cognition+1","Skim","Beam Cell+1"],"relics":["Cracked Core","NeowsBlessing","Lantern","Bottled Lightning","Ornamental Fan","Bronze Scales"],"potions_floor_usage":[11,11,16],"damage_taken":[{"damage":0,"enemies":"Small Slimes","floor":1,"turns":1},{"damage":0,"enemies":"2 Louse","floor":2,"turns":1},{"damage":0,"enemies":"Jaw Worm","floor":5,"turns":1},{"damage":3,"enemies":"3 Sentries","floor":7,"turns":6},{"damage":5,"enemies":"Lagavulin","floor":11,"turns":5},{"damage":9,"enemies":"Large Slime","floor":14,"turns":4},{"damage":13,"enemies":"The Guardian","floor":16,"turns":5}],"seed_played":"2584519909124051004","potions_obtained":[{"floor":5,"key":"Weak Potion"},{"floor":7,"key":"SkillPotion"},{"floor":11,"key":"GamblersBrew"}],"is_trial":false,"path_per_floor":["M","M","?","$","M","R","E","R","T","R","E","?","R","M","R","B"],"character_chosen":"DEFECT","items_purchased":["Core Surge"],"campfire_rested":0,"item_purchase_floors":[4],"current_hp_per_floor":[64,64,29,29,29,29,26,26,26,26,21,21,21,12,12,0],"gold":127,"neow_bonus":"THREE_ENEMY_KILL","is_prod":false,"is_daily":false,"chose_seed":false,"campfire_upgraded":5,"win_rate":0,"timestamp":1551341793,"path_taken":["M","M","?","$","M","R","E","R","T","R","E","?","R","M","R","BOSS"],"build_version":"2019-01-23","purchased_purges":0,"victory":false,"max_hp_per_floor":[71,71,71,71,71,71,71,71,71,71,71,71,71,71,71,71],"card_choices":[{"not_picked":["Leap","Beam Cell"],"picked":"Cold Snap","floor":1},{"not_picked":["Beam Cell","Stack"],"picked":"Coolheaded","floor":2},{"not_picked":["Barrage","Stack"],"picked":"Sunder","floor":5},{"not_picked":["Leap","Defragment"],"picked":"Biased Cognition","floor":7},{"not_picked":["Streamline","Gash"],"picked":"Skim","floor":11},{"not_picked":["Gash","Redo"],"picked":"Beam Cell","floor":14}],"player_experience":1041919,"relics_obtained":[{"floor":7,"key":"Bottled Lightning"},{"floor":9,"key":"Ornamental Fan"},{"floor":11,"key":"Bronze Scales"}],"event_choices":[{"damage_healed":0,"gold_gain":0,"player_choice":"Success","damage_taken":35,"relics_obtained":["Lantern"],"max_hp_gain":0,"max_hp_loss":0,"event_name":"Scrap Ooze","floor":3,"gold_loss":0},{"cards_removed":["Strike_B"],"damage_healed":0,"gold_gain":0,"player_choice":"Card Removal","damage_taken":0,"max_hp_gain":0,"max_hp_loss":0,"event_name":"The Cleric","floor":12,"gold_loss":75}],"is_beta":false,"boss_relics":[],"items_purged_floors":[],"is_endless":false,"potions_floor_spawned":[5,7,11],"killed_by":"The Guardian","ascension_level":20}