{"gold_per_floor":[110,130,143,154,21,21,50,50,50,50,50,30,30],"floor_reached":13,"playtime":321,"items_purged":["Strike_G"],"score":166,"play_id":"ab3c45be-ec58-439c-b0ee-2ad9c3ac8f01","local_time":"20190128112540","is_ascension_mode":true,"campfire_choices":[{"data":"Deadly Poison","floor":6,"key":"SMITH"},{"data":"Forethought","floor":11,"key":"SMITH"}],"neow_cost":"NONE","seed_source_timestamp":8102689355247,"circlet_count":0,"master_deck":["AscendersBane","Defend_G","Defend_G","Defend_G","Defend_G","Defend_G","Strike_G","Strike_G","Strike_G","Strike_G","Survivor","Neutralize","Forethought+1","Well Laid Plans","Deadly Poison+1"],"relics":["Ring of the Snake","Bag of Marbles","Dodecahedron"],"potions_floor_usage":[7],"damage_taken":[{"damage":7,"enemies":"Cultist","floor":1,"turns":5},{"damage":7,"enemies":"2 Louse","floor":2,"turns":3},{"damage":4,"enemies":"Small Slimes","floor":3,"turns":4},{"damage":2,"enemies":"2 Fungi Beasts","floor":4,"turns":7},{"damage":20,"enemies":"Lagavulin","floor":7,"turns":7},{"damage":0,"enemies":"Exordium Thugs","floor":13,"turns":1}],"seed_played":"-4428401789313547292","potions_obtained":[{"floor":1,"key":"FairyPotion"},{"floor":2,"key":"Poison Potion"},{"floor":7,"key":"Regen Potion"}],"is_trial":false,"path_per_floor":["M","M","M","M","$","R","E","$","T","$","R","?","M"],"character_chosen":"THE_SILENT","items_purchased":["Deadly Poison"],"campfire_rested":0,"item_purchase_floors":[5],"current_hp_per_floor":[52,45,41,39,39,39,19,19,19,19,19,19,19],"gold":30,"neow_bonus":"RANDOM_COLORLESS","is_prod":false,"is_daily":false,"chose_seed":false,"campfire_upgraded":2,"win_rate":0,"timestamp":1548645940,"path_taken":["M","M","M","M","$","R","E","$","T","?","R","?","?"],"build_version":"2019-01-23","purchased_purges":1,"victory":false,"max_hp_per_floor":[66,66,66,66,66,66,66,66,66,66,66,66,66],"card_choices":[{"not_picked":["Outmaneuver","Deflect"],"picked":"Well Laid Plans","floor":1},{"not_picked":["Quick Slash","Dagger Throw","Deadly Poison"],"picked":"SKIP","floor":2},{"not_picked":["Quick Slash","Slice","Caltrops"],"picked":"SKIP","floor":3},{"not_picked":["Quick Slash","Bane","Slice"],"picked":"SKIP","floor":4},{"not_picked":["Venomology","Crippling Poison","Flying Knee"],"picked":"SKIP","floor":7}],"player_experience":1368327,"relics_obtained":[{"floor":7,"key":"Bag of Marbles"},{"floor":9,"key":"Dodecahedron"}],"event_choices":[{"damage_healed":0,"gold_gain":0,"player_choice":"Bought 1 Potion","damage_taken":0,"max_hp_gain":0,"max_hp_loss":0,"event_name":"The Woman in Blue","floor":12,"gold_loss":0}],"is_beta":true,"boss_relics":[],"items_purged_floors":[5],"is_endless":false,"potions_floor_spawned":[1,2,7],"killed_by":"Exordium Thugs","ascension_level":20}