{"gold_per_floor":[112,37,37,53,53,88,104,116,167,183,203,203,203,219,219,293,293,309,309,224,182,201,201],"floor_reached":23,"playtime":680,"items_purged":[],"score":440,"play_id":"6d93480f-72ab-42c0-9b1c-2a6a103f6278","local_time":"20181120235140","is_ascension_mode":true,"campfire_choices":[{"data":"Deadly Poison","floor":13,"key":"SMITH"},{"data":"Footwork","floor":15,"key":"SMITH"}],"neow_cost":"NONE","seed_source_timestamp":17905832359639,"circlet_count":0,"master_deck":["AscendersBane","Defend_G","Defend_G","Defend_G","Defend_G","Defend_G","Strike_G","Strike_G","Strike_G","Strike_G","Survivor","Neutralize","Deadly Poison+1","Footwork+1","Flechettes+1","Backflip","Malaise","Malaise"],"relics":["Ring of the Snake","NeowsBlessing","Molten Egg 2","Smiling Mask","Bag of Marbles","Orrery","PreservedInsect"],"potions_floor_usage":[16,23],"damage_taken":[{"damage":0,"enemies":"Small Slimes","floor":1,"turns":1},{"damage":0,"enemies":"Jaw Worm","floor":4,"turns":1},{"damage":0,"enemies":"Lagavulin","floor":6,"turns":1},{"damage":3,"enemies":"2 Louse","floor":7,"turns":3},{"damage":0,"enemies":"Blue Slaver","floor":8,"turns":5},{"damage":4,"enemies":"Looter","floor":10,"turns":4},{"damage":7,"enemies":"Red Slaver","floor":11,"turns":5},{"damage":25,"enemies":"Gremlin Gang","floor":14,"turns":7},{"damage":9,"enemies":"The Guardian","floor":16,"turns":12},{"damage":0,"enemies":"3 Byrds","floor":18,"turns":8},{"damage":22,"enemies":"2 Thieves","floor":21,"turns":5},{"damage":25,"enemies":"Snecko","floor":22,"turns":6},{"damage":8,"enemies":"Slavers","floor":23,"turns":2}],"seed_played":"-3722835060325515940","potions_obtained":[{"floor":4,"key":"Dexterity Potion"},{"floor":8,"key":"PowerPotion"},{"floor":16,"key":"FearPotion"}],"is_trial":false,"path_per_floor":["M","?","?","M","?","E","M","M","T","M","M","?","R","M","R","B",null,"M","?","?","M","M","E"],"character_chosen":"THE_SILENT","items_purchased":[],"campfire_rested":0,"item_purchase_floors":[],"current_hp_per_floor":[59,59,64,64,59,59,56,56,56,52,45,45,45,20,20,11,56,56,56,56,34,9,1],"gold":201,"neow_bonus":"THREE_ENEMY_KILL","is_prod":false,"is_daily":false,"chose_seed":false,"campfire_upgraded":2,"win_rate":0,"timestamp":1542729100,"path_taken":["M","?","?","M","?","E","?","M","T","M","M","?","R","M","R","BOSS","M","?","?","M","M","E"],"build_version":"2018-11-15","purchased_purges":0,"victory":false,"max_hp_per_floor":[66,66,71,71,71,71,71,71,71,71,71,71,71,71,71,71,71,71,71,71,71,71,71],"card_choices":[{"not_picked":["Backflip","Sucker Punch"],"picked":"Deadly Poison","floor":1},{"not_picked":["Caltrops","Flying Knee","Leg Sweep"],"picked":"SKIP","floor":4},{"not_picked":["Deadly Poison","Outmaneuver","Sucker Punch+1"],"picked":"SKIP","floor":6},{"not_picked":["Dagger Throw+1","Blade Dance"],"picked":"Footwork","floor":7},{"not_picked":["Setup","Poisoned Stab+1","Dagger Throw+1"],"picked":"SKIP","floor":8},{"not_picked":["Blade Dance","PiercingWail","Deflect"],"picked":"SKIP","floor":10},{"not_picked":["Expertise","Dagger Spray+1"],"picked":"Flechettes+1","floor":11},{"not_picked":["Distraction","Sucker Punch+1"],"picked":"Backflip","floor":14},{"not_picked":["Wraith Form v2","Doppelganger"],"picked":"Malaise","floor":16},{"not_picked":["Blade Dance","Finisher+1"],"picked":"Malaise","floor":18},{"not_picked":["Dagger Throw+1","Eviscerate+1","All Out Attack+1"],"picked":"SKIP","floor":21},{"not_picked":["Quick Slash+1","Expertise","Underhanded Strike+1"],"picked":"SKIP","floor":22}],"player_experience":1128620,"relics_obtained":[{"floor":6,"key":"Smiling Mask"},{"floor":9,"key":"Bag of Marbles"}],"event_choices":[{"cards_removed":["Strike_G"],"damage_healed":0,"gold_gain":0,"player_choice":"Card Removal","damage_taken":0,"max_hp_gain":0,"max_hp_loss":0,"event_name":"The Cleric","floor":2,"gold_loss":75},{"damage_healed":0,"gold_gain":0,"player_choice":"Donut","damage_taken":0,"max_hp_gain":5,"max_hp_loss":0,"event_name":"Big Fish","floor":3,"gold_loss":0},{"damage_healed":0,"gold_gain":0,"player_choice":"Success","damage_taken":5,"relics_obtained":["Molten Egg 2"],"max_hp_gain":0,"max_hp_loss":0,"event_name":"Scrap Ooze","floor":5,"gold_loss":0},{"damage_healed":0,"gold_gain":0,"player_choice":"Ignored","damage_taken":0,"max_hp_gain":0,"max_hp_loss":0,"event_name":"Liars Game","floor":12,"gold_loss":0},{"damage_healed":0,"gold_gain":0,"player_choice":"Ignored","damage_taken":0,"max_hp_gain":0,"max_hp_loss":0,"event_name":"The Mausoleum","floor":19,"gold_loss":0},{"damage_healed":0,"gold_gain":0,"player_choice":"Obtained Relic","damage_taken":0,"relics_obtained":["PreservedInsect"],"max_hp_gain":0,"max_hp_loss":0,"event_name":"Addict","floor":20,"gold_loss":85}],"is_beta":true,"boss_relics":[{"not_picked":["Fusion Hammer","Cursed Key"],"picked":"Orrery"}],"items_purged_floors":[],"is_endless":false,"potions_floor_spawned":[4,8,14,16,21],"killed_by":"Slavers","ascension_level":20}