{"gold_per_floor":[119,119,138,13,24,24,43,62,108,108,120,140,140],"floor_reached":13,"playtime":452,"items_purged":["Strike_G"],"score":158,"play_id":"2c531ca7-2e3d-46e2-8c1f-399f4591d19e","local_time":"20190127164809","is_ascension_mode":true,"campfire_choices":[{"data":"Prepared","floor":6,"key":"SMITH"},{"data":"Deadly Poison","floor":10,"key":"SMITH"}],"neow_cost":"NONE","seed_source_timestamp":18581604666422,"circlet_count":0,"master_deck":["AscendersBane","Defend_G","Defend_G","Defend_G","Defend_G","Defend_G","Strike_G","Strike_G","Strike_G","Strike_G","Survivor","Neutralize+1","Heel Hook","Prepared+1","Acrobatics","Deadly Poison+1"],"relics":["Ring of the Snake","NeowsBlessing"],"potions_floor_usage":[13],"damage_taken":[{"damage":0,"enemies":"Jaw Worm","floor":1,"turns":1},{"damage":0,"enemies":"Cultist","floor":3,"turns":1},{"damage":0,"enemies":"Small Slimes","floor":5,"turns":1},{"damage":23,"enemies":"Gremlin Gang","floor":7,"turns":7},{"damage":0,"enemies":"Blue Slaver","floor":8,"turns":5},{"damage":7,"enemies":"Lots of Slimes","floor":11,"turns":5},{"damage":2,"enemies":"Red Slaver","floor":12,"turns":5},{"damage":46,"enemies":"Gremlin Nob","floor":13,"turns":4}],"seed_played":"9220690943910825520","potions_obtained":[{"floor":3,"key":"Block Potion"},{"floor":5,"key":"Explosive Potion"}],"is_trial":false,"path_per_floor":["M","?","M","$","M","R","M","M","T","R","M","M","E"],"character_chosen":"THE_SILENT","items_purchased":["Acrobatics"],"campfire_rested":0,"item_purchase_floors":[4],"current_hp_per_floor":[59,59,59,59,59,59,36,36,36,36,29,27,0],"gold":140,"neow_bonus":"THREE_ENEMY_KILL","is_prod":false,"is_daily":false,"chose_seed":false,"campfire_upgraded":2,"win_rate":0,"timestamp":1548578889,"path_taken":["M","?","M","$","M","R","M","?","T","R","M","M","E"],"build_version":"2019-01-23","purchased_purges":1,"victory":false,"max_hp_per_floor":[66,66,66,66,66,66,66,66,66,66,66,66,66],"card_choices":[{"not_picked":["Cloak And Dagger","Endless Agony"],"picked":"Heel Hook","floor":1},{"not_picked":["PiercingWail","Underhanded Strike"],"picked":"Prepared","floor":3},{"not_picked":["Setup","Flying Knee","Riddle With Holes"],"picked":"SKIP","floor":5},{"not_picked":["PiercingWail","Reflex"],"picked":"Deadly Poison","floor":7},{"not_picked":["Underhanded Strike","Skewer","Venomology"],"picked":"SKIP","floor":8},{"not_picked":["Underhanded Strike","Skewer","Venomology"],"picked":"SKIP","floor":8},{"not_picked":["Skewer","Endless Agony","Dodge and Roll"],"picked":"SKIP","floor":11},{"not_picked":["Dagger Throw","Slice","Poisoned Stab"],"picked":"SKIP","floor":12},{"not_picked":["Dagger Throw","Slice","Poisoned Stab"],"picked":"SKIP","floor":12},{"not_picked":["Dagger Throw","Slice","Poisoned Stab"],"picked":"SKIP","floor":12}],"player_experience":1355361,"relics_obtained":[],"event_choices":[{"damage_healed":0,"gold_gain":0,"player_choice":"Forge","damage_taken":0,"max_hp_gain":0,"max_hp_loss":0,"event_name":"Accursed Blacksmith","floor":2,"gold_loss":0,"cards_upgraded":["Neutralize"]}],"is_beta":true,"boss_relics":[],"items_purged_floors":[4],"is_endless":false,"potions_floor_spawned":[3,5,7],"killed_by":"Gremlin Nob","ascension_level":20}