{"gold_per_floor":[110,110,22,22,40,78,78,103,126,126,201,201,126,126,126,126],"floor_reached":16,"playtime":182,"items_purged":[],"score":242,"play_id":"d7774117-83d6-43fa-a8b6-9ae89c7f1fc8","local_time":"20190507024812","is_ascension_mode":true,"campfire_choices":[{"data":"Recycle","floor":7,"key":"SMITH"},{"data":"Coolheaded","floor":12,"key":"SMITH"},{"data":"Zap","floor":15,"key":"SMITH"}],"neow_cost":"NONE","seed_source_timestamp":66192838564874,"circlet_count":0,"master_deck":["AscendersBane","Strike_B","Strike_B","Strike_B","Defend_B","Defend_B+1","Defend_B","Defend_B","Zap+1","Dualcast+1","Recycle+1","Cold Snap","Coolheaded+1","Recycle"],"relics":["Cracked Core","NeowsBlessing","Golden Idol","Potion Belt","Omamori","Pantograph"],"potions_floor_usage":[],"damage_taken":[{"damage":0,"enemies":"Jaw Worm","floor":1,"turns":1},{"damage":0,"enemies":"Small Slimes","floor":5,"turns":1},{"damage":0,"enemies":"3 Sentries","floor":6,"turns":1},{"damage":2,"enemies":"Cultist","floor":8,"turns":4},{"damage":24,"enemies":"Slime Boss","floor":16,"turns":6}],"seed_played":"4829734571945735825","potions_obtained":[{"floor":1,"key":"Dexterity Potion"},{"floor":5,"key":"Weak Potion"},{"floor":6,"key":"FearPotion"}],"is_trial":false,"path_per_floor":["M","?","$","?","M","E","R","M","T","?","?","R","?","T","R","B"],"character_chosen":"DEFECT","items_purchased":["Recycle"],"campfire_rested":0,"item_purchase_floors":[3],"current_hp_per_floor":[64,64,64,69,69,69,69,67,67,46,35,35,35,35,35,36],"gold":126,"neow_bonus":"THREE_ENEMY_KILL","is_prod":false,"is_daily":false,"chose_seed":false,"campfire_upgraded":3,"win_rate":0,"timestamp":1557168492,"path_taken":["M","?","$","?","M","E","R","M","T","?","?","R","?","?","R","BOSS"],"build_version":"2019-01-23","purchased_purges":0,"victory":false,"max_hp_per_floor":[71,64,64,69,69,69,69,69,69,69,69,69,69,69,69,69],"card_choices":[{"not_picked":["FTL","Compile Driver","Doom and Gloom"],"picked":"SKIP","floor":1},{"not_picked":["Turbo","Redo"],"picked":"Cold Snap","floor":5},{"not_picked":["Cold Snap","Sweeping Beam"],"picked":"Coolheaded","floor":6},{"not_picked":["Steam","Barrage"],"picked":"Recycle","floor":8}],"player_experience":4637274,"relics_obtained":[{"floor":6,"key":"Potion Belt"},{"floor":9,"key":"Omamori"},{"floor":14,"key":"Pantograph"}],"event_choices":[{"damage_healed":0,"gold_gain":0,"player_choice":"Lose Max HP","damage_taken":0,"relics_obtained":["Golden Idol"],"max_hp_gain":0,"max_hp_loss":7,"event_name":"Golden Idol","floor":2,"gold_loss":0},{"damage_healed":0,"gold_gain":0,"player_choice":"Donut","damage_taken":0,"max_hp_gain":5,"max_hp_loss":0,"event_name":"Big Fish","floor":4,"gold_loss":0},{"damage_healed":0,"gold_gain":0,"player_choice":"Entered Light","damage_taken":21,"max_hp_gain":0,"max_hp_loss":0,"event_name":"Shining Light","floor":10,"gold_loss":0,"cards_upgraded":["Dualcast","Defend_B"]},{"damage_healed":0,"gold_gain":75,"player_choice":"Gather Gold","damage_taken":11,"max_hp_gain":0,"max_hp_loss":0,"event_name":"World of Goop","floor":11,"gold_loss":0},{"cards_removed":["Strike_B"],"damage_healed":0,"gold_gain":0,"player_choice":"Card Removal","damage_taken":0,"max_hp_gain":0,"max_hp_loss":0,"event_name":"The Cleric","floor":13,"gold_loss":75}],"is_beta":false,"boss_relics":[],"items_purged_floors":[],"is_endless":false,"potions_floor_spawned":[1,5,6],"killed_by":"Slime Boss","ascension_level":20}