{"gold_per_floor":[117,82,95,95,20,51,51,71,96,116,127,145,145,145,145,220,220,173,173,193,65,79,79,98,98,144,144,144,144,19,51,51,130,180,199,199,244,141,158,188,188,208,208,208,226,226,253,61,61,61,61,61,61,11,39,39],"floor_reached":57,"playtime":2292,"items_purged":["Strike_G","Strike_G","Parasite","Strike_G","Strike_G","Strike_G"],"score":2956,"play_id":"26bdb21b-f90f-4f09-9189-2a0029b28001","local_time":"20190409143337","is_ascension_mode":true,"campfire_choices":[{"data":"Deadly Poison","floor":7.0,"key":"SMITH"},{"data":"Deadly Poison","floor":13.0,"key":"SMITH"},{"data":"Neutralize","floor":15.0,"key":"SMITH"},{"data":"Catalyst","floor":23.0,"key":"SMITH"},{"data":"Bouncing Flask","floor":25.0,"key":"SMITH"},{"data":"Wraith Form v2","floor":27.0,"key":"SMITH"},{"data":"Well Laid Plans","floor":32.0,"key":"SMITH"},{"data":"Burst","floor":41.0,"key":"SMITH"},{"data":"Acrobatics","floor":44.0,"key":"SMITH"},{"floor":49,"key":"RECALL"},{"data":"Catalyst","floor":53,"key":"SMITH"}],"neow_cost":"TEN_PERCENT_HP_LOSS","seed_source_timestamp":5142769366300,"circlet_count":0,"master_deck":["AscendersBane","Defend_G","Defend_G","Defend_G+1","Defend_G","Defend_G","Survivor","Neutralize+1","Deadly Poison+1","Dagger Throw+1","Deadly Poison+1","Wraith Form v2+1","Escape Plan","Wraith Form v2+1","Concentrate","Catalyst+1","Bouncing Flask+1","Well Laid Plans+1","Venomology","Burst+1","Acrobatics+1","Clumsy","Backflip","Catalyst+1","Purity","Wraith Form v2"],"special_seed":0,"relics":["Ring of the Snake","Calipers","PreservedInsect","Smiling Mask","Cursed Key","Enchiridion","Blood Vial","Tiny House","Mango","Anchor","Mercury Hourglass","Ice Cream","Pen Nib"],"potions_floor_usage":[47,47,47,47,50,51,51,55,55,56],"damage_taken":[{"damage":14.0,"enemies":"Jaw Worm","floor":1.0,"turns":6.0},{"damage":0.0,"enemies":"Small Slimes","floor":3.0,"turns":4.0},{"damage":32.0,"enemies":"Gremlin Nob","floor":6.0,"turns":5.0},{"damage":0.0,"enemies":"Cultist","floor":8.0,"turns":3.0},{"damage":0.0,"enemies":"Large Slime","floor":10.0,"turns":3.0},{"damage":0.0,"enemies":"Looter","floor":11.0,"turns":3.0},{"damage":9.0,"enemies":"3 Louse","floor":12.0,"turns":5.0},{"damage":0.0,"enemies":"Hexaghost","floor":16.0,"turns":9.0},{"damage":5.0,"enemies":"2 Thieves","floor":18.0,"turns":5.0},{"damage":0.0,"enemies":"Spheric Guardian","floor":20.0,"turns":5.0},{"damage":3.0,"enemies":"Snake Plant","floor":22.0,"turns":4.0},{"damage":2.0,"enemies":"Centurion and Healer","floor":24.0,"turns":7.0},{"damage":17.0,"enemies":"Slavers","floor":31.0,"turns":8.0},{"damage":17.0,"enemies":"Champ","floor":33.0,"turns":8.0},{"damage":0.0,"enemies":"Orb Walker","floor":35.0,"turns":4.0},{"damage":3.0,"enemies":"2 Orb Walkers","floor":37.0,"turns":5.0},{"damage":6.0,"enemies":"3 Darklings","floor":39.0,"turns":7.0},{"damage":2.0,"enemies":"Reptomancer","floor":40.0,"turns":4.0},{"damage":1.0,"enemies":"Transient","floor":42.0,"turns":6.0},{"damage":3.0,"enemies":"Writhing Mass","floor":45.0,"turns":5.0},{"damage":0,"enemies":"Giant Head","floor":47,"turns":7},{"damage":0,"enemies":"Donu and Deca","floor":50,"turns":8},{"damage":23,"enemies":"Awakened One","floor":51,"turns":12},{"damage":0,"enemies":"Shield and Spear","floor":55,"turns":8},{"damage":21,"enemies":"The Heart","floor":56,"turns":5}],"seed_played":"-2462412885712424742","potions_obtained":[{"floor":3.0,"key":"Weak Potion"},{"floor":8.0,"key":"FearPotion"},{"floor":11.0,"key":"Block Potion"},{"floor":16.0,"key":"Weak Potion"},{"floor":18.0,"key":"Ancient Potion"},{"floor":22.0,"key":"Regen Potion"},{"floor":33.0,"key":"Swift Potion"},{"floor":34.0,"key":"Swift Potion"},{"floor":35.0,"key":"Swift Potion"},{"floor":40.0,"key":"Block Potion"},{"floor":55,"key":"Fruit Juice"}],"is_trial":false,"path_per_floor":["M","?","M","?","$","E","R","M","T","M","M","M","R","?","R","B",null,"M","?","M","$","M","R","M","R","T","R","?","?","$","E","R","B",null,"M","?","?","$","M","E","R","M","T","R","M","T","E","$","R","B","B",null,"R","$","E","B",null],"character_chosen":"THE_SILENT","items_purchased":["Catalyst","Well Laid Plans","Acrobatics","Catalyst","Purity"],"campfire_rested":0,"item_purchase_floors":[21,30,38,48,48],"current_hp_per_floor":[45,60,60,42,42,10,10,10,10,10,10,1,1,6,6,6,50,45,45,45,45,42,42,40,40,40,40,19,19,19,17,17,2,52,54,54,67,67,63,63,63,64,64,64,63,63,78,78,78,78,55,72,72,72,79,60],"gold":39,"neow_bonus":"ONE_RARE_RELIC","is_prod":false,"is_daily":false,"chose_seed":true,"campfire_upgraded":10,"win_rate":0,"timestamp":1554791617,"path_taken":["M","?","M","?","$","E","R","M","T","M","M","M","R","?","R","BOSS","M","?","M","$","?","R","M","R","T","R","?","?","$","E","R","BOSS","M","?","?","$","M","E","R","M","T","R","M","?","E","$","R","BOSS","BOSS","R","$","E","BOSS"],"build_version":"2019-01-23","purchased_purges":6,"victory":true,"max_hp_per_floor":[60,60,60,60,60,60,60,60,60,60,60,60,60,65,65,65,65,65,65,65,65,65,65,65,65,65,65,65,65,62,62,62,62,67,67,64,78,78,78,78,78,78,78,78,78,78,78,78,78,78,78,78,78,78,83,83],"card_choices":[{"not_picked":["Underhanded Strike","Concentrate"],"picked":"Deadly Poison","floor":1.0},{"not_picked":["Acrobatics","PiercingWail"],"picked":"Dagger Throw","floor":3.0},{"not_picked":["Dodge and Roll","Acrobatics","Blade Dance"],"picked":"SKIP","floor":6.0},{"not_picked":["Outmaneuver","Dagger Spray"],"picked":"Deadly Poison","floor":8.0},{"not_picked":["Eviscerate","Flechettes","Endless Agony"],"picked":"SKIP","floor":10.0},{"not_picked":["Underhanded Strike","Deadly Poison","Unload"],"picked":"SKIP","floor":11.0},{"not_picked":["Expertise","Infinite Blades","Skewer"],"picked":"SKIP","floor":12.0},{"not_picked":["Envenom","Unload"],"picked":"Wraith Form v2","floor":16.0},{"not_picked":["Dagger Throw+1","Deadly Poison"],"picked":"Escape Plan","floor":18.0},{"not_picked":["Bane","Underhanded Strike"],"picked":"Concentrate","floor":20.0},{"not_picked":["Quick Slash","Poisoned Stab"],"picked":"Bouncing Flask","floor":22.0},{"not_picked":["Choke","All Out Attack","Flechettes"],"picked":"SKIP","floor":24.0},{"not_picked":["Flying Knee","Quick Slash"],"picked":"Venomology","floor":31.0},{"not_picked":["Grand Finale","Corpse Explosion"],"picked":"Burst","floor":33.0},{"not_picked":["Blade Dance","Cloak And Dagger+1","Dagger Spray"],"picked":"SKIP","floor":35.0},{"not_picked":["Predator+1","Sucker Punch","Unload"],"picked":"SKIP","floor":39.0},{"not_picked":["Prepared","Dagger Throw","Crippling Poison"],"picked":"SKIP","floor":40.0},{"not_picked":["Prepared","Dagger Throw","Crippling Poison"],"picked":"SKIP","floor":40.0},{"not_picked":["Underhanded Strike","Bane","Dash"],"picked":"SKIP","floor":42.0},{"not_picked":["Sucker Punch","Choke"],"picked":"Backflip","floor":45.0},{"not_picked":["Finisher+1","Prepared+1","Poisoned Stab+1"],"picked":"SKIP","floor":47},{"not_picked":["Quick Slash+1","Deflect"],"picked":"Wraith Form v2","floor":55}],"player_experience":4184328,"relics_obtained":[{"floor":6.0,"key":"PreservedInsect"},{"floor":9.0,"key":"Smiling Mask"},{"floor":28.0,"key":"Enchiridion"},{"floor":31.0,"key":"Blood Vial"},{"floor":37.0,"key":"Mango"},{"floor":40.0,"key":"Anchor"},{"floor":43.0,"key":"Mercury Hourglass"},{"floor":47,"key":"Ice Cream"},{"floor":55,"key":"Pen Nib"}],"event_choices":[{"damage_healed":15.0,"max_hp_gain":0.0,"max_hp_loss":0.0,"gold_gain":0.0,"event_name":"The Cleric","player_choice":"Healed","floor":2.0,"gold_loss":35.0,"damage_taken":0.0},{"damage_healed":0.0,"max_hp_gain":0.0,"max_hp_loss":0.0,"gold_gain":0.0,"event_name":"Shining Light","player_choice":"Entered Light","floor":4.0,"gold_loss":0.0,"damage_taken":18.0,"cards_upgraded":["Defend_G","Dagger Throw"]},{"damage_healed":0.0,"max_hp_gain":5.0,"max_hp_loss":0.0,"gold_gain":0.0,"event_name":"Big Fish","player_choice":"Donut","floor":14.0,"gold_loss":0.0,"damage_taken":0.0},{"damage_healed":0.0,"max_hp_gain":0.0,"max_hp_loss":0.0,"gold_gain":0.0,"event_name":"Match and Keep!","player_choice":"1 cards matched","floor":19.0,"gold_loss":0.0,"damage_taken":0.0,"cards_obtained":["Wraith Form v2"]},{"damage_healed":0.0,"max_hp_gain":0.0,"max_hp_loss":0.0,"gold_gain":0.0,"event_name":"Cursed Tome","player_choice":"Obtained Book","floor":28.0,"gold_loss":0.0,"damage_taken":21.0},{"damage_healed":0.0,"max_hp_gain":0.0,"max_hp_loss":0.0,"gold_gain":0.0,"event_name":"Vampires","player_choice":"Ignored","floor":29.0,"gold_loss":0.0,"damage_taken":0.0},{"damage_healed":0.0,"max_hp_gain":0.0,"max_hp_loss":3.0,"gold_gain":0.0,"event_name":"Winding Halls","player_choice":"Max HP","floor":36.0,"gold_loss":0.0,"damage_taken":0.0},{"damage_healed":0.0,"max_hp_gain":0.0,"max_hp_loss":0.0,"gold_gain":0.0,"event_name":"Mysterious Sphere","player_choice":"Fight","floor":37.0,"gold_loss":0.0,"damage_taken":0.0}],"is_beta":false,"boss_relics":[{"not_picked":["Calling Bell","Sozu"],"picked":"Cursed Key"},{"not_picked":["HoveringKite","Orrery"],"picked":"Tiny House"}],"items_purged_floors":[5,21,30,38,48,54],"is_endless":false,"potions_floor_spawned":[3,8,11,16,18,22,33,35,40,55],"ascension_level":20}