{"gold_per_floor":[113,38,38,56,75,110,110,121,121,121],"floor_reached":10,"playtime":320,"items_purged":["Strike_G"],"score":136,"play_id":"60697944-3e4b-4877-a015-b2dde3494d90","local_time":"20190731174857","is_ascension_mode":true,"campfire_choices":[{"data":"Calculated Gamble","floor":7.0,"key":"SMITH"}],"neow_cost":"TEN_PERCENT_HP_LOSS","seed_source_timestamp":257804425579495,"circlet_count":0,"master_deck":["AscendersBane","Strike_G","Strike_G","Defend_G","Defend_G","Defend_G","Defend_G","Defend_G","Survivor","Neutralize","Quick Slash","Catalyst","Infinite Blades","Calculated Gamble+1","Caltrops"],"special_seed":0,"relics":["Ring of the Snake","The Courier"],"potions_floor_usage":[],"damage_taken":[{"damage":4.0,"enemies":"Cultist","floor":1.0,"turns":5.0},{"damage":8.0,"enemies":"Small Slimes","floor":4.0,"turns":6.0},{"damage":0.0,"enemies":"Jaw Worm","floor":5.0,"turns":7.0},{"damage":32.0,"enemies":"3 Sentries","floor":6.0,"turns":12.0},{"damage":5.0,"enemies":"Red Slaver","floor":8.0,"turns":5.0},{"damage":18,"enemies":"2 Fungi Beasts","floor":10,"turns":2}],"seed_played":"1683926335418974618","potions_obtained":[{"floor":4.0,"key":"AttackPotion"},{"floor":5.0,"key":"AttackPotion"}],"is_trial":false,"path_per_floor":["M","$","?","M","M","E","R","M","T","M"],"character_chosen":"THE_SILENT","items_purchased":[],"campfire_rested":0,"item_purchase_floors":[],"current_hp_per_floor":[55,55,55,47,47,15,15,10,10,0],"gold":121,"neow_bonus":"TRANSFORM_TWO_CARDS","is_prod":false,"is_daily":false,"chose_seed":false,"campfire_upgraded":1,"win_rate":0,"timestamp":1564562937,"path_taken":["M","$","?","M","M","E","R","M","T","M"],"build_version":"2019-07-17","purchased_purges":1,"victory":false,"max_hp_per_floor":[60,60,60,60,60,60,60,60,60,60],"card_choices":[{"not_picked":["Bane","Poisoned Stab","Flying Knee"],"picked":"SKIP","floor":1.0},{"not_picked":["Underhanded Strike","Riddle With Holes","Backflip"],"picked":"SKIP","floor":4.0},{"not_picked":["Underhanded Strike","Riddle With Holes","Backflip"],"picked":"SKIP","floor":4.0},{"not_picked":["Outmaneuver","Heel Hook"],"picked":"Infinite Blades","floor":5.0},{"not_picked":["Leg Sweep","Heel Hook"],"picked":"Calculated Gamble","floor":6.0},{"not_picked":["Caltrops","Prepared","Riddle With Holes"],"picked":"SKIP","floor":8.0},{"not_picked":["Prepared","Riddle With Holes"],"picked":"Caltrops","floor":8.0}],"player_experience":708242,"relics_obtained":[{"floor":6.0,"key":"The Courier"}],"event_choices":[{"damage_healed":0.0,"max_hp_gain":0.0,"max_hp_loss":0.0,"gold_gain":0.0,"event_name":"The Cleric","player_choice":"Leave","floor":3.0,"gold_loss":0.0,"damage_taken":0.0}],"is_beta":false,"boss_relics":[],"items_purged_floors":[2],"is_endless":false,"potions_floor_spawned":[4,5],"killed_by":"2 Fungi Beasts","ascension_level":20}