{"gold_per_floor":[114,131,56,69,79,108,126,126,126,152,152,171,171,171,171,267,267,280,297,314,20,31,31,57,57,57,67,67],"floor_reached":28,"playtime":2437,"items_purged":["Strike_R","Strike_R"],"score":267,"play_id":"7c93fee9-90a2-45aa-b977-d7bef6a4eaf0","local_time":"20190806225557","is_ascension_mode":false,"campfire_choices":[{"data":"Armaments","floor":8,"key":"SMITH"},{"data":"Clothesline","floor":13,"key":"SMITH"},{"data":"Headbutt","floor":15,"key":"SMITH"},{"data":"Headbutt","floor":23,"key":"SMITH"},{"data":"Flame Barrier","floor":25,"key":"SMITH"}],"neow_cost":"NONE","seed_source_timestamp":55866341312400,"circlet_count":0,"master_deck":["Strike_R","Strike_R","Strike_R","Defend_R","Defend_R","Defend_R","Defend_R","Bash","Headbutt+1","Carnage","Headbutt+1","Seeing Red+1","Clothesline+1","Armaments+1","Ghostly Armor","Double Tap","Ghostly Armor","True Grit","Clothesline","Flame Barrier+1","Cleave+1"],"relics":["Burning Blood","Orichalcum","Torii","Boot","Eternal Feather","Lee\u0027s Waffle","Bottled Flame","Ornamental Fan"],"potions_floor_usage":[28,28,28],"damage_taken":[{"damage":6,"enemies":"Cultist","floor":1,"turns":3},{"damage":2,"enemies":"2 Louse","floor":2,"turns":3},{"damage":12,"enemies":"Small Slimes","floor":4,"turns":3},{"damage":7,"enemies":"2 Fungi Beasts","floor":5,"turns":3},{"damage":14,"enemies":"Gremlin Nob","floor":6,"turns":3},{"damage":15,"enemies":"3 Louse","floor":7,"turns":4},{"damage":2,"enemies":"Looter","floor":12,"turns":3},{"damage":16,"enemies":"Hexaghost","floor":16,"turns":15},{"damage":18,"enemies":"Spheric Guardian","floor":18,"turns":4},{"damage":39,"enemies":"3 Byrds","floor":19,"turns":9},{"damage":28,"enemies":"Snake Plant","floor":20,"turns":5},{"damage":35,"enemies":"Chosen and Byrds","floor":22,"turns":10},{"damage":42,"enemies":"Book of Stabbing","floor":24,"turns":8},{"damage":13,"enemies":"Snecko","floor":27,"turns":5},{"damage":53,"enemies":"Slavers","floor":28,"turns":5}],"seed_played":"2030957514027274525","potions_obtained":[{"floor":2,"key":"GamblersBrew"},{"floor":4,"key":"GamblersBrew"},{"floor":7,"key":"Poison Potion"}],"is_trial":false,"path_per_floor":["M","M","$","M","M","E","M","R","T","T","?","M","R","$","R","B",null,"M","M","M","$","M","R","E","R","T","M","E"],"character_chosen":"IRONCLAD","items_purchased":["Lee\u0027s Waffle"],"campfire_rested":0,"item_purchase_floors":[21],"current_hp_per_floor":[88,88,88,82,81,73,64,64,64,64,64,68,68,68,68,58,88,76,43,21,95,66,78,42,54,54,47,0],"gold":67,"neow_bonus":"TEN_PERCENT_HP_BONUS","is_prod":false,"is_daily":false,"chose_seed":false,"campfire_upgraded":5,"win_rate":0.0,"timestamp":1565153757,"path_taken":["M","M","$","M","M","E","M","R","T","?","?","?","R","$","R","BOSS","M","?","M","$","M","R","E","R","T","M","E"],"build_version":"2019-07-17","purchased_purges":2,"victory":false,"max_hp_per_floor":[88,88,88,88,88,88,88,88,88,88,88,88,88,88,88,88,88,88,88,88,95,95,95,95,95,95,95,95],"card_choices":[{"not_picked":["Anger","Dual Wield"],"picked":"Headbutt","floor":1},{"not_picked":["Perfected Strike","Sword Boomerang"],"picked":"Carnage","floor":2},{"not_picked":["Inflame","Iron Wave"],"picked":"Headbutt","floor":4},{"not_picked":["Dropkick","Metallicize"],"picked":"Seeing Red","floor":5},{"not_picked":["Uppercut","Anger"],"picked":"Clothesline","floor":6},{"not_picked":["Berserk","Flex"],"picked":"Armaments","floor":7},{"not_picked":["Metallicize","Infernal Blade"],"picked":"Ghostly Armor","floor":12},{"not_picked":["Bludgeon","Dark Embrace"],"picked":"Double Tap","floor":16},{"not_picked":["Burning Pact+1","Evolve"],"picked":"Ghostly Armor","floor":18},{"not_picked":["Dropkick+1","Pummel"],"picked":"True Grit","floor":19},{"not_picked":["Heavy Blade","Thunderclap"],"picked":"Clothesline","floor":20},{"not_picked":["Burning Pact","Reckless Charge"],"picked":"Flame Barrier","floor":22},{"not_picked":["Perfected Strike+1","Disarm","Rupture"],"picked":"SKIP","floor":24},{"not_picked":["Flex","True Grit+1"],"picked":"Cleave+1","floor":27}],"player_experience":42058,"relics_obtained":[{"floor":6,"key":"Orichalcum"},{"floor":9,"key":"Torii"},{"floor":10,"key":"Boot"},{"floor":24,"key":"Bottled Flame"},{"floor":26,"key":"Ornamental Fan"}],"event_choices":[{"damage_healed":0,"gold_gain":0,"player_choice":"Forge","damage_taken":0,"max_hp_gain":0,"max_hp_loss":0,"event_name":"Accursed Blacksmith","floor":11,"gold_loss":0,"cards_upgraded":["Seeing Red"]}],"is_beta":false,"boss_relics":[{"not_picked":["Empty Cage","Tiny House"],"picked":"Eternal Feather"}],"items_purged_floors":[3,21],"is_endless":false,"potions_floor_spawned":[2,4,7,16,19,22],"killed_by":"Slavers","ascension_level":0}