{"path_per_floor":["M","M","M","?","T","R","E","R","T","M","M","$","M","$","R"],"character_chosen":"THE_SILENT","items_purchased":["Well Laid Plans","All Out Attack","Footwork"],"gold_per_floor":[143,158,177,127,195,195,226,226,226,237,251,215,228,67,67,67],"floor_reached":16,"campfire_rested":0,"playtime":670,"item_purchase_floors":[12,14,14],"current_hp_per_floor":[53,53,53,53,53,53,27,27,27,21,20,20,17,17,17,0],"items_purged":[],"gold":67,"score":148,"play_id":"c8af5b5f-ed47-49a6-95a9-c8c19c02cc5a","local_time":"20180608121408","is_prod":false,"is_daily":false,"chose_seed":false,"is_ascension_mode":true,"campfire_upgraded":3,"win_rate":0,"timestamp":1528431248,"campfire_choices":[{"data":"Neutralize","floor":6,"key":"SMITH"},{"data":"Dagger Throw","floor":8,"key":"SMITH"},{"data":"Footwork","floor":15,"key":"SMITH"}],"path_taken":["M","?","M","?","?","R","E","R","T","M","?","$","M","$","R","BOSS"],"build_version":"2018-06-07","seed_source_timestamp":12791998513027,"purchased_purges":0,"victory":false,"master_deck":["Defend_G","Defend_G","Defend_G","Defend_G","Defend_G","Strike_G","Strike_G","Strike_G","Strike_G","Survivor","Neutralize+1","Clumsy","Parasite","Parasite","Dagger Throw+1","Escape Plan","Deflect","Escape Plan","Flying Knee","Leg Sweep","Well Laid Plans","Cloak And Dagger","All Out Attack","Footwork+1"],"max_hp_per_floor":[70,70,70,70,70,70,70,70,70,70,70,70,70,70,70,70],"relics":["Calling Bell","Tiny Chest","Gremlin Horn","Unceasing Top","Bottled Lightning","Art of War","Tingsha"],"card_choices":[{"not_picked":["Predator","Deflect"],"picked":"Dagger Throw","floor":1},{"not_picked":["Poisoned Stab","Well Laid Plans"],"picked":"Escape Plan","floor":2},{"not_picked":["Crippling Poison","Acrobatics"],"picked":"Deflect","floor":3},{"not_picked":["Well Laid Plans","Predator"],"picked":"Escape Plan","floor":7},{"not_picked":["PiercingWail","Outmaneuver"],"picked":"Flying Knee","floor":10},{"not_picked":["Underhanded Strike","Sucker Punch"],"picked":"Leg Sweep","floor":11},{"not_picked":["Dagger Spray","Dagger Throw"],"picked":"Cloak And Dagger","floor":13}],"player_experience":543467,"potions_floor_usage":[16,16,16],"damage_taken":[{"damage":10,"enemies":"Cultist","floor":1,"turns":6},{"damage":0,"enemies":"Small Slimes","floor":2,"turns":4},{"damage":0,"enemies":"2 Louse","floor":3,"turns":3},{"damage":26,"enemies":"3 Sentries","floor":7,"turns":13},{"damage":6,"enemies":"Exordium Wildlife","floor":10,"turns":8},{"damage":1,"enemies":"Gremlin Gang","floor":11,"turns":5},{"damage":3,"enemies":"3 Louse","floor":13,"turns":5},{"damage":17,"enemies":"Hexaghost","floor":16,"turns":16}],"relics_obtained":[{"floor":0,"key":"Tiny Chest"},{"floor":0,"key":"Gremlin Horn"},{"floor":0,"key":"Unceasing Top"},{"floor":5,"key":"Bottled Lightning"},{"floor":7,"key":"Art of War"},{"floor":9,"key":"Tingsha"}],"event_choices":[{"event_name":"The Cleric","player_choice":"Card Removal","floor":4,"damage_taken":0}],"boss_relics":[],"items_purged_floors":[],"potions_floor_spawned":[3,10,13],"seed_played":"6459089716774794741","killed_by":"Hexaghost","ascension_level":9,"potions_obtained":[{"floor":3,"key":"EssenceOfSteel"},{"floor":10,"key":"Swift Potion"},{"floor":13,"key":"Weak Potion"}],"is_trial":false}