{"gold_per_floor":[110,110,110,66,79,79,27,27,27,53,53,68,80,114,114,188,188,205,205,205,205,224,224,252,272,325,325,325,250,264,164,164,241,241,254,267,142,160,160,160,195,195,242,267,36,63,83,116,116,116,116,116,116,15,48,48],"floor_reached":57,"playtime":2498,"items_purged":["Strike_G","Defend_G","Defend_G"],"score":3138,"play_id":"54b9005b-80fa-4978-8418-140935f37dc8","local_time":"20190428124011","is_ascension_mode":true,"campfire_choices":[{"data":"Neutralize","floor":6.0,"key":"SMITH"},{"data":"Poisoned Stab","floor":8.0,"key":"SMITH"},{"data":"Catalyst","floor":11.0,"key":"SMITH"},{"data":"Bouncing Flask","floor":15.0,"key":"SMITH"},{"data":"Wraith Form v2","floor":23.0,"key":"SMITH"},{"data":"Wraith Form v2","floor":27.0,"key":"SMITH"},{"data":"Bouncing Flask","floor":32.0,"key":"SMITH"},{"data":"Impatience","floor":40.0,"key":"SMITH"},{"data":"Finesse","floor":42.0,"key":"SMITH"},{"floor":49.0,"key":"RECALL"},{"data":"Burst","floor":53.0,"key":"SMITH"}],"neow_cost":"NONE","seed_source_timestamp":0,"circlet_count":0,"master_deck":["AscendersBane","Defend_G+1","Survivor","Neutralize+1","Infinite Blades","Catalyst+1","Poisoned Stab+1","Bouncing Flask+1","Wraith Form v2+1","Accuracy","Bouncing Flask+1","Reflex+1","Wraith Form v2+1","Venomology+1","Impatience","Impatience+1","Finesse+1","Burst+1","Purity"],"special_seed":0,"relics":["Runic Pyramid","Dodecahedron","Singing Bowl","Happy Flower","Vajra","Coffee Dripper","Blue Candle","Potion Belt","Empty Cage","Paper Crane","Bag of Marbles","Shovel","Medical Kit","Strawberry","War Paint","Art of War"],"potions_floor_usage":[56,56,56,56],"damage_taken":[{"damage":0.0,"enemies":"2 Louse","floor":1.0,"turns":5.0},{"damage":0.0,"enemies":"Jaw Worm","floor":5.0,"turns":5.0},{"damage":29.0,"enemies":"3 Sentries","floor":10.0,"turns":11.0},{"damage":0.0,"enemies":"Cultist","floor":12.0,"turns":4.0},{"damage":6.0,"enemies":"Red Slaver","floor":13.0,"turns":6.0},{"damage":19.0,"enemies":"Gremlin Nob","floor":14.0,"turns":4.0},{"damage":0.0,"enemies":"The Guardian","floor":16.0,"turns":7.0},{"damage":1.0,"enemies":"3 Byrds","floor":18.0,"turns":5.0},{"damage":0.0,"enemies":"Chosen","floor":22.0,"turns":4.0},{"damage":10.0,"enemies":"Book of Stabbing","floor":24.0,"turns":6.0},{"damage":0.0,"enemies":"Snecko","floor":25.0,"turns":5.0},{"damage":0.0,"enemies":"Shelled Parasite and Fungi","floor":30.0,"turns":4.0},{"damage":0.0,"enemies":"Collector","floor":33.0,"turns":8.0},{"damage":0.0,"enemies":"3 Shapes","floor":35.0,"turns":4.0},{"damage":0.0,"enemies":"Orb Walker","floor":36.0,"turns":3.0},{"damage":4.0,"enemies":"Jaw Worm Horde","floor":38.0,"turns":5.0},{"damage":0.0,"enemies":"Reptomancer","floor":41.0,"turns":6.0},{"damage":3.0,"enemies":"Nemesis","floor":44.0,"turns":5.0},{"damage":1.0,"enemies":"Giant Head","floor":46.0,"turns":3.0},{"damage":0.0,"enemies":"Transient","floor":47.0,"turns":6.0},{"damage":0.0,"enemies":"Reptomancer","floor":48.0,"turns":5.0},{"damage":37.0,"enemies":"Awakened One","floor":50.0,"turns":16.0},{"damage":4.0,"enemies":"Donu and Deca","floor":51.0,"turns":8.0},{"damage":2.0,"enemies":"Shield and Spear","floor":55.0,"turns":6.0},{"damage":21,"enemies":"The Heart","floor":56,"turns":4}],"seed_played":"-891233054203099135","potions_obtained":[{"floor":5.0,"key":"SteroidPotion"},{"floor":10.0,"key":"Explosive Potion"},{"floor":14.0,"key":"Energy Potion"},{"floor":22.0,"key":"GhostInAJar"},{"floor":30.0,"key":"Poison Potion"},{"floor":33.0,"key":"Weak Potion"},{"floor":46.0,"key":"Dexterity Potion"},{"floor":47.0,"key":"Energy Potion"}],"is_trial":false,"path_per_floor":["M","?","?","$","M","R","$","R","T","E","R","M","M","E","R","B",null,"M","?","?","T","M","R","E","M","T","R","?","$","M","$","R","B",null,"M","M","$","M","?","R","E","R","T","E","$","E","M","E","R","B","B",null,"R","$","E","B",null],"character_chosen":"THE_SILENT","items_purchased":["Infinite Blades","Poisoned Stab","Medical Kit","Purity"],"campfire_rested":0,"item_purchase_floors":[4,7,45,54],"current_hp_per_floor":[59,52,52,52,52,52,52,52,52,25,25,27,23,4,4,4,55,56,56,56,56,56,56,46,48,48,48,48,48,50,50,50,52,73,75,77,77,75,65,65,67,67,67,64,64,72,74,76,76,39,35,85,85,85,85,64],"gold":48,"neow_bonus":"BOSS_RELIC","is_prod":false,"is_daily":false,"chose_seed":false,"campfire_upgraded":10,"win_rate":0,"timestamp":1556426411,"path_taken":["M","?","?","$","?","R","?","R","T","E","R","M","M","E","R","BOSS","M","?","?","?","M","R","E","?","T","R","?","$","M","$","R","BOSS","M","?","?","M","?","R","E","R","T","E","$","E","M","E","R","BOSS","BOSS","R","$","E","BOSS"],"build_version":"2019-01-23","purchased_purges":3,"victory":true,"max_hp_per_floor":[66,66,66,66,66,66,66,66,66,68,68,70,72,72,72,72,72,74,74,74,74,74,74,74,76,76,76,76,76,78,78,78,80,80,82,84,84,86,86,86,88,88,88,88,88,97,99,101,101,101,101,101,101,101,103,103],"card_choices":[{"not_picked":["Backflip","Underhanded Strike"],"picked":"Terror","floor":1.0},{"not_picked":["Dagger Throw","Escape Plan"],"picked":"Catalyst","floor":5.0},{"not_picked":["Well Laid Plans","Flying Knee","Slice"],"picked":"Singing Bowl","floor":10.0},{"not_picked":["Flying Knee","Acrobatics","Outmaneuver"],"picked":"Singing Bowl","floor":12.0},{"not_picked":["Dodge and Roll","Slice","Blade Dance"],"picked":"Singing Bowl","floor":13.0},{"not_picked":["Deflect","Endless Agony"],"picked":"Bouncing Flask","floor":14.0},{"not_picked":["Phantasmal Killer","Tools of the Trade"],"picked":"Wraith Form v2","floor":16.0},{"not_picked":["PiercingWail","Deflect","Cloak And Dagger"],"picked":"Singing Bowl","floor":18.0},{"not_picked":["Prepared","Slice"],"picked":"Reflex+1","floor":22.0},{"not_picked":["Deflect","Skewer"],"picked":"Wraith Form v2","floor":24.0},{"not_picked":["Outmaneuver","Escape Plan","Poisoned Stab"],"picked":"Singing Bowl","floor":25.0},{"not_picked":["Dagger Spray","Well Laid Plans","PiercingWail"],"picked":"Singing Bowl","floor":30.0},{"not_picked":["Bullet Time","Glass Knife","Doppelganger"],"picked":"Singing Bowl","floor":33.0},{"not_picked":["Underhanded Strike","Outmaneuver","Prepared"],"picked":"Singing Bowl","floor":35.0},{"not_picked":["Infinite Blades+1","Poisoned Stab","Endless Agony+1"],"picked":"Singing Bowl","floor":36.0},{"not_picked":["Dodge and Roll+1","Dash+1","Outmaneuver"],"picked":"Singing Bowl","floor":38.0},{"not_picked":["HandOfGreed","Mayhem"],"picked":"Impatience","floor":39.0},{"not_picked":["Apotheosis","Violence"],"picked":"Impatience","floor":39.0},{"not_picked":["Trip","Purity"],"picked":"Finesse","floor":39.0},{"not_picked":["Flying Knee+1","Dagger Throw","Dodge and Roll"],"picked":"Singing Bowl","floor":41.0},{"not_picked":["Predator","PiercingWail"],"picked":"Burst","floor":44.0},{"not_picked":["Deflect+1","Outmaneuver+1","Sucker Punch"],"picked":"Singing Bowl","floor":46.0},{"not_picked":["Underhanded Strike","Leg Sweep","Flying Knee"],"picked":"Singing Bowl","floor":47.0},{"not_picked":["Noxious Fumes","Dodge and Roll","Corpse Explosion"],"picked":"Singing Bowl","floor":48.0},{"not_picked":["A Thousand Cuts","Expertise+1","Reflex"],"picked":"Singing Bowl","floor":55.0}],"player_experience":4549692,"relics_obtained":[{"floor":9.0,"key":"Singing Bowl"},{"floor":10.0,"key":"Happy Flower"},{"floor":14.0,"key":"Vajra"},{"floor":24.0,"key":"Blue Candle"},{"floor":26.0,"key":"Potion Belt"},{"floor":41.0,"key":"Paper Crane"},{"floor":43.0,"key":"Bag of Marbles"},{"floor":44.0,"key":"Shovel"},{"floor":46.0,"key":"Strawberry"},{"floor":48.0,"key":"War Paint"},{"floor":55.0,"key":"Art of War"}],"event_choices":[{"cards_removed":["Strike_G"],"damage_healed":0.0,"max_hp_gain":0.0,"max_hp_loss":0.0,"gold_gain":0.0,"event_name":"Golden Wing","player_choice":"Card Removal","floor":2.0,"gold_loss":0.0,"damage_taken":7.0},{"cards_removed":["Terror"],"damage_healed":0.0,"max_hp_gain":0.0,"max_hp_loss":0.0,"gold_gain":0.0,"event_name":"WeMeetAgain","player_choice":"Gave Card","floor":3.0,"gold_loss":0.0,"damage_taken":0.0,"relics_obtained":["Dodecahedron"]},{"damage_healed":0.0,"max_hp_gain":0.0,"max_hp_loss":0.0,"gold_gain":0.0,"event_name":"The Mausoleum","player_choice":"Ignored","floor":19.0,"gold_loss":0.0,"damage_taken":0.0},{"damage_healed":0.0,"max_hp_gain":0.0,"max_hp_loss":0.0,"gold_gain":0.0,"cards_transformed":["Strike_G","Strike_G"],"event_name":"Drug Dealer","player_choice":"Became Test Subject","floor":20.0,"gold_loss":0.0,"damage_taken":0.0,"cards_obtained":["Accuracy","Bouncing Flask"]},{"damage_healed":0.0,"max_hp_gain":0.0,"max_hp_loss":0.0,"gold_gain":0.0,"cards_transformed":["Strike_G"],"event_name":"Transmorgrifier","player_choice":"Transformed","floor":28.0,"gold_loss":0.0,"damage_taken":0.0,"cards_obtained":["Venomology"]},{"damage_healed":0.0,"max_hp_gain":0.0,"max_hp_loss":0.0,"gold_gain":0.0,"event_name":"SensoryStone","player_choice":"Memory 3","floor":39.0,"gold_loss":0.0,"damage_taken":10.0}],"is_beta":false,"boss_relics":[{"not_picked":["Astrolabe","Orrery"],"picked":"Coffee Dripper"},{"not_picked":["Cursed Key","Lizard Tail"],"picked":"Empty Cage"}],"items_purged_floors":[29,31,37],"is_endless":false,"potions_floor_spawned":[5,10,14,16,22,30,33,46,47,48],"ascension_level":20}