{"gold_per_floor":[112,112,37,37,37,37,49,49,49,49,80,80,99,113,113,184,184,195,175,100,100,114,148,148,176,199,199,219,219,219,219,219,298,298,309,309,309,209,219,219,280,300,300,318,345,395,422,297,297,297,297,297,297,91,117,117],"floor_reached":57,"playtime":2545,"items_purged":["Strike_G","Injury","Strike_G","Strike_G+1"],"score":2842,"play_id":"a260a725-a705-496b-aef0-35d76bd62ec1","local_time":"20190204210955","is_ascension_mode":true,"campfire_choices":[{"data":"Survivor","floor":6.0,"key":"SMITH"},{"data":"Deadly Poison","floor":8.0,"key":"SMITH"},{"data":"Burst","floor":12.0,"key":"SMITH"},{"floor":15.0,"key":"RECALL"},{"data":"Wraith Form v2","floor":24.0,"key":"SMITH"},{"data":"Well Laid Plans","floor":27.0,"key":"SMITH"},{"data":"Defend_G","floor":29.0,"key":"SMITH"},{"data":"Catalyst","floor":32.0,"key":"SMITH"},{"data":"Wraith Form v2","floor":40.0,"key":"SMITH"},{"data":"Impatience","floor":49.0,"key":"SMITH"},{"data":"Malaise","floor":53.0,"key":"SMITH"}],"neow_cost":"NONE","seed_source_timestamp":40003487959545,"circlet_count":0,"master_deck":["AscendersBane","Defend_G+1","Defend_G","Defend_G","Defend_G","Defend_G","Survivor+1","Neutralize+1","Deadly Poison+1","Burst+1","Wraith Form v2+1","Well Laid Plans+1","Catalyst+1","Wraith Form v2+1","Backflip+1","Malaise+1","PanicButton","Impatience+1"],"special_seed":0,"relics":["Ring of the Snake","NeowsBlessing","Torii","Letter Opener","Gremlin Horn","Pantograph","Cursed Key","Pear","Strawberry","Runic Dome","SsserpentHead","Anchor","FossilizedHelix","Bag of Preparation"],"potions_floor_usage":[56,56],"damage_taken":[{"damage":0.0,"enemies":"Jaw Worm","floor":1.0,"turns":1.0},{"damage":0.0,"enemies":"Small Slimes","floor":7.0,"turns":1.0},{"damage":0.0,"enemies":"Gremlin Nob","floor":11.0,"turns":1.0},{"damage":0.0,"enemies":"2 Louse","floor":13.0,"turns":2.0},{"damage":0.0,"enemies":"Blue Slaver","floor":14.0,"turns":4.0},{"damage":12.0,"enemies":"Hexaghost","floor":16.0,"turns":9.0},{"damage":0.0,"enemies":"3 Byrds","floor":18.0,"turns":4.0},{"damage":1.0,"enemies":"2 Thieves","floor":19.0,"turns":4.0},{"damage":1.0,"enemies":"Centurion and Healer","floor":22.0,"turns":10.0},{"damage":34.0,"enemies":"Gremlin Leader","floor":23.0,"turns":7.0},{"damage":28.0,"enemies":"Slavers","floor":25.0,"turns":6.0},{"damage":8.0,"enemies":"Snake Plant","floor":28.0,"turns":4.0},{"damage":2.0,"enemies":"Automaton","floor":33.0,"turns":9.0},{"damage":1.0,"enemies":"3 Shapes","floor":35.0,"turns":4.0},{"damage":1.0,"enemies":"3 Darklings","floor":39.0,"turns":6.0},{"damage":0.0,"enemies":"Spire Growth","floor":41.0,"turns":5.0},{"damage":0.0,"enemies":"4 Shapes","floor":42.0,"turns":7.0},{"damage":0.0,"enemies":"Jaw Worm Horde","floor":44.0,"turns":6.0},{"damage":0.0,"enemies":"Giant Head","floor":45.0,"turns":7.0},{"damage":11.0,"enemies":"Nemesis","floor":47.0,"turns":7.0},{"damage":34.0,"enemies":"Donu and Deca","floor":50.0,"turns":16.0},{"damage":3.0,"enemies":"Time Eater","floor":51.0,"turns":7.0},{"damage":13.0,"enemies":"Shield and Spear","floor":55.0,"turns":9.0},{"damage":16,"enemies":"The Heart","floor":56,"turns":7}],"seed_played":"4344311605889549143","potions_obtained":[{"floor":13.0,"key":"GamblersBrew"},{"floor":14.0,"key":"Block Potion"},{"floor":16.0,"key":"EssenceOfSteel"},{"floor":22.0,"key":"FearPotion"},{"floor":23.0,"key":"Fire Potion"},{"floor":25.0,"key":"Dexterity Potion"},{"floor":45.0,"key":"Poison Potion"},{"floor":55.0,"key":"PowerPotion"}],"is_trial":false,"path_per_floor":["M","?","?","T","?","R","M","R","T","T","E","R","M","M","R","B",null,"M","M","$","?","M","E","R","E","T","R","M","R","?","?","R","B",null,"M","?","?","$","M","R","M","M","T","M","E","?","E","$","R","B","B",null,"R","$","E","B",null],"character_chosen":"THE_SILENT","items_purchased":["Swift Potion"],"campfire_rested":0,"item_purchase_floors":[54],"current_hp_per_floor":[59,39,39,39,44,44,44,44,44,44,44,44,44,44,44,57,68,68,67,67,67,66,42,42,21,21,21,13,13,13,8,8,31,74,73,73,73,73,72,72,72,72,72,72,72,62,51,51,51,42,64,82,82,82,69,72],"gold":117,"neow_bonus":"THREE_ENEMY_KILL","is_prod":false,"is_daily":false,"chose_seed":false,"campfire_upgraded":10,"win_rate":0,"timestamp":1549285795,"path_taken":["M","?","?","?","?","R","?","R","T","?","E","R","M","M","R","BOSS","M","?","?","?","?","E","R","E","T","R","M","R","?","?","R","BOSS","M","?","?","$","M","R","?","M","T","M","E","?","E","$","R","BOSS","BOSS","R","$","E","BOSS"],"build_version":"2019-01-23","purchased_purges":4,"victory":true,"max_hp_per_floor":[66,66,66,66,71,71,71,71,71,71,71,71,71,71,71,71,71,71,71,71,71,71,81,81,88,88,88,88,88,88,88,88,88,88,88,88,88,88,88,88,88,88,88,88,88,88,88,88,88,88,88,88,88,88,88,88],"card_choices":[{"not_picked":["Bane","Dodge and Roll","Blade Dance"],"picked":"SKIP","floor":1.0},{"not_picked":["Slice","PiercingWail"],"picked":"Deadly Poison","floor":7.0},{"not_picked":["Blade Dance","Poisoned Stab"],"picked":"Burst","floor":11.0},{"not_picked":["Poisoned Stab","Backflip","Blur"],"picked":"SKIP","floor":13.0},{"not_picked":["Choke","Prepared","Underhanded Strike"],"picked":"SKIP","floor":14.0},{"not_picked":["Venomology","Burst"],"picked":"Wraith Form v2","floor":16.0},{"not_picked":["Blade Dance","Dagger Throw","Deflect"],"picked":"SKIP","floor":18.0},{"not_picked":["Prepared","Backstab","Quick Slash"],"picked":"SKIP","floor":19.0},{"not_picked":["Riddle With Holes","PiercingWail","Flying Knee"],"picked":"SKIP","floor":22.0},{"not_picked":["Blade Dance","Dagger Spray","PiercingWail"],"picked":"SKIP","floor":23.0},{"not_picked":["Bane","Calculated Gamble"],"picked":"Well Laid Plans","floor":25.0},{"not_picked":["Burst","Deflect+1","Calculated Gamble"],"picked":"SKIP","floor":28.0},{"not_picked":["Adrenaline","Glass Knife"],"picked":"Wraith Form v2","floor":33.0},{"not_picked":["Blade Dance","Reflex"],"picked":"Backflip+1","floor":35.0},{"not_picked":["Flying Knee","Deflect","Poisoned Stab+1"],"picked":"SKIP","floor":39.0},{"not_picked":["Noxious Fumes","All Out Attack","Dagger Throw"],"picked":"SKIP","floor":41.0},{"not_picked":["Noxious Fumes","All Out Attack","Dagger Throw"],"picked":"SKIP","floor":41.0},{"not_picked":["Dagger Throw","Blur","Blade Dance"],"picked":"SKIP","floor":42.0},{"not_picked":["Bouncing Flask","Sucker Punch+1"],"picked":"Malaise","floor":44.0},{"not_picked":["Footwork+1","Blur","Tactician"],"picked":"SKIP","floor":45.0},{"not_picked":["Dramatic Entrance","Discovery"],"picked":"PanicButton","floor":46.0},{"not_picked":["Magnetism","Swift Strike"],"picked":"Impatience","floor":46.0},{"not_picked":["Prepared+1","Slice+1","Poisoned Stab"],"picked":"SKIP","floor":47.0},{"not_picked":["Bane","Calculated Gamble","Expertise"],"picked":"SKIP","floor":55.0}],"player_experience":2521517,"relics_obtained":[{"floor":4.0,"key":"Torii"},{"floor":9.0,"key":"Letter Opener"},{"floor":10.0,"key":"Gremlin Horn"},{"floor":11.0,"key":"Pantograph"},{"floor":23.0,"key":"Pear"},{"floor":25.0,"key":"Strawberry"},{"floor":45.0,"key":"Anchor"},{"floor":47.0,"key":"FossilizedHelix"},{"floor":55.0,"key":"Bag of Preparation"}],"event_choices":[{"damage_healed":0.0,"max_hp_gain":0.0,"max_hp_loss":0.0,"gold_gain":0.0,"event_name":"Shining Light","player_choice":"Entered Light","floor":2.0,"gold_loss":0.0,"damage_taken":20.0,"cards_upgraded":["Neutralize","Strike_G"]},{"cards_removed":["Strike_G"],"damage_healed":0.0,"max_hp_gain":0.0,"max_hp_loss":0.0,"gold_gain":0.0,"event_name":"The Cleric","player_choice":"Card Removal","floor":3.0,"gold_loss":75.0,"damage_taken":0.0},{"damage_healed":0.0,"max_hp_gain":5.0,"max_hp_loss":0.0,"gold_gain":0.0,"event_name":"Big Fish","player_choice":"Donut","floor":5.0,"gold_loss":0.0,"damage_taken":0.0},{"cards_removed":["Strike_G"],"damage_healed":0.0,"max_hp_gain":0.0,"max_hp_loss":0.0,"gold_gain":0.0,"event_name":"Purifier","player_choice":"Purged","floor":21.0,"gold_loss":0.0,"damage_taken":0.0},{"damage_healed":0.0,"max_hp_gain":0.0,"max_hp_loss":0.0,"gold_gain":0.0,"event_name":"The Library","player_choice":"Read","floor":30.0,"gold_loss":0.0,"damage_taken":0.0,"cards_obtained":["Catalyst"]},{"damage_healed":0.0,"max_hp_gain":0.0,"max_hp_loss":0.0,"gold_gain":0.0,"event_name":"The Woman in Blue","player_choice":"Bought 0 Potions","floor":31.0,"gold_loss":0.0,"damage_taken":0.0},{"damage_healed":0.0,"max_hp_gain":0.0,"max_hp_loss":0.0,"gold_gain":0.0,"event_name":"Mysterious Sphere","player_choice":"Ignored","floor":36.0,"gold_loss":0.0,"damage_taken":0.0},{"damage_healed":0.0,"max_hp_gain":0.0,"max_hp_loss":0.0,"gold_gain":0.0,"event_name":"FaceTrader","player_choice":"Trade","floor":37.0,"gold_loss":0.0,"damage_taken":0.0,"relics_obtained":["SsserpentHead"]},{"damage_healed":0.0,"max_hp_gain":0.0,"max_hp_loss":0.0,"gold_gain":0.0,"event_name":"SensoryStone","player_choice":"Memory 3","floor":46.0,"gold_loss":0.0,"damage_taken":10.0}],"is_beta":false,"boss_relics":[{"not_picked":["WristBlade","Calling Bell"],"picked":"Cursed Key"},{"not_picked":["Fusion Hammer","White Beast Statue"],"picked":"Runic Dome"}],"items_purged_floors":[20,38,48,54],"is_endless":false,"potions_floor_spawned":[13,14,16,22,23,25,45,47,55],"ascension_level":20}