{"gold_per_floor":[116,116,126,201,43,59,116,131,206,53,53,63,63,95,95,174,174,147,62,74,105,142,154,194,224,236,266,278,302,314],"floor_reached":30,"playtime":1232,"items_purged":["Strike_B","Defend_B"],"score":463,"play_id":"3259f11c-4d08-4a6e-b19f-22faee230283","local_time":"20181012023142","is_ascension_mode":true,"campfire_choices":[{"data":"Zap","floor":11,"key":"SMITH"},{"data":"Dualcast","floor":13,"key":"SMITH"},{"floor":15,"key":"REST"},{"data":"Buffer","floor":23,"key":"SMITH"},{"data":"Redo","floor":28,"key":"SMITH"}],"neow_cost":"NONE","seed_source_timestamp":95491872351800,"circlet_count":0,"master_deck":["Strike_B","Strike_B","Defend_B","Defend_B+1","Defend_B+1","Zap+1","Dualcast+1","AscendersBane","Self Repair","Ball Lightning","Leap","Sweeping Beam","Capacitor","Leap","Glacier","Electrodynamics","Buffer+1","Redo+1","Loop","Turbo","Conserve Battery"],"special_seed":0,"relics":["Inserter","PreservedInsect","Pear","Oddly Smooth Stone","Nuclear Battery","MawBank","War Paint","Vajra","Gremlin Horn"],"potions_floor_usage":[7,7],"damage_taken":[{"damage":9.0,"enemies":"Jaw Worm","floor":1.0,"turns":5.0},{"damage":19,"enemies":"Small Slimes","floor":3,"turns":4},{"damage":2,"enemies":"2 Louse","floor":6,"turns":3},{"damage":8,"enemies":"3 Sentries","floor":7,"turns":7},{"damage":11,"enemies":"Blue Slaver","floor":8,"turns":6},{"damage":17,"enemies":"Exordium Thugs","floor":12,"turns":4},{"damage":16,"enemies":"3 Sentries","floor":14,"turns":6},{"damage":29,"enemies":"The Guardian","floor":16,"turns":13},{"damage":20,"enemies":"2 Thieves","floor":18,"turns":4},{"damage":6,"enemies":"Shell Parasite","floor":21,"turns":8},{"damage":20,"enemies":"Gremlin Leader","floor":24,"turns":6},{"damage":25,"enemies":"Snake Plant","floor":25,"turns":6},{"damage":3,"enemies":"Centurion and Healer","floor":27,"turns":6},{"damage":2,"enemies":"Snecko","floor":29,"turns":12},{"damage":9,"enemies":"Slavers","floor":30,"turns":2}],"seed_played":"-3207773000455570218","potions_obtained":[{"floor":1.0,"key":"Dexterity Potion"},{"floor":3,"key":"Swift Potion"},{"floor":6,"key":"SkillPotion"},{"floor":25,"key":"Strength Potion"},{"floor":29,"key":"SpeedPotion"}],"is_trial":false,"path_per_floor":["M","?","M","?","$","M","?","M","T","$","R","M","R","E","R","B",null,"M","?","$","M","T","R","E","M","T","M","R","M"],"character_chosen":"DEFECT","items_purchased":["Leap","Sweeping Beam","Leap"],"campfire_rested":1,"item_purchase_floors":[5,5,10],"current_hp_per_floor":[55,55,43,32,32,37,36,32,42,42,42,32,32,23,47,25,67,54,54,54,55,55,55,42,24,24,28,28,33,24],"gold":314,"neow_bonus":"BOSS_RELIC","is_prod":false,"is_daily":false,"chose_seed":false,"campfire_upgraded":4,"win_rate":0,"timestamp":1539282702,"path_taken":["M","?","M","?","$","M","?","M","T","?","R","?","R","E","R","BOSS","M","?","$","M","?","R","E","M","T","?","R","?","E"],"build_version":"2018-10-04v2","purchased_purges":2,"victory":false,"max_hp_per_floor":[71,71,71,71,71,71,71,71,81,81,81,81,81,81,81,81,81,81,81,81,81,81,81,81,81,81,81,81,81,81],"card_choices":[{"not_picked":["Skim","Gash"],"picked":"Self Repair","floor":1.0},{"not_picked":["Redo","Scrape"],"picked":"Ball Lightning","floor":3},{"not_picked":["Gash","Redo","Rebound"],"picked":"SKIP","floor":6},{"not_picked":["Steam Power","Hologram"],"picked":"Capacitor","floor":7},{"not_picked":["Steam Power","Rebound","Capacitor"],"picked":"SKIP","floor":8},{"not_picked":["Gash","Ball Lightning"],"picked":"Glacier","floor":12},{"not_picked":["Machine Learning","Streamline"],"picked":"Electrodynamics","floor":14},{"not_picked":["Meteor Strike","Reboot"],"picked":"Buffer","floor":16},{"not_picked":["Redo","Go for the Eyes","Steam"],"picked":"SKIP","floor":18},{"not_picked":["Go for the Eyes","Steam"],"picked":"Redo","floor":18},{"not_picked":["Compile Driver","Hologram"],"picked":"Loop","floor":21},{"not_picked":["Electrodynamics","Redo"],"picked":"Turbo","floor":24},{"not_picked":["Go for the Eyes+1","Turbo","Capacitor+1"],"picked":"SKIP","floor":25},{"not_picked":["Hologram","Leap","Beam Cell"],"picked":"SKIP","floor":27},{"not_picked":["Sweeping Beam","Turbo"],"picked":"Conserve Battery","floor":29}],"player_experience":293214,"relics_obtained":[{"floor":7,"key":"PreservedInsect"},{"floor":9,"key":"Pear"},{"floor":14,"key":"Oddly Smooth Stone"},{"floor":22,"key":"War Paint"},{"floor":24,"key":"Vajra"},{"floor":26,"key":"Gremlin Horn"}],"event_choices":[{"event_name":"Living Wall","player_choice":"Forget","floor":2,"damage_taken":0},{"event_name":"World of Goop","player_choice":"Gather Gold","floor":4,"damage_taken":0},{"event_name":"Dead Adventurer","player_choice":"Searched \u00271\u0027 times","floor":7,"damage_taken":0},{"event_name":"Addict","player_choice":"Obtained Relic","floor":19,"damage_taken":0}],"is_beta":false,"boss_relics":[{"not_picked":["Runic Pyramid","Snecko Eye"],"picked":"Nuclear Battery"}],"items_purged_floors":[5,10],"is_endless":false,"potions_floor_spawned":[1,3,6,25,29],"killed_by":"Slavers","ascension_level":17}