{"path_per_floor":["M","?","M","?","?","R","M","M","T","M","M","?","?","T","R","B",null,"M","M","?","?","$","R","M","R","T","E","?","?","M","M","R"],"character_chosen":"THE_SILENT","items_purchased":["Toxic Egg 2","Calculated Gamble"],"gold_per_floor":[110,110,122,122,122,122,133,151,151,167,187,187,362,362,362,464,464,480,491,436,436,31,31,50,50,100,129,129,129,149,159,159],"floor_reached":33,"campfire_rested":0,"playtime":1926,"current_hp_per_floor":[70,70,70,67,67,67,67,64,64,64,64,64,64,64,64,16,70,59,53,53,53,53,53,32,32,32,15,70,70,66,61,61],"items_purged":["Strike_G"],"gold":159,"score":257,"play_id":"6b112d95-a2ab-4c5b-88e1-c8b3a6551909","is_prod":false,"is_daily":false,"is_ascension_mode":false,"campfire_upgraded":5,"path_taken":["M","?","?","?","?","R","M","M","T","M","M","?","?","?","R","BOSS","M","M","?","?","?","R","M","R","T","E","?","?","M","M","R","BOSS"],"build_version":"2018-02-15-PROD1","purchased_purges":1,"victory":false,"master_deck":["Defend_G","Defend_G","Defend_G","Strike_G","Strike_G","Strike_G","Strike_G","Survivor+1","Neutralize+1","Venomology+1","Dash+1","Storm of Steel+1","Calculated Gamble+1","Acrobatics+1"],"max_hp_per_floor":[70,70,70,70,70,70,70,70,70,70,70,70,70,70,70,70,70,70,70,70,70,70,70,70,70,70,70,70,70,70,70,70],"relics":["Ring of the Snake","Omamori","Torii","Dream Catcher","Runic Pyramid","Tiny Chest","Toxic Egg 2","Happy Flower","Juzu Bracelet"],"card_choices":[{"not_picked":["Outmaneuver","Footwork"],"picked":"Dash"},{"not_picked":["Night Terror","Burst"],"picked":"Storm of Steel"},{"not_picked":["Backstab","Deflect"],"picked":"Acrobatics"}],"player_experience":117242,"potions_floor_usage":[8,10,11,16,16,18,19,24,24,27,27,30,30,30,31,33,33,33],"damage_taken":[{"damage":0,"enemies":"Small Slimes","floor":1,"turns":3},{"damage":0,"enemies":"Cultist","floor":3,"turns":5},{"damage":0,"enemies":"2 Louse","floor":7,"turns":3},{"damage":3,"enemies":"Large Slime","floor":8,"turns":11},{"damage":0,"enemies":"3 Louse","floor":10,"turns":4},{"damage":0,"enemies":"Red Slaver","floor":11,"turns":5},{"damage":48,"enemies":"Hexaghost","floor":16,"turns":15},{"damage":11,"enemies":"Shell Parasite","floor":18,"turns":7},{"damage":6,"enemies":"3 Byrds","floor":19,"turns":8},{"damage":21,"enemies":"3 Cultists","floor":24,"turns":7},{"damage":17,"enemies":"Book of Stabbing","floor":27,"turns":8},{"damage":4,"enemies":"Slaver and Parasite","floor":30,"turns":9},{"damage":5,"enemies":"Snake Plant","floor":31,"turns":9},{"damage":82,"enemies":"Collector","floor":33,"turns":11}],"event_choices":[{"event_name":"Match and Keep!","player_choice":"1 cards matched","floor":2,"damage_taken":0},{"event_name":"Scrap Ooze","player_choice":"success","floor":4,"damage_taken":3},{"event_name":"Wheel of Change","player_choice":"Curse","floor":5,"damage_taken":0},{"event_name":"Transmorgrifier","player_choice":"Transform","floor":12,"damage_taken":0},{"event_name":"Liars Game","player_choice":"agreed","floor":13,"damage_taken":0},{"event_name":"Addict","player_choice":"Obtained Relic","floor":20,"damage_taken":0},{"event_name":"Wheel of Change","player_choice":"Card Removal","floor":21,"damage_taken":0},{"event_name":"Bonfire Elementals","player_choice":"UNCOMMON","floor":28,"damage_taken":0},{"event_name":"The Lab","player_choice":"Got Potions","floor":29,"damage_taken":0}],"boss_relics":[{"not_picked":["Runic Dome","Philosopher\u0027s Stone"],"picked":"Runic Pyramid"}],"potions_floor_spawned":[3,7,8,10,18,27,30,31],"seed_played":"-2554642367524378633","killed_by":"Collector","ascension_level":0,"is_trial":false}