{"gold_per_floor":[115,133,58,70,20,20,42,53,53,69,79,79,79,106,106,211,211,229,241,256,268,281,281,281,281,355,371,371,371,271,283,283,383,383,397,272,323,173,221,233,233,248,248,248,47,66,0,32,32,32],"floor_reached":51,"playtime":2937,"items_purged":["Strike_G","Defend_G","Defend_G","Survivor","Defend_G"],"score":929,"play_id":"8ac8cbc8-2a6b-4aa9-b3a0-cdf8d53d89e1","local_time":"20190718010949","is_ascension_mode":false,"campfire_choices":[{"data":"Bouncing Flask","floor":6.0,"key":"SMITH"},{"data":"Well Laid Plans","floor":13.0,"key":"SMITH"},{"data":"Neutralize","floor":15.0,"key":"SMITH"},{"data":"Noxious Fumes","floor":23.0,"key":"SMITH"},{"data":"Wraith Form v2","floor":25.0,"key":"SMITH"},{"data":"Wraith Form v2","floor":28.0,"key":"SMITH"},{"data":"Backflip","floor":32.0,"key":"SMITH"},{"data":"Adrenaline","floor":41,"key":"SMITH"},{"data":"Endless Agony","floor":44,"key":"SMITH"},{"data":"Catalyst","floor":49,"key":"SMITH"}],"neow_cost":"NONE","seed_source_timestamp":25361848173103,"circlet_count":0,"master_deck":["Defend_G","Neutralize+1","Endless Agony+1","Bouncing Flask+1","Well Laid Plans+1","Backflip+1","After Image+1","Wraith Form v2+1","Noxious Fumes+1","Bullet Time+1","Endless Agony+1","Noxious Fumes+1","Ghostly","Ghostly","Ghostly","Ghostly","Ghostly","Wraith Form v2+1","Adrenaline+1","Catalyst+1","Catalyst+1"],"special_seed":0,"relics":["Ring of the Snake","Odd Mushroom","Singing Bowl","Pear","Astrolabe","Philosopher\u0027s Stone","Pocketwatch","Smiling Mask","Juzu Bracelet","Bag of Preparation","Red Mask","Lantern"],"potions_floor_usage":[37,50,50],"damage_taken":[{"damage":0.0,"enemies":"2 Louse","floor":1.0,"turns":3.0},{"damage":1.0,"enemies":"Small Slimes","floor":2.0,"turns":3.0},{"damage":0.0,"enemies":"Jaw Worm","floor":4.0,"turns":3.0},{"damage":28.0,"enemies":"The Mushroom Lair","floor":7.0,"turns":6.0},{"damage":0.0,"enemies":"Large Slime","floor":8.0,"turns":6.0},{"damage":0.0,"enemies":"Lots of Slimes","floor":10.0,"turns":7.0},{"damage":0.0,"enemies":"Exordium Wildlife","floor":11.0,"turns":4.0},{"damage":6.0,"enemies":"3 Sentries","floor":14.0,"turns":8.0},{"damage":0.0,"enemies":"Hexaghost","floor":16.0,"turns":8.0},{"damage":1.0,"enemies":"2 Thieves","floor":18.0,"turns":5.0},{"damage":5.0,"enemies":"3 Byrds","floor":19.0,"turns":4.0},{"damage":0.0,"enemies":"Snecko","floor":20.0,"turns":5.0},{"damage":1.0,"enemies":"Centurion and Healer","floor":21.0,"turns":7.0},{"damage":2.0,"enemies":"Shelled Parasite and Fungi","floor":22.0,"turns":6.0},{"damage":2.0,"enemies":"Sentry and Sphere","floor":27.0,"turns":5.0},{"damage":0.0,"enemies":"Centurion and Healer","floor":31.0,"turns":7.0},{"damage":0.0,"enemies":"Collector","floor":33.0,"turns":9.0},{"damage":0,"enemies":"3 Darklings","floor":35,"turns":7},{"damage":0,"enemies":"2 Orb Walkers","floor":37,"turns":6},{"damage":0,"enemies":"Orb Walker","floor":40,"turns":5},{"damage":0,"enemies":"Spire Growth","floor":42,"turns":5},{"damage":0,"enemies":"3 Darklings","floor":46,"turns":5},{"damage":0,"enemies":"Giant Head","floor":48,"turns":8},{"damage":0,"enemies":"Time Eater","floor":50,"turns":5}],"seed_played":"252363849808000276","potions_obtained":[{"floor":2.0,"key":"Energy Potion"},{"floor":8.0,"key":"GhostInAJar"},{"floor":14.0,"key":"Strength Potion"},{"floor":16.0,"key":"GamblersBrew"},{"floor":19.0,"key":"Energy Potion"},{"floor":27.0,"key":"PowerPotion"},{"floor":37,"key":"SpeedPotion"}],"is_trial":false,"path_per_floor":["M","M","$","M","?","R","?","M","T","M","M","$","R","E","R","B",null,"M","M","M","M","M","R","?","R","T","M","R","?","$","M","R","B",null,"M","$","?","$","T","M","R","M","T","R","$","M","?","E","R","B",null],"character_chosen":"THE_SILENT","items_purchased":["Bag of Preparation"],"campfire_rested":0,"item_purchase_floors":[45],"current_hp_per_floor":[70,69,69,69,69,69,41,41,41,43,45,45,45,49,49,49,84,85,82,82,83,83,83,46,46,46,44,44,44,44,46,46,46,48,50,50,52,52,52,54,54,56,56,56,56,56,56,56,56,56],"gold":32,"neow_bonus":"TRANSFORM_CARD","is_prod":false,"is_daily":false,"chose_seed":false,"campfire_upgraded":10,"win_rate":0,"timestamp":1563383389,"path_taken":["M","M","$","M","?","R","?","M","T","M","M","$","R","E","R","BOSS","M","M","M","M","M","R","?","R","T","M","R","?","$","M","R","BOSS","M","?","?","$","?","M","R","?","T","R","$","M","?","E","R","BOSS"],"build_version":"2019-07-05","purchased_purges":5,"victory":true,"max_hp_per_floor":[70,70,70,70,70,70,70,70,70,72,74,74,74,84,84,84,84,86,88,88,90,92,92,46,46,46,46,46,46,46,48,48,48,48,50,50,52,52,52,54,54,56,56,56,56,56,56,56,56,56],"card_choices":[{"not_picked":["Dodge and Roll","Outmaneuver","Slice"],"picked":"SKIP","floor":1.0},{"not_picked":["Dagger Throw","Outmaneuver"],"picked":"Bouncing Flask","floor":2.0},{"not_picked":["Flying Knee","Phantasmal Killer"],"picked":"Well Laid Plans","floor":4.0},{"not_picked":["Prepared","Heel Hook"],"picked":"Backflip","floor":8.0},{"not_picked":["Dodge and Roll","Blade Dance","Prepared"],"picked":"Singing Bowl","floor":10.0},{"not_picked":["Outmaneuver","Infinite Blades","Bane"],"picked":"Singing Bowl","floor":11.0},{"not_picked":["Noxious Fumes","Envenom"],"picked":"After Image","floor":14.0},{"not_picked":["Phantasmal Killer","A Thousand Cuts"],"picked":"Wraith Form v2","floor":16.0},{"not_picked":["Sucker Punch","Slice+1","Cloak And Dagger"],"picked":"Singing Bowl","floor":18.0},{"not_picked":["Flying Knee","Dagger Throw","Escape Plan+1"],"picked":"Singing Bowl","floor":19.0},{"not_picked":["Backflip","Crippling Poison"],"picked":"Noxious Fumes","floor":20.0},{"not_picked":["Poisoned Stab","Bouncing Flask","Backstab"],"picked":"Singing Bowl","floor":21.0},{"not_picked":["Dodge and Roll+1","Outmaneuver","Flying Knee"],"picked":"Singing Bowl","floor":22.0},{"not_picked":["Expertise","Endless Agony"],"picked":"Wraith Form v2","floor":27.0},{"not_picked":["Tactician+1","Masterful Stab+1","Reflex"],"picked":"Singing Bowl","floor":31.0},{"not_picked":["Venomology","Tools of the Trade"],"picked":"Adrenaline","floor":33.0},{"not_picked":["Poisoned Stab+1","Cloak And Dagger+1","Sucker Punch"],"picked":"Singing Bowl","floor":35},{"not_picked":["Backstab+1","Masterful Stab+1","Well Laid Plans"],"picked":"Singing Bowl","floor":37},{"not_picked":["Acrobatics","Dagger Spray","Bouncing Flask"],"picked":"Singing Bowl","floor":40},{"not_picked":["Infinite Blades+1","Riddle With Holes+1","Bane"],"picked":"Singing Bowl","floor":42},{"not_picked":["Backflip+1","Well Laid Plans+1"],"picked":"Catalyst","floor":46},{"not_picked":["Calculated Gamble+1","Backstab"],"picked":"Catalyst+1","floor":48}],"player_experience":5771832,"relics_obtained":[{"floor":7.0,"key":"Odd Mushroom"},{"floor":9.0,"key":"Singing Bowl"},{"floor":14.0,"key":"Pear"},{"floor":37,"key":"Pocketwatch"},{"floor":39,"key":"Smiling Mask"},{"floor":43,"key":"Juzu Bracelet"},{"floor":48,"key":"Lantern"}],"event_choices":[{"cards_removed":["Strike_G"],"damage_healed":0.0,"max_hp_gain":0.0,"max_hp_loss":0.0,"gold_gain":0.0,"event_name":"The Cleric","player_choice":"Card Removal","floor":5.0,"gold_loss":50.0,"damage_taken":0.0},{"damage_healed":0.0,"max_hp_gain":0.0,"max_hp_loss":0.0,"gold_gain":0.0,"event_name":"Mushrooms","player_choice":"Fought Mushrooms","floor":7.0,"gold_loss":0.0,"damage_taken":0.0},{"damage_healed":0.0,"max_hp_gain":0.0,"max_hp_loss":46.0,"gold_gain":0.0,"event_name":"Ghosts","player_choice":"Became a Ghost","floor":24.0,"gold_loss":0.0,"damage_taken":0.0,"cards_obtained":["Ghostly","Ghostly","Ghostly","Ghostly","Ghostly"]},{"damage_healed":0.0,"max_hp_gain":0.0,"max_hp_loss":0.0,"gold_gain":0.0,"event_name":"Accursed Blacksmith","player_choice":"Forge","floor":29.0,"gold_loss":0.0,"damage_taken":0.0,"cards_upgraded":["After Image"]},{"damage_healed":0,"gold_gain":0,"player_choice":"Fight","damage_taken":0,"max_hp_gain":0,"max_hp_loss":0,"event_name":"Mysterious Sphere","floor":37,"gold_loss":0},{"damage_healed":0,"gold_gain":0,"player_choice":"Paid","damage_taken":0,"relics_obtained":["Red Mask"],"max_hp_gain":0,"max_hp_loss":0,"event_name":"Tomb of Lord Red Mask","floor":47,"gold_loss":66}],"is_beta":false,"boss_relics":[{"not_picked":["Tiny House","WristBlade"],"picked":"Astrolabe"},{"not_picked":["Busted Crown","Velvet Choker"],"picked":"Philosopher\u0027s Stone"}],"items_purged_floors":[3,30,36,38,45],"is_endless":false,"potions_floor_spawned":[2,8,14,16,19,20,27,31,33,35,37],"ascension_level":0}