{"gold_per_floor":[17,17,28,48,58,58,85,85,108,108,121,121,121,152,152,224,224,241,241,255,16,26,26,26,26,50,60,60,60,77,94,94,167,167,178,178,178,193,245,276,276,301,301,301,315,331,231,243,243,243,243,243,243,25,58,58],"floor_reached":57,"playtime":3411,"items_purged":["Defend_B","Defend_B"],"score":2768,"play_id":"d39c21a3-45c1-46be-9cbe-aa8a262ceb69","local_time":"20190401231641","is_ascension_mode":true,"campfire_choices":[{"data":"Rip and Tear","floor":6.0,"key":"SMITH"},{"data":"Zap","floor":8.0,"key":"SMITH"},{"data":"Dualcast","floor":10.0,"key":"SMITH"},{"data":"Coolheaded","floor":12.0,"key":"SMITH"},{"data":"Hologram","floor":15.0,"key":"SMITH"},{"data":"Biased Cognition","floor":23.0,"key":"SMITH"},{"data":"Skim","floor":29.0,"key":"SMITH"},{"data":"Recycle","floor":32.0,"key":"SMITH"},{"data":"Turbo","floor":41.0,"key":"SMITH"},{"data":"Coolheaded","floor":44.0,"key":"SMITH"},{"floor":49.0,"key":"RECALL"},{"data":"Seek","floor":53.0,"key":"SMITH"}],"neow_cost":"NO_GOLD","seed_source_timestamp":36873786903550,"circlet_count":0,"master_deck":["AscendersBane","Defend_B","Defend_B","Zap+1","Dualcast+1","Rip and Tear+1","Coolheaded+1","FTL","Hologram+1","Skim+1","Ball Lightning","Leap","Ball Lightning","Biased Cognition+1","Core Surge","Leap","White Noise","Recycle+1","Turbo+1","Seek+1","Echo Form","Capacitor","White Noise","White Noise+1","Double Energy","Coolheaded+1","Echo Form","Coolheaded+1","Consume+1","All For One","Reprogram+1"],"special_seed":0,"relics":["Cracked Core","Strawberry","Blood Vial","Anchor","Runic Pyramid","Lantern","Potion Belt","Orrery","Spirit Poop","Du-Vu Doll","Bird Faced Urn","Thread and Needle","Runic Capacitor","Bag of Preparation"],"potions_floor_usage":[56,56,56],"damage_taken":[{"damage":11.0,"enemies":"Small Slimes","floor":1.0,"turns":3.0},{"damage":7.0,"enemies":"2 Louse","floor":3.0,"turns":3.0},{"damage":5.0,"enemies":"Jaw Worm","floor":4.0,"turns":3.0},{"damage":9.0,"enemies":"Red Slaver","floor":5.0,"turns":3.0},{"damage":32.0,"enemies":"3 Sentries","floor":7.0,"turns":7.0},{"damage":6.0,"enemies":"Looter","floor":11.0,"turns":2.0},{"damage":7.0,"enemies":"Lagavulin","floor":14.0,"turns":4.0},{"damage":4.0,"enemies":"The Guardian","floor":16.0,"turns":13.0},{"damage":13.0,"enemies":"Chosen","floor":18.0,"turns":4.0},{"damage":27.0,"enemies":"3 Byrds","floor":20.0,"turns":4.0},{"damage":11.0,"enemies":"3 Cultists","floor":22.0,"turns":4.0},{"damage":1.0,"enemies":"Colosseum Slavers","floor":24.0,"turns":4.0},{"damage":0.0,"enemies":"Snake Plant","floor":27.0,"turns":3.0},{"damage":4.0,"enemies":"Centurion and Healer","floor":30.0,"turns":7.0},{"damage":2.0,"enemies":"Cultist and Chosen","floor":31.0,"turns":5.0},{"damage":8.0,"enemies":"Automaton","floor":33.0,"turns":9.0},{"damage":0.0,"enemies":"3 Darklings","floor":35.0,"turns":2.0},{"damage":0.0,"enemies":"Orb Walker","floor":38.0,"turns":2.0},{"damage":20.0,"enemies":"2 Orb Walkers","floor":39.0,"turns":4.0},{"damage":5.0,"enemies":"Reptomancer","floor":40.0,"turns":5.0},{"damage":0.0,"enemies":"Giant Head","floor":42.0,"turns":10.0},{"damage":0.0,"enemies":"3 Darklings","floor":45.0,"turns":4.0},{"damage":27.0,"enemies":"Jaw Worm Horde","floor":46.0,"turns":3.0},{"damage":0.0,"enemies":"Writhing Mass","floor":48.0,"turns":6.0},{"damage":0.0,"enemies":"Awakened One","floor":50.0,"turns":9.0},{"damage":87.0,"enemies":"Time Eater","floor":51.0,"turns":7.0},{"damage":44.0,"enemies":"Shield and Spear","floor":55.0,"turns":8.0},{"damage":78,"enemies":"The Heart","floor":56,"turns":11}],"seed_played":"4524917031985390797","potions_obtained":[{"floor":3.0,"key":"LiquidBronze"},{"floor":4.0,"key":"Energy Potion"},{"floor":11.0,"key":"Block Potion"},{"floor":14.0,"key":"PowerPotion"},{"floor":18.0,"key":"EntropicBrew"},{"floor":27.0,"key":"SteroidPotion"},{"floor":31.0,"key":"Regen Potion"},{"floor":33.0,"key":"PowerPotion"},{"floor":38.0,"key":"PowerPotion"},{"floor":42.0,"key":"SteroidPotion"},{"floor":45.0,"key":"EssenceOfSteel"},{"floor":48.0,"key":"Block Potion"},{"floor":55.0,"key":"Dexterity Potion"}],"is_trial":false,"path_per_floor":["M","?","M","M","M","R","E","R","T","R","M","R","?","E","R","B",null,"M","?","M","$","M","R","?","?","T","M","?","R","M","M","R","B",null,"M","?","?","M","?","E","R","E","T","R","M","M","$","M","R","B","B",null,"R","$","E","B",null],"character_chosen":"DEFECT","items_purchased":["Lantern","Runic Capacitor"],"campfire_rested":0,"item_purchase_floors":[21,54],"current_hp_per_floor":[53,58,51,46,37,37,12,12,12,12,8,8,8,3,3,1,63,52,52,27,27,18,18,19,19,19,21,21,21,19,19,19,28,69,71,71,71,73,55,52,52,66,66,66,83,76,76,83,83,83,14,66,66,66,50,47],"gold":58,"neow_bonus":"TRANSFORM_TWO_CARDS","is_prod":false,"is_daily":false,"chose_seed":false,"campfire_upgraded":11,"win_rate":0,"timestamp":1554131801,"path_taken":["M","?","M","M","M","R","E","R","T","R","M","R","?","E","R","BOSS","M","?","M","$","M","R","?","?","T","M","?","R","M","?","R","BOSS","M","?","?","?","?","E","R","E","T","R","M","M","?","M","R","BOSS","BOSS","R","$","E","BOSS"],"build_version":"2019-01-23","purchased_purges":2,"victory":true,"max_hp_per_floor":[71,76,76,76,76,76,83,83,83,83,83,83,83,83,83,83,83,83,83,83,83,83,83,83,83,83,83,83,83,83,83,83,83,83,83,83,83,83,83,83,83,83,83,83,83,83,83,83,83,83,83,83,83,83,83,83],"card_choices":[{"not_picked":["Streamline","Compile Driver"],"picked":"Coolheaded","floor":1.0},{"not_picked":["Doom and Gloom","Redo"],"picked":"FTL","floor":3.0},{"not_picked":["BootSequence","Blizzard"],"picked":"Hologram","floor":4.0},{"not_picked":["Steam Power","Blizzard","Streamline"],"picked":"SKIP","floor":5.0},{"not_picked":["Steam Power","Blizzard","Streamline"],"picked":"SKIP","floor":5.0},{"not_picked":["Turbo","Thunder Strike"],"picked":"Skim","floor":7.0},{"not_picked":["Stack","Steam"],"picked":"Ball Lightning","floor":11.0},{"not_picked":["Redo","Compile Driver"],"picked":"Ball Lightning","floor":14.0},{"not_picked":["Echo Form","All For One"],"picked":"Biased Cognition","floor":16.0},{"not_picked":["Aggregate","Barrage","Steam"],"picked":"SKIP","floor":18.0},{"not_picked":["Hello World+1","Go for the Eyes"],"picked":"White Noise","floor":20.0},{"not_picked":["Auto Shields","Hello World","Steam Power+1"],"picked":"SKIP","floor":22.0},{"not_picked":["BootSequence","Stack"],"picked":"Recycle","floor":27.0},{"not_picked":["Streamline","Stack"],"picked":"Turbo","floor":30.0},{"not_picked":["Conserve Battery+1","White Noise"],"picked":"Seek","floor":31.0},{"not_picked":["Core Surge","Buffer"],"picked":"Echo Form","floor":33.0},{"not_picked":["Streamline","BootSequence"],"picked":"Capacitor","floor":34.0},{"not_picked":["Conserve Battery","Go for the Eyes"],"picked":"White Noise","floor":34.0},{"not_picked":["Cold Snap","Double Energy"],"picked":"White Noise+1","floor":34.0},{"not_picked":["Redo","Go for the Eyes","Sweeping Beam+1"],"picked":"SKIP","floor":35.0},{"not_picked":["Hologram","Tempest","Hyperbeam"],"picked":"SKIP","floor":38.0},{"not_picked":["Rip and Tear+1","Steam Power+1"],"picked":"Double Energy","floor":39.0},{"not_picked":["Static Discharge","Conserve Battery"],"picked":"Coolheaded","floor":40.0},{"not_picked":["Steam","Turbo"],"picked":"Echo Form","floor":42.0},{"not_picked":["Steam","Stack+1"],"picked":"Coolheaded+1","floor":45.0},{"not_picked":["Redo","Recycle"],"picked":"Consume+1","floor":46.0},{"not_picked":["Reprogram","Reinforced Body+1"],"picked":"All For One","floor":48.0},{"not_picked":["Gash","Reprogram+1","Storm"],"picked":"SKIP","floor":55.0},{"not_picked":["Gash","Storm"],"picked":"Reprogram+1","floor":55.0}],"player_experience":3995429,"relics_obtained":[{"floor":7.0,"key":"Strawberry"},{"floor":9.0,"key":"Blood Vial"},{"floor":14.0,"key":"Anchor"},{"floor":26.0,"key":"Potion Belt"},{"floor":39.0,"key":"Du-Vu Doll"},{"floor":40.0,"key":"Bird Faced Urn"},{"floor":42.0,"key":"Thread and Needle"},{"floor":55.0,"key":"Bag of Preparation"}],"event_choices":[{"damage_healed":0.0,"max_hp_gain":5.0,"max_hp_loss":0.0,"gold_gain":0.0,"event_name":"Big Fish","player_choice":"Donut","floor":2.0,"gold_loss":0.0,"damage_taken":0.0},{"damage_healed":0.0,"max_hp_gain":0.0,"max_hp_loss":0.0,"gold_gain":0.0,"cards_transformed":["Aggregate"],"event_name":"Living Wall","player_choice":"Change","floor":13.0,"gold_loss":0.0,"damage_taken":0.0,"cards_obtained":["Leap"]},{"damage_healed":0.0,"max_hp_gain":0.0,"max_hp_loss":0.0,"gold_gain":0.0,"cards_transformed":["Strike_B","Strike_B"],"event_name":"Drug Dealer","player_choice":"Became Test Subject","floor":19.0,"gold_loss":0.0,"damage_taken":0.0,"cards_obtained":["Core Surge","Leap"]},{"damage_healed":0.0,"max_hp_gain":0.0,"max_hp_loss":0.0,"gold_gain":0.0,"event_name":"Colosseum","player_choice":"Fight","floor":24.0,"gold_loss":0.0,"damage_taken":0.0},{"damage_healed":0.0,"max_hp_gain":0.0,"max_hp_loss":0.0,"gold_gain":0.0,"event_name":"Colosseum","player_choice":"Fled From Nobs","floor":24.0,"gold_loss":0.0,"damage_taken":0.0},{"damage_healed":0.0,"max_hp_gain":0.0,"max_hp_loss":0.0,"gold_gain":0.0,"event_name":"Forgotten Altar","player_choice":"Smashed Altar","floor":28.0,"gold_loss":0.0,"damage_taken":0.0,"cards_obtained":["Decay"]},{"damage_healed":0.0,"max_hp_gain":0.0,"max_hp_loss":0.0,"gold_gain":0.0,"event_name":"Tomb of Lord Red Mask","player_choice":"Ignored","floor":36.0,"gold_loss":0.0,"damage_taken":0.0},{"cards_removed":["Decay"],"damage_healed":0.0,"max_hp_gain":0.0,"max_hp_loss":0.0,"gold_gain":0.0,"event_name":"Bonfire Elementals","player_choice":"Offered Curse","floor":37.0,"gold_loss":0.0,"damage_taken":0.0,"relics_obtained":["Spirit Poop"]},{"damage_healed":0.0,"max_hp_gain":0.0,"max_hp_loss":0.0,"gold_gain":0.0,"event_name":"Mysterious Sphere","player_choice":"Fight","floor":39.0,"gold_loss":0.0,"damage_taken":0.0}],"is_beta":false,"boss_relics":[{"not_picked":["FrozenCore","Cursed Key"],"picked":"Runic Pyramid"},{"not_picked":["Empty Cage","Lizard Tail"],"picked":"Orrery"}],"items_purged_floors":[21,47],"is_endless":false,"potions_floor_spawned":[3,4,11,14,18,27,31,33,38,42,45,48,55],"ascension_level":20}