{"gold_per_floor":[112,131,131,148,164,164,164,164,235,246,246,265,190,50,50,126,126,145,145,195,173,0,0,0,0,0,0],"floor_reached":27,"playtime":790,"items_purged":["Strike_G","Strike_G"],"score":402,"play_id":"3dbe165e-40fb-472b-9472-a6b42a850c68","local_time":"20190717043007","is_ascension_mode":true,"campfire_choices":[{"data":"Catalyst","floor":6.0,"key":"SMITH"},{"data":"Neutralize","floor":8.0,"key":"SMITH"},{"floor":15.0,"key":"REST"},{"floor":23,"key":"REST"},{"floor":25,"key":"RECALL"}],"neow_cost":"NONE","seed_source_timestamp":71533669982365,"circlet_count":0,"master_deck":["AscendersBane","Strike_G","Defend_G","Defend_G","Defend_G","Defend_G","Defend_G","Survivor","Neutralize+1","Heel Hook","Catalyst+1","Escape Plan","Tools of the Trade","Heel Hook","Caltrops","Die Die Die","Prepared","Noxious Fumes"],"special_seed":0,"relics":["Sozu","Ornamental Fan","FaceOfCleric","Philosopher\u0027s Stone","Regal Pillow"],"potions_floor_usage":[],"damage_taken":[{"damage":0.0,"enemies":"Cultist","floor":1.0,"turns":5.0},{"damage":4.0,"enemies":"Jaw Worm","floor":2.0,"turns":5.0},{"damage":2.0,"enemies":"2 Louse","floor":4.0,"turns":6.0},{"damage":3.0,"enemies":"Red Slaver","floor":5.0,"turns":5.0},{"damage":19.0,"enemies":"Exordium Thugs","floor":10.0,"turns":10.0},{"damage":1.0,"enemies":"Looter","floor":12.0,"turns":4.0},{"damage":11.0,"enemies":"The Guardian","floor":16.0,"turns":21.0},{"damage":37,"enemies":"Spheric Guardian","floor":18,"turns":8},{"damage":18,"enemies":"2 Thieves","floor":21,"turns":4},{"damage":10,"enemies":"Centurion and Healer","floor":27,"turns":3}],"seed_played":"-8256877579076257589","potions_obtained":[],"is_trial":false,"path_per_floor":["M","M","?","M","M","R","?","R","T","M","?","M","$","$","R","B",null,"M","?","?","M","?","R","?","R","T","M"],"character_chosen":"THE_SILENT","items_purchased":["Caltrops"],"campfire_rested":2,"item_purchase_floors":[14],"current_hp_per_floor":[59,55,55,53,50,50,43,43,43,24,24,24,24,24,44,34,60,24,24,24,7,7,28,8,8,8,0],"gold":0,"neow_bonus":"BOSS_RELIC","is_prod":false,"is_daily":false,"chose_seed":false,"campfire_upgraded":2,"win_rate":0,"timestamp":1563305407,"path_taken":["M","?","?","?","M","R","?","R","T","M","?","?","?","$","R","BOSS","M","?","?","M","?","R","?","R","T","M"],"build_version":"2019-07-05","purchased_purges":2,"victory":false,"max_hp_per_floor":[66,66,66,66,66,66,66,66,66,66,66,67,67,67,67,68,68,69,69,69,70,70,70,75,75,75,75],"card_choices":[{"not_picked":["Reflex","Deflect"],"picked":"Heel Hook","floor":1.0},{"not_picked":["Cloak And Dagger","Noxious Fumes"],"picked":"Catalyst","floor":2.0},{"not_picked":["Quick Slash","Acrobatics","Backflip"],"picked":"SKIP","floor":4.0},{"not_picked":["Flying Knee","Dagger Spray"],"picked":"Tools of the Trade","floor":5.0},{"not_picked":["Noxious Fumes","Sucker Punch"],"picked":"Heel Hook","floor":10.0},{"not_picked":["Setup","Outmaneuver","Underhanded Strike"],"picked":"SKIP","floor":12.0},{"not_picked":["Phantasmal Killer","Unload"],"picked":"Die Die Die","floor":16.0},{"not_picked":["Choke","Underhanded Strike"],"picked":"Prepared","floor":18},{"not_picked":["Prepared","Slice"],"picked":"Noxious Fumes","floor":21}],"player_experience":634893,"relics_obtained":[{"floor":9.0,"key":"Ornamental Fan"},{"floor":26,"key":"Regal Pillow"}],"event_choices":[{"damage_healed":0.0,"max_hp_gain":0.0,"max_hp_loss":0.0,"gold_gain":0.0,"cards_transformed":["Strike_G"],"event_name":"Transmorgrifier","player_choice":"Transformed","floor":3.0,"gold_loss":0.0,"damage_taken":0.0,"cards_obtained":["Escape Plan"]},{"cards_removed":["Strike_G"],"damage_healed":0.0,"max_hp_gain":0.0,"max_hp_loss":0.0,"gold_gain":0.0,"event_name":"Golden Wing","player_choice":"Card Removal","floor":7.0,"gold_loss":0.0,"damage_taken":7.0},{"damage_healed":0.0,"max_hp_gain":0.0,"max_hp_loss":0.0,"gold_gain":0.0,"event_name":"FaceTrader","player_choice":"Trade","floor":11.0,"gold_loss":0.0,"damage_taken":0.0,"relics_obtained":["FaceOfCleric"]},{"damage_healed":0,"gold_gain":0,"player_choice":"Ignored","damage_taken":0,"max_hp_gain":0,"max_hp_loss":0,"event_name":"Vampires","floor":19,"gold_loss":0},{"damage_healed":0,"gold_gain":50,"player_choice":"Stole From Cult","damage_taken":0,"max_hp_gain":0,"max_hp_loss":0,"event_name":"Nest","floor":20,"gold_loss":0},{"damage_healed":0,"gold_gain":0,"player_choice":"Paid Fearfully","damage_taken":0,"max_hp_gain":0,"max_hp_loss":0,"event_name":"Masked Bandits","floor":22,"gold_loss":173},{"damage_healed":0,"gold_gain":0,"player_choice":"Shed Blood","damage_taken":25,"max_hp_gain":5,"max_hp_loss":0,"event_name":"Forgotten Altar","floor":24,"gold_loss":0}],"is_beta":false,"boss_relics":[{"not_picked":["WristBlade","Calling Bell"],"picked":"Philosopher\u0027s Stone"}],"items_purged_floors":[13,14],"is_endless":false,"potions_floor_spawned":[1,5,18,21],"killed_by":"Centurion and Healer","ascension_level":20}