{"gold_per_floor":[109,109,133,58,133,160,160,187,187,220,57,68,68,80,80,153,153,170,170,170,170,185,185,205,66,66,84,84,112,112,37,37,112,112,132,0,17,17,17,17,44,44,44,72,124,134,166,186,186,186,186],"floor_reached":52,"playtime":2234,"items_purged":["Strike_G","Strike_G"],"score":2169,"play_id":"ac4a3703-270b-4579-9e0e-59f5aae3fc3d","local_time":"20181024193459","is_ascension_mode":true,"campfire_choices":[{"floor":7.0,"key":"REST"},{"data":"Neutralize","floor":13.0,"key":"SMITH"},{"data":"Footwork","floor":15.0,"key":"SMITH"},{"data":"Footwork","floor":23.0,"key":"SMITH"},{"data":"Poisoned Stab","floor":28.0,"key":"SMITH"},{"floor":30.0,"key":"REST"},{"data":"Blade Dance","floor":32.0,"key":"SMITH"},{"data":"Well Laid Plans","floor":40.0,"key":"SMITH"},{"data":"Survivor","floor":42,"key":"SMITH"},{"data":"Defend_G","floor":49,"key":"SMITH"}],"neow_cost":"TEN_PERCENT_HP_LOSS","seed_source_timestamp":381604515593218,"circlet_count":0,"master_deck":["Defend_G","Defend_G","Defend_G+1","Defend_G","Survivor+1","Neutralize+1","AscendersBane","Blade Dance+1","Poisoned Stab+1","Footwork+1","Poisoned Stab+1","Footwork+1","Dagger Spray+1","Die Die Die+1","Predator+1","Well Laid Plans+1","Venomology+1"],"special_seed":0,"relics":["Ring of the Snake","InfectionSource","Snake Skull","Strawberry","Orichalcum","Molten Egg 2","Paper Crane","Busted Crown","AssaultLearning","Toxic Egg 2","Ornamental Fan","White Beast Statue","Red Mask","Bag of Preparation","Smiling Mask","Darkstone Periapt","Omamori","BouquetWithThorns","Boot"],"potions_floor_usage":[41,41,44,44,45,45,46,46,47,48,50,51,51],"damage_taken":[{"damage":9.0,"enemies":"Small Slimes","floor":1.0,"turns":6.0},{"damage":32.0,"enemies":"3 Sentries","floor":6.0,"turns":12.0},{"damage":7.0,"enemies":"Lagavulin","floor":8.0,"turns":5.0},{"damage":8.0,"enemies":"3 Sentries","floor":10.0,"turns":8.0},{"damage":1.0,"enemies":"2 Louse","floor":12.0,"turns":2.0},{"damage":0.0,"enemies":"Jaw Worm","floor":14.0,"turns":3.0},{"damage":20.0,"enemies":"Slime Boss","floor":16.0,"turns":11.0},{"damage":1.0,"enemies":"3 Byrds","floor":18.0,"turns":3.0},{"damage":2.0,"enemies":"Chosen","floor":22.0,"turns":3.0},{"damage":1.0,"enemies":"Centurion and Healer","floor":24.0,"turns":4.0},{"damage":0.0,"enemies":"Sentry and Sphere","floor":27.0,"turns":3.0},{"damage":22.0,"enemies":"Book of Stabbing","floor":29.0,"turns":6.0},{"damage":0.0,"enemies":"Collector","floor":33.0,"turns":7.0},{"damage":7.0,"enemies":"Orb Walker","floor":35.0,"turns":3.0},{"damage":0.0,"enemies":"3 Darklings","floor":37.0,"turns":3.0},{"damage":0,"enemies":"Reptomancer","floor":41,"turns":4},{"damage":2,"enemies":"Nemesis","floor":44,"turns":7},{"damage":8,"enemies":"2 Orb Walkers","floor":45,"turns":4},{"damage":0,"enemies":"4 Shapes","floor":46,"turns":6},{"damage":0,"enemies":"Giant Head","floor":47,"turns":6},{"damage":6,"enemies":"Jaw Worm Horde","floor":48,"turns":2},{"damage":10,"enemies":"Awakened One","floor":50,"turns":12},{"damage":17,"enemies":"Donu and Deca","floor":51,"turns":7}],"seed_played":"-5191241288172630080","potions_obtained":[{"floor":6.0,"key":"Weak Potion"},{"floor":8.0,"key":"Dexterity Potion"},{"floor":12.0,"key":"GhostInAJar"},{"floor":18.0,"key":"AttackPotion"},{"floor":27.0,"key":"SteroidPotion"},{"floor":29.0,"key":"PowerPotion"},{"floor":35.0,"key":"TimePotion"},{"floor":37.0,"key":"AttackPotion"},{"floor":41,"key":"Swift Potion"},{"floor":44,"key":"SteroidPotion"},{"floor":45,"key":"Regen Potion"},{"floor":46,"key":"Swift Potion"},{"floor":48,"key":"Swift Potion"}],"is_trial":false,"path_per_floor":["M","?","T","?","?","E","R","E","T","E","$","M","R","M","R","B",null,"M","?","?","?","M","R","M","$","T","M","R","E","R","?","R","B",null,"M","?","M","?","T","R","E","R","T","E","?","M","E","M","R","B","B"],"character_chosen":"THE_SILENT","items_purchased":["Footwork","Well Laid Plans"],"campfire_rested":2,"item_purchase_floors":[11,25],"current_hp_per_floor":[50,55,55,55,44,19,40,33,33,25,25,24,24,24,24,4,55,54,54,54,54,52,52,51,51,51,51,51,29,50,50,50,50,67,60,60,60,60,60,60,60,60,60,58,50,65,65,59,59,49,32],"gold":186,"neow_bonus":"REMOVE_TWO","is_prod":false,"is_daily":false,"chose_seed":false,"campfire_upgraded":8,"win_rate":0,"timestamp":1540380899,"path_taken":["M","?","?","?","?","E","R","E","T","E","$","M","R","?","R","BOSS","M","?","?","?","?","R","M","$","T","?","R","E","R","?","R","BOSS","M","?","M","?","?","R","E","R","T","E","?","M","E","M","R","BOSS","BOSS"],"build_version":"2018-10-18","purchased_purges":2,"victory":true,"max_hp_per_floor":[60,65,65,65,65,72,72,72,72,72,72,72,72,72,72,72,72,72,72,72,72,72,72,72,72,72,72,72,72,72,72,72,72,72,72,72,72,72,72,72,72,72,72,72,72,72,72,72,72,72,72],"card_choices":[{"not_picked":["Outmaneuver","Bouncing Flask"],"picked":"Blade Dance","floor":1.0},{"not_picked":["Outmaneuver","Terror"],"picked":"Poisoned Stab","floor":6.0},{"not_picked":["Escape Plan","Calculated Gamble"],"picked":"Footwork","floor":8.0},{"not_picked":["Accuracy","Dagger Throw+1"],"picked":"Poisoned Stab+1","floor":10.0},{"not_picked":["Dagger Throw+1","Quick Slash+1"],"picked":"Dagger Spray+1","floor":12.0},{"not_picked":["Deadly Poison","Dagger Spray+1","Expertise"],"picked":"SKIP","floor":14.0},{"not_picked":["Glass Knife+1","Venomology"],"picked":"Die Die Die+1","floor":16.0},{"not_picked":["Quick Slash+1"],"picked":"SKIP","floor":18.0},{"not_picked":[],"picked":"Predator+1","floor":22.0},{"not_picked":["Dagger Spray+1"],"picked":"SKIP","floor":24.0},{"not_picked":["Prepared+1"],"picked":"SKIP","floor":27.0},{"not_picked":["Dagger Spray+1"],"picked":"SKIP","floor":29.0},{"not_picked":["Dagger Spray+1"],"picked":"SKIP","floor":29.0},{"not_picked":[],"picked":"Venomology+1","floor":33.0},{"not_picked":["Heel Hook+1"],"picked":"SKIP","floor":35.0},{"not_picked":["Poisoned Stab+1"],"picked":"SKIP","floor":37.0},{"not_picked":["Distraction+1"],"picked":"SKIP","floor":41},{"not_picked":["Outmaneuver+1"],"picked":"SKIP","floor":44},{"not_picked":["Deadly Poison+1"],"picked":"SKIP","floor":46},{"not_picked":["Concentrate+1"],"picked":"SKIP","floor":47},{"not_picked":["Slice+1"],"picked":"SKIP","floor":48}],"player_experience":374078,"relics_obtained":[{"floor":3.0,"key":"Snake Skull"},{"floor":6.0,"key":"Strawberry"},{"floor":8.0,"key":"Orichalcum"},{"floor":9.0,"key":"Molten Egg 2"},{"floor":10.0,"key":"Paper Crane"},{"floor":26.0,"key":"Toxic Egg 2"},{"floor":29.0,"key":"Ornamental Fan"},{"floor":39.0,"key":"Bag of Preparation"},{"floor":41,"key":"Smiling Mask"},{"floor":43,"key":"Darkstone Periapt"},{"floor":44,"key":"Omamori"},{"floor":45,"key":"BouquetWithThorns"},{"floor":47,"key":"Boot"}],"event_choices":[{"damage_healed":0.0,"max_hp_gain":5.0,"max_hp_loss":0.0,"gold_gain":0.0,"event_name":"Big Fish","player_choice":"Donut","floor":2.0,"gold_loss":0.0,"damage_taken":0.0},{"cards_removed":["Strike_G"],"damage_healed":0.0,"max_hp_gain":0.0,"max_hp_loss":0.0,"gold_gain":0.0,"event_name":"The Cleric","player_choice":"Card Removal","floor":4.0,"gold_loss":75.0,"damage_taken":0.0},{"damage_healed":0.0,"max_hp_gain":0.0,"max_hp_loss":0.0,"gold_gain":75.0,"event_name":"World of Goop","player_choice":"Gather Gold","floor":5.0,"gold_loss":0.0,"damage_taken":11.0},{"damage_healed":0.0,"max_hp_gain":0.0,"max_hp_loss":0.0,"gold_gain":0.0,"event_name":"Cursed Tome","player_choice":"Ignored","floor":19.0,"gold_loss":0.0,"damage_taken":0.0},{"damage_healed":0.0,"max_hp_gain":0.0,"max_hp_loss":0.0,"gold_gain":0.0,"event_name":"Ghosts","player_choice":"Ignored","floor":20.0,"gold_loss":0.0,"damage_taken":0.0},{"damage_healed":0.0,"max_hp_gain":0.0,"max_hp_loss":0.0,"gold_gain":0.0,"event_name":"WeMeetAgain","player_choice":"Gave Potion","floor":21.0,"gold_loss":0.0,"damage_taken":0.0,"relics_obtained":["AssaultLearning"]},{"cards_removed":["Strike_G"],"damage_healed":0.0,"max_hp_gain":0.0,"max_hp_loss":0.0,"gold_gain":0.0,"event_name":"Beggar","player_choice":"Gave Gold","floor":31.0,"gold_loss":75.0,"damage_taken":0.0},{"damage_healed":0.0,"max_hp_gain":0.0,"max_hp_loss":0.0,"gold_gain":0.0,"event_name":"Tomb of Lord Red Mask","player_choice":"Paid","floor":36.0,"gold_loss":132.0,"damage_taken":0.0,"relics_obtained":["Red Mask"]},{"damage_healed":0.0,"max_hp_gain":0.0,"max_hp_loss":0.0,"gold_gain":0.0,"event_name":"SensoryStone","player_choice":"Memory 1","floor":38.0,"gold_loss":0.0,"damage_taken":0.0},{"damage_healed":0,"gold_gain":0,"player_choice":"Fight","damage_taken":0,"max_hp_gain":0,"max_hp_loss":0,"event_name":"Mysterious Sphere","floor":45,"gold_loss":0}],"is_beta":false,"boss_relics":[{"not_picked":["Ectoplasm","Runic Pyramid"],"picked":"Busted Crown"},{"not_picked":["Snecko Eye","HarvestTotem"],"picked":"White Beast Statue"}],"items_purged_floors":[11,25],"is_endless":false,"potions_floor_spawned":[6,8,12,14,18,27,29,35,37,41,44,45,46,47,48],"ascension_level":20}