{"path_per_floor":["M","M","?","M","M","R","?","R","T","E","M","M","E","$","R"],"character_chosen":"THE_SILENT","items_purchased":["Slice","Art of War","Malaise"],"gold_per_floor":[115,127,127,137,148,148,148,148,148,173,192,204,236,11,11,11],"floor_reached":16,"campfire_rested":0,"playtime":501,"item_purchase_floors":[14,14,14],"current_hp_per_floor":[61,61,61,61,61,61,66,66,66,39,39,39,8,8,8,0],"items_purged":[],"gold":11,"score":157,"play_id":"d5709073-814a-4fae-8a92-1fbc1a33f62f","local_time":"20180531231433","is_prod":false,"is_daily":false,"chose_seed":false,"is_ascension_mode":true,"campfire_upgraded":3,"win_rate":0,"timestamp":1527779673,"campfire_choices":[{"data":"Neutralize","floor":6,"key":"SMITH"},{"data":"Finisher","floor":8,"key":"SMITH"},{"data":"Malaise","floor":15,"key":"SMITH"}],"path_taken":["M","M","?","?","M","R","?","R","T","E","M","M","E","$","R","BOSS"],"build_version":"2018-05-30v2","seed_source_timestamp":50037979192203,"purchased_purges":0,"victory":false,"master_deck":["Defend_G","Defend_G","Defend_G","Defend_G","Strike_G","Strike_G","Strike_G","Strike_G","Survivor","Neutralize+1","Backflip","Slice","Finisher","Finisher+1","Caltrops","Dagger Throw","Prepared","Well Laid Plans","Cloak And Dagger","Slice","Malaise+1"],"max_hp_per_floor":[70,70,70,70,70,70,75,75,75,75,75,75,75,75,75,75],"relics":["Ring of the Snake","Toolbox","Ancient Tea Set","Omamori","Art of War"],"card_choices":[{"not_picked":["Eviscerate","Dagger Throw"],"picked":"Slice","floor":1},{"not_picked":["Slice","Choke"],"picked":"Finisher","floor":2},{"not_picked":["Heel Hook","Quick Slash"],"picked":"Finisher","floor":4},{"not_picked":["Blur","Deflect"],"picked":"Caltrops","floor":5},{"not_picked":["Setup","PiercingWail"],"picked":"Dagger Throw","floor":10},{"not_picked":["Acrobatics","Choke"],"picked":"Prepared","floor":11},{"not_picked":["Deadly Poison","Sucker Punch"],"picked":"Well Laid Plans","floor":12},{"not_picked":["Concentrate","A Thousand Cuts"],"picked":"Cloak And Dagger","floor":13}],"player_experience":517854,"potions_floor_usage":[],"damage_taken":[{"damage":2,"enemies":"Jaw Worm","floor":1,"turns":5},{"damage":0,"enemies":"Cultist","floor":2,"turns":3},{"damage":0,"enemies":"2 Louse","floor":4,"turns":2},{"damage":0,"enemies":"Red Slaver","floor":5,"turns":2},{"damage":27,"enemies":"3 Sentries","floor":10,"turns":10},{"damage":0,"enemies":"2 Fungi Beasts","floor":11,"turns":2},{"damage":0,"enemies":"3 Louse","floor":12,"turns":4},{"damage":31,"enemies":"Gremlin Nob","floor":13,"turns":5},{"damage":18,"enemies":"The Guardian","floor":16,"turns":2}],"relics_obtained":[{"floor":9,"key":"Toolbox"},{"floor":10,"key":"Ancient Tea Set"},{"floor":13,"key":"Omamori"}],"event_choices":[{"event_name":"Purifier","player_choice":"One Purge","floor":3,"damage_taken":0},{"event_name":"Big Fish","player_choice":"Donut","floor":7,"damage_taken":0}],"boss_relics":[],"items_purged_floors":[],"potions_floor_spawned":[1,4,10,12,13],"seed_played":"4118200234229910313","killed_by":"The Guardian","ascension_level":8,"potions_obtained":[{"floor":1,"key":"SteroidPotion"},{"floor":4,"key":"SteroidPotion"},{"floor":10,"key":"Weak Potion"}],"is_trial":false}