{"gold_per_floor":[114,131,131,56,72,72,99,24,103,403,403,416,416,426,426,502,502,519,215,215,315,3,3,3,3],"floor_reached":25,"playtime":1206,"items_purged":["Defend_B","Strike_B"],"score":394,"play_id":"225ffecb-96fd-43b8-8680-6fc6fd556780","local_time":"20190120230959","is_ascension_mode":true,"campfire_choices":[{"data":"Lockon","floor":6.0,"key":"SMITH"},{"data":"Consume","floor":11.0,"key":"SMITH"},{"data":"Zap","floor":13.0,"key":"SMITH"},{"data":"Dualcast","floor":15.0,"key":"SMITH"},{"floor":23,"key":"REST"}],"neow_cost":"TEN_PERCENT_HP_LOSS","seed_source_timestamp":48964474372001,"circlet_count":0,"master_deck":["AscendersBane","Defend_B","Defend_B","Zap+1","Dualcast+1","White Noise","Consume+1","Lockon+1","Coolheaded","Tempest","Biased Cognition+1","Self Repair+1"],"special_seed":0,"relics":["Cracked Core","Omamori","Frozen Egg 2","Old Coin","Velvet Choker","Strange Spoon","Pocketwatch","Bottled Tornado","OrangePellets"],"potions_floor_usage":[25],"damage_taken":[{"damage":3.0,"enemies":"Cultist","floor":1.0,"turns":5.0},{"damage":9.0,"enemies":"Jaw Worm","floor":2.0,"turns":4.0},{"damage":0.0,"enemies":"Small Slimes","floor":5.0,"turns":3.0},{"damage":14.0,"enemies":"Lagavulin","floor":7.0,"turns":7.0},{"damage":1.0,"enemies":"2 Fungi Beasts","floor":12.0,"turns":4.0},{"damage":13.0,"enemies":"3 Louse","floor":14.0,"turns":3.0},{"damage":11.0,"enemies":"Slime Boss","floor":16.0,"turns":7.0},{"damage":1.0,"enemies":"Spheric Guardian","floor":18.0,"turns":3.0},{"damage":27,"enemies":"Colosseum Slavers","floor":21,"turns":2},{"damage":21,"enemies":"Colosseum Nobs","floor":21,"turns":4},{"damage":34,"enemies":"Slavers","floor":25,"turns":1}],"seed_played":"-4598066373675791004","potions_obtained":[{"floor":1.0,"key":"Poison Potion"},{"floor":7.0,"key":"Block Potion"},{"floor":12.0,"key":"Regen Potion"},{"floor":18.0,"key":"LiquidBronze"},{"floor":21,"key":"Energy Potion"}],"is_trial":false,"path_per_floor":["M","M","?","$","M","R","E","?","T","?","R","M","R","M","R","B",null,"M","$","?","?","$","R","?","E"],"character_chosen":"DEFECT","items_purchased":["Lockon","Strange Spoon","OrangePellets"],"campfire_rested":1,"item_purchase_floors":[4,19,22],"current_hp_per_floor":[61,52,45,45,45,45,31,31,31,31,31,30,30,17,17,21,53,52,52,52,4,4,23,23,0],"gold":3,"neow_bonus":"REMOVE_TWO","is_prod":false,"is_daily":false,"chose_seed":false,"campfire_upgraded":4,"win_rate":0,"timestamp":1547996999,"path_taken":["M","?","?","$","M","R","E","?","T","?","R","M","R","M","R","BOSS","M","$","?","?","$","R","?","E"],"build_version":"2019-01-17v2","purchased_purges":2,"victory":false,"max_hp_per_floor":[64,64,64,64,64,64,64,64,64,64,64,64,64,64,64,64,64,64,64,64,64,64,64,64,64],"card_choices":[{"not_picked":["Conserve Battery","Go for the Eyes"],"picked":"White Noise","floor":1.0},{"not_picked":["Streamline","Steam"],"picked":"Consume","floor":2.0},{"not_picked":["Streamline","Beam Cell"],"picked":"Coolheaded","floor":5.0},{"not_picked":["Aggregate","Storm","Static Discharge"],"picked":"SKIP","floor":7.0},{"not_picked":["Go for the Eyes","Lockon"],"picked":"Tempest","floor":12.0},{"not_picked":["All For One","Gash","Steam"],"picked":"SKIP","floor":14.0},{"not_picked":["Multi-Cast","Machine Learning+1"],"picked":"Biased Cognition+1","floor":16.0},{"not_picked":["Coolheaded","Stack","Conserve Battery"],"picked":"SKIP","floor":18.0},{"not_picked":["Consume","Melter"],"picked":"Self Repair+1","floor":21}],"player_experience":2092028,"relics_obtained":[{"floor":7.0,"key":"Omamori"},{"floor":9.0,"key":"Frozen Egg 2"},{"floor":21,"key":"Pocketwatch"},{"floor":21,"key":"Bottled Tornado"}],"event_choices":[{"cards_removed":["Defend_B"],"damage_healed":0.0,"max_hp_gain":0.0,"max_hp_loss":0.0,"gold_gain":0.0,"event_name":"Golden Wing","player_choice":"Card Removal","floor":3.0,"gold_loss":0.0,"damage_taken":7.0},{"cards_removed":["Strike_B"],"damage_healed":0.0,"max_hp_gain":0.0,"max_hp_loss":0.0,"gold_gain":0.0,"event_name":"The Cleric","player_choice":"Card Removal","floor":8.0,"gold_loss":75.0,"damage_taken":0.0},{"damage_healed":0.0,"max_hp_gain":0.0,"max_hp_loss":0.0,"gold_gain":0.0,"event_name":"Big Fish","player_choice":"Box","floor":10.0,"gold_loss":0.0,"damage_taken":0.0,"relics_obtained":["Old Coin"],"cards_obtained":["Regret"]},{"damage_healed":0.0,"max_hp_gain":0.0,"max_hp_loss":0.0,"gold_gain":0.0,"event_name":"Forgotten Altar","player_choice":"Smashed Altar","floor":20.0,"gold_loss":0.0,"damage_taken":0.0,"cards_obtained":["Decay"]},{"damage_healed":0,"gold_gain":0,"player_choice":"Fight","damage_taken":0,"max_hp_gain":0,"max_hp_loss":0,"event_name":"Colosseum","floor":21,"gold_loss":0},{"damage_healed":0,"gold_gain":0,"player_choice":"Fought Nobs","damage_taken":0,"max_hp_gain":0,"max_hp_loss":0,"event_name":"Colosseum","floor":21,"gold_loss":0}],"is_beta":false,"boss_relics":[{"not_picked":["Ectoplasm","Philosopher\u0027s Stone"],"picked":"Velvet Choker"}],"items_purged_floors":[19,22],"is_endless":false,"potions_floor_spawned":[1,7,12,18,21],"killed_by":"Slavers","ascension_level":20}