{"gold_per_floor":[117,42,59,59,59,89,100,125,125,162,174,186,198,210,222,234],"floor_reached":16,"playtime":294,"items_purged":[],"score":282,"play_id":"8a79f52d-ec71-4c3b-a6e4-1184872f3cd2","local_time":"20190120141902","is_ascension_mode":true,"campfire_choices":[{"data":"Turbo","floor":11,"key":"SMITH"},{"data":"Dualcast","floor":15,"key":"SMITH"}],"neow_cost":"NONE","seed_source_timestamp":18063326155671,"circlet_count":0,"master_deck":["AscendersBane","Strike_B","Strike_B","Strike_B","Defend_B","Defend_B","Defend_B","Defend_B","Zap","Dualcast+1","Rip and Tear","Ball Lightning","All For One","Turbo+1","Hologram+1","Meteor Strike","Reprogram","Hologram+1"],"special_seed":0,"relics":["Cracked Core","NeowsBlessing","Juzu Bracelet","Pear","MawBank","Blue Candle"],"potions_floor_usage":[8,10],"damage_taken":[{"damage":0.0,"enemies":"Jaw Worm","floor":1.0,"turns":1.0},{"damage":0.0,"enemies":"2 Louse","floor":3.0,"turns":1.0},{"damage":0,"enemies":"Gremlin Nob","floor":6,"turns":1},{"damage":0,"enemies":"Cultist","floor":7,"turns":2},{"damage":30,"enemies":"Lagavulin","floor":8,"turns":4},{"damage":17,"enemies":"3 Sentries","floor":10,"turns":5},{"damage":13,"enemies":"Hexaghost","floor":16,"turns":5}],"seed_played":"2037147220727284023","potions_obtained":[{"floor":1.0,"key":"Strength Potion"},{"floor":6,"key":"Explosive Potion"}],"is_trial":false,"path_per_floor":["M","?","M","?","$","E","M","E","T","E","R","?","?","$","R","B"],"character_chosen":"DEFECT","items_purchased":[],"campfire_rested":0,"item_purchase_floors":[],"current_hp_per_floor":[64,64,64,64,64,64,64,44,44,27,27,3,8,8,8,0],"gold":234,"neow_bonus":"THREE_ENEMY_KILL","is_prod":false,"is_daily":false,"chose_seed":false,"campfire_upgraded":2,"win_rate":0,"timestamp":1547965142,"path_taken":["M","?","M","?","$","E","M","E","T","E","R","?","?","$","R","BOSS"],"build_version":"2019-01-17v2","purchased_purges":0,"victory":false,"max_hp_per_floor":[71,71,71,71,71,71,71,81,81,81,81,81,86,86,86,86],"card_choices":[{"not_picked":["Double Energy","Go for the Eyes"],"picked":"Rip and Tear","floor":1.0},{"not_picked":["Sweeping Beam","Rebound"],"picked":"Ball Lightning","floor":3.0},{"not_picked":["Conserve Battery","Hello World"],"picked":"Hologram","floor":6},{"not_picked":["Tempest","Fusion"],"picked":"Meteor Strike","floor":7},{"not_picked":["Sweeping Beam","Leap"],"picked":"Reprogram","floor":8},{"not_picked":["Conserve Battery","BootSequence"],"picked":"Hologram","floor":10}],"player_experience":2067039,"relics_obtained":[{"floor":6,"key":"Juzu Bracelet"},{"floor":8,"key":"Pear"},{"floor":9,"key":"MawBank"},{"floor":10,"key":"Blue Candle"}],"event_choices":[{"cards_removed":["Strike_B"],"damage_healed":0.0,"max_hp_gain":0.0,"max_hp_loss":0.0,"gold_gain":0.0,"event_name":"The Cleric","player_choice":"Card Removal","floor":2.0,"gold_loss":75.0,"damage_taken":0.0},{"damage_healed":0,"gold_gain":0,"player_choice":"2 cards matched","damage_taken":0,"max_hp_gain":0,"max_hp_loss":0,"event_name":"Match and Keep!","floor":4,"gold_loss":0,"cards_obtained":["All For One","Turbo"]},{"damage_healed":0,"gold_gain":0,"player_choice":"Entered Light","damage_taken":24,"max_hp_gain":0,"max_hp_loss":0,"event_name":"Shining Light","floor":12,"gold_loss":0,"cards_upgraded":["Hologram","Hologram"]},{"damage_healed":0,"gold_gain":0,"player_choice":"Donut","damage_taken":0,"max_hp_gain":5,"max_hp_loss":0,"event_name":"Big Fish","floor":13,"gold_loss":0}],"is_beta":false,"boss_relics":[],"items_purged_floors":[],"is_endless":false,"potions_floor_spawned":[1,6],"killed_by":"Hexaghost","ascension_level":20}