{"gold_per_floor":[109,123,48,48,67,67,78,78,153,53,81,101,115,134,134,229,229,248,248,248,282,382,382,396,271,320,332,182,182,195,205,205,301,301,316,331,156,156,156,172,394,421,421,421,435,435,435,435,435,435],"floor_reached":51,"playtime":1459,"items_purged":["Strike_R","Strike_R","Strike_R","Parasite","Defend_R"],"score":829,"play_id":"c75ed53f-948e-400a-a1fa-f4fd5412323d","local_time":"20190630162005","is_ascension_mode":false,"campfire_choices":[{"data":"Rampage","floor":6.0,"key":"SMITH"},{"data":"True Grit","floor":8.0,"key":"SMITH"},{"data":"Evolve","floor":15.0,"key":"SMITH"},{"data":"Immolate","floor":23.0,"key":"SMITH"},{"data":"Shrug It Off","floor":29.0,"key":"SMITH"},{"data":"Shrug It Off","floor":32.0,"key":"SMITH"},{"data":"Disarm","floor":47,"key":"SMITH"},{"data":"Impervious","floor":49,"key":"SMITH"}],"neow_cost":"PERCENT_DAMAGE","seed_source_timestamp":14399016718020,"circlet_count":0,"master_deck":["Defend_R","Defend_R","Defend_R","Disarm+1","True Grit+1","Rampage+1","Shrug It Off+1","Evolve+1","Immolate+1","Shrug It Off+1","Disarm+1","Impervious+1"],"special_seed":0,"relics":["Burning Blood","Shuriken","Potion Belt","Cursed Key","Red Mask","Charon\u0027s Ashes","Mummified Hand","Bag of Preparation","Runic Pyramid","Art of War"],"potions_floor_usage":[48,50,50],"damage_taken":[{"damage":1.0,"enemies":"Small Slimes","floor":1.0,"turns":6.0},{"damage":1.0,"enemies":"Cultist","floor":2.0,"turns":4.0},{"damage":0.0,"enemies":"Jaw Worm","floor":5.0,"turns":4.0},{"damage":1.0,"enemies":"Exordium Wildlife","floor":7.0,"turns":6.0},{"damage":39.0,"enemies":"Gremlin Nob","floor":11.0,"turns":5.0},{"damage":0.0,"enemies":"3 Louse","floor":12.0,"turns":5.0},{"damage":2.0,"enemies":"Looter","floor":13.0,"turns":4.0},{"damage":2.0,"enemies":"2 Fungi Beasts","floor":14.0,"turns":6.0},{"damage":22.0,"enemies":"Slime Boss","floor":16.0,"turns":8.0},{"damage":10.0,"enemies":"2 Thieves","floor":18.0,"turns":3.0},{"damage":21.0,"enemies":"Masked Bandits","floor":21.0,"turns":3.0},{"damage":18.0,"enemies":"Colosseum Slavers","floor":22.0,"turns":6.0},{"damage":31.0,"enemies":"Colosseum Nobs","floor":22.0,"turns":5.0},{"damage":0.0,"enemies":"Shell Parasite","floor":24.0,"turns":6.0},{"damage":5.0,"enemies":"Snake Plant","floor":27.0,"turns":5.0},{"damage":0.0,"enemies":"Cultist and Chosen","floor":30.0,"turns":3.0},{"damage":1.0,"enemies":"Centurion and Healer","floor":31.0,"turns":5.0},{"damage":0.0,"enemies":"Champ","floor":33.0,"turns":10.0},{"damage":0.0,"enemies":"3 Shapes","floor":35.0,"turns":3.0},{"damage":0.0,"enemies":"Orb Walker","floor":36.0,"turns":5.0},{"damage":1.0,"enemies":"Jaw Worm Horde","floor":40.0,"turns":4.0},{"damage":6.0,"enemies":"Nemesis","floor":42.0,"turns":9.0},{"damage":0,"enemies":"Sphere and 2 Shapes","floor":45,"turns":3},{"damage":0,"enemies":"Maw","floor":48,"turns":1},{"damage":0,"enemies":"Awakened One","floor":50,"turns":10}],"seed_played":"3481778238244230771","potions_obtained":[{"floor":2.0,"key":"Dexterity Potion"},{"floor":7.0,"key":"Fire Potion"},{"floor":21.0,"key":"AttackPotion"},{"floor":22.0,"key":"Swift Potion"},{"floor":30.0,"key":"PowerPotion"},{"floor":31.0,"key":"SmokeBomb"}],"is_trial":false,"path_per_floor":["M","M","$","?","M","R","M","R","T","$","E","M","M","M","R","B",null,"M","?","T","?","?","R","M","$","T","M","$","R","M","M","R","B",null,"M","M","$","?","?","M","?","E","T","?","M","T","R","M","R","B",null],"character_chosen":"IRONCLAD","items_purchased":[],"campfire_rested":0,"item_purchase_floors":[],"current_hp_per_floor":[61,66,66,66,72,72,77,77,77,77,44,50,54,58,58,42,80,76,76,76,61,24,24,30,30,30,31,31,31,37,42,42,48,77,77,77,77,77,77,77,77,77,77,77,77,77,77,77,77,77],"gold":435,"neow_bonus":"TRANSFORM_TWO_CARDS","is_prod":false,"is_daily":false,"chose_seed":false,"campfire_upgraded":8,"win_rate":0,"timestamp":1561882805,"path_taken":["M","M","$","?","M","R","M","R","T","$","E","?","M","M","R","BOSS","M","?","?","?","?","R","M","$","T","M","$","R","M","M","R","BOSS","M","M","$","?","?","?","?","E","T","?","M","?","R","M","R","BOSS"],"build_version":"2019-01-23","purchased_purges":5,"victory":true,"max_hp_per_floor":[80,80,80,80,80,80,80,80,80,80,80,80,80,80,80,80,80,80,80,80,80,80,80,80,80,80,80,77,77,77,77,77,77,77,77,77,77,77,77,77,77,77,77,77,77,77,77,77,77,77],"card_choices":[{"not_picked":["Pommel Strike","Clash"],"picked":"True Grit","floor":1.0},{"not_picked":["Hemokinesis","Shockwave"],"picked":"Rampage","floor":2.0},{"not_picked":["Anger","Headbutt","Warcry"],"picked":"SKIP","floor":5.0},{"not_picked":["Body Slam","Dual Wield","Power Through"],"picked":"SKIP","floor":7.0},{"not_picked":["Body Slam","Twin Strike"],"picked":"Shrug It Off","floor":11.0},{"not_picked":["Flex","Bludgeon"],"picked":"Evolve","floor":12.0},{"not_picked":["Anger","Disarm","Thunderclap"],"picked":"SKIP","floor":13.0},{"not_picked":["Body Slam","Seeing Red","Twin Strike"],"picked":"SKIP","floor":14.0},{"not_picked":["Brutality","Exhume"],"picked":"Immolate","floor":16.0},{"not_picked":["Searing Blow","Bloodletting","Clothesline"],"picked":"SKIP","floor":18.0},{"not_picked":["Sword Boomerang","Feel No Pain"],"picked":"Shrug It Off","floor":24.0},{"not_picked":["Dropkick","Cleave","Body Slam"],"picked":"SKIP","floor":27.0},{"not_picked":["Iron Wave+1","Headbutt+1"],"picked":"Disarm+1","floor":30.0},{"not_picked":["Perfected Strike","Blood for Blood","Clothesline"],"picked":"SKIP","floor":31.0},{"not_picked":["Iron Wave","Clothesline+1","Metallicize"],"picked":"SKIP","floor":35.0},{"not_picked":["Uppercut","Havoc","Wild Strike+1"],"picked":"SKIP","floor":36.0},{"not_picked":["Inflame","Heavy Blade+1","Corruption"],"picked":"SKIP","floor":40.0},{"not_picked":["Thunderclap","Shockwave"],"picked":"Impervious","floor":42.0},{"not_picked":["Body Slam+1","Twin Strike+1","Thunderclap"],"picked":"SKIP","floor":45}],"player_experience":5599096,"relics_obtained":[{"floor":9.0,"key":"Shuriken"},{"floor":11.0,"key":"Potion Belt"},{"floor":21.0,"key":"Red Mask"},{"floor":22.0,"key":"Charon\u0027s Ashes"},{"floor":22.0,"key":"Mummified Hand"},{"floor":26.0,"key":"Bag of Preparation"},{"floor":42.0,"key":"Art of War"}],"event_choices":[{"cards_removed":["Bash"],"damage_healed":0.0,"max_hp_gain":0.0,"max_hp_loss":0.0,"gold_gain":0.0,"event_name":"Bonfire Elementals","player_choice":"Offered Basic","floor":4.0,"gold_loss":0.0,"damage_taken":0.0},{"damage_healed":0.0,"max_hp_gain":0.0,"max_hp_loss":0.0,"gold_gain":0.0,"event_name":"Cursed Tome","player_choice":"Ignored","floor":19.0,"gold_loss":0.0,"damage_taken":0.0},{"damage_healed":0.0,"max_hp_gain":0.0,"max_hp_loss":0.0,"gold_gain":0.0,"event_name":"Masked Bandits","player_choice":"Fought Bandits","floor":21.0,"gold_loss":0.0,"damage_taken":0.0},{"damage_healed":0.0,"max_hp_gain":0.0,"max_hp_loss":0.0,"gold_gain":0.0,"event_name":"Colosseum","player_choice":"Fight","floor":22.0,"gold_loss":0.0,"damage_taken":0.0},{"damage_healed":0.0,"max_hp_gain":0.0,"max_hp_loss":0.0,"gold_gain":0.0,"event_name":"Colosseum","player_choice":"Fought Nobs","floor":22.0,"gold_loss":0.0,"damage_taken":0.0},{"cards_removed":["Spot Weakness"],"damage_healed":0.0,"max_hp_gain":0.0,"max_hp_loss":0.0,"gold_gain":0.0,"event_name":"Falling","player_choice":"Removed Skill","floor":38.0,"gold_loss":0.0,"damage_taken":0.0},{"damage_healed":0.0,"max_hp_gain":0.0,"max_hp_loss":0.0,"gold_gain":0.0,"event_name":"NoteForYourself","player_choice":"Ignored","floor":39.0,"gold_loss":0.0,"damage_taken":0.0},{"damage_healed":0.0,"max_hp_gain":0.0,"max_hp_loss":0.0,"gold_gain":222.0,"event_name":"Tomb of Lord Red Mask","player_choice":"Wore Mask","floor":41.0,"gold_loss":0.0,"damage_taken":0.0},{"damage_healed":0,"gold_gain":0,"player_choice":"Ignored","damage_taken":0,"max_hp_gain":0,"max_hp_loss":0,"event_name":"Mysterious Sphere","floor":44,"gold_loss":0}],"is_beta":false,"boss_relics":[{"not_picked":["Black Star","Orrery"],"picked":"Cursed Key"},{"not_picked":["Sozu","Fusion Hammer"],"picked":"Runic Pyramid"}],"items_purged_floors":[3,10,25,28,37],"is_endless":false,"potions_floor_spawned":[2,7,21,22,30,31,33,36,40,48],"ascension_level":0}