{"gold_per_floor":[111,36,47,58,58,68,68,85,137,137,162,162,194,194,194,268,268,279,279,154,44,44],"floor_reached":22,"playtime":537,"items_purged":["Strike_B","Defend_B"],"score":484,"play_id":"61516cbd-d8c2-484e-a00c-d6ac0054e2b2","local_time":"20190117235345","is_ascension_mode":true,"campfire_choices":[{"data":"Streamline","floor":7.0,"key":"SMITH"},{"data":"Dualcast","floor":10.0,"key":"SMITH"},{"data":"Defragment","floor":12.0,"key":"SMITH"},{"data":"Loop","floor":15.0,"key":"SMITH"}],"neow_cost":"NONE","seed_source_timestamp":40867890740877,"circlet_count":0,"master_deck":["AscendersBane","Strike_B","Strike_B","Defend_B","Defend_B","Zap","Dualcast+1","Streamline+1","Melter","Gash","Echo Form","Defragment+1","Loop+1","Fission+1","Ghostly","Ghostly","Ghostly","Gash"],"special_seed":0,"relics":["Cracked Core","Lantern","Blood Vial","Pear","DataDisk","Fusion Hammer"],"potions_floor_usage":[],"damage_taken":[{"damage":2.0,"enemies":"Jaw Worm","floor":1.0,"turns":3.0},{"damage":9.0,"enemies":"Small Slimes","floor":3.0,"turns":4.0},{"damage":0.0,"enemies":"2 Louse","floor":4.0,"turns":2.0},{"damage":0.0,"enemies":"Gremlin Gang","floor":6.0,"turns":4.0},{"damage":7.0,"enemies":"Exordium Wildlife","floor":8.0,"turns":4.0},{"damage":32.0,"enemies":"Gremlin Nob","floor":11.0,"turns":4.0},{"damage":20.0,"enemies":"Lagavulin","floor":13.0,"turns":7.0},{"damage":0.0,"enemies":"The Guardian","floor":16.0,"turns":8.0},{"damage":6.0,"enemies":"Spheric Guardian","floor":18.0,"turns":3.0},{"damage":40,"enemies":"3 Byrds","floor":22,"turns":3}],"seed_played":"7100948022044912549","potions_obtained":[{"floor":4.0,"key":"Fire Potion"},{"floor":11.0,"key":"SpeedPotion"}],"is_trial":false,"path_per_floor":["M","$","M","M","?","M","R","M","T","R","E","R","E","?","R","B",null,"M","?","$","?","M"],"character_chosen":"DEFECT","items_purchased":["Gash"],"campfire_rested":0,"item_purchase_floors":[20],"current_hp_per_floor":[62,62,53,53,53,53,53,46,46,46,26,26,8,8,8,10,63,59,40,40,40,0],"gold":44,"neow_bonus":"RANDOM_COMMON_RELIC","is_prod":false,"is_daily":false,"chose_seed":false,"campfire_upgraded":4,"win_rate":0,"timestamp":1547740425,"path_taken":["M","$","M","M","?","M","R","M","T","R","E","R","E","?","R","BOSS","M","?","$","?","?"],"build_version":"2019-01-10","purchased_purges":2,"victory":false,"max_hp_per_floor":[71,71,71,71,71,71,71,71,71,71,81,81,81,81,81,81,81,81,40,40,40,40],"card_choices":[{"not_picked":["Go for the Eyes","Barrage"],"picked":"Streamline","floor":1.0},{"not_picked":["Beam Cell","Fusion","Double Energy"],"picked":"SKIP","floor":3.0},{"not_picked":["Stack","Steam"],"picked":"Melter","floor":4.0},{"not_picked":["Defragment","Conserve Battery"],"picked":"Gash","floor":6.0},{"not_picked":["Streamline","Redo"],"picked":"Echo Form","floor":8.0},{"not_picked":["Ball Lightning","White Noise"],"picked":"Defragment","floor":11.0},{"not_picked":["Go for the Eyes","Doom and Gloom"],"picked":"Loop","floor":13.0},{"not_picked":["Meteor Strike","Amplify"],"picked":"Fission","floor":16.0},{"not_picked":["Compile Driver","Darkness","Streamline"],"picked":"SKIP","floor":18.0}],"player_experience":1991553,"relics_obtained":[{"floor":9.0,"key":"Blood Vial"},{"floor":11.0,"key":"Pear"},{"floor":13.0,"key":"DataDisk"}],"event_choices":[{"damage_healed":0.0,"max_hp_gain":0.0,"max_hp_loss":0.0,"gold_gain":0.0,"event_name":"Liars Game","player_choice":"Ignored","floor":5.0,"gold_loss":0.0,"damage_taken":0.0},{"cards_removed":["Strike_B"],"damage_healed":0.0,"max_hp_gain":0.0,"max_hp_loss":0.0,"gold_gain":0.0,"event_name":"Living Wall","player_choice":"Forget","floor":14.0,"gold_loss":0.0,"damage_taken":0.0},{"damage_healed":0.0,"max_hp_gain":0.0,"max_hp_loss":41.0,"gold_gain":0.0,"event_name":"Ghosts","player_choice":"Became a Ghost","floor":19.0,"gold_loss":0.0,"damage_taken":0.0,"cards_obtained":["Ghostly","Ghostly","Ghostly"]},{"cards_removed":["Defend_B"],"damage_healed":0,"gold_gain":0,"player_choice":"Upgrade and Remove","damage_taken":0,"max_hp_gain":0,"max_hp_loss":0,"event_name":"Designer","floor":21,"gold_loss":110,"cards_upgraded":["Fission"]}],"is_beta":false,"boss_relics":[{"not_picked":["Pandora\u0027s Box","Calling Bell"],"picked":"Fusion Hammer"}],"items_purged_floors":[2,20],"is_endless":false,"potions_floor_spawned":[4,11],"killed_by":"3 Byrds","ascension_level":20}