{"gold_per_floor":[110,125,139,64,77,111,127,127,127,127,138,138,138,138,138,257,257,270,113,126,126,145,145,159,159,159,183,993,993,1029,1079,1079,1210,1210,1228,1251,750,775,685,710,723,723,746,746,496,521,268,306,306,306],"floor_reached":51,"playtime":2412,"items_purged":["Strike_G","Strike_G","Defend_G","Defend_G"],"score":854,"play_id":"989f4609-22bc-4b97-b1be-131f3ffde7bb","local_time":"20181017161617","is_ascension_mode":false,"campfire_choices":[{"data":"Noxious Fumes","floor":8.0,"key":"SMITH"},{"data":"Malaise","floor":10.0,"key":"SMITH"},{"data":"1","floor":13.0,"key":"LIFT"},{"data":"2","floor":15.0,"key":"LIFT"},{"data":"Adrenaline","floor":23.0,"key":"SMITH"},{"data":"Footwork","floor":25.0,"key":"SMITH"},{"data":"3","floor":29.0,"key":"LIFT"},{"data":"Burst","floor":32.0,"key":"SMITH"},{"data":"Deep Breath","floor":42,"key":"SMITH"},{"data":"Neutralize","floor":44,"key":"SMITH"},{"data":"Apotheosis","floor":49,"key":"SMITH"}],"neow_cost":"NONE","seed_source_timestamp":20071673878000,"circlet_count":0,"master_deck":["Defend_G+1","Defend_G","Defend_G","Survivor+1","Neutralize+1","Backflip","Dash","Noxious Fumes+1","Malaise+1","Backflip","Burst+1","Deadly Poison+1","Adrenaline+1","Setup+1","Footwork+1","Crippling Poison+1","Corpse Explosion","Backflip+1","Deep Breath+1","Setup+1","Heel Hook+1","Malaise+1","Thinking Ahead","Leg Sweep","Apotheosis+1"],"special_seed":0,"relics":["Ring of the Snake","Happy Flower","Matryoshka","Art of War","Girya","Golden Idol","Runic Pyramid","Pear","Pantograph","Red Mask","Philosopher\u0027s Stone","Membership Card","War Paint","Paper Crane","Smiling Mask","DollysMirror","Snake Skull","Dodecahedron"],"potions_floor_usage":[50,50],"damage_taken":[{"damage":0.0,"enemies":"2 Louse","floor":1.0,"turns":3.0},{"damage":0.0,"enemies":"Small Slimes","floor":2.0,"turns":4.0},{"damage":0.0,"enemies":"Cultist","floor":3.0,"turns":4.0},{"damage":0.0,"enemies":"3 Louse","floor":5.0,"turns":3.0},{"damage":17.0,"enemies":"3 Sentries","floor":6.0,"turns":8.0},{"damage":0.0,"enemies":"Looter","floor":7.0,"turns":3.0},{"damage":4.0,"enemies":"Exordium Thugs","floor":11.0,"turns":6.0},{"damage":23.0,"enemies":"Slime Boss","floor":16.0,"turns":10.0},{"damage":0.0,"enemies":"Chosen","floor":18.0,"turns":5.0},{"damage":0.0,"enemies":"3 Byrds","floor":20.0,"turns":6.0},{"damage":0.0,"enemies":"Snake Plant","floor":22.0,"turns":5.0},{"damage":0.0,"enemies":"Centurion and Healer","floor":24.0,"turns":5.0},{"damage":0.0,"enemies":"Chosen and Byrds","floor":27.0,"turns":6.0},{"damage":0.0,"enemies":"Masked Bandits","floor":30.0,"turns":4.0},{"damage":0.0,"enemies":"Automaton","floor":33.0,"turns":10.0},{"damage":0.0,"enemies":"3 Darklings","floor":35.0,"turns":5.0},{"damage":0.0,"enemies":"Orb Walker","floor":36.0,"turns":4.0},{"damage":0.0,"enemies":"Sphere and 2 Shapes","floor":38.0,"turns":3.0},{"damage":0.0,"enemies":"Reptomancer","floor":40.0,"turns":5.0},{"damage":0.0,"enemies":"Maw","floor":41.0,"turns":9.0},{"damage":0,"enemies":"Sphere and 2 Shapes","floor":46,"turns":3},{"damage":0,"enemies":"Giant Head","floor":48,"turns":8},{"damage":0,"enemies":"Awakened One","floor":50,"turns":13}],"seed_played":"607574970000737395","potions_obtained":[{"floor":2.0,"key":"FearPotion"},{"floor":5.0,"key":"SkillPotion"},{"floor":6.0,"key":"Dexterity Potion"},{"floor":11.0,"key":"Energy Potion"},{"floor":20.0,"key":"SmokeBomb"},{"floor":30.0,"key":"SpeedPotion"},{"floor":36.0,"key":"Poison Potion"},{"floor":41,"key":"PowerPotion"},{"floor":48,"key":"GhostInAJar"}],"is_trial":false,"path_per_floor":["M","M","M","$","M","E","M","R","T","R","M","?","R","?","R","B",null,"M","$","M","?","M","R","M","R","T","M","?","R","?","?","R","B",null,"M","M","$","M","?","M","M","R","T","R","$","M","$","E","R","B"],"character_chosen":"THE_SILENT","items_purchased":["Noxious Fumes","Adrenaline","Membership Card","War Paint","Paper Crane","Deep Breath","DollysMirror","Thinking Ahead","Apotheosis","Snake Skull","Strength Potion"],"campfire_rested":0,"item_purchase_floors":[4,19,37,37,37,37,45,45,47,47,47],"current_hp_per_floor":[70,70,70,70,70,53,53,53,53,53,49,42,42,42,42,19,65,65,65,65,65,65,65,65,65,75,75,5,5,5,5,5,30,75,75,75,75,75,75,75,75,75,75,75,75,75,75,75,75,75],"gold":306,"neow_bonus":"RANDOM_COMMON_RELIC","is_prod":false,"is_daily":false,"chose_seed":false,"campfire_upgraded":8,"win_rate":0,"timestamp":1539764177,"path_taken":["M","M","M","$","M","E","M","R","T","R","M","?","R","?","R","BOSS","M","$","M","?","M","R","M","R","T","M","?","R","?","?","R","BOSS","M","M","$","?","?","M","M","R","T","R","$","M","?","E","R","BOSS"],"build_version":"2018-10-11","purchased_purges":4,"victory":true,"max_hp_per_floor":[70,70,70,70,70,70,70,70,70,70,70,70,70,65,65,65,65,65,65,65,65,65,65,65,65,75,75,75,75,75,75,75,75,75,75,75,75,75,75,75,75,75,75,75,75,75,75,75,75,75],"card_choices":[{"not_picked":["Bane","Cloak And Dagger"],"picked":"Backflip","floor":1.0},{"not_picked":["Terror","Masterful Stab","Bane"],"picked":"SKIP","floor":2.0},{"not_picked":["Calculated Gamble","Quick Slash"],"picked":"Dash","floor":3.0},{"not_picked":["Deflect","Caltrops","Flying Knee"],"picked":"SKIP","floor":5.0},{"not_picked":["Choke","Bouncing Flask"],"picked":"Malaise","floor":6.0},{"not_picked":["Distraction","Prepared","Endless Agony"],"picked":"SKIP","floor":7.0},{"not_picked":["Outmaneuver","Bane"],"picked":"Backflip","floor":11.0},{"not_picked":["Tools of the Trade","Storm of Steel"],"picked":"Burst","floor":16.0},{"not_picked":["Flechettes","Slice"],"picked":"Deadly Poison+1","floor":18.0},{"not_picked":["Deflect","Prepared","Acrobatics+1"],"picked":"SKIP","floor":20.0},{"not_picked":["Reflex+1","Deflect"],"picked":"Setup+1","floor":22.0},{"not_picked":["Unload","Crippling Poison"],"picked":"Footwork","floor":24.0},{"not_picked":["Poisoned Stab+1","Escape Plan"],"picked":"Crippling Poison+1","floor":27.0},{"not_picked":["Grand Finale","Envenom"],"picked":"Corpse Explosion","floor":33.0},{"not_picked":["Heel Hook","Noxious Fumes"],"picked":"Backflip","floor":35.0},{"not_picked":["Flechettes+1","Masterful Stab","Deflect+1"],"picked":"SKIP","floor":36.0},{"not_picked":["Deflect","Cloak And Dagger","Finisher+1"],"picked":"SKIP","floor":38.0},{"not_picked":["Bane+1","Deadly Poison+1"],"picked":"Setup+1","floor":40.0},{"not_picked":["Sucker Punch+1","Infinite Blades+1"],"picked":"Heel Hook+1","floor":41},{"not_picked":["Bane+1","Reflex+1"],"picked":"Leg Sweep","floor":46},{"not_picked":["Calculated Gamble","Storm of Steel","Bane+1"],"picked":"SKIP","floor":48}],"player_experience":292014,"relics_obtained":[{"floor":6.0,"key":"Matryoshka"},{"floor":9.0,"key":"Art of War"},{"floor":9.0,"key":"Girya"},{"floor":26.0,"key":"Pear"},{"floor":26.0,"key":"Pantograph"},{"floor":30.0,"key":"Red Mask"},{"floor":43,"key":"Smiling Mask"},{"floor":48,"key":"Dodecahedron"}],"event_choices":[{"event_name":"Golden Wing","player_choice":"Card Removal","floor":12.0,"damage_taken":0.0},{"event_name":"Golden Idol","player_choice":"Lose Max HP","floor":14.0,"damage_taken":0.0},{"event_name":"Back to Basics","player_choice":"Elegance","floor":21.0,"damage_taken":0.0},{"event_name":"Knowing Skull","player_choice":"GOLD GOLD GOLD GOLD GOLD GOLD GOLD GOLD GOLD ","floor":28.0,"damage_taken":0.0},{"event_name":"Masked Bandits","player_choice":"Fought Bandits","floor":30.0,"damage_taken":0.0},{"event_name":"The Joust","player_choice":"Bet on Murderer","floor":31.0,"damage_taken":0.0},{"event_name":"Designer","player_choice":"Full Service","floor":39.0,"damage_taken":0.0}],"is_beta":false,"boss_relics":[{"not_picked":["Sozu","Black Star"],"picked":"Runic Pyramid"},{"not_picked":["White Beast Statue","Ring of the Serpent"],"picked":"Philosopher\u0027s Stone"}],"items_purged_floors":[19,37,45,47],"is_endless":false,"potions_floor_spawned":[2,5,6,11,20,24,27,30,36,41,48],"ascension_level":0}