{"gold_per_floor":[116,74,86,66,85,118,118,129,129,129,94,119,119,151,151,227,227,242,242,292,304,219,219,248,248,248,248,264,0,0,73,73,151,151,167,167,183,202,202,202,218,218,218,53,53,85,85,113,113,113,113,113,113,9,43,43],"floor_reached":56,"playtime":3327,"items_purged":["Strike_G","Defend_G","Defend_G"],"score":2174,"play_id":"f697d60f-88a9-42f5-a19f-536a99fd9c8c","local_time":"20190418210300","is_ascension_mode":true,"campfire_choices":[{"data":"Deadly Poison","floor":7.0,"key":"SMITH"},{"data":"Crippling Poison","floor":10.0,"key":"SMITH"},{"data":"Neutralize","floor":13.0,"key":"SMITH"},{"data":"Prepared","floor":15.0,"key":"SMITH"},{"data":"Tactician","floor":23.0,"key":"SMITH"},{"data":"Tools of the Trade","floor":25.0,"key":"SMITH"},{"data":"Malaise","floor":27.0,"key":"SMITH"},{"data":"Footwork","floor":32.0,"key":"SMITH"},{"data":"Backflip","floor":40.0,"key":"SMITH"},{"floor":42.0,"key":"RECALL"},{"data":"Leg Sweep","floor":45.0,"key":"SMITH"},{"data":"Skim","floor":49.0,"key":"SMITH"},{"data":"Escape Plan","floor":53.0,"key":"SMITH"}],"neow_cost":"PERCENT_DAMAGE","seed_source_timestamp":27863905098914,"circlet_count":0,"master_deck":["AscendersBane","Defend_G","Defend_G+1","Survivor","Neutralize+1","Crippling Poison+1","Prepared+1","Deadly Poison+1","Footwork+1","Backflip+1","Tactician+1","Malaise+1","Tools of the Trade+1","Venomology+1","Backflip+1","Escape Plan+1","Leg Sweep+1","After Image","Expertise+1","Distraction+1","Grand Finale+1","Skim+1","Bandage Up","Rebound"],"special_seed":0,"relics":["Ring of the Snake","Ginger","Nunchaku","StoneCalendar","Bronze Scales","Coffee Dripper","PreservedInsect","War Paint","Membership Card","Meat on the Bone","Astrolabe","Question Card","PrismaticShard","Bag of Marbles","Boot","Snake Skull"],"potions_floor_usage":[56,56,56],"damage_taken":[{"damage":1.0,"enemies":"Jaw Worm","floor":1.0,"turns":6.0},{"damage":0.0,"enemies":"Cultist","floor":3.0,"turns":4.0},{"damage":0.0,"enemies":"2 Louse","floor":5.0,"turns":3.0},{"damage":11.0,"enemies":"Lagavulin","floor":6.0,"turns":9.0},{"damage":9.0,"enemies":"Large Slime","floor":8.0,"turns":6.0},{"damage":20.0,"enemies":"3 Sentries","floor":12.0,"turns":11.0},{"damage":8.0,"enemies":"Lagavulin","floor":14.0,"turns":6.0},{"damage":0.0,"enemies":"The Guardian","floor":16.0,"turns":8.0},{"damage":0.0,"enemies":"3 Byrds","floor":18.0,"turns":2.0},{"damage":1.0,"enemies":"Shell Parasite","floor":21.0,"turns":6.0},{"damage":8.0,"enemies":"Gremlin Leader","floor":24.0,"turns":7.0},{"damage":4.0,"enemies":"Snecko","floor":28.0,"turns":6.0},{"damage":21.0,"enemies":"Automaton","floor":33.0,"turns":12.0},{"damage":0.0,"enemies":"Orb Walker","floor":35.0,"turns":2.0},{"damage":0.0,"enemies":"3 Shapes","floor":37.0,"turns":6.0},{"damage":0.0,"enemies":"Transient","floor":38.0,"turns":6.0},{"damage":1.0,"enemies":"3 Darklings","floor":41.0,"turns":3.0},{"damage":0.0,"enemies":"Reptomancer","floor":46.0,"turns":4.0},{"damage":0.0,"enemies":"Nemesis","floor":48.0,"turns":7.0},{"damage":53.0,"enemies":"Time Eater","floor":50.0,"turns":19.0},{"damage":0.0,"enemies":"Donu and Deca","floor":51.0,"turns":5.0},{"damage":11.0,"enemies":"Shield and Spear","floor":55.0,"turns":4.0},{"damage":55,"enemies":"The Heart","floor":56,"turns":8}],"seed_played":"-3261170290205746186","potions_obtained":[{"floor":3.0,"key":"SkillPotion"},{"floor":4.0,"key":"Explosive Potion"},{"floor":12.0,"key":"Dexterity Potion"},{"floor":16.0,"key":"Poison Potion"},{"floor":35.0,"key":"GhostInAJar"},{"floor":38.0,"key":"Ancient Potion"},{"floor":46.0,"key":"Dexterity Potion"},{"floor":55.0,"key":"Weak Potion"}],"is_trial":false,"path_per_floor":["M","$","M","?","M","E","R","M","T","R","?","E","R","E","R","B",null,"M","?","?","M","?","R","E","R","T","R","M","$","$","T","R","B",null,"M","?","M","M","?","R","M","R","T","$","R","E","?","E","R","B","B",null,"R","$","E","B"],"character_chosen":"THE_SILENT","items_purchased":["Footwork","Membership Card","PrismaticShard","Ancient Potion"],"campfire_rested":0,"item_purchase_floors":[2,29,44,54],"current_hp_per_floor":[43,43,43,43,43,32,32,23,23,23,39,19,19,11,11,11,52,52,52,52,66,66,66,58,58,58,58,54,54,54,54,54,45,61,61,61,61,61,61,61,60,60,60,60,60,60,60,60,60,22,38,57,57,57,50,0],"gold":43,"neow_bonus":"TRANSFORM_TWO_CARDS","is_prod":false,"is_daily":false,"chose_seed":false,"campfire_upgraded":12,"win_rate":0,"timestamp":1555592580,"path_taken":["M","$","M","?","?","E","R","M","T","R","?","E","R","E","R","BOSS","M","?","?","M","?","R","E","R","T","R","M","?","$","?","R","BOSS","M","?","M","M","?","R","?","R","T","$","R","E","?","E","R","BOSS","BOSS","R","$","E","BOSS"],"build_version":"2019-01-23","purchased_purges":3,"victory":false,"max_hp_per_floor":[66,66,66,66,66,66,66,66,66,66,66,66,66,66,66,66,66,66,66,66,66,66,66,66,66,66,66,66,66,66,66,66,66,66,66,66,66,66,66,66,66,66,66,66,66,66,63,63,63,63,63,63,63,63,63,63],"card_choices":[{"not_picked":["Backflip","Dagger Spray"],"picked":"Deadly Poison","floor":1.0},{"not_picked":["Blade Dance","Quick Slash","Deflect"],"picked":"SKIP","floor":3.0},{"not_picked":["Outmaneuver","Dash"],"picked":"Backflip","floor":5.0},{"not_picked":["Prepared","Blade Dance","Backflip"],"picked":"SKIP","floor":6.0},{"not_picked":["Backflip","Terror"],"picked":"Tactician","floor":8.0},{"not_picked":["Backflip","Cloak And Dagger","Endless Agony"],"picked":"SKIP","floor":12.0},{"not_picked":["PiercingWail","Outmaneuver"],"picked":"Malaise","floor":14.0},{"not_picked":["A Thousand Cuts","Wraith Form v2"],"picked":"Tools of the Trade","floor":16.0},{"not_picked":["Flying Knee","Dagger Spray","Blade Dance"],"picked":"SKIP","floor":18.0},{"not_picked":["Dodge and Roll","Deflect"],"picked":"Backflip","floor":21.0},{"not_picked":["Expertise","Skewer"],"picked":"Escape Plan","floor":24.0},{"not_picked":["Quick Slash","Caltrops"],"picked":"Leg Sweep","floor":28.0},{"not_picked":["A Thousand Cuts","Wraith Form v2"],"picked":"After Image","floor":33.0},{"not_picked":["Predator","Bane","Dodge and Roll"],"picked":"SKIP","floor":35.0},{"not_picked":["Eviscerate","Dagger Spray","Deflect+1"],"picked":"SKIP","floor":37.0},{"not_picked":["PiercingWail","Flechettes","Cloak And Dagger+1"],"picked":"SKIP","floor":38.0},{"not_picked":["PiercingWail","Flechettes","Cloak And Dagger+1"],"picked":"SKIP","floor":38.0},{"not_picked":["Flechettes+1","Outmaneuver+1","PiercingWail"],"picked":"SKIP","floor":41.0},{"not_picked":["Ball Lightning","Cloak And Dagger","True Grit"],"picked":"Skim","floor":46.0},{"not_picked":["FTL","Accuracy+1","Dagger Throw"],"picked":"Bandage Up","floor":48.0},{"not_picked":["Leg Sweep","Poisoned Stab","Quick Slash+1"],"picked":"Rebound","floor":55.0}],"player_experience":4381731,"relics_obtained":[{"floor":6.0,"key":"Ginger"},{"floor":9.0,"key":"Nunchaku"},{"floor":12.0,"key":"StoneCalendar"},{"floor":14.0,"key":"Bronze Scales"},{"floor":24.0,"key":"War Paint"},{"floor":31.0,"key":"Meat on the Bone"},{"floor":43.0,"key":"Question Card"},{"floor":46.0,"key":"Bag of Marbles"},{"floor":48.0,"key":"Boot"},{"floor":55.0,"key":"Snake Skull"}],"event_choices":[{"damage_healed":0.0,"max_hp_gain":0.0,"max_hp_loss":0.0,"gold_gain":0.0,"event_name":"The Woman in Blue","player_choice":"Bought 1 Potion","floor":4.0,"gold_loss":0.0,"damage_taken":0.0},{"damage_healed":16.0,"max_hp_gain":0.0,"max_hp_loss":0.0,"gold_gain":0.0,"event_name":"The Cleric","player_choice":"Healed","floor":11.0,"gold_loss":35.0,"damage_taken":0.0},{"damage_healed":0.0,"max_hp_gain":0.0,"max_hp_loss":0.0,"gold_gain":0.0,"event_name":"The Library","player_choice":"Read","floor":19.0,"gold_loss":0.0,"damage_taken":0.0,"cards_obtained":["Venomology"]},{"damage_healed":0.0,"max_hp_gain":0.0,"max_hp_loss":0.0,"gold_gain":50.0,"event_name":"Nest","player_choice":"Stole From Cult","floor":20.0,"gold_loss":0.0,"damage_taken":0.0},{"damage_healed":0.0,"max_hp_gain":0.0,"max_hp_loss":0.0,"gold_gain":0.0,"event_name":"Addict","player_choice":"Obtained Relic","floor":22.0,"gold_loss":85.0,"damage_taken":0.0,"relics_obtained":["PreservedInsect"]},{"damage_healed":0.0,"max_hp_gain":0.0,"max_hp_loss":0.0,"gold_gain":0.0,"event_name":"SensoryStone","player_choice":"Memory 1","floor":36.0,"gold_loss":0.0,"damage_taken":0.0},{"damage_healed":0.0,"max_hp_gain":0.0,"max_hp_loss":0.0,"gold_gain":0.0,"event_name":"Upgrade Shrine","player_choice":"Upgraded","floor":39.0,"gold_loss":0.0,"damage_taken":0.0,"cards_upgraded":["Backflip"]},{"damage_healed":0.0,"max_hp_gain":0.0,"max_hp_loss":3.0,"gold_gain":0.0,"event_name":"Winding Halls","player_choice":"Max HP","floor":47.0,"gold_loss":0.0,"damage_taken":0.0}],"is_beta":false,"boss_relics":[{"not_picked":["Busted Crown","Philosopher\u0027s Stone"],"picked":"Coffee Dripper"},{"not_picked":["Empty Cage","Eternal Feather"],"picked":"Astrolabe"}],"items_purged_floors":[29,44,54],"is_endless":false,"potions_floor_spawned":[3,12,16,33,35,38,46,48,55],"killed_by":"The Heart","ascension_level":20}