{"gold_per_floor":[118,132,152,165,182,182,194,206,206,131,131,131,131,145,145,243,243,261,273,273,198,208,208,222,222,247,247,266,35,35,46,46,141,141,158,158,58,58,58,58,78,78,78,78,78,78,104,116,116,116],"floor_reached":51,"playtime":3287,"items_purged":["Defend_G","Defend_G"],"score":669,"play_id":"a3c275bb-faf4-4cb7-bdf1-db64fa30774f","local_time":"20181023161859","is_ascension_mode":false,"campfire_choices":[{"data":"Well Laid Plans","floor":6.0,"key":"SMITH"},{"data":"Night Terror","floor":11.0,"key":"SMITH"},{"data":"Night Terror","floor":15.0,"key":"SMITH"},{"data":"Leg Sweep","floor":23.0,"key":"SMITH"},{"data":"Footwork","floor":25.0,"key":"SMITH"},{"data":"Blur","floor":27.0,"key":"SMITH"},{"data":"Leg Sweep","floor":30.0,"key":"SMITH"},{"data":"Catalyst","floor":32.0,"key":"SMITH"},{"data":"The Bomb","floor":40.0,"key":"SMITH"},{"data":"Bouncing Flask","floor":42.0,"key":"SMITH"},{"data":"Crippling Poison","floor":44.0,"key":"SMITH"},{"data":"Survivor","floor":46.0,"key":"SMITH"},{"floor":49,"key":"REST"}],"neow_cost":"NONE","seed_source_timestamp":21967980116151,"circlet_count":0,"master_deck":["Defend_G","Defend_G","Defend_G","Strike_G+1","Strike_G+1","Survivor+1","Neutralize","Night Terror+1","Well Laid Plans+1","Blur+1","Night Terror+1","Leg Sweep+1","Infinite Blades","Poisoned Stab","Footwork+1","Bouncing Flask+1","Crippling Poison+1","Night Terror","Leg Sweep+1","Catalyst+1","Underhanded Strike+1","The Bomb+1","Dash"],"special_seed":0,"relics":["Ring of the Snake","Ginger","Happy Flower","Snecko Eye","Whetstone","Sozu","Singing Bowl","Snake Skull"],"potions_floor_usage":[],"damage_taken":[{"damage":1.0,"enemies":"Cultist","floor":1.0,"turns":5.0},{"damage":2.0,"enemies":"2 Louse","floor":2.0,"turns":3.0},{"damage":0.0,"enemies":"Jaw Worm","floor":3.0,"turns":6.0},{"damage":2.0,"enemies":"Red Slaver","floor":4.0,"turns":6.0},{"damage":2.0,"enemies":"Large Slime","floor":5.0,"turns":10.0},{"damage":7.0,"enemies":"2 Fungi Beasts","floor":7.0,"turns":5.0},{"damage":0.0,"enemies":"Blue Slaver","floor":8.0,"turns":5.0},{"damage":2.0,"enemies":"3 Louse","floor":14.0,"turns":6.0},{"damage":41.0,"enemies":"The Guardian","floor":16.0,"turns":18.0},{"damage":0.0,"enemies":"Shell Parasite","floor":18.0,"turns":12.0},{"damage":7.0,"enemies":"3 Byrds","floor":19.0,"turns":7.0},{"damage":36.0,"enemies":"Colosseum Slavers","floor":20.0,"turns":6.0},{"damage":0.0,"enemies":"Shelled Parasite and Fungi","floor":22.0,"turns":8.0},{"damage":2.0,"enemies":"Sentry and Sphere","floor":24.0,"turns":9.0},{"damage":17.0,"enemies":"Centurion and Healer","floor":28.0,"turns":9.0},{"damage":0.0,"enemies":"Shelled Parasite and Fungi","floor":31.0,"turns":8.0},{"damage":9.0,"enemies":"Automaton","floor":33.0,"turns":6.0},{"damage":4.0,"enemies":"3 Darklings","floor":35.0,"turns":19.0},{"damage":0.0,"enemies":"Orb Walker","floor":41.0,"turns":5.0},{"damage":66.0,"enemies":"Reptomancer","floor":47.0,"turns":5.0},{"damage":1,"enemies":"Spire Growth","floor":48,"turns":5},{"damage":12,"enemies":"Awakened One","floor":50,"turns":11}],"seed_played":"7455217255029515517","potions_obtained":[{"floor":1.0,"key":"SpeedPotion"},{"floor":4.0,"key":"SpeedPotion"},{"floor":8.0,"key":"AttackPotion"},{"floor":14.0,"key":"AttackPotion"},{"floor":19.0,"key":"Regen Potion"},{"floor":22.0,"key":"GhostInAJar"}],"is_trial":false,"path_per_floor":["M","M","M","M","M","R","M","M","T","$","R","?","?","M","R","B",null,"M","M","?","?","M","R","M","R","T","R","M","$","R","M","R","B",null,"M","?","$","?","?","R","M","R","T","R","$","R","E","M","R","B"],"character_chosen":"THE_SILENT","items_purchased":["Night Terror","Leg Sweep"],"campfire_rested":1,"item_purchase_floors":[29,29],"current_hp_per_floor":[69,67,67,65,63,63,56,56,56,56,56,56,56,54,54,13,70,70,63,42,42,42,42,40,40,40,40,23,23,23,23,23,14,70,66,80,80,80,80,80,80,80,80,80,80,80,16,15,39,27],"gold":116,"neow_bonus":"TRANSFORM_CARD","is_prod":false,"is_daily":false,"chose_seed":false,"campfire_upgraded":12,"win_rate":0,"timestamp":1540282739,"path_taken":["M","M","M","M","M","R","?","M","T","$","R","?","?","M","R","BOSS","M","M","?","?","M","R","M","R","T","R","M","$","R","?","R","BOSS","M","?","$","?","?","R","M","R","T","R","?","R","E","?","R","BOSS"],"build_version":"2018-10-18","purchased_purges":2,"victory":true,"max_hp_per_floor":[70,70,70,70,70,70,70,70,70,70,70,70,70,70,70,70,70,70,70,70,70,70,70,70,70,70,70,70,70,70,70,70,70,70,70,80,80,80,80,80,80,80,80,80,80,80,82,82,82,82],"card_choices":[{"not_picked":["Acrobatics","Deflect"],"picked":"Well Laid Plans","floor":1.0},{"not_picked":["Dagger Spray","Blade Dance","Dagger Throw"],"picked":"SKIP","floor":2.0},{"not_picked":["Blade Dance","Bane"],"picked":"Blur","floor":3.0},{"not_picked":["Flying Knee","Choke","Outmaneuver"],"picked":"SKIP","floor":4.0},{"not_picked":["Flying Knee","Dodge and Roll"],"picked":"Night Terror","floor":5.0},{"not_picked":["Cloak And Dagger","Reflex"],"picked":"Leg Sweep","floor":7.0},{"not_picked":["Endless Agony","Eviscerate","PiercingWail"],"picked":"SKIP","floor":8.0},{"not_picked":["Bane","Reflex"],"picked":"Poisoned Stab","floor":14.0},{"not_picked":["Doppelganger","Phantasmal Killer"],"picked":"Envenom","floor":16.0},{"not_picked":["Blur","Sucker Punch"],"picked":"Footwork","floor":18.0},{"not_picked":["Blade Dance+1","Escape Plan"],"picked":"Bouncing Flask","floor":19.0},{"not_picked":["Flying Knee","Blade Dance+1"],"picked":"Crippling Poison","floor":22.0},{"not_picked":["Deadly Poison","Tactician","Accuracy"],"picked":"SKIP","floor":24.0},{"not_picked":["Reflex+1","Dagger Spray","Dodge and Roll+1"],"picked":"SKIP","floor":28.0},{"not_picked":["Noxious Fumes","Deadly Poison"],"picked":"Catalyst","floor":31.0},{"not_picked":["Flying Knee","Cloak And Dagger+1"],"picked":"Underhanded Strike+1","floor":35.0},{"not_picked":["Enlightenment","Blind"],"picked":"The Bomb","floor":38.0},{"not_picked":["Calculated Gamble+1","Dodge and Roll","Well Laid Plans"],"picked":"SKIP","floor":41.0},{"not_picked":["Choke","Dagger Spray","Deadly Poison"],"picked":"Singing Bowl","floor":47.0},{"not_picked":["Flying Knee","Blade Dance+1"],"picked":"Dash","floor":48}],"player_experience":561772,"relics_obtained":[{"floor":9.0,"key":"Ginger"},{"floor":26.0,"key":"Whetstone"},{"floor":43.0,"key":"Singing Bowl"},{"floor":47.0,"key":"Snake Skull"}],"event_choices":[{"damage_healed":0.0,"max_hp_gain":0.0,"max_hp_loss":0.0,"gold_gain":0.0,"event_name":"WeMeetAgain","player_choice":"Gave Potion","floor":12.0,"gold_loss":0.0,"damage_taken":0.0,"relics_obtained":["Happy Flower"]},{"damage_healed":0.0,"max_hp_gain":0.0,"max_hp_loss":0.0,"gold_gain":0.0,"cards_transformed":["Strike_G"],"event_name":"Transmorgrifier","player_choice":"Transformed","floor":13.0,"gold_loss":0.0,"damage_taken":0.0,"cards_obtained":["Infinite Blades"]},{"damage_healed":0.0,"max_hp_gain":0.0,"max_hp_loss":0.0,"gold_gain":0.0,"event_name":"Colosseum","player_choice":"Fight","floor":20.0,"gold_loss":0.0,"damage_taken":0.0},{"damage_healed":0.0,"max_hp_gain":0.0,"max_hp_loss":0.0,"gold_gain":0.0,"event_name":"Colosseum","player_choice":"Fled From Nobs","floor":20.0,"gold_loss":0.0,"damage_taken":0.0},{"cards_removed":["Strike_G"],"damage_healed":0.0,"max_hp_gain":0.0,"max_hp_loss":0.0,"gold_gain":0.0,"event_name":"Beggar","player_choice":"Gave Gold","floor":21.0,"gold_loss":75.0,"damage_taken":0.0},{"cards_removed":["Envenom"],"damage_healed":4.0,"max_hp_gain":10.0,"max_hp_loss":0.0,"gold_gain":0.0,"event_name":"Bonfire Elementals","player_choice":"Offered Rare","floor":36.0,"gold_loss":0.0,"damage_taken":0.0},{"damage_healed":0.0,"max_hp_gain":0.0,"max_hp_loss":0.0,"gold_gain":0.0,"event_name":"SensoryStone","player_choice":"Memory 1","floor":38.0,"gold_loss":0.0,"damage_taken":0.0},{"damage_healed":0.0,"max_hp_gain":0.0,"max_hp_loss":0.0,"gold_gain":0.0,"event_name":"Mysterious Sphere","player_choice":"Ignored","floor":39.0,"gold_loss":0.0,"damage_taken":0.0}],"is_beta":false,"boss_relics":[{"not_picked":["Black Star","Eternal Feather"],"picked":"Snecko Eye"},{"not_picked":["Calling Bell","Ring of the Serpent"],"picked":"Sozu"}],"items_purged_floors":[10,37],"is_endless":false,"potions_floor_spawned":[1,4,8,14,19,22,35,41,47],"ascension_level":0}