{"gold_per_floor":[131,153,185,272,284,296,308,116,139,139,139,168,168,168],"floor_reached":14,"playtime":521,"items_purged":["Strike_G"],"score":172,"play_id":"1d501308-5d07-4ba0-baf3-c45a288a0681","local_time":"20190220151423","is_ascension_mode":true,"campfire_choices":[{"data":"Well Laid Plans","floor":6.0,"key":"SMITH"},{"data":"Neutralize","floor":11,"key":"SMITH"},{"data":"Footwork","floor":13,"key":"SMITH"}],"neow_cost":"NONE","seed_source_timestamp":14123182322199,"circlet_count":0,"master_deck":["AscendersBane","Defend_G","Defend_G","Defend_G","Defend_G","Strike_G","Strike_G","Strike_G","Survivor","Neutralize+1","Concentrate","Leg Sweep","Well Laid Plans+1","Heel Hook","Finesse","Footwork+1"],"special_seed":0,"relics":["Ring of the Snake","MawBank","PreservedInsect","Unceasing Top"],"potions_floor_usage":[12,14],"damage_taken":[{"damage":20.0,"enemies":"Jaw Worm","floor":1.0,"turns":9.0},{"damage":2.0,"enemies":"2 Louse","floor":2.0,"turns":4.0},{"damage":1.0,"enemies":"Small Slimes","floor":3.0,"turns":4.0},{"damage":5,"enemies":"Lagavulin","floor":12,"turns":9},{"damage":37,"enemies":"Gremlin Nob","floor":14,"turns":4}],"seed_played":"-4655787795846082034","potions_obtained":[{"floor":1.0,"key":"SkillPotion"},{"floor":3.0,"key":"SneckoOil"}],"is_trial":false,"path_per_floor":["M","M","M","?","?","R","?","$","T","?","R","E","R","E"],"character_chosen":"THE_SILENT","items_purchased":["Heel Hook","Finesse"],"campfire_rested":0,"item_purchase_floors":[8,8],"current_hp_per_floor":[39,37,36,25,47,47,47,47,47,40,40,35,35,0],"gold":168,"neow_bonus":"RANDOM_COMMON_RELIC","is_prod":false,"is_daily":false,"chose_seed":false,"campfire_upgraded":3,"win_rate":0,"timestamp":1550646863,"path_taken":["M","M","M","?","?","R","?","$","T","?","R","E","R","E"],"build_version":"2019-01-23","purchased_purges":1,"victory":false,"max_hp_per_floor":[66,66,66,66,66,66,66,66,66,66,66,66,66,66],"card_choices":[{"not_picked":["Dash","Dagger Throw"],"picked":"Concentrate","floor":1.0},{"not_picked":["Prepared","PiercingWail"],"picked":"Leg Sweep","floor":2.0},{"not_picked":["Sucker Punch","Cloak And Dagger"],"picked":"Well Laid Plans","floor":3.0},{"not_picked":["Backflip","Choke"],"picked":"Footwork","floor":12}],"player_experience":2990460,"relics_obtained":[{"floor":9,"key":"PreservedInsect"},{"floor":12,"key":"Unceasing Top"}],"event_choices":[{"damage_healed":0.0,"max_hp_gain":0.0,"max_hp_loss":0.0,"gold_gain":75.0,"event_name":"World of Goop","player_choice":"Gather Gold","floor":4.0,"gold_loss":0.0,"damage_taken":11.0},{"damage_healed":22.0,"max_hp_gain":0.0,"max_hp_loss":0.0,"gold_gain":0.0,"event_name":"Big Fish","player_choice":"Banana","floor":5.0,"gold_loss":0.0,"damage_taken":0.0},{"cards_removed":["Strike_G"],"damage_healed":0,"gold_gain":0,"player_choice":"Forget","damage_taken":0,"max_hp_gain":0,"max_hp_loss":0,"event_name":"Living Wall","floor":7,"gold_loss":0},{"cards_removed":["Defend_G"],"damage_healed":0,"gold_gain":0,"player_choice":"Card Removal","damage_taken":7,"max_hp_gain":0,"max_hp_loss":0,"event_name":"Golden Wing","floor":10,"gold_loss":0}],"is_beta":false,"boss_relics":[],"items_purged_floors":[8],"is_endless":false,"potions_floor_spawned":[1,3],"killed_by":"Gremlin Nob","ascension_level":20}