{"gold_per_floor":[362,378,453,466,120,150,150,165,192,192,192,209,16,32,32,127,127,140,190,206,256,57,57,76,76,76,126,138,150,214,230,230,327,327,339,40,90,62,76,76,110,110],"floor_reached":42,"playtime":1798,"items_purged":["Strike_R","Strike_R","Defend_R"],"score":662,"play_id":"1d9e9a7c-05af-4ee7-8452-d76b971d68f8","local_time":"20180921134603","is_ascension_mode":true,"campfire_choices":[{"data":"Apotheosis","floor":11.0,"key":"SMITH"},{"floor":15.0,"key":"REST"},{"floor":23,"key":"REST"},{"data":"Seeing Red","floor":25,"key":"SMITH"},{"floor":32,"key":"REST"},{"floor":40,"key":"REST"}],"neow_cost":"PERCENT_DAMAGE","seed_source_timestamp":3054683455263,"circlet_count":0,"master_deck":["Flex+1","Rampage","Disarm","Apotheosis+1","Evolve","Battle Trance","Limit Break","Seeing Red+1","Shrug It Off","Brutality","Fire Breathing+1","Twin Strike+1","Dark Embrace+1","Cleave"],"special_seed":0,"relics":["Burning Blood","Membership Card","Regal Pillow","Omamori","SsserpentHead","Incense Burner","Empty Cage","MawBank","Paper Frog","Bottled Tornado","Astrolabe","Self Forming Clay","Medical Kit","Pen Nib","Strawberry"],"potions_floor_usage":[20,28,31,31,33,41,42],"damage_taken":[{"damage":7.0,"enemies":"2 Louse","floor":1.0,"turns":3.0},{"damage":7.0,"enemies":"Small Slimes","floor":2.0,"turns":3.0},{"damage":2.0,"enemies":"Jaw Worm","floor":4.0,"turns":3.0},{"damage":13.0,"enemies":"Lagavulin","floor":6.0,"turns":8.0},{"damage":10.0,"enemies":"Blue Slaver","floor":8.0,"turns":4.0},{"damage":11.0,"enemies":"3 Louse","floor":12.0,"turns":4.0},{"damage":4.0,"enemies":"Looter","floor":14.0,"turns":5.0},{"damage":13.0,"enemies":"The Guardian","floor":16.0,"turns":9.0},{"damage":10,"enemies":"Shell Parasite","floor":18,"turns":4},{"damage":26,"enemies":"3 Byrds","floor":20,"turns":6},{"damage":33,"enemies":"Centurion and Healer","floor":24,"turns":6},{"damage":18,"enemies":"Shelled Parasite and Fungi","floor":28,"turns":5},{"damage":4,"enemies":"Chosen and Byrds","floor":29,"turns":6},{"damage":27,"enemies":"Sentry and Sphere","floor":30,"turns":5},{"damage":3,"enemies":"3 Cultists","floor":31,"turns":5},{"damage":46,"enemies":"Collector","floor":33,"turns":7},{"damage":14,"enemies":"3 Shapes","floor":35,"turns":4},{"damage":28,"enemies":"3 Darklings","floor":39,"turns":5},{"damage":44,"enemies":"Nemesis","floor":41,"turns":5},{"damage":100,"enemies":"Transient","floor":42,"turns":5}],"seed_played":"-5228710001280588332","potions_obtained":[{"floor":6.0,"key":"Poison Potion"},{"floor":12.0,"key":"BloodPotion"},{"floor":16.0,"key":"Block Potion"},{"floor":20,"key":"LiquidBronze"},{"floor":24,"key":"Block Potion"},{"floor":30,"key":"GamblersBrew"},{"floor":31,"key":"BloodPotion"},{"floor":39,"key":"PowerPotion"},{"floor":41,"key":"BloodPotion"}],"is_trial":false,"path_per_floor":["M","M","?","M","$","E","?","M","T","?","R","M","$","M","R","B",null,"M","?","M","?","$","R","M","R","T","?","M","M","M","M","R","B",null,"M","$","?","$","M","R","E"],"character_chosen":"IRONCLAD","items_purchased":["Membership Card","Apotheosis","Incense Burner","MawBank","Paper Frog","Self Forming Clay","Medical Kit","Pen Nib"],"campfire_rested":4,"item_purchase_floors":[5,5,13,22,22,36,36,38],"current_hp_per_floor":[50,49,38,42,42,35,28,24,24,24,24,19,19,29,68,61,75,71,71,51,36,36,76,49,49,49,49,37,39,18,21,61,29,71,63,63,63,63,41,81,50,0],"gold":110,"neow_bonus":"TWO_FIFTY_GOLD","is_prod":false,"is_daily":false,"chose_seed":false,"campfire_upgraded":2,"win_rate":0,"timestamp":1537508763,"path_taken":["M","M","?","M","$","E","?","M","T","?","R","M","$","M","R","BOSS","M","?","M","?","$","R","M","R","T","?","M","M","?","M","R","BOSS","M","$","?","?","M","R","E","M"],"build_version":"2018-09-20","purchased_purges":3,"victory":false,"max_hp_per_floor":[80,80,80,80,80,80,80,80,80,80,80,80,80,80,80,80,80,80,80,80,85,85,85,85,85,85,85,85,85,85,85,85,85,85,85,85,85,85,85,85,92,92],"card_choices":[{"not_picked":["Armaments","Blood for Blood"],"picked":"Flex","floor":1.0},{"not_picked":["Iron Wave","Perfected Strike"],"picked":"Rampage","floor":2.0},{"not_picked":["Warcry","Infernal Blade"],"picked":"Disarm","floor":4.0},{"not_picked":["Combust","Heavy Blade"],"picked":"Evolve","floor":6.0},{"not_picked":["Searing Blow","Clash","Twin Strike"],"picked":"SKIP","floor":8.0},{"not_picked":["Havoc","Clash"],"picked":"Battle Trance","floor":12.0},{"not_picked":["Body Slam","Fiend Fire","Rampage"],"picked":"SKIP","floor":14.0},{"not_picked":["Bludgeon","Berserk"],"picked":"Limit Break","floor":16.0},{"not_picked":["Body Slam+1","Sever Soul","Whirlwind+1"],"picked":"SKIP","floor":18},{"not_picked":["Burning Pact","Searing Blow"],"picked":"Shrug It Off","floor":20},{"not_picked":["Havoc","Disarm+1","Burning Pact+1"],"picked":"SKIP","floor":24},{"not_picked":["Disarm","Flex","Dropkick"],"picked":"SKIP","floor":28},{"not_picked":["Pommel Strike","Dropkick+1","Warcry+1"],"picked":"SKIP","floor":29},{"not_picked":["Bloodletting","Body Slam","Infernal Blade"],"picked":"SKIP","floor":30},{"not_picked":["Thunderclap+1","Blood for Blood+1","Cleave"],"picked":"SKIP","floor":31},{"not_picked":["Exhume","Barricade"],"picked":"Brutality","floor":33},{"not_picked":["Pommel Strike+1","Carnage+1","Headbutt"],"picked":"SKIP","floor":35},{"not_picked":["Iron Wave+1","Rupture","Body Slam+1"],"picked":"SKIP","floor":39},{"not_picked":["Headbutt","Body Slam+1"],"picked":"Cleave","floor":41}],"player_experience":62724,"relics_obtained":[{"floor":6.0,"key":"Regal Pillow"},{"floor":9.0,"key":"Omamori"},{"floor":26,"key":"Bottled Tornado"},{"floor":41,"key":"Strawberry"}],"event_choices":[{"event_name":"World of Goop","player_choice":"Gather Gold","floor":3.0,"damage_taken":0.0},{"event_name":"Golden Wing","player_choice":"Card Removal","floor":7.0,"damage_taken":0.0},{"event_name":"FaceTrader","player_choice":"Trade","floor":10.0,"damage_taken":0.0},{"event_name":"The Library","player_choice":"Read","floor":19,"damage_taken":0},{"event_name":"Forgotten Altar","player_choice":"Shed Blood","floor":21,"damage_taken":0},{"event_name":"Accursed Blacksmith","player_choice":"Forge","floor":27,"damage_taken":0},{"event_name":"Purifier","player_choice":"One Purge","floor":37,"damage_taken":0}],"is_beta":false,"boss_relics":[{"not_picked":["Calling Bell","Runic Cube"],"picked":"Empty Cage"},{"not_picked":["Lizard Tail","Snecko Eye"],"picked":"Astrolabe"}],"items_purged_floors":[5,13,36],"is_endless":false,"potions_floor_spawned":[6,12,16,20,24,30,31,39,41],"killed_by":"Transient","ascension_level":8}