{"gold_per_floor":[119,131,131,146,160,160,192,192,263,263],"floor_reached":10,"playtime":341,"items_purged":[],"score":136,"play_id":"d8430421-58fa-4378-a4a7-380935273867","local_time":"20190401011502","is_ascension_mode":true,"campfire_choices":[{"data":"Catalyst","floor":6.0,"key":"SMITH"},{"data":"Deadly Poison","floor":8.0,"key":"SMITH"}],"neow_cost":"NONE","seed_source_timestamp":67524190887678,"circlet_count":0,"master_deck":["AscendersBane","Defend_G","Defend_G","Defend_G","Defend_G","Defend_G","Strike_G","Strike_G","Strike_G","Strike_G","Strike_G","Survivor","Neutralize","Catalyst+1","Calculated Gamble","Pain","Endless Agony","Deadly Poison+1","Grand Finale"],"special_seed":0,"relics":["Ring of the Snake","NeowsBlessing","WarpedTongs","Turnip"],"potions_floor_usage":[],"damage_taken":[{"damage":0.0,"enemies":"Small Slimes","floor":1.0,"turns":1.0},{"damage":0.0,"enemies":"Cultist","floor":2.0,"turns":1.0},{"damage":1.0,"enemies":"Jaw Worm","floor":4.0,"turns":1.0},{"damage":3.0,"enemies":"Looter","floor":5.0,"turns":5.0},{"damage":31.0,"enemies":"3 Sentries","floor":7.0,"turns":11.0},{"damage":21,"enemies":"Exordium Thugs","floor":10,"turns":5}],"seed_played":"4277114655577423761","potions_obtained":[{"floor":1.0,"key":"SkillPotion"},{"floor":5.0,"key":"SkillPotion"}],"is_trial":false,"path_per_floor":["M","M","?","M","M","R","E","R","T","M"],"character_chosen":"THE_SILENT","items_purchased":[],"campfire_rested":0,"item_purchase_floors":[],"current_hp_per_floor":[59,59,59,58,55,55,24,24,24,3],"gold":263,"neow_bonus":"THREE_ENEMY_KILL","is_prod":false,"is_daily":false,"chose_seed":false,"campfire_upgraded":2,"win_rate":0,"timestamp":1554052502,"path_taken":["M","M","?","M","M","R","E","R","T","M"],"build_version":"2019-01-23","purchased_purges":0,"victory":false,"max_hp_per_floor":[66,66,66,66,66,66,66,66,66,66],"card_choices":[{"not_picked":["Prepared","Choke"],"picked":"Catalyst","floor":1.0},{"not_picked":["PiercingWail","Dagger Throw"],"picked":"Calculated Gamble","floor":2.0},{"not_picked":["Backflip","Acrobatics"],"picked":"Endless Agony","floor":4.0},{"not_picked":["Bane","Blade Dance"],"picked":"Deadly Poison","floor":5.0},{"not_picked":["Skewer","Deflect"],"picked":"Grand Finale","floor":7.0}],"player_experience":3971401,"relics_obtained":[{"floor":7.0,"key":"Turnip"}],"event_choices":[{"damage_healed":0.0,"max_hp_gain":0.0,"max_hp_loss":0.0,"gold_gain":0.0,"event_name":"Accursed Blacksmith","player_choice":"Rummage","floor":3.0,"gold_loss":0.0,"damage_taken":0.0,"relics_obtained":["WarpedTongs"],"cards_obtained":["Pain"]}],"is_beta":false,"boss_relics":[],"items_purged_floors":[],"is_endless":false,"potions_floor_spawned":[1,5],"killed_by":"Exordium Thugs","ascension_level":20}