{"gold_per_floor":[113,113,38,55,74,74,74,103,156,156,15,15,90,108,108,108],"floor_reached":16,"playtime":257,"items_purged":["Strike_G","Strike_G"],"score":196,"play_id":"05a606b7-a1f1-4e4f-831b-483bf8429ab0","local_time":"20190125181859","is_ascension_mode":true,"campfire_choices":[{"data":"Noxious Fumes","floor":6,"key":"SMITH"},{"data":"Deadly Poison","floor":10,"key":"SMITH"},{"data":"Well Laid Plans","floor":12,"key":"SMITH"},{"data":"Neutralize","floor":15,"key":"SMITH"}],"neow_cost":"NONE","seed_source_timestamp":22256028112562,"circlet_count":0,"master_deck":["AscendersBane","Defend_G","Defend_G","Defend_G","Defend_G","Defend_G","Strike_G+1","Strike_G","Strike_G","Survivor+1","Neutralize+1","Noxious Fumes+1","Deadly Poison+1","Doppelganger","Well Laid Plans+1","Backflip"],"relics":["Ring of the Snake","NeowsBlessing","Art of War","Tiny Chest"],"potions_floor_usage":[],"damage_taken":[{"damage":0,"enemies":"2 Louse","floor":1,"turns":1},{"damage":0,"enemies":"Cultist","floor":4,"turns":1},{"damage":0,"enemies":"Jaw Worm","floor":5,"turns":1},{"damage":26,"enemies":"Lagavulin","floor":8,"turns":9},{"damage":0,"enemies":"Large Slime","floor":14,"turns":5},{"damage":0,"enemies":"The Guardian","floor":16,"turns":2}],"seed_played":"7042173039458636578","potions_obtained":[{"floor":1,"key":"LiquidBronze"}],"is_trial":false,"path_per_floor":["M","?","$","M","M","R","$","E","T","R","$","R","?","M","R","B"],"character_chosen":"THE_SILENT","items_purchased":["Well Laid Plans"],"campfire_rested":0,"item_purchase_floors":[11],"current_hp_per_floor":[59,39,39,39,39,39,39,13,13,13,13,13,2,2,2,2],"gold":108,"neow_bonus":"THREE_ENEMY_KILL","is_prod":false,"is_daily":false,"chose_seed":false,"campfire_upgraded":4,"win_rate":0,"timestamp":1548411539,"path_taken":["M","?","$","M","M","R","$","E","T","R","$","R","?","M","R","BOSS"],"build_version":"2019-01-23","purchased_purges":2,"victory":false,"max_hp_per_floor":[66,66,66,66,66,66,66,66,66,66,66,66,66,66,66,66],"card_choices":[{"not_picked":["Bane","Backstab"],"picked":"Noxious Fumes","floor":1},{"not_picked":["Infinite Blades","Quick Slash","Slice"],"picked":"SKIP","floor":4},{"not_picked":["Sucker Punch","Acrobatics"],"picked":"Deadly Poison","floor":5},{"not_picked":["Eviscerate","Doppelganger","Outmaneuver"],"picked":"SKIP","floor":8},{"not_picked":["Eviscerate","Outmaneuver"],"picked":"Doppelganger","floor":8},{"not_picked":["Cloak And Dagger","Dodge and Roll"],"picked":"Backflip","floor":14}],"player_experience":2240896,"relics_obtained":[{"floor":8,"key":"Art of War"},{"floor":9,"key":"Tiny Chest"}],"event_choices":[{"damage_healed":0,"gold_gain":0,"player_choice":"Entered Light","damage_taken":20,"max_hp_gain":0,"max_hp_loss":0,"event_name":"Shining Light","floor":2,"gold_loss":0,"cards_upgraded":["Strike_G","Survivor"]},{"damage_healed":0,"gold_gain":75,"player_choice":"Gather Gold","damage_taken":11,"max_hp_gain":0,"max_hp_loss":0,"event_name":"World of Goop","floor":13,"gold_loss":0}],"is_beta":false,"boss_relics":[],"items_purged_floors":[3,11],"is_endless":false,"potions_floor_spawned":[1],"killed_by":"The Guardian","ascension_level":20}