{"gold_per_floor":[20,32,32,32,56,56,77,101,101,141,141,176,176,191,191,319,319,340,340,355,117,117,117,130,130,130,130,155,180,213,236,236,361,361,377,377,403,419,439,480,498,513,540,540,579,604,54,78,78,78,78,78,6,49,49],"floor_reached":56,"playtime":3504,"items_purged":["Strike_R","Strike_R"],"score":1318,"play_id":"a3f56f68-23b5-4270-aaa5-962ae5259770","local_time":"20190509225205","is_ascension_mode":false,"campfire_choices":[{"data":"Rampage","floor":6.0,"key":"SMITH"},{"data":"True Grit","floor":11.0,"key":"SMITH"},{"data":"Armaments","floor":13.0,"key":"SMITH"},{"data":"Bash","floor":15.0,"key":"SMITH"},{"data":"Spot Weakness","floor":23.0,"key":"SMITH"},{"floor":25.0,"key":"RECALL"},{"floor":27.0,"key":"DIG"},{"floor":32.0,"key":"DIG"},{"floor":44.0,"key":"DIG"},{"floor":49.0,"key":"DIG"},{"floor":52.0,"key":"DIG"}],"neow_cost":"NO_GOLD","seed_source_timestamp":6319811709469,"circlet_count":0,"master_deck":["Strike_R","Strike_R","Strike_R","Defend_R","Defend_R","Defend_R","Defend_R","Bash+1","Feed","Rampage+1","Armaments+1","Seeing Red","True Grit+1","Power Through","Feed","Juggernaut+1","Impervious","Spot Weakness+1","Feel No Pain+1","Purity","Shrug It Off","Evolve+1","Juggernaut+1","Madness","Madness","Barricade+1","Spot Weakness+1","Shrug It Off","Shrug It Off","Body Slam","Shrug It Off","Second Wind","Inflame+1"],"special_seed":0,"relics":["Burning Blood","Golden Idol","Bronze Scales","Boot","Frozen Egg 2","Velvet Choker","Blood Vial","Shovel","Centennial Puzzle","Lantern","Dream Catcher","Runic Dome","Anchor","Omamori","Bottled Lightning","Paper Frog","Lee\u0027s Waffle","Potion Belt","Gambling Chip","Shuriken","Mango"],"potions_floor_usage":[54,55,55,55,55,55],"damage_taken":[{"damage":2.0,"enemies":"Small Slimes","floor":1.0,"turns":5.0},{"damage":6.0,"enemies":"Jaw Worm","floor":2.0,"turns":3.0},{"damage":12.0,"enemies":"Cultist","floor":5.0,"turns":5.0},{"damage":0.0,"enemies":"3 Louse","floor":7.0,"turns":3.0},{"damage":14.0,"enemies":"Red Slaver","floor":8.0,"turns":10.0},{"damage":46.0,"enemies":"Lagavulin","floor":10.0,"turns":10.0},{"damage":12.0,"enemies":"Gremlin Nob","floor":12.0,"turns":4.0},{"damage":14.0,"enemies":"Exordium Wildlife","floor":14.0,"turns":6.0},{"damage":16.0,"enemies":"Hexaghost","floor":16.0,"turns":11.0},{"damage":10.0,"enemies":"3 Byrds","floor":18.0,"turns":4.0},{"damage":2.0,"enemies":"Spheric Guardian","floor":20.0,"turns":4.0},{"damage":22.0,"enemies":"3 Cultists","floor":24.0,"turns":5.0},{"damage":2.0,"enemies":"Chosen and Byrds","floor":28.0,"turns":5.0},{"damage":7.0,"enemies":"Shelled Parasite and Fungi","floor":29.0,"turns":4.0},{"damage":48.0,"enemies":"Gremlin Leader","floor":30.0,"turns":9.0},{"damage":24.0,"enemies":"3 Cultists","floor":31.0,"turns":7.0},{"damage":43.0,"enemies":"Collector","floor":33.0,"turns":9.0},{"damage":23.0,"enemies":"3 Darklings","floor":35.0,"turns":4.0},{"damage":0.0,"enemies":"Orb Walker","floor":38.0,"turns":3.0},{"damage":1.0,"enemies":"4 Shapes","floor":39.0,"turns":8.0},{"damage":0.0,"enemies":"Nemesis","floor":40.0,"turns":9.0},{"damage":0.0,"enemies":"Writhing Mass","floor":41.0,"turns":5.0},{"damage":1.0,"enemies":"Jaw Worm Horde","floor":42.0,"turns":5.0},{"damage":107.0,"enemies":"Reptomancer","floor":45.0,"turns":7.0},{"damage":11.0,"enemies":"Spire Growth","floor":46.0,"turns":5.0},{"damage":16.0,"enemies":"Writhing Mass","floor":48.0,"turns":8.0},{"damage":30.0,"enemies":"Time Eater","floor":50.0,"turns":7.0},{"damage":20,"enemies":"Shield and Spear","floor":54,"turns":8},{"damage":67,"enemies":"The Heart","floor":55,"turns":9}],"seed_played":"280720496544372357","potions_obtained":[{"floor":1.0,"key":"Fire Potion"},{"floor":7.0,"key":"Strength Potion"},{"floor":8.0,"key":"Weak Potion"},{"floor":16.0,"key":"PowerPotion"},{"floor":18.0,"key":"EntropicBrew"},{"floor":24.0,"key":"GamblersBrew"},{"floor":28.0,"key":"Explosive Potion"},{"floor":33.0,"key":"FairyPotion"},{"floor":38.0,"key":"SteroidPotion"},{"floor":40.0,"key":"Ancient Potion"},{"floor":48.0,"key":"FearPotion"},{"floor":54,"key":"Block Potion"}],"is_trial":false,"path_per_floor":["M","M","?","?","M","R","M","M","T","E","R","E","R","M","R","B",null,"M","?","M","$","?","R","M","R","T","R","M","M","E","M","R","B",null,"M","?","T","M","M","E","M","M","T","R","E","M","$","M","R","B",null,"R","$","E","B",null],"character_chosen":"IRONCLAD","items_purchased":["Feel No Pain+1","Purity","Lee\u0027s Waffle","Potion Belt","Swift Potion","Shrug It Off","Ancient Potion"],"campfire_rested":0,"item_purchase_floors":[21,21,47,47,47,47,53],"current_hp_per_floor":[83,86,86,65,63,63,73,69,69,33,33,31,31,30,30,20,113,113,113,120,120,120,120,107,107,107,107,116,121,81,72,72,41,141,127,109,109,120,130,138,150,160,160,160,62,59,170,163,163,141,173,173,173,177,122],"gold":49,"neow_bonus":"THREE_RARE_CARDS","is_prod":false,"is_daily":false,"chose_seed":false,"campfire_upgraded":5,"win_rate":0,"timestamp":1557413525,"path_taken":["M","M","?","?","M","R","M","M","T","E","R","E","R","M","R","BOSS","M","?","M","?","?","R","M","R","T","R","M","M","E","M","R","BOSS","M","?","?","M","M","E","?","M","T","R","E","M","$","M","R","BOSS","R","$","E","BOSS"],"build_version":"2019-01-23","purchased_purges":2,"victory":true,"max_hp_per_floor":[83,86,86,86,90,90,94,98,98,102,102,106,106,113,113,113,113,117,117,120,120,120,120,123,123,123,123,126,130,130,137,137,141,141,144,144,144,147,150,150,154,160,160,160,163,163,170,173,173,173,173,173,173,191,195],"card_choices":[{"not_picked":["Exhume","Brutality"],"picked":"Feed","floor":0.0},{"not_picked":["Flex","Iron Wave"],"picked":"Rampage","floor":1.0},{"not_picked":["Metallicize","Fire Breathing"],"picked":"Armaments","floor":2.0},{"not_picked":["Armaments","Seeing Red","Wild Strike"],"picked":"SKIP","floor":5.0},{"not_picked":["Armaments","Wild Strike"],"picked":"Seeing Red","floor":5.0},{"not_picked":["Metallicize","Pummel"],"picked":"True Grit","floor":7.0},{"not_picked":["Infernal Blade","Iron Wave"],"picked":"Power Through","floor":8.0},{"not_picked":["Havoc","Pommel Strike"],"picked":"Feed","floor":10.0},{"not_picked":["Clash","Brutality","Hemokinesis"],"picked":"SKIP","floor":12.0},{"not_picked":["Armaments","Headbutt","Pummel"],"picked":"SKIP","floor":14.0},{"not_picked":["Berserk+1","Demon Form+1"],"picked":"Juggernaut+1","floor":16.0},{"not_picked":["Dropkick+1","Sword Boomerang","Body Slam"],"picked":"SKIP","floor":18.0},{"not_picked":["Uppercut+1","Cleave"],"picked":"Spot Weakness","floor":20.0},{"not_picked":["Anger","Reckless Charge"],"picked":"Shrug It Off","floor":24.0},{"not_picked":["Perfected Strike","Sentinel","Wild Strike"],"picked":"SKIP","floor":28.0},{"not_picked":["Hemokinesis","Wild Strike","Ghostly Armor"],"picked":"SKIP","floor":29.0},{"not_picked":["Fiend Fire","Havoc"],"picked":"Evolve+1","floor":30.0},{"not_picked":["Clash","Uppercut","Wild Strike"],"picked":"SKIP","floor":31.0},{"not_picked":["Feed","Brutality+1"],"picked":"Juggernaut+1","floor":33.0},{"not_picked":["Iron Wave+1","Heavy Blade","Anger"],"picked":"SKIP","floor":35.0},{"not_picked":["Wild Strike+1","Clothesline"],"picked":"Barricade+1","floor":38.0},{"not_picked":["Clothesline","Uppercut","Combust+1"],"picked":"SKIP","floor":39.0},{"not_picked":["Warcry","Seeing Red+1"],"picked":"Spot Weakness+1","floor":40.0},{"not_picked":["Heavy Blade","Armaments+1","Shrug It Off"],"picked":"SKIP","floor":41.0},{"not_picked":["Heavy Blade","Armaments+1"],"picked":"Shrug It Off","floor":41.0},{"not_picked":["Havoc+1","Warcry"],"picked":"Shrug It Off","floor":42.0},{"not_picked":["Fire Breathing+1","Perfected Strike+1"],"picked":"Body Slam","floor":45.0},{"not_picked":["Heavy Blade","Clash+1","Hemokinesis+1"],"picked":"SKIP","floor":46.0},{"not_picked":["Inflame+1","Iron Wave+1"],"picked":"Second Wind","floor":48.0},{"not_picked":["Pommel Strike","Twin Strike+1"],"picked":"Inflame+1","floor":54}],"player_experience":4667461,"relics_obtained":[{"floor":9.0,"key":"Bronze Scales"},{"floor":10.0,"key":"Boot"},{"floor":12.0,"key":"Frozen Egg 2"},{"floor":26.0,"key":"Shovel"},{"floor":27.0,"key":"Centennial Puzzle"},{"floor":30.0,"key":"Lantern"},{"floor":32.0,"key":"Dream Catcher"},{"floor":37.0,"key":"Anchor"},{"floor":40.0,"key":"Omamori"},{"floor":44.0,"key":"Bottled Lightning"},{"floor":45.0,"key":"Paper Frog"},{"floor":49.0,"key":"Gambling Chip"},{"floor":52.0,"key":"Shuriken"},{"floor":54,"key":"Mango"}],"event_choices":[{"damage_healed":0.0,"max_hp_gain":0.0,"max_hp_loss":0.0,"gold_gain":0.0,"event_name":"Liars Game","player_choice":"Ignored","floor":3.0,"gold_loss":0.0,"damage_taken":0.0},{"damage_healed":0.0,"max_hp_gain":0.0,"max_hp_loss":0.0,"gold_gain":0.0,"event_name":"Golden Idol","player_choice":"Take Damage","floor":4.0,"gold_loss":0.0,"damage_taken":21.0,"relics_obtained":["Golden Idol"]},{"damage_healed":0.0,"max_hp_gain":0.0,"max_hp_loss":0.0,"gold_gain":0.0,"event_name":"Match and Keep!","player_choice":"1 cards matched","floor":19.0,"gold_loss":0.0,"damage_taken":0.0,"cards_obtained":["Impervious"]},{"damage_healed":0.0,"max_hp_gain":0.0,"max_hp_loss":0.0,"gold_gain":0.0,"event_name":"WeMeetAgain","player_choice":"Gave Potion","floor":22.0,"gold_loss":0.0,"damage_taken":0.0,"relics_obtained":["Blood Vial"]},{"damage_healed":0.0,"max_hp_gain":0.0,"max_hp_loss":0.0,"gold_gain":0.0,"event_name":"Winding Halls","player_choice":"Embrace Madness","floor":36.0,"gold_loss":0.0,"damage_taken":18.0,"cards_obtained":["Madness","Madness"]}],"is_beta":false,"boss_relics":[{"not_picked":["Eternal Feather","Snecko Eye"],"picked":"Velvet Choker"},{"not_picked":["Tiny House","Astrolabe"],"picked":"Runic Dome"}],"items_purged_floors":[21,47],"is_endless":false,"potions_floor_spawned":[1,7,8,16,18,24,28,31,33,38,40,41,48,54],"ascension_level":0}