{"gold_per_floor":[365,381,400,166,166,166,166,166,166,186,201,236,236,252,252,380,380,401,106,130,130,0,36,36,59,59,59],"floor_reached":27,"playtime":923,"items_purged":["Pain","Strike_G"],"score":425,"play_id":"aeafd100-a646-4fb4-a438-ca55c2a812d6","local_time":"20181010104050","is_ascension_mode":true,"campfire_choices":[{"data":"Noxious Fumes","floor":6,"key":"SMITH"},{"data":"Leg Sweep","floor":8,"key":"SMITH"},{"data":"Night Terror","floor":13,"key":"SMITH"},{"data":"Deadly Poison","floor":15,"key":"SMITH"},{"floor":24,"key":"REST"}],"neow_cost":"CURSE","seed_source_timestamp":8103936093451,"circlet_count":0,"master_deck":["Defend_G","Defend_G","Defend_G","Defend_G","Defend_G","Strike_G","Strike_G","Survivor","Neutralize","AscendersBane","Crippling Poison","Noxious Fumes+1","Catalyst+1","Leg Sweep+1","Night Terror+1","Deadly Poison+1","Night Terror","Heel Hook","Envenom","Skewer"],"relics":["Ring of the Snake","Golden Idol","Oddly Smooth Stone","HoveringKite","Strawberry","Ancient Tea Set","Meat on the Bone"],"potions_floor_usage":[10,12,23,27],"damage_taken":[{"damage":13,"enemies":"Cultist","floor":1,"turns":6},{"damage":1,"enemies":"2 Louse","floor":2,"turns":3},{"damage":5,"enemies":"Small Slimes","floor":3,"turns":5},{"damage":0,"enemies":"Looter","floor":10,"turns":5},{"damage":0,"enemies":"Large Slime","floor":11,"turns":6},{"damage":0,"enemies":"Gremlin Nob","floor":12,"turns":2},{"damage":8,"enemies":"3 Louse","floor":14,"turns":4},{"damage":27,"enemies":"The Guardian","floor":16,"turns":3},{"damage":13,"enemies":"Chosen","floor":18,"turns":6},{"damage":16,"enemies":"Spheric Guardian","floor":20,"turns":4},{"damage":14,"enemies":"Book of Stabbing","floor":23,"turns":2},{"damage":31,"enemies":"3 Cultists","floor":25,"turns":7},{"damage":6,"enemies":"Chosen and Byrds","floor":27,"turns":4}],"seed_played":"734888052724049974","potions_obtained":[{"floor":3,"key":"Explosive Potion"},{"floor":10,"key":"Energy Potion"},{"floor":16,"key":"Explosive Potion"},{"floor":25,"key":"Block Potion"}],"is_trial":false,"path_per_floor":["M","M","M","$","?","R","?","R","T","M","M","E","R","M","R","B",null,"M","$","M","?","?","E","R","M","T"],"character_chosen":"THE_SILENT","items_purchased":["Catalyst","Leg Sweep","Dexterity Potion","Strawberry"],"campfire_rested":1,"item_purchase_floors":[4,4,19,19],"current_hp_per_floor":[50,49,44,44,44,44,44,44,44,44,44,44,44,36,36,9,51,38,45,29,29,29,15,36,5,5,0],"gold":59,"neow_bonus":"TWO_FIFTY_GOLD","is_prod":false,"is_daily":false,"chose_seed":false,"campfire_upgraded":4,"win_rate":1,"timestamp":1539139250,"path_taken":["M","?","M","$","?","R","?","R","T","?","?","E","R","M","R","BOSS","M","$","M","?","?","E","R","?","T","M"],"build_version":"2018-10-04v2","purchased_purges":2,"victory":false,"max_hp_per_floor":[70,70,70,70,70,70,65,65,65,65,65,65,65,65,65,65,65,65,72,72,72,72,72,72,72,72,72],"card_choices":[{"not_picked":["Acrobatics","Finisher"],"picked":"Crippling Poison","floor":1},{"not_picked":["Infinite Blades","Prepared","Cloak And Dagger"],"picked":"SKIP","floor":2},{"not_picked":["Quick Slash","Acrobatics"],"picked":"Noxious Fumes","floor":3},{"not_picked":["Bane","Deadly Poison"],"picked":"Night Terror","floor":10},{"not_picked":["Slice","Blade Dance","Quick Slash"],"picked":"SKIP","floor":11},{"not_picked":["Die Die Die","Riddle With Holes"],"picked":"Deadly Poison","floor":12},{"not_picked":["Dodge and Roll","Prepared","Flying Knee"],"picked":"SKIP","floor":14},{"not_picked":["Doppelganger","Unload"],"picked":"Night Terror","floor":16},{"not_picked":["Deadly Poison","Slice","Dagger Spray"],"picked":"SKIP","floor":18},{"not_picked":["Blade Dance+1","Infinite Blades","Deadly Poison"],"picked":"SKIP","floor":20},{"not_picked":["Calculated Gamble+1","Outmaneuver","Deflect"],"picked":"SKIP","floor":23},{"not_picked":["Cloak And Dagger+1","Predator"],"picked":"Skewer","floor":25}],"player_experience":75133,"relics_obtained":[{"floor":12,"key":"Oddly Smooth Stone"},{"floor":23,"key":"Ancient Tea Set"},{"floor":26,"key":"Meat on the Bone"}],"event_choices":[{"event_name":"Living Wall","player_choice":"Grow","floor":5,"damage_taken":0},{"event_name":"Golden Idol","player_choice":"Lose Max HP","floor":7,"damage_taken":0},{"event_name":"Drug Dealer","player_choice":"Became Test Subject","floor":21,"damage_taken":0},{"event_name":"Masked Bandits","player_choice":"Paid Fearfully","floor":22,"damage_taken":0}],"is_beta":false,"boss_relics":[{"not_picked":["Calling Bell","Philosopher\u0027s Stone"],"picked":"HoveringKite"}],"items_purged_floors":[4,19],"is_endless":false,"potions_floor_spawned":[3,10,16,25],"killed_by":"Chosen and Byrds","ascension_level":10}