{"gold_per_floor":[115,131,145,69,69,69,24,24,24,24,24,24,55,65,65,139,139,153,153,78,97,147,147,147,147,147,147,164,64,82,96,96,169,169,179,54,54,73,14,14,43,43,43,53,64,79,79,0,0,0,0,0,0,0,32,32],"floor_reached":56,"playtime":2702,"items_purged":["Strike_B","Strike_B","Stack"],"score":1946,"play_id":"6679263a-1c4b-48c1-a0e5-2d2f78f929c9","local_time":"20190227013541","is_ascension_mode":true,"campfire_choices":[{"data":"Zap","floor":6.0,"key":"SMITH"},{"data":"Defragment","floor":8.0,"key":"SMITH"},{"data":"Chaos","floor":10.0,"key":"SMITH"},{"data":"Dualcast","floor":15.0,"key":"SMITH"},{"data":"Coolheaded","floor":23.0,"key":"SMITH"},{"data":"Hologram","floor":25.0,"key":"SMITH"},{"data":"Skim","floor":27.0,"key":"SMITH"},{"data":"Barrage","floor":32.0,"key":"SMITH"},{"data":"Double Energy","floor":40.0,"key":"SMITH"},{"floor":49.0,"key":"RECALL"},{"data":"Seek","floor":53.0,"key":"SMITH"}],"neow_cost":"NONE","seed_source_timestamp":0,"circlet_count":0,"master_deck":["AscendersBane","Defend_B","Zap+1","Dualcast+1","Recycle+1","Chaos+1","Skim+1","Defragment+1","Undo","Core Surge","Barrage+1","Coolheaded+1","Hologram+1","Double Energy+1","Turbo+1","Seek+1","Genetic Algorithm+1","Loop+1","Reinforced Body+1","Gash","Skim","Echo Form","Glacier+1"],"special_seed":0,"relics":["Inserter","Omamori","DataDisk","Coffee Dripper","Pear","Astrolabe","Question Card","Red Mask","Mercury Hourglass"],"potions_floor_usage":[56,56],"damage_taken":[{"damage":7.0,"enemies":"Cultist","floor":1.0,"turns":5.0},{"damage":7.0,"enemies":"Jaw Worm","floor":2.0,"turns":5.0},{"damage":9.0,"enemies":"2 Louse","floor":3.0,"turns":5.0},{"damage":12.0,"enemies":"3 Sentries","floor":13.0,"turns":10.0},{"damage":3.0,"enemies":"Blue Slaver","floor":14.0,"turns":4.0},{"damage":24.0,"enemies":"The Guardian","floor":16.0,"turns":10.0},{"damage":12.0,"enemies":"Chosen","floor":18.0,"turns":7.0},{"damage":31.0,"enemies":"2 Thieves","floor":21.0,"turns":5.0},{"damage":11.0,"enemies":"Centurion and Healer","floor":28.0,"turns":6.0},{"damage":4.0,"enemies":"Snake Plant","floor":30.0,"turns":6.0},{"damage":0.0,"enemies":"Sentry and Sphere","floor":31.0,"turns":8.0},{"damage":0.0,"enemies":"Automaton","floor":33.0,"turns":7.0},{"damage":7.0,"enemies":"3 Shapes","floor":35.0,"turns":5.0},{"damage":0.0,"enemies":"Orb Walker","floor":38.0,"turns":4.0},{"damage":0.0,"enemies":"Giant Head","floor":41.0,"turns":5.0},{"damage":0.0,"enemies":"Maw","floor":44.0,"turns":5.0},{"damage":44.0,"enemies":"Transient","floor":45.0,"turns":6.0},{"damage":1.0,"enemies":"Spire Growth","floor":46.0,"turns":5.0},{"damage":14.0,"enemies":"Time Eater","floor":50.0,"turns":9.0},{"damage":21.0,"enemies":"Donu and Deca","floor":51.0,"turns":6.0},{"damage":45.0,"enemies":"Shield and Spear","floor":55.0,"turns":9.0},{"damage":12,"enemies":"The Heart","floor":56,"turns":5}],"seed_played":"-6546030646074958709","potions_obtained":[{"floor":1.0,"key":"PowerPotion"},{"floor":2.0,"key":"FearPotion"},{"floor":13.0,"key":"SpeedPotion"},{"floor":21.0,"key":"Poison Potion"},{"floor":30.0,"key":"PowerPotion"},{"floor":31.0,"key":"Weak Potion"},{"floor":33.0,"key":"SpeedPotion"},{"floor":45.0,"key":"GamblersBrew"},{"floor":46.0,"key":"EssenceOfSteel"}],"is_trial":false,"path_per_floor":["M","M","M","$","?","R","$","R","T","R","$","?","E","M","R","B",null,"M","?","$","M","?","R","?","R","T","R","M","$","M","M","R","B",null,"M","$","?","M","$","R","E","?","T","M","M","M","?","?","R","B","B",null,"R","$","E","B"],"character_chosen":"DEFECT","items_purchased":["Skim","Defragment","Gash"],"campfire_rested":0,"item_purchase_floors":[4,7,39],"current_hp_per_floor":[57,50,41,41,41,41,41,41,41,41,41,41,29,26,26,2,54,42,42,42,11,11,11,11,11,21,21,10,10,6,6,6,6,62,55,55,55,55,55,55,55,55,55,55,11,10,63,63,63,49,28,54,54,54,9,0],"gold":32,"neow_bonus":"BOSS_RELIC","is_prod":false,"is_daily":false,"chose_seed":false,"campfire_upgraded":10,"win_rate":0,"timestamp":1551202541,"path_taken":["M","M","M","$","?","R","$","R","T","R","?","?","E","?","R","BOSS","M","?","$","M","?","R","?","R","T","R","M","?","M","?","R","BOSS","M","$","?","M","$","R","E","?","T","M","M","?","?","?","R","BOSS","BOSS","R","$","E","BOSS"],"build_version":"2019-01-23","purchased_purges":3,"victory":false,"max_hp_per_floor":[71,71,71,71,71,71,71,71,71,71,71,71,71,71,71,71,71,71,71,71,71,71,71,71,71,81,81,81,81,81,81,81,81,81,81,81,77,77,77,77,77,77,77,77,77,77,63,63,63,63,63,63,63,63,63,63],"card_choices":[{"not_picked":["Doom and Gloom","Barrage"],"picked":"Recycle","floor":1.0},{"not_picked":["Static Discharge","Gash"],"picked":"Chaos","floor":2.0},{"not_picked":["Beam Cell","Rebound","Streamline"],"picked":"SKIP","floor":3.0},{"not_picked":["FTL","Hello World"],"picked":"Undo","floor":13.0},{"not_picked":["Rebound","Recycle"],"picked":"Stack","floor":14.0},{"not_picked":["Amplify","Fission"],"picked":"Core Surge","floor":16.0},{"not_picked":["Redo","Sweeping Beam"],"picked":"Barrage","floor":18.0},{"not_picked":["Ball Lightning","Sweeping Beam+1"],"picked":"Hologram","floor":21.0},{"not_picked":["Leap","Hologram"],"picked":"Double Energy","floor":28.0},{"not_picked":["Machine Learning","Beam Cell","Hologram"],"picked":"SKIP","floor":30.0},{"not_picked":["Ball Lightning","Darkness"],"picked":"Turbo+1","floor":31.0},{"not_picked":["Machine Learning","Meteor Strike"],"picked":"Seek","floor":33.0},{"not_picked":["Darkness","Sunder","Genetic Algorithm"],"picked":"SKIP","floor":35.0},{"not_picked":["Rebound+1","Hologram","Coolheaded"],"picked":"SKIP","floor":38.0},{"not_picked":["Undo","Redo","Compile Driver"],"picked":"SKIP","floor":41.0},{"not_picked":["Sweeping Beam","Go for the Eyes+1","Beam Cell+1"],"picked":"Skim","floor":44.0},{"not_picked":["Gash","Steam","Static Discharge+1"],"picked":"Echo Form","floor":45.0},{"not_picked":["Barrage","Undo","Ball Lightning","Turbo"],"picked":"SKIP","floor":46.0},{"not_picked":["Sweeping Beam","Capacitor+1","Redo"],"picked":"Glacier+1","floor":55.0}],"player_experience":1014792,"relics_obtained":[{"floor":9.0,"key":"Omamori"},{"floor":13.0,"key":"DataDisk"},{"floor":26.0,"key":"Pear"},{"floor":41.0,"key":"Question Card"},{"floor":55.0,"key":"Mercury Hourglass"}],"event_choices":[{"cards_removed":["Strike_B"],"damage_healed":0.0,"max_hp_gain":0.0,"max_hp_loss":0.0,"gold_gain":0.0,"event_name":"Bonfire Elementals","player_choice":"Offered Basic","floor":5.0,"gold_loss":0.0,"damage_taken":0.0},{"damage_healed":0.0,"max_hp_gain":0.0,"max_hp_loss":0.0,"gold_gain":0.0,"event_name":"Upgrade Shrine","player_choice":"Upgraded","floor":12.0,"gold_loss":0.0,"damage_taken":0.0,"cards_upgraded":["Recycle"]},{"damage_healed":0.0,"max_hp_gain":0.0,"max_hp_loss":0.0,"gold_gain":0.0,"event_name":"The Library","player_choice":"Read","floor":19.0,"gold_loss":0.0,"damage_taken":0.0,"cards_obtained":["Coolheaded"]},{"damage_healed":0.0,"max_hp_gain":0.0,"max_hp_loss":0.0,"gold_gain":50.0,"event_name":"Nest","player_choice":"Stole From Cult","floor":22.0,"gold_loss":0.0,"damage_taken":0.0},{"damage_healed":0.0,"max_hp_gain":0.0,"max_hp_loss":0.0,"gold_gain":0.0,"event_name":"The Mausoleum","player_choice":"Ignored","floor":24.0,"gold_loss":0.0,"damage_taken":0.0},{"damage_healed":0.0,"max_hp_gain":0.0,"max_hp_loss":4.0,"gold_gain":0.0,"event_name":"Winding Halls","player_choice":"Max HP","floor":37.0,"gold_loss":0.0,"damage_taken":0.0},{"cards_removed":["Defend_B"],"damage_healed":0.0,"max_hp_gain":0.0,"max_hp_loss":0.0,"gold_gain":0.0,"event_name":"Purifier","player_choice":"Purged","floor":42.0,"gold_loss":0.0,"damage_taken":0.0},{"damage_healed":63.0,"max_hp_gain":0.0,"max_hp_loss":14.0,"gold_gain":0.0,"event_name":"The Moai Head","player_choice":"Heal","floor":47.0,"gold_loss":0.0,"damage_taken":0.0},{"damage_healed":0.0,"max_hp_gain":0.0,"max_hp_loss":0.0,"gold_gain":0.0,"event_name":"Tomb of Lord Red Mask","player_choice":"Paid","floor":48.0,"gold_loss":79.0,"damage_taken":0.0,"relics_obtained":["Red Mask"]}],"is_beta":false,"boss_relics":[{"not_picked":["White Beast Statue","Lizard Tail"],"picked":"Coffee Dripper"},{"not_picked":["Runic Dome","Fusion Hammer"],"picked":"Astrolabe"}],"items_purged_floors":[20,29,36],"is_endless":false,"potions_floor_spawned":[1,2,13,21,30,31,33,45,46,55],"killed_by":"The Heart","ascension_level":20}