{"gold_per_floor":[119,269,143,143,143,143,169,10,10,30,30,90,100,125,125,198,198,211,211,277,292,342,342,370,386,410,442,442,506,506,556,556,556],"floor_reached":33,"playtime":1799,"items_purged":["Doubt","Strike_R"],"score":557,"play_id":"7d7aed47-e051-4d9e-b37d-f5d7c9bf1bfa","local_time":"20190528182836","is_ascension_mode":true,"campfire_choices":[{"data":"Carnage","floor":6,"key":"SMITH"},{"floor":11,"key":"REST"},{"data":"Shockwave","floor":15,"key":"SMITH"},{"data":"1","floor":23,"key":"LIFT"},{"floor":28,"key":"REST"},{"data":"2","floor":30,"key":"LIFT"},{"floor":32,"key":"REST"}],"neow_cost":"NONE","seed_source_timestamp":29653966630248,"circlet_count":0,"master_deck":["AscendersBane","Strike_R","Strike_R+1","Strike_R","Defend_R+1","Defend_R","Defend_R","Defend_R","Bash","Impervious","Carnage+1","Headbutt","Battle Trance","Shrug It Off","Shockwave+1","Cleave","Dark Embrace","Shrug It Off","Flame Barrier+1","Inflame","Headbutt+1","Ghostly Armor"],"relics":["Burning Blood","SsserpentHead","Dodecahedron","Girya","Boot","Philosopher\u0027s Stone","PreservedInsect","Smiling Mask","Red Skull","Nilry\u0027s Codex"],"potions_floor_usage":[7,16,18,27,33,33],"damage_taken":[{"damage":6,"enemies":"Cultist","floor":1,"turns":3},{"damage":27,"enemies":"3 Sentries","floor":7,"turns":6},{"damage":7,"enemies":"Jaw Worm","floor":10,"turns":2},{"damage":0,"enemies":"Small Slimes","floor":12,"turns":2},{"damage":10,"enemies":"Red Slaver","floor":13,"turns":3},{"damage":12,"enemies":"Lagavulin","floor":14,"turns":6},{"damage":33,"enemies":"The Guardian","floor":16,"turns":9},{"damage":0,"enemies":"Chosen","floor":18,"turns":5},{"damage":13,"enemies":"Shell Parasite","floor":20,"turns":5},{"damage":8,"enemies":"3 Cultists","floor":21,"turns":5},{"damage":45,"enemies":"Slavers","floor":24,"turns":6},{"damage":3,"enemies":"Snecko","floor":25,"turns":5},{"damage":19,"enemies":"Book of Stabbing","floor":27,"turns":4},{"damage":15,"enemies":"Centurion and Healer","floor":29,"turns":4},{"damage":42,"enemies":"Champ","floor":33,"turns":13}],"seed_played":"-4642556303614574774","potions_obtained":[{"floor":1,"key":"BloodPotion"},{"floor":13,"key":"Energy Potion"},{"floor":16,"key":"GamblersBrew"},{"floor":24,"key":"Ancient Potion"},{"floor":25,"key":"Fruit Juice"},{"floor":27,"key":"Fire Potion"}],"is_trial":false,"path_per_floor":["M","?","$","?","?","R","E","$","T","M","R","M","M","E","R","B",null,"M","?","M","M","?","R","E","M","T","E","R","M","R","?","R","B"],"character_chosen":"IRONCLAD","items_purchased":["Headbutt","Shrug It Off"],"campfire_rested":3,"item_purchase_floors":[3,8],"current_hp_per_floor":[68,68,68,45,45,45,31,31,31,30,52,58,54,48,48,21,62,68,68,61,59,59,59,20,23,23,15,39,30,30,9,33,0],"gold":556,"neow_bonus":"ONE_RANDOM_RARE_CARD","is_prod":false,"is_daily":false,"chose_seed":false,"campfire_upgraded":2,"win_rate":0,"timestamp":1559060916,"path_taken":["M","?","$","?","?","R","E","$","T","M","R","?","M","E","R","BOSS","M","?","?","M","?","R","E","M","T","E","R","?","R","?","R","BOSS"],"build_version":"2019-01-23","purchased_purges":2,"victory":false,"max_hp_per_floor":[75,75,75,75,75,75,75,75,75,75,75,75,75,75,75,75,75,75,75,75,75,75,75,75,75,75,80,80,80,80,80,80,80],"card_choices":[{"not_picked":["Pummel","Sword Boomerang"],"picked":"Carnage","floor":1},{"not_picked":["Cleave","Brutality"],"picked":"Battle Trance","floor":7},{"not_picked":["Heavy Blade","Flex"],"picked":"Shockwave","floor":10},{"not_picked":["Warcry","Perfected Strike","Body Slam"],"picked":"SKIP","floor":12},{"not_picked":["Thunderclap","Burning Pact","Twin Strike"],"picked":"SKIP","floor":13},{"not_picked":["Searing Blow","Intimidate"],"picked":"Cleave","floor":14},{"not_picked":["Brutality","Limit Break"],"picked":"Dark Embrace","floor":16},{"not_picked":["Armaments","Cleave"],"picked":"Shrug It Off","floor":18},{"not_picked":["Sever Soul","Thunderclap","Second Wind"],"picked":"SKIP","floor":20},{"not_picked":["True Grit","Heavy Blade"],"picked":"Flame Barrier+1","floor":21},{"not_picked":["Brutality","Burning Pact"],"picked":"Inflame","floor":24},{"not_picked":["Rage","Twin Strike+1","Flex"],"picked":"SKIP","floor":25},{"not_picked":["Clash","Combust"],"picked":"Headbutt+1","floor":27},{"not_picked":["Flex","Cleave+1"],"picked":"Ghostly Armor","floor":29}],"player_experience":604736,"relics_obtained":[{"floor":7,"key":"Dodecahedron"},{"floor":9,"key":"Girya"},{"floor":14,"key":"Boot"},{"floor":24,"key":"PreservedInsect"},{"floor":26,"key":"Smiling Mask"},{"floor":27,"key":"Red Skull"},{"floor":31,"key":"Nilry\u0027s Codex"}],"event_choices":[{"damage_healed":0,"gold_gain":150,"player_choice":"AGREE","damage_taken":0,"max_hp_gain":0,"max_hp_loss":0,"event_name":"Liars Game","floor":2,"gold_loss":0,"cards_obtained":["Doubt"]},{"damage_healed":0,"gold_gain":0,"player_choice":"Entered Light","damage_taken":23,"max_hp_gain":0,"max_hp_loss":0,"event_name":"Shining Light","floor":4,"gold_loss":0,"cards_upgraded":["Strike_R","Defend_R"]},{"damage_healed":0,"gold_gain":0,"player_choice":"Trade","damage_taken":0,"relics_obtained":["SsserpentHead"],"max_hp_gain":0,"max_hp_loss":0,"event_name":"FaceTrader","floor":5,"gold_loss":0},{"damage_healed":0,"gold_gain":0,"player_choice":"Bet on Murderer","damage_taken":0,"max_hp_gain":0,"max_hp_loss":0,"event_name":"The Joust","floor":19,"gold_loss":50},{"cards_removed":["Strike_R"],"damage_healed":0,"gold_gain":0,"player_choice":"Purged","damage_taken":0,"max_hp_gain":0,"max_hp_loss":0,"event_name":"Purifier","floor":22,"gold_loss":0},{"damage_healed":0,"gold_gain":0,"player_choice":"Obtained Book","damage_taken":21,"max_hp_gain":0,"max_hp_loss":0,"event_name":"Cursed Tome","floor":31,"gold_loss":0}],"is_beta":false,"boss_relics":[{"not_picked":["Mark of Pain","Empty Cage"],"picked":"Philosopher\u0027s Stone"}],"items_purged_floors":[3,8],"is_endless":false,"potions_floor_spawned":[1,13,16,24,25,27],"killed_by":"Champ","ascension_level":18}