{"gold_per_floor":[118,68,80,100,115,115,135,135,135,135,146,161,161,161,161,262,262,280,292,21,37,50,50,69,69,148,148,165,264,276,376,376,474,524,535,547,547,565,354,354,354,365,365,365,365,383,403,137,137,137],"floor_reached":51,"playtime":2049,"items_purged":["Strike_G","Strike_G","Parasite"],"score":645,"play_id":"d0d6098b-1d0f-4042-8ef8-52dcdcea5a07","local_time":"20181021130415","is_ascension_mode":false,"campfire_choices":[{"data":"Poisoned Stab","floor":6.0,"key":"SMITH"},{"data":"Poisoned Stab","floor":8.0,"key":"SMITH"},{"data":"Neutralize","floor":10.0,"key":"SMITH"},{"data":"Envenom","floor":13.0,"key":"SMITH"},{"data":"Grand Finale","floor":15.0,"key":"SMITH"},{"data":"Grand Finale","floor":23.0,"key":"SMITH"},{"data":"Leg Sweep","floor":27.0,"key":"SMITH"},{"data":"Defend_G","floor":32.0,"key":"SMITH"},{"data":"Catalyst","floor":41.0,"key":"SMITH"},{"data":"Calculated Gamble","floor":44.0,"key":"SMITH"},{"data":"Acrobatics","floor":49,"key":"SMITH"}],"neow_cost":"PERCENT_DAMAGE","seed_source_timestamp":16344792425085,"circlet_count":0,"master_deck":["Defend_G+1","Defend_G","Defend_G","Defend_G","Defend_G","Strike_G","Strike_G","Survivor+1","Neutralize+1","Backstab","Poisoned Stab+1","Poisoned Stab+1","Envenom+1","Grand Finale+1","Leg Sweep+1","Grand Finale+1","Grand Finale+1","Prepared+1","Doppelganger","Noxious Fumes+1","Acrobatics+1","Catalyst+1","Calculated Gamble+1","Acrobatics","Flash of Steel","Finesse","Flash of Steel","Finesse"],"special_seed":0,"relics":["Ring of the Snake","Thread and Needle","Ninja Scroll","Coffee Dripper","DollysMirror","Darkstone Periapt","Tiny House","Bronze Scales"],"potions_floor_usage":[50,50,50],"damage_taken":[{"damage":0.0,"enemies":"Jaw Worm","floor":1.0,"turns":5.0},{"damage":0.0,"enemies":"2 Louse","floor":3.0,"turns":3.0},{"damage":0.0,"enemies":"Cultist","floor":4.0,"turns":3.0},{"damage":0.0,"enemies":"Lots of Slimes","floor":5.0,"turns":1.0},{"damage":3.0,"enemies":"Blue Slaver","floor":7.0,"turns":3.0},{"damage":0.0,"enemies":"Gremlin Gang","floor":11.0,"turns":2.0},{"damage":4.0,"enemies":"Red Slaver","floor":12.0,"turns":3.0},{"damage":21.0,"enemies":"The Guardian","floor":16.0,"turns":6.0},{"damage":0.0,"enemies":"Shell Parasite","floor":18.0,"turns":7.0},{"damage":0.0,"enemies":"Spheric Guardian","floor":19.0,"turns":5.0},{"damage":0.0,"enemies":"Snake Plant","floor":21.0,"turns":5.0},{"damage":0.0,"enemies":"Snecko","floor":22.0,"turns":5.0},{"damage":0.0,"enemies":"Centurion and Healer","floor":24.0,"turns":7.0},{"damage":0.0,"enemies":"Sentry and Sphere","floor":28.0,"turns":3.0},{"damage":0.0,"enemies":"Snake Plant","floor":30.0,"turns":3.0},{"damage":36.0,"enemies":"Collector","floor":33.0,"turns":8.0},{"damage":0.0,"enemies":"3 Darklings","floor":35.0,"turns":2.0},{"damage":0.0,"enemies":"3 Shapes","floor":36.0,"turns":11.0},{"damage":0.0,"enemies":"Transient","floor":38.0,"turns":5.0},{"damage":10.0,"enemies":"Jaw Worm Horde","floor":42.0,"turns":5.0},{"damage":0.0,"enemies":"Writhing Mass","floor":46.0,"turns":3.0},{"damage":5.0,"enemies":"Sphere and 2 Shapes","floor":47.0,"turns":3.0},{"damage":55,"enemies":"Time Eater","floor":50,"turns":10}],"seed_played":"-6329277715213665477","potions_obtained":[{"floor":3.0,"key":"Explosive Potion"},{"floor":5.0,"key":"SkillPotion"},{"floor":11.0,"key":"Swift Potion"},{"floor":12.0,"key":"Weak Potion"},{"floor":22.0,"key":"Poison Potion"},{"floor":25.0,"key":"Regen Potion"},{"floor":25.0,"key":"AttackPotion"},{"floor":35.0,"key":"SkillPotion"},{"floor":38.0,"key":"Strength Potion"},{"floor":46.0,"key":"Energy Potion"}],"is_trial":false,"path_per_floor":["M","?","M","M","M","R","M","R","T","R","M","M","R","?","R","B",null,"M","M","$","M","M","R","M","?","T","R","M","?","M","?","R","B",null,"M","M","?","M","$","?","R","M","T","R","?","M","M","$","R","B"],"character_chosen":"THE_SILENT","items_purchased":["DollysMirror","Catalyst","Calculated Gamble","Finesse","Strength Potion"],"campfire_rested":0,"item_purchase_floors":[20,39,39,48,48],"current_hp_per_floor":[49,49,49,49,49,49,46,46,46,46,46,42,42,42,42,21,70,70,70,70,70,70,70,70,70,70,70,70,70,70,70,70,34,75,75,75,75,75,75,75,75,65,65,65,55,61,65,65,65,10],"gold":137,"neow_bonus":"ONE_RARE_RELIC","is_prod":false,"is_daily":false,"chose_seed":false,"campfire_upgraded":11,"win_rate":0,"timestamp":1540098255,"path_taken":["M","?","M","?","M","R","?","R","T","R","M","M","R","?","R","BOSS","M","M","$","M","M","R","M","?","T","R","M","?","M","?","R","BOSS","M","M","?","?","?","?","R","M","T","R","?","M","?","$","R","BOSS"],"build_version":"2018-10-18","purchased_purges":3,"victory":true,"max_hp_per_floor":[70,70,70,70,70,70,70,70,70,70,70,70,70,70,70,70,70,70,70,70,70,70,70,70,70,70,70,70,70,70,70,70,70,75,75,75,75,75,75,75,75,75,75,75,75,81,81,78,78,78],"card_choices":[{"not_picked":["Sucker Punch","Quick Slash"],"picked":"Backstab","floor":1.0},{"not_picked":["Flying Knee","Tactician"],"picked":"Poisoned Stab","floor":3.0},{"not_picked":["Dodge and Roll","Distraction","Blade Dance"],"picked":"SKIP","floor":4.0},{"not_picked":["Flying Knee","Bane","Blade Dance"],"picked":"SKIP","floor":5.0},{"not_picked":["Dash","Backflip"],"picked":"Poisoned Stab","floor":7.0},{"not_picked":["All Out Attack","Slice"],"picked":"Envenom","floor":11.0},{"not_picked":["Expertise","Slice","Tactician"],"picked":"SKIP","floor":12.0},{"not_picked":["A Thousand Cuts","Phantasmal Killer"],"picked":"Grand Finale","floor":16.0},{"not_picked":["Blur+1","Poisoned Stab","Eviscerate"],"picked":"SKIP","floor":18.0},{"not_picked":["Setup","Masterful Stab+1","Infinite Blades"],"picked":"SKIP","floor":19.0},{"not_picked":["Outmaneuver","Dagger Spray","Choke"],"picked":"SKIP","floor":21.0},{"not_picked":["Skewer+1","Choke","Deadly Poison"],"picked":"SKIP","floor":22.0},{"not_picked":["Dagger Spray","Deflect"],"picked":"Prepared+1","floor":24.0},{"not_picked":["Leg Sweep","Backstab+1","Blade Dance"],"picked":"SKIP","floor":28.0},{"not_picked":["Leg Sweep","Deadly Poison","Setup"],"picked":"SKIP","floor":30.0},{"not_picked":["Wraith Form v2","Unload"],"picked":"Doppelganger","floor":33.0},{"not_picked":["Tactician","Underhanded Strike","Cloak And Dagger"],"picked":"SKIP","floor":35.0},{"not_picked":["Slice","Dagger Spray"],"picked":"Noxious Fumes+1","floor":36.0},{"not_picked":["Dodge and Roll+1","After Image"],"picked":"Acrobatics","floor":38.0},{"not_picked":["Slice","Quick Slash"],"picked":"Acrobatics","floor":42.0},{"not_picked":["Discovery","Mind Blast"],"picked":"Flash of Steel","floor":45.0},{"not_picked":["Forethought","Panacea"],"picked":"Finesse","floor":45.0},{"not_picked":["PanicButton","Transmutation"],"picked":"Flash of Steel","floor":45.0},{"not_picked":["Finisher","Crippling Poison+1","Deflect+1"],"picked":"SKIP","floor":46.0},{"not_picked":["Dagger Spray","Dash","Cloak And Dagger"],"picked":"SKIP","floor":47.0}],"player_experience":448366,"relics_obtained":[{"floor":9.0,"key":"Ninja Scroll"},{"floor":26.0,"key":"Darkstone Periapt"},{"floor":43.0,"key":"Bronze Scales"}],"event_choices":[{"cards_removed":["Strike_G"],"damage_healed":0.0,"max_hp_gain":0.0,"max_hp_loss":0.0,"gold_gain":0.0,"event_name":"The Cleric","player_choice":"Card Removal","floor":2.0,"gold_loss":50.0,"damage_taken":0.0},{"damage_healed":0.0,"max_hp_gain":0.0,"max_hp_loss":0.0,"gold_gain":0.0,"event_name":"Match and Keep!","player_choice":"2 cards matched","floor":14.0,"gold_loss":0.0,"damage_taken":0.0,"cards_obtained":["Grand Finale","Leg Sweep"]},{"damage_healed":0.0,"max_hp_gain":0.0,"max_hp_loss":0.0,"gold_gain":0.0,"event_name":"The Lab","player_choice":"Got Potions","floor":25.0,"gold_loss":0.0,"damage_taken":0.0},{"damage_healed":0.0,"max_hp_gain":0.0,"max_hp_loss":0.0,"gold_gain":99.0,"event_name":"Nest","player_choice":"Stole From Cult","floor":29.0,"gold_loss":0.0,"damage_taken":0.0},{"damage_healed":0.0,"max_hp_gain":0.0,"max_hp_loss":0.0,"gold_gain":100.0,"event_name":"Golden Shrine","player_choice":"Pray","floor":31.0,"gold_loss":0.0,"damage_taken":0.0},{"damage_healed":0.0,"max_hp_gain":0.0,"max_hp_loss":0.0,"gold_gain":0.0,"event_name":"The Woman in Blue","player_choice":"Bought 0 Potions","floor":37.0,"gold_loss":0.0,"damage_taken":0.0},{"damage_healed":0.0,"max_hp_gain":0.0,"max_hp_loss":0.0,"gold_gain":0.0,"event_name":"Tomb of Lord Red Mask","player_choice":"Ignored","floor":40.0,"gold_loss":0.0,"damage_taken":0.0},{"damage_healed":0.0,"max_hp_gain":0.0,"max_hp_loss":0.0,"gold_gain":0.0,"event_name":"SensoryStone","player_choice":"Memory 3","floor":45.0,"gold_loss":0.0,"damage_taken":10.0}],"is_beta":false,"boss_relics":[{"not_picked":["Busted Crown","Velvet Choker"],"picked":"Coffee Dripper"},{"not_picked":["WristBlade","Black Star"],"picked":"Tiny House"}],"items_purged_floors":[20,39,48],"is_endless":false,"potions_floor_spawned":[3,5,11,12,19,22,24,28,30,35,38,46],"ascension_level":0}