{"gold_per_floor":[115,115,115,115,131,131,159,171,183,205,292,335,347,284,296,308],"floor_reached":16,"playtime":302,"items_purged":[],"score":262,"play_id":"b46332ac-6508-4a3a-a03a-c8955f19b1ec","local_time":"20190311224232","is_ascension_mode":true,"campfire_choices":[{"data":"Well Laid Plans","floor":6,"key":"SMITH"},{"data":"Flechettes","floor":8,"key":"SMITH"},{"data":"Poisoned Stab","floor":15,"key":"SMITH"}],"neow_cost":"NONE","seed_source_timestamp":41780305344850,"circlet_count":0,"master_deck":["AscendersBane","Defend_G","Defend_G","Defend_G","Defend_G","Defend_G","Strike_G","Strike_G","Strike_G","Survivor","Neutralize","Well Laid Plans+1","Flechettes+1","Poisoned Stab+1"],"relics":["Ring of the Snake","NeowsBlessing","FaceOfCleric","MawBank","Anchor","The Courier","Golden Idol"],"potions_floor_usage":[16],"damage_taken":[{"damage":0,"enemies":"Cultist","floor":1,"turns":1},{"damage":0,"enemies":"Jaw Worm","floor":5,"turns":1},{"damage":0,"enemies":"Lagavulin","floor":7,"turns":1},{"damage":0,"enemies":"2 Louse","floor":10,"turns":2},{"damage":14,"enemies":"3 Sentries","floor":12,"turns":10},{"damage":7,"enemies":"Hexaghost","floor":16,"turns":9}],"seed_played":"-400788791135886421","potions_obtained":[{"floor":5,"key":"Regen Potion"},{"floor":7,"key":"Poison Potion"}],"is_trial":false,"path_per_floor":["M","?","T","?","M","R","E","R","T","M","?","E","?","?","R","B"],"character_chosen":"THE_SILENT","items_purchased":[],"campfire_rested":0,"item_purchase_floors":[],"current_hp_per_floor":[59,52,52,52,53,53,54,54,54,55,44,31,7,7,7,0],"gold":308,"neow_bonus":"THREE_ENEMY_KILL","is_prod":false,"is_daily":false,"chose_seed":false,"campfire_upgraded":3,"win_rate":0,"timestamp":1552315352,"path_taken":["M","?","?","?","M","R","E","R","T","?","?","E","?","?","R","BOSS"],"build_version":"2019-01-23","purchased_purges":0,"victory":false,"max_hp_per_floor":[66,66,66,66,67,67,68,68,68,69,69,70,70,70,70,70],"card_choices":[{"not_picked":["Dagger Spray","Deflect","Flying Knee"],"picked":"SKIP","floor":1},{"not_picked":["Flying Knee","Calculated Gamble"],"picked":"Well Laid Plans","floor":5},{"not_picked":["Predator","Masterful Stab"],"picked":"Flechettes","floor":7},{"not_picked":["Dagger Spray","All Out Attack"],"picked":"Poisoned Stab","floor":10},{"not_picked":["Backstab","Quick Slash","Accuracy"],"picked":"SKIP","floor":12}],"player_experience":3502328,"relics_obtained":[{"floor":7,"key":"MawBank"},{"floor":9,"key":"Anchor"},{"floor":12,"key":"The Courier"}],"event_choices":[{"cards_removed":["Strike_G"],"damage_healed":0,"gold_gain":0,"player_choice":"Card Removal","damage_taken":7,"max_hp_gain":0,"max_hp_loss":0,"event_name":"Golden Wing","floor":2,"gold_loss":0},{"damage_healed":0,"gold_gain":0,"player_choice":"Trade","damage_taken":0,"relics_obtained":["FaceOfCleric"],"max_hp_gain":0,"max_hp_loss":0,"event_name":"FaceTrader","floor":4,"gold_loss":0},{"damage_healed":0,"gold_gain":75,"player_choice":"Gather Gold","damage_taken":11,"max_hp_gain":0,"max_hp_loss":0,"event_name":"World of Goop","floor":11,"gold_loss":0},{"damage_healed":0,"gold_gain":0,"player_choice":"Take Damage","damage_taken":24,"relics_obtained":["Golden Idol"],"max_hp_gain":0,"max_hp_loss":0,"event_name":"Golden Idol","floor":13,"gold_loss":0},{"cards_removed":["Strike_G"],"damage_healed":0,"gold_gain":0,"player_choice":"Card Removal","damage_taken":0,"max_hp_gain":0,"max_hp_loss":0,"event_name":"The Cleric","floor":14,"gold_loss":75}],"is_beta":false,"boss_relics":[],"items_purged_floors":[],"is_endless":false,"potions_floor_spawned":[5,7],"killed_by":"Hexaghost","ascension_level":20}