{"gold_per_floor":[117,192,192,192,62,94,94,128,203,223,249,267,283,316,316,390,390,402,402,133,145,156,184,184,215,239,289,315,315,190,190,190,268,268,280,291,304,321,171,198,198,230,230,230,263,274,99,111,111,111,111,111,111,57,82,82],"floor_reached":57,"playtime":2875,"items_purged":["Strike_G","Strike_G","Defend_G","Ghostly","Ghostly"],"score":3827,"play_id":"d28df4b8-c445-4b01-8842-eea4d769d374","local_time":"20190315181310","is_ascension_mode":true,"campfire_choices":[{"data":"All Out Attack","floor":7.0,"key":"SMITH"},{"data":"Reflex","floor":15.0,"key":"SMITH"},{"data":"Grand Finale","floor":24.0,"key":"SMITH"},{"data":"Calculated Gamble","floor":29.0,"key":"SMITH"},{"data":"Tactician","floor":32.0,"key":"SMITH"},{"data":"Concentrate","floor":41.0,"key":"SMITH"},{"floor":44.0,"key":"RECALL"},{"data":"Survivor","floor":49.0,"key":"SMITH"},{"data":"Neutralize","floor":53.0,"key":"SMITH"}],"neow_cost":"NONE","seed_source_timestamp":16404836047391,"circlet_count":0,"master_deck":["AscendersBane","Defend_G","Survivor+1","Neutralize+1","Adrenaline+1","Acrobatics+1","Venomology+1","All Out Attack+1","Noxious Fumes","Reflex+1","Predator","Concentrate+1","Grand Finale+1","Ghostly","Calculated Gamble+1","Tactician+1","Footwork+1","Well Laid Plans+1","Expertise+1"],"special_seed":0,"relics":["Astrolabe","Lantern","Art of War","Frozen Egg 2","Darkstone Periapt","White Beast Statue","Orichalcum","Boot","Happy Flower","PreservedInsect","Nloth\u0027s Gift","Empty Cage","Mercury Hourglass","Pen Nib","Toxic Egg 2","Regal Pillow","Blue Candle"],"potions_floor_usage":[56],"damage_taken":[{"damage":5.0,"enemies":"Jaw Worm","floor":1.0,"turns":10.0},{"damage":0.0,"enemies":"Lagavulin","floor":6.0,"turns":5.0},{"damage":17.0,"enemies":"3 Sentries","floor":8.0,"turns":7.0},{"damage":0.0,"enemies":"2 Louse","floor":10.0,"turns":2.0},{"damage":3.0,"enemies":"Gremlin Nob","floor":11.0,"turns":3.0},{"damage":0.0,"enemies":"Cultist","floor":12.0,"turns":3.0},{"damage":3.0,"enemies":"Blue Slaver","floor":13.0,"turns":3.0},{"damage":0.0,"enemies":"3 Sentries","floor":14.0,"turns":4.0},{"damage":25.0,"enemies":"Hexaghost","floor":16.0,"turns":10.0},{"damage":35.0,"enemies":"Chosen","floor":18.0,"turns":5.0},{"damage":0.0,"enemies":"2 Thieves","floor":21.0,"turns":4.0},{"damage":3.0,"enemies":"Cultist and Chosen","floor":22.0,"turns":4.0},{"damage":0.0,"enemies":"Gremlin Leader","floor":23.0,"turns":4.0},{"damage":0.0,"enemies":"Book of Stabbing","floor":25.0,"turns":4.0},{"damage":0.0,"enemies":"Gremlin Leader","floor":28.0,"turns":6.0},{"damage":0.0,"enemies":"Automaton","floor":33.0,"turns":6.0},{"damage":0.0,"enemies":"Orb Walker","floor":35.0,"turns":2.0},{"damage":1.0,"enemies":"3 Shapes","floor":36.0,"turns":5.0},{"damage":1.0,"enemies":"3 Darklings","floor":37.0,"turns":2.0},{"damage":0.0,"enemies":"Writhing Mass","floor":38.0,"turns":3.0},{"damage":0.0,"enemies":"Nemesis","floor":40.0,"turns":3.0},{"damage":0.0,"enemies":"Reptomancer","floor":42.0,"turns":4.0},{"damage":0.0,"enemies":"Giant Head","floor":45.0,"turns":3.0},{"damage":0.0,"enemies":"Spire Growth","floor":46.0,"turns":3.0},{"damage":11.0,"enemies":"4 Shapes","floor":48.0,"turns":3.0},{"damage":0.0,"enemies":"Awakened One","floor":50.0,"turns":5.0},{"damage":0.0,"enemies":"Time Eater","floor":51.0,"turns":8.0},{"damage":0.0,"enemies":"Shield and Spear","floor":55.0,"turns":3.0},{"damage":21,"enemies":"The Heart","floor":56,"turns":7}],"seed_played":"-6846917904385341430","potions_obtained":[{"floor":6.0,"key":"FearPotion"},{"floor":18.0,"key":"Dexterity Potion"},{"floor":21.0,"key":"Fruit Juice"},{"floor":22.0,"key":"Poison Potion"},{"floor":33.0,"key":"Fire Potion"},{"floor":36.0,"key":"Dexterity Potion"},{"floor":42.0,"key":"SkillPotion"}],"is_trial":false,"path_per_floor":["M","?","?","?","$","E","R","E","T","M","E","M","M","E","R","B",null,"M","?","$","M","M","E","R","E","T","?","E","R","$","?","R","B",null,"M","M","M","M","$","E","R","E","T","R","E","M","$","M","R","B","B",null,"R","$","E","B",null],"character_chosen":"THE_SILENT","items_purchased":["AttackPotion","Potion Belt","Weak Potion"],"campfire_rested":0,"item_purchase_floors":[5,20,54],"current_hp_per_floor":[54,43,65,65,65,65,65,48,48,48,45,45,42,42,42,17,54,19,19,19,24,21,21,21,21,21,21,21,21,21,21,21,21,34,34,38,37,37,37,37,37,37,37,37,37,37,37,26,26,38,38,38,38,38,38,17],"gold":82,"neow_bonus":"BOSS_RELIC","is_prod":false,"is_daily":false,"chose_seed":false,"campfire_upgraded":8,"win_rate":0,"timestamp":1552644790,"path_taken":["M","?","?","?","$","E","R","E","T","M","E","?","M","E","R","BOSS","M","?","$","M","M","E","R","E","T","?","E","R","$","?","R","BOSS","M","M","M","M","$","E","R","E","T","R","E","M","$","M","R","BOSS","BOSS","R","$","E","BOSS"],"build_version":"2019-01-23","purchased_purges":5,"victory":true,"max_hp_per_floor":[66,66,66,66,66,66,66,66,66,66,66,66,66,66,66,66,66,66,33,33,38,38,38,38,38,38,38,38,38,38,38,38,38,38,38,38,38,38,38,38,38,38,38,38,38,38,38,38,38,38,38,38,38,38,38,38],"card_choices":[{"not_picked":["Dodge and Roll","Skewer"],"picked":"All Out Attack","floor":1.0},{"not_picked":["Bane","Flying Knee"],"picked":"Noxious Fumes","floor":6.0},{"not_picked":["Cloak And Dagger","Blur"],"picked":"Reflex","floor":8.0},{"not_picked":["Acrobatics","Blade Dance","Distraction"],"picked":"SKIP","floor":10.0},{"not_picked":["Slice","Sucker Punch","Reflex"],"picked":"SKIP","floor":11.0},{"not_picked":["Crippling Poison","Leg Sweep"],"picked":"Predator","floor":12.0},{"not_picked":["Slice","PiercingWail","Dodge and Roll"],"picked":"SKIP","floor":13.0},{"not_picked":["Quick Slash","Backflip"],"picked":"Concentrate","floor":14.0},{"not_picked":["Adrenaline","Doppelganger"],"picked":"Grand Finale","floor":16.0},{"not_picked":["Underhanded Strike+1","Caltrops+1","All Out Attack"],"picked":"SKIP","floor":18.0},{"not_picked":["Blur","Bane","Underhanded Strike"],"picked":"SKIP","floor":21.0},{"not_picked":["Caltrops+1","Deflect","Distraction"],"picked":"SKIP","floor":22.0},{"not_picked":["Poisoned Stab","Skewer","Terror"],"picked":"SKIP","floor":23.0},{"not_picked":["Endless Agony","Terror"],"picked":"Calculated Gamble","floor":25.0},{"not_picked":["Dagger Spray","Crippling Poison+1"],"picked":"Tactician","floor":28.0},{"not_picked":["Tactician","Dagger Spray","Blade Dance"],"picked":"SKIP","floor":35.0},{"not_picked":["Bane+1","Riddle With Holes","Flying Knee"],"picked":"SKIP","floor":36.0},{"not_picked":["Sucker Punch+1","Concentrate","Dagger Spray"],"picked":"SKIP","floor":37.0},{"not_picked":["Dash","Cloak And Dagger","Poisoned Stab"],"picked":"SKIP","floor":38.0},{"not_picked":["Storm of Steel","Dagger Spray","Wraith Form v2+1"],"picked":"SKIP","floor":40.0},{"not_picked":["Flying Knee","Infinite Blades+1"],"picked":"Footwork+1","floor":42.0},{"not_picked":["Storm of Steel+1","Dodge and Roll+1","Blade Dance+1"],"picked":"SKIP","floor":45.0},{"not_picked":["Cloak And Dagger+1","Blade Dance+1"],"picked":"Well Laid Plans+1","floor":46.0},{"not_picked":["PiercingWail+1","Crippling Poison+1","Bane"],"picked":"SKIP","floor":48.0},{"not_picked":["Storm of Steel+1","Bane"],"picked":"Expertise+1","floor":55.0}],"player_experience":3613433,"relics_obtained":[{"floor":6.0,"key":"Lantern"},{"floor":8.0,"key":"Art of War"},{"floor":11.0,"key":"Frozen Egg 2"},{"floor":14.0,"key":"Darkstone Periapt"},{"floor":23.0,"key":"Orichalcum"},{"floor":25.0,"key":"Boot"},{"floor":26.0,"key":"Happy Flower"},{"floor":28.0,"key":"PreservedInsect"},{"floor":40.0,"key":"Mercury Hourglass"},{"floor":42.0,"key":"Pen Nib"},{"floor":43.0,"key":"Toxic Egg 2"},{"floor":45.0,"key":"Regal Pillow"},{"floor":55.0,"key":"Blue Candle"}],"event_choices":[{"damage_healed":0.0,"max_hp_gain":0.0,"max_hp_loss":0.0,"gold_gain":75.0,"event_name":"World of Goop","player_choice":"Gather Gold","floor":2.0,"gold_loss":0.0,"damage_taken":11.0},{"damage_healed":22.0,"max_hp_gain":0.0,"max_hp_loss":0.0,"gold_gain":0.0,"event_name":"Big Fish","player_choice":"Banana","floor":3.0,"gold_loss":0.0,"damage_taken":0.0},{"cards_removed":["Defend_G"],"damage_healed":0.0,"max_hp_gain":0.0,"max_hp_loss":0.0,"gold_gain":0.0,"event_name":"Bonfire Elementals","player_choice":"Offered Basic","floor":4.0,"gold_loss":0.0,"damage_taken":0.0},{"damage_healed":0.0,"max_hp_gain":0.0,"max_hp_loss":33.0,"gold_gain":0.0,"event_name":"Ghosts","player_choice":"Became a Ghost","floor":19.0,"gold_loss":0.0,"damage_taken":0.0,"cards_obtained":["Ghostly","Ghostly","Ghostly"]},{"damage_healed":0.0,"max_hp_gain":0.0,"max_hp_loss":0.0,"gold_gain":50.0,"event_name":"Nest","player_choice":"Stole From Cult","floor":27.0,"gold_loss":0.0,"damage_taken":0.0},{"damage_healed":0.0,"max_hp_gain":0.0,"max_hp_loss":0.0,"gold_gain":0.0,"event_name":"N\u0027loth","player_choice":"Traded Relic","floor":31.0,"relics_lost":["Potion Belt"],"gold_loss":0.0,"damage_taken":0.0,"relics_obtained":["Nloth\u0027s Gift"]}],"is_beta":false,"boss_relics":[{"not_picked":["Busted Crown","Snecko Eye"],"picked":"White Beast Statue"},{"not_picked":["Calling Bell","HoveringKite"],"picked":"Empty Cage"}],"items_purged_floors":[5,20,30,39,47],"is_endless":false,"potions_floor_spawned":[6,8,12,18,21,22,23,25,28,33,35,36,37,38,40,42,45,46,48,55],"ascension_level":20}