{"gold_per_floor":[113,126,201,215,227,227,227,227,227,227,293,343,357,357],"floor_reached":14,"playtime":269,"items_purged":[],"score":160,"play_id":"5b1b0c97-dd38-4922-8a6f-94a775970e0b","local_time":"20181114235721","is_ascension_mode":true,"campfire_choices":[{"data":"Well Laid Plans","floor":6,"key":"SMITH"},{"data":"Masterful Stab","floor":8,"key":"SMITH"},{"data":"Neutralize","floor":10,"key":"SMITH"}],"neow_cost":"NONE","seed_source_timestamp":806195361524,"circlet_count":0,"master_deck":["AscendersBane","Defend_G","Defend_G","Defend_G","Defend_G","Defend_G","Strike_G","Strike_G","Strike_G","Strike_G","Strike_G","Survivor","Neutralize+1","Acrobatics","Leg Sweep","Masterful Stab+1","Well Laid Plans+1","All Out Attack","Dagger Spray"],"relics":["Ring of the Snake","NeowsBlessing","SsserpentHead","Ornamental Fan","Golden Idol"],"potions_floor_usage":[],"damage_taken":[{"damage":0,"enemies":"2 Louse","floor":1,"turns":1},{"damage":0,"enemies":"Jaw Worm","floor":2,"turns":1},{"damage":0,"enemies":"Cultist","floor":4,"turns":1},{"damage":5,"enemies":"3 Louse","floor":5,"turns":4},{"damage":0,"enemies":"Exordium Wildlife","floor":11,"turns":4},{"damage":36,"enemies":"Gremlin Gang","floor":13,"turns":6},{"damage":0,"enemies":"Exordium Thugs","floor":14,"turns":1}],"seed_played":"7392214766781124785","potions_obtained":[{"floor":1,"key":"Weak Potion"},{"floor":11,"key":"SpeedPotion"}],"is_trial":false,"path_per_floor":["M","M","?","M","M","R","?","R","T","R","M","?","M","M"],"character_chosen":"THE_SILENT","items_purchased":[],"campfire_rested":0,"item_purchase_floors":[],"current_hp_per_floor":[59,59,48,48,43,43,43,43,43,43,43,43,7,7],"gold":357,"neow_bonus":"THREE_ENEMY_KILL","is_prod":false,"is_daily":false,"chose_seed":false,"campfire_upgraded":3,"win_rate":0,"timestamp":1542211041,"path_taken":["M","M","?","M","M","R","?","R","T","R","?","?","M","M"],"build_version":"2018-11-13","purchased_purges":0,"victory":false,"max_hp_per_floor":[66,66,66,66,66,66,66,66,66,66,66,60,60,60],"card_choices":[{"not_picked":["Concentrate","Prepared"],"picked":"Acrobatics","floor":1},{"not_picked":["Prepared","Cloak And Dagger"],"picked":"Leg Sweep","floor":2},{"not_picked":["PiercingWail","Dash"],"picked":"Masterful Stab","floor":4},{"not_picked":["Leg Sweep","Caltrops"],"picked":"Well Laid Plans","floor":5},{"not_picked":["Malaise","Prepared"],"picked":"All Out Attack","floor":11},{"not_picked":["Distraction","All Out Attack"],"picked":"Dagger Spray","floor":13}],"player_experience":1061497,"relics_obtained":[{"floor":9,"key":"Ornamental Fan"}],"event_choices":[{"damage_healed":0,"gold_gain":75,"player_choice":"Gather Gold","damage_taken":11,"max_hp_gain":0,"max_hp_loss":0,"event_name":"World of Goop","floor":3,"gold_loss":0},{"damage_healed":0,"gold_gain":0,"player_choice":"Trade","damage_taken":0,"relics_obtained":["SsserpentHead"],"max_hp_gain":0,"max_hp_loss":0,"event_name":"FaceTrader","floor":7,"gold_loss":0},{"damage_healed":0,"gold_gain":0,"player_choice":"Lose Max HP","damage_taken":0,"relics_obtained":["Golden Idol"],"max_hp_gain":0,"max_hp_loss":6,"event_name":"Golden Idol","floor":12,"gold_loss":0}],"is_beta":true,"boss_relics":[],"items_purged_floors":[],"is_endless":false,"potions_floor_spawned":[1,11,13],"killed_by":"Exordium Thugs","ascension_level":19}