{"gold_per_floor":[111,131,131,55,330,330,348,193,218,75,105,133,148,163,163,235,235,210,100,100,100,22,22,42,42,42,42,57,57,107,107],"floor_reached":31,"playtime":1128,"items_purged":["Regret","Strike_G"],"score":462,"play_id":"b77d4289-e2f4-44c9-a90e-7962af2c4203","local_time":"20181117223304","is_ascension_mode":true,"campfire_choices":[{"data":"Neutralize","floor":6,"key":"SMITH"},{"data":"Footwork","floor":15,"key":"SMITH"},{"data":"Footwork","floor":23,"key":"SMITH"},{"data":"Well Laid Plans","floor":25,"key":"SMITH"},{"data":"Prepared","floor":29,"key":"SMITH"}],"neow_cost":"NONE","seed_source_timestamp":1510023979818430,"circlet_count":0,"master_deck":["AscendersBane","Defend_G","Defend_G","Defend_G","Defend_G+1","Defend_G","Survivor","Neutralize+1","Well Laid Plans+1","Prepared+1","Footwork+1","Expertise+1","Bouncing Flask+1","Reflex","Blur","Deadly Poison","Footwork+1","Bane+1","Backflip+1","Footwork+1"],"relics":["Ring of the Snake","Art of War","War Paint","Centennial Puzzle","Odd Mushroom","Astrolabe","Thread and Needle","Bottled Lightning"],"potions_floor_usage":[12,16,31],"damage_taken":[{"damage":0,"enemies":"Cultist","floor":1,"turns":3},{"damage":3,"enemies":"Jaw Worm","floor":2,"turns":4},{"damage":7,"enemies":"Small Slimes","floor":7,"turns":5},{"damage":6,"enemies":"Lagavulin","floor":11,"turns":6},{"damage":17,"enemies":"The Mushroom Lair","floor":12,"turns":5},{"damage":1,"enemies":"Blue Slaver","floor":13,"turns":5},{"damage":5,"enemies":"Looter","floor":14,"turns":3},{"damage":8,"enemies":"The Guardian","floor":16,"turns":9},{"damage":14,"enemies":"2 Thieves","floor":18,"turns":5},{"damage":0,"enemies":"Shell Parasite","floor":24,"turns":7},{"damage":0,"enemies":"Cultist and Chosen","floor":28,"turns":9},{"damage":39,"enemies":"Gremlin Leader","floor":31,"turns":4}],"seed_played":"4491218648083774276","potions_obtained":[{"floor":1,"key":"SkillPotion"},{"floor":2,"key":"Swift Potion"},{"floor":14,"key":"Weak Potion"},{"floor":16,"key":"Regen Potion"}],"is_trial":false,"path_per_floor":["M","M","?","$","?","R","M","$","T","$","E","?","M","M","R","B",null,"M","?","$","T","$","R","M","R","T","?","M","R","?","E"],"character_chosen":"THE_SILENT","items_purchased":["Footwork","Bouncing Flask","Reflex","Footwork"],"campfire_rested":0,"item_purchase_floors":[4,8,10,22],"current_hp_per_floor":[59,56,61,61,61,61,54,54,54,54,48,31,30,25,25,17,58,44,44,44,44,44,44,44,44,44,44,44,44,44,5],"gold":107,"neow_bonus":"RANDOM_COMMON_RELIC","is_prod":false,"is_daily":false,"chose_seed":false,"campfire_upgraded":5,"win_rate":0,"timestamp":1542465184,"path_taken":["M","?","?","$","?","R","?","$","T","?","E","?","M","M","R","BOSS","M","?","$","?","?","R","?","R","T","?","M","R","?","E"],"build_version":"2018-11-15","purchased_purges":2,"victory":false,"max_hp_per_floor":[66,66,71,71,71,71,71,71,71,71,71,71,71,71,71,71,71,71,71,71,71,71,71,71,71,71,71,71,71,71,71],"card_choices":[{"not_picked":["Predator","Dash"],"picked":"Well Laid Plans","floor":1},{"not_picked":["Infinite Blades","Quick Slash"],"picked":"Prepared","floor":2},{"not_picked":["Flechettes","Outmaneuver"],"picked":"Expertise","floor":7},{"not_picked":["Deflect","Predator","Quick Slash"],"picked":"SKIP","floor":11},{"not_picked":["Poisoned Stab","Noxious Fumes"],"picked":"Blur","floor":13},{"not_picked":["Envenom","Outmaneuver"],"picked":"Deadly Poison","floor":14},{"not_picked":["Well Laid Plans","Riddle With Holes","Sucker Punch"],"picked":"SKIP","floor":18},{"not_picked":["Crippling Poison","Endless Agony","Blade Dance"],"picked":"SKIP","floor":24},{"not_picked":["Underhanded Strike","Bane","Cloak And Dagger"],"picked":"SKIP","floor":28}],"player_experience":515277,"relics_obtained":[{"floor":9,"key":"War Paint"},{"floor":11,"key":"Centennial Puzzle"},{"floor":12,"key":"Odd Mushroom"},{"floor":21,"key":"Thread and Needle"},{"floor":26,"key":"Bottled Lightning"}],"event_choices":[{"damage_healed":0,"gold_gain":0,"player_choice":"Donut","damage_taken":0,"max_hp_gain":5,"max_hp_loss":0,"event_name":"Big Fish","floor":3,"gold_loss":0},{"damage_healed":0,"gold_gain":275,"player_choice":"Desecrate","damage_taken":0,"max_hp_gain":0,"max_hp_loss":0,"event_name":"Golden Shrine","floor":5,"gold_loss":0,"cards_obtained":["Regret"]},{"damage_healed":0,"gold_gain":0,"player_choice":"Fought Mushrooms","damage_taken":0,"max_hp_gain":0,"max_hp_loss":0,"event_name":"Mushrooms","floor":12,"gold_loss":0},{"cards_removed":["Strike_G"],"damage_healed":0,"gold_gain":0,"player_choice":"Upgrade and Remove","damage_taken":0,"max_hp_gain":0,"max_hp_loss":0,"event_name":"Designer","floor":19,"gold_loss":110,"cards_upgraded":["Defend_G"]},{"damage_healed":0,"gold_gain":0,"player_choice":"Ignored","damage_taken":0,"max_hp_gain":0,"max_hp_loss":0,"event_name":"Ghosts","floor":27,"gold_loss":0},{"damage_healed":0,"gold_gain":50,"player_choice":"Pray","damage_taken":0,"max_hp_gain":0,"max_hp_loss":0,"event_name":"Golden Shrine","floor":30,"gold_loss":0}],"is_beta":true,"boss_relics":[{"not_picked":["Sozu","Snecko Eye"],"picked":"Astrolabe"}],"items_purged_floors":[8,10],"is_endless":false,"potions_floor_spawned":[1,2,14,16],"killed_by":"Gremlin Leader","ascension_level":20}