{"gold_per_floor":[112,123,140,154,24,24,51,51,51,67,14,14,30,65,65,136,186,196,96,21,41,41,75,75,87,112,112,162,32,32,62,62,133,133,151,151,101,116,133,167,167,192,192,202,302,332,245,294,294,294,294,294,294,15,44,44],"floor_reached":57,"playtime":4807,"items_purged":["Strike_G","Strike_G","Bane","Writhe","Defend_G","Strike_G+1"],"score":3422,"play_id":"71f8cae2-c356-43f7-bdda-0b24724953c8","local_time":"20190119184023","is_ascension_mode":true,"campfire_choices":[{"data":"Acrobatics","floor":6.0,"key":"SMITH"},{"data":"Neutralize","floor":8.0,"key":"SMITH"},{"data":"Flechettes","floor":12.0,"key":"SMITH"},{"data":"Tactician","floor":15.0,"key":"SMITH"},{"data":"Acrobatics","floor":24.0,"key":"SMITH"},{"data":"Terror","floor":32.0,"key":"SMITH"},{"data":"Calculated Gamble","floor":41,"key":"SMITH"},{"floor":49,"key":"RECALL"},{"data":"Reflex","floor":53,"key":"SMITH"}],"neow_cost":"PERCENT_DAMAGE","seed_source_timestamp":17960296254343,"circlet_count":0,"master_deck":["AscendersBane","Defend_G+1","Defend_G","Defend_G","Survivor+1","Neutralize+1","Tactician+1","Acrobatics+1","Infinite Blades","Flechettes+1","Acrobatics+1","Terror+1","After Image","Decay","Well Laid Plans","Shame","Normality","Pain","Backflip+1","Calculated Gamble+1","Reflex+1"],"special_seed":0,"relics":["Ring of the Snake","Darkstone Periapt","Meat on the Bone","Blue Candle","Tiny House","Paper Crane","Smiling Mask","Du-Vu Doll","Molten Egg 2","Anchor","Calling Bell","Potion Belt","Ninja Scroll","Calipers","Shovel","Frozen Egg 2","Turnip","War Paint","Ice Cream","TheAbacus","Bottled Lightning"],"potions_floor_usage":[51,56,56,56],"damage_taken":[{"damage":1.0,"enemies":"Cultist","floor":1.0,"turns":4.0},{"damage":0.0,"enemies":"2 Louse","floor":2.0,"turns":3.0},{"damage":1.0,"enemies":"Jaw Worm","floor":3.0,"turns":6.0},{"damage":2.0,"enemies":"Blue Slaver","floor":4.0,"turns":6.0},{"damage":12.0,"enemies":"Lagavulin","floor":7.0,"turns":5.0},{"damage":4.0,"enemies":"Large Slime","floor":10.0,"turns":5.0},{"damage":4.0,"enemies":"3 Louse","floor":13.0,"turns":4.0},{"damage":18.0,"enemies":"3 Sentries","floor":14.0,"turns":7.0},{"damage":23.0,"enemies":"Hexaghost","floor":16.0,"turns":9.0},{"damage":10.0,"enemies":"Spheric Guardian","floor":18.0,"turns":4.0},{"damage":3.0,"enemies":"3 Byrds","floor":21.0,"turns":5.0},{"damage":22.0,"enemies":"Book of Stabbing","floor":23.0,"turns":7.0},{"damage":1.0,"enemies":"Snake Plant","floor":25.0,"turns":3.0},{"damage":28.0,"enemies":"Slavers","floor":31.0,"turns":3.0},{"damage":2.0,"enemies":"Champ","floor":33.0,"turns":3.0},{"damage":17,"enemies":"3 Shapes","floor":35,"turns":5},{"damage":12,"enemies":"3 Darklings","floor":38,"turns":4},{"damage":4,"enemies":"Jaw Worm Horde","floor":39,"turns":3},{"damage":5,"enemies":"Giant Head","floor":40,"turns":3},{"damage":4,"enemies":"Nemesis","floor":42,"turns":3},{"damage":5,"enemies":"4 Shapes","floor":44,"turns":4},{"damage":4,"enemies":"Mind Bloom Boss Battle","floor":45,"turns":3},{"damage":4,"enemies":"Giant Head","floor":46,"turns":4},{"damage":14,"enemies":"2 Orb Walkers","floor":48,"turns":3},{"damage":4,"enemies":"Donu and Deca","floor":50,"turns":5},{"damage":6,"enemies":"Time Eater","floor":51,"turns":5},{"damage":38,"enemies":"Shield and Spear","floor":55,"turns":4},{"damage":17,"enemies":"The Heart","floor":56,"turns":6}],"seed_played":"-5672760315043058047","potions_obtained":[{"floor":1.0,"key":"GamblersBrew"},{"floor":2.0,"key":"PowerPotion"},{"floor":13.0,"key":"EssenceOfSteel"},{"floor":14.0,"key":"Swift Potion"},{"floor":17.0,"key":"PowerPotion"},{"floor":21.0,"key":"Dexterity Potion"},{"floor":23.0,"key":"Explosive Potion"},{"floor":31.0,"key":"SpeedPotion"},{"floor":33.0,"key":"PowerPotion"},{"floor":35,"key":"Ancient Potion"},{"floor":40,"key":"GamblersBrew"}],"is_trial":false,"path_per_floor":["M","M","M","M","$","R","E","R","T","M","$","R","M","E","R","B",null,"M","$","?","M","?","E","R","M","T","T","?","$","?","E","R","B",null,"M","?","$","M","M","E","R","E","T","M","?","E","$","?","R","B","B",null,"R","$","E","B",null],"character_chosen":"THE_SILENT","items_purchased":["Fire Potion","SkillPotion","Well Laid Plans","Reflex","TheAbacus"],"campfire_rested":0,"item_purchase_floors":[5,11,29,47,54],"current_hp_per_floor":[43,43,42,40,40,40,28,28,28,36,36,36,44,38,38,27,61,51,51,51,48,54,44,44,43,43,43,43,43,49,33,33,43,91,74,74,74,62,58,53,53,61,61,56,52,60,60,58,58,54,60,91,91,91,53,48],"gold":44,"neow_bonus":"TRANSFORM_TWO_CARDS","is_prod":false,"is_daily":false,"chose_seed":false,"campfire_upgraded":8,"win_rate":0,"timestamp":1547894423,"path_taken":["M","?","?","M","$","R","E","R","T","M","$","R","?","E","R","BOSS","M","$","?","?","?","E","R","M","T","?","?","$","?","E","R","BOSS","M","?","$","M","M","E","R","E","T","M","?","E","$","?","R","BOSS","BOSS","R","$","E","BOSS"],"build_version":"2019-01-17v2","purchased_purges":6,"victory":true,"max_hp_per_floor":[66,66,66,66,66,66,66,66,66,66,66,66,66,66,66,66,71,71,71,71,71,77,77,77,77,77,77,77,77,83,83,83,83,101,101,101,101,101,101,101,101,101,101,101,101,101,101,101,101,101,101,101,101,101,101,101],"card_choices":[{"not_picked":["Quick Slash","Blade Dance","Bane"],"picked":"SKIP","floor":1.0},{"not_picked":["Skewer","Backflip"],"picked":"Acrobatics","floor":2.0},{"not_picked":["Blade Dance","Slice","Endless Agony"],"picked":"SKIP","floor":3.0},{"not_picked":["Bane","Slice","Infinite Blades"],"picked":"SKIP","floor":4.0},{"not_picked":["Bane","Slice"],"picked":"Infinite Blades","floor":4.0},{"not_picked":["Prepared","Concentrate","Endless Agony"],"picked":"SKIP","floor":7.0},{"not_picked":["Doppelganger","Prepared"],"picked":"Flechettes","floor":10.0},{"not_picked":["Distraction","Reflex"],"picked":"Acrobatics","floor":13.0},{"not_picked":["Terror","Deflect","Skewer"],"picked":"SKIP","floor":14.0},{"not_picked":["Deflect","Skewer"],"picked":"Terror","floor":14.0},{"not_picked":["Wraith Form v2","Night Terror"],"picked":"After Image","floor":16.0},{"not_picked":["Leg Sweep","Concentrate","Infinite Blades"],"picked":"SKIP","floor":18.0},{"not_picked":["PiercingWail","Heel Hook","Glass Knife"],"picked":"SKIP","floor":21.0},{"not_picked":["Dodge and Roll","Outmaneuver","Flechettes"],"picked":"SKIP","floor":23.0},{"not_picked":["Deadly Poison","Blade Dance","Cloak And Dagger"],"picked":"SKIP","floor":25.0},{"not_picked":["Prepared","Dagger Spray+1","Slice+1"],"picked":"SKIP","floor":31.0},{"not_picked":["Deadly Poison","Choke+1"],"picked":"Backflip+1","floor":35},{"not_picked":["Blade Dance+1","Deadly Poison","Backflip"],"picked":"SKIP","floor":38},{"not_picked":["Adrenaline","Noxious Fumes+1"],"picked":"Calculated Gamble","floor":39},{"not_picked":["Deflect","Malaise","Footwork"],"picked":"SKIP","floor":40},{"not_picked":["PiercingWail","Choke+1","Cloak And Dagger"],"picked":"SKIP","floor":42},{"not_picked":["Tactician","Acrobatics+1","Cloak And Dagger"],"picked":"SKIP","floor":44},{"not_picked":["Blade Dance","Malaise","Catalyst"],"picked":"SKIP","floor":46},{"not_picked":["Crippling Poison","Acrobatics","Quick Slash+1"],"picked":"SKIP","floor":55}],"player_experience":2037392,"relics_obtained":[{"floor":7.0,"key":"Darkstone Periapt"},{"floor":9.0,"key":"Meat on the Bone"},{"floor":14.0,"key":"Blue Candle"},{"floor":23.0,"key":"Paper Crane"},{"floor":26.0,"key":"Smiling Mask"},{"floor":27.0,"key":"Du-Vu Doll"},{"floor":31.0,"key":"Anchor"},{"floor":34,"key":"Potion Belt"},{"floor":34,"key":"Ninja Scroll"},{"floor":34,"key":"Calipers"},{"floor":40,"key":"Shovel"},{"floor":42,"key":"Frozen Egg 2"},{"floor":45,"key":"Turnip"},{"floor":46,"key":"War Paint"},{"floor":48,"key":"Ice Cream"},{"floor":55,"key":"Bottled Lightning"}],"event_choices":[{"cards_removed":["Strike_G"],"damage_healed":0.0,"max_hp_gain":0.0,"max_hp_loss":0.0,"gold_gain":0.0,"event_name":"Designer","player_choice":"Single Remove","floor":20.0,"gold_loss":75.0,"damage_taken":0.0},{"damage_healed":0.0,"max_hp_gain":0.0,"max_hp_loss":0.0,"gold_gain":0.0,"event_name":"Forgotten Altar","player_choice":"Smashed Altar","floor":22.0,"gold_loss":0.0,"damage_taken":0.0,"cards_obtained":["Decay"]},{"damage_healed":0.0,"max_hp_gain":0.0,"max_hp_loss":0.0,"gold_gain":50.0,"event_name":"Nest","player_choice":"Stole From Cult","floor":28.0,"gold_loss":0.0,"damage_taken":0.0},{"damage_healed":0.0,"max_hp_gain":0.0,"max_hp_loss":0.0,"gold_gain":0.0,"event_name":"Addict","player_choice":"Stole Relic","floor":30.0,"gold_loss":0.0,"damage_taken":0.0,"relics_obtained":["Molten Egg 2"],"cards_obtained":["Shame"]},{"damage_healed":0,"gold_gain":0,"player_choice":"Ignored","damage_taken":0,"max_hp_gain":0,"max_hp_loss":0,"event_name":"Tomb of Lord Red Mask","floor":36,"gold_loss":0},{"damage_healed":0,"gold_gain":0,"player_choice":"Fight","damage_taken":0,"max_hp_gain":0,"max_hp_loss":0,"event_name":"MindBloom","floor":45,"gold_loss":0},{"damage_healed":0,"gold_gain":0,"player_choice":"Fight","damage_taken":0,"max_hp_gain":0,"max_hp_loss":0,"event_name":"Mysterious Sphere","floor":48,"gold_loss":0}],"is_beta":false,"boss_relics":[{"not_picked":["Orrery","Lizard Tail"],"picked":"Tiny House"},{"not_picked":["Pandora\u0027s Box","White Beast Statue"],"picked":"Calling Bell"}],"items_purged_floors":[5,19,29,37,47,54],"is_endless":false,"potions_floor_spawned":[1,2,13,14,21,23,31,33,35,40,48],"ascension_level":20}