{"gold_per_floor":[113,70,90,4,20,20,20,20,20,20,20,20],"floor_reached":12,"playtime":178,"items_purged":[],"score":132,"play_id":"c9628a76-80da-409f-9fef-0ed6b4910aff","local_time":"20190101172117","is_ascension_mode":true,"campfire_choices":[{"data":"Neutralize","floor":6,"key":"SMITH"},{"data":"Concentrate","floor":8,"key":"SMITH"},{"data":"Concentrate","floor":11,"key":"SMITH"}],"neow_cost":"NONE","seed_source_timestamp":20357355731983,"circlet_count":0,"master_deck":["AscendersBane","Defend_G","Defend_G","Defend_G","Defend_G","Defend_G","Strike_G","Strike_G","Strike_G","Strike_G","Survivor","Neutralize+1","Backflip","Concentrate+1","Concentrate+1"],"relics":["Sozu","Meat on the Bone"],"potions_floor_usage":[],"damage_taken":[{"damage":6,"enemies":"Small Slimes","floor":1,"turns":5},{"damage":0,"enemies":"2 Louse","floor":3,"turns":3},{"damage":7,"enemies":"Jaw Worm","floor":5,"turns":5},{"damage":0,"enemies":"3 Sentries","floor":12,"turns":1}],"seed_played":"-2828652608163302558","potions_obtained":[],"is_trial":false,"path_per_floor":["M","$","M","$","M","R","?","R","T","?","R","E"],"character_chosen":"THE_SILENT","items_purchased":["Concentrate","Concentrate"],"campfire_rested":0,"item_purchase_floors":[2,4],"current_hp_per_floor":[53,53,53,53,46,46,46,46,46,39,39,39],"gold":20,"neow_bonus":"BOSS_RELIC","is_prod":false,"is_daily":false,"chose_seed":false,"campfire_upgraded":3,"win_rate":0,"timestamp":1546334477,"path_taken":["M","$","M","$","M","R","?","R","T","?","R","E"],"build_version":"2018-12-20","purchased_purges":0,"victory":false,"max_hp_per_floor":[66,66,66,66,66,66,66,66,66,66,66,66],"card_choices":[{"not_picked":["Dagger Spray","Underhanded Strike"],"picked":"Backflip","floor":1},{"not_picked":["Poisoned Stab","Slice","Bane"],"picked":"SKIP","floor":3},{"not_picked":["Riddle With Holes","Cloak And Dagger","Finisher"],"picked":"SKIP","floor":5}],"player_experience":1647367,"relics_obtained":[{"floor":9,"key":"Meat on the Bone"}],"event_choices":[{"damage_healed":0,"gold_gain":0,"player_choice":"Ignored","damage_taken":0,"max_hp_gain":0,"max_hp_loss":0,"event_name":"Liars Game","floor":7,"gold_loss":0},{"cards_removed":["Strike_G"],"damage_healed":0,"gold_gain":0,"player_choice":"Card Removal","damage_taken":7,"max_hp_gain":0,"max_hp_loss":0,"event_name":"Golden Wing","floor":10,"gold_loss":0}],"is_beta":false,"boss_relics":[],"items_purged_floors":[],"is_endless":false,"potions_floor_spawned":[3,5],"killed_by":"3 Sentries","ascension_level":20}