{"gold_per_floor":[114,132,152,77,77,116,116,147,201,201,216,216,216,62,62,185,185,205,205,105,30,30,30,68,86,113,149,149,149,149,162,162,288,288,306,639,1638,1638,913,913,926,362,386,11,23,52,52,52,52,52],"floor_reached":51,"playtime":1217,"items_purged":["Defend_R","Strike_R","Strike_R","Strike_R","Defend_R"],"score":919,"play_id":"d80b9e19-21d0-4f71-ad7f-755f7107f978","local_time":"20181008203147","is_ascension_mode":true,"campfire_choices":[{"data":"Bludgeon","floor":7,"key":"SMITH"},{"floor":10,"key":"REST"},{"data":"Bash","floor":12,"key":"SMITH"},{"floor":15,"key":"REST"},{"data":"Immolate","floor":23,"key":"SMITH"},{"floor":28,"key":"REST"},{"data":"Flame Barrier","floor":30,"key":"SMITH"},{"data":"Dropkick","floor":32,"key":"SMITH"},{"data":"Clash","floor":40,"key":"SMITH"},{"data":"Inflame","floor":47,"key":"SMITH"},{"floor":49,"key":"REST"}],"neow_cost":"PERCENT_DAMAGE","seed_source_timestamp":47858044011503,"circlet_count":0,"master_deck":["Strike_R","Defend_R","Defend_R","Bash+1","Bludgeon+1","Clash","Dropkick+1","Flame Barrier+1","Clash+1","Immolate+1","Warcry+1","Necronomicurse","Warcry+1","Trip+1","Sucker Punch","Limit Break+1","Shockwave+1","Inflame+1","Limit Break+1"],"relics":["Burning Blood","Mercury Hourglass","Potion Belt","Ancient Tea Set","Toxic Egg 2","Regal Pillow","Busted Crown","Necronomicon","Lantern","Omamori","Matryoshka","Runic Dome","Bottled Flame","PrismaticShard","Pen Nib","Vajra","Sundial","Blood Vial","DollysMirror","Gremlin Horn","Smiling Mask","Letter Opener"],"potions_floor_usage":[50,50,50],"damage_taken":[{"damage":0,"enemies":"Cultist","floor":1,"turns":2},{"damage":8,"enemies":"2 Louse","floor":2,"turns":2},{"damage":2,"enemies":"Jaw Worm","floor":3,"turns":3},{"damage":31,"enemies":"Gremlin Nob","floor":6,"turns":4},{"damage":25,"enemies":"3 Sentries","floor":8,"turns":8},{"damage":0,"enemies":"3 Louse","floor":11,"turns":1},{"damage":56,"enemies":"The Guardian","floor":16,"turns":9},{"damage":0,"enemies":"3 Byrds","floor":18,"turns":4},{"damage":16,"enemies":"Book of Stabbing","floor":24,"turns":3},{"damage":0,"enemies":"Spheric Guardian","floor":25,"turns":2},{"damage":39,"enemies":"Slavers","floor":27,"turns":3},{"damage":0,"enemies":"Centurion and Healer","floor":31,"turns":2},{"damage":14,"enemies":"Automaton","floor":33,"turns":6},{"damage":0,"enemies":"3 Darklings","floor":35,"turns":1},{"damage":0,"enemies":"Orb Walker","floor":41,"turns":1},{"damage":30,"enemies":"4 Shapes","floor":45,"turns":3},{"damage":7,"enemies":"2 Orb Walkers","floor":46,"turns":2},{"damage":29,"enemies":"Time Eater","floor":50,"turns":3}],"seed_played":"1686217228450937791","potions_obtained":[{"floor":3,"key":"Ancient Potion"},{"floor":11,"key":"Block Potion"},{"floor":18,"key":"Ancient Potion"},{"floor":25,"key":"AttackPotion"},{"floor":31,"key":"EssenceOfSteel"},{"floor":35,"key":"SteroidPotion"}],"is_trial":false,"path_per_floor":["M","M","M","$","?","E","R","E","T","R","M","R","?","$","R","B",null,"M","?","$","?","$","R","E","M","T","E","R","?","R","M","R","B",null,"M","?","?","?","$","R","M","$","T","$","M","E","R","T","R","B"],"character_chosen":"IRONCLAD","items_purchased":["Regal Pillow","Bottled Flame","PrismaticShard","Pen Nib","Limit Break+1","Vajra","Shockwave+1","Inflame","DollysMirror"],"campfire_rested":4,"item_purchase_floors":[14,39,39,39,42,42,42,42,44],"current_hp_per_floor":[62,60,64,64,64,39,39,20,20,42,48,48,23,23,60,10,74,74,58,58,58,58,58,48,54,54,21,58,58,58,64,64,56,74,74,74,74,74,74,74,74,74,74,74,50,51,51,51,74,51],"gold":52,"neow_bonus":"THREE_RARE_CARDS","is_prod":false,"is_daily":false,"chose_seed":false,"campfire_upgraded":7,"win_rate":1,"timestamp":1539001907,"path_taken":["M","M","?","$","?","E","R","E","T","R","?","R","?","?","R","BOSS","M","?","?","?","$","R","E","?","T","E","R","?","R","?","R","BOSS","M","?","?","?","$","R","M","?","T","$","?","E","R","?","R","BOSS"],"build_version":"2018-10-04v2","purchased_purges":5,"victory":true,"max_hp_per_floor":[80,80,80,80,74,74,74,74,74,74,74,74,74,74,74,74,74,74,74,74,74,74,74,74,74,74,74,74,74,74,74,74,74,74,74,74,74,74,74,74,74,74,74,74,74,74,74,74,74,74],"card_choices":[{"not_picked":["Feed","Immolate"],"picked":"Bludgeon","floor":0},{"not_picked":["Rupture","Disarm"],"picked":"Clash","floor":1},{"not_picked":["Wild Strike","Thunderclap"],"picked":"Dropkick","floor":2},{"not_picked":["Iron Wave","Warcry"],"picked":"Flame Barrier","floor":3},{"not_picked":["Flex","Pommel Strike","Rampage"],"picked":"SKIP","floor":6},{"not_picked":["Flex","Clothesline"],"picked":"Clash","floor":8},{"not_picked":["Body Slam","Entrench","Iron Wave"],"picked":"SKIP","floor":11},{"not_picked":["Berserk","Dark Embrace"],"picked":"Immolate","floor":16},{"not_picked":[],"picked":"Warcry+1","floor":18},{"not_picked":["Perfected Strike+1"],"picked":"SKIP","floor":24},{"not_picked":["Inflame+1"],"picked":"SKIP","floor":25},{"not_picked":[],"picked":"Warcry+1","floor":27},{"not_picked":["Searing Blow+1"],"picked":"SKIP","floor":31},{"not_picked":["Iron Wave+1"],"picked":"SKIP","floor":35},{"not_picked":[],"picked":"Trip+1","floor":38},{"not_picked":[],"picked":"Sucker Punch","floor":41},{"not_picked":["Stack+1"],"picked":"SKIP","floor":45},{"not_picked":["Bane+1"],"picked":"SKIP","floor":46}],"player_experience":17012,"relics_obtained":[{"floor":6,"key":"Mercury Hourglass"},{"floor":8,"key":"Potion Belt"},{"floor":9,"key":"Ancient Tea Set"},{"floor":19,"key":"Necronomicon"},{"floor":24,"key":"Lantern"},{"floor":26,"key":"Omamori"},{"floor":27,"key":"Matryoshka"},{"floor":43,"key":"Sundial"},{"floor":43,"key":"Blood Vial"},{"floor":46,"key":"Gremlin Horn"},{"floor":48,"key":"Smiling Mask"},{"floor":48,"key":"Letter Opener"}],"event_choices":[{"event_name":"Golden Idol","player_choice":"Lose Max HP","floor":5,"damage_taken":0},{"event_name":"Scrap Ooze","player_choice":"success","floor":13,"damage_taken":25},{"event_name":"Cursed Tome","player_choice":"Obtained Book","floor":19,"damage_taken":0},{"event_name":"Beggar","player_choice":"Gave Gold","floor":21,"damage_taken":0},{"event_name":"Vampires","player_choice":"Ignored","floor":29,"damage_taken":0},{"event_name":"The Moai Head","player_choice":"Gave Idol","floor":36,"damage_taken":0},{"event_name":"MindBloom","player_choice":"Gold","floor":37,"damage_taken":0},{"event_name":"SensoryStone","player_choice":"Memory 1","floor":38,"damage_taken":0}],"is_beta":false,"boss_relics":[{"not_picked":["White Beast Statue","Empty Cage"],"picked":"Busted Crown"},{"not_picked":["Coffee Dripper","Runic Cube"],"picked":"Runic Dome"}],"items_purged_floors":[4,20,39,42,44],"is_endless":false,"potions_floor_spawned":[3,11,18,25,31,35,46],"ascension_level":3}