{"gold_per_floor":[115,115,115,10,10,10,40,40,40,73,89,120,18,35,35,114,114,128,107,122,122,122,122],"floor_reached":23,"playtime":1294,"items_purged":["Regret","Strike_R"],"score":501,"play_id":"9bff8eb3-3c87-42f3-b993-dbce5d9e52a8","local_time":"20190531232527","is_ascension_mode":true,"campfire_choices":[{"data":"True Grit","floor":6,"key":"SMITH"},{"data":"Bash","floor":8,"key":"SMITH"},{"data":"Shrug It Off","floor":15,"key":"SMITH"}],"neow_cost":"NONE","seed_source_timestamp":191956513079504,"circlet_count":0,"master_deck":["AscendersBane","Strike_R","Strike_R","Strike_R","Defend_R","Defend_R","Defend_R","Defend_R","Bash+1","Corruption","True Grit+1","Battle Trance","Headbutt","Spot Weakness","Shockwave","Shrug It Off+1","Juggernaut","Ghostly Armor"],"relics":["Burning Blood","Bag of Marbles","Omamori","Smiling Mask","Question Card","Centennial Puzzle","Bronze Scales","Philosopher\u0027s Stone","Nloth\u0027s Gift"],"potions_floor_usage":[16,21,23],"damage_taken":[{"damage":0,"enemies":"Small Slimes","floor":1,"turns":1},{"damage":0,"enemies":"3 Sentries","floor":7,"turns":2},{"damage":0,"enemies":"Lagavulin","floor":10,"turns":1},{"damage":1,"enemies":"2 Louse","floor":11,"turns":3},{"damage":46,"enemies":"Gremlin Nob","floor":12,"turns":4},{"damage":9,"enemies":"Jaw Worm","floor":14,"turns":3},{"damage":38,"enemies":"The Guardian","floor":16,"turns":15},{"damage":14,"enemies":"3 Byrds","floor":18,"turns":3},{"damage":22,"enemies":"2 Thieves","floor":19,"turns":5},{"damage":10,"enemies":"3 Cultists","floor":20,"turns":5},{"damage":18,"enemies":"Colosseum Slavers","floor":21,"turns":4},{"damage":20,"enemies":"Book of Stabbing","floor":23,"turns":4}],"seed_played":"-8393696007989620050","potions_obtained":[{"floor":1,"key":"Ancient Potion"},{"floor":12,"key":"EssenceOfSteel"},{"floor":14,"key":"BloodPotion"},{"floor":18,"key":"Weak Potion"}],"is_trial":false,"path_per_floor":["M","?","?","$","?","R","E","R","T","E","M","E","$","M","R","B",null,"M","M","M","?","?","E"],"character_chosen":"IRONCLAD","items_purchased":["True Grit","Shrug It Off"],"campfire_rested":0,"item_purchase_floors":[4,13],"current_hp_per_floor":[74,74,69,69,62,62,68,68,68,74,75,35,35,32,32,7,58,50,34,30,18,18,0],"gold":122,"neow_bonus":"THREE_ENEMY_KILL","is_prod":false,"is_daily":false,"chose_seed":false,"campfire_upgraded":3,"win_rate":0,"timestamp":1559337927,"path_taken":["M","?","?","$","?","R","E","R","T","E","M","E","$","M","R","BOSS","M","M","M","?","?","E"],"build_version":"2019-01-23","purchased_purges":2,"victory":false,"max_hp_per_floor":[75,75,75,75,75,75,75,75,75,75,75,75,75,75,75,75,75,75,75,75,75,75,75],"card_choices":[{"not_picked":["Second Wind","Warcry"],"picked":"Corruption","floor":1},{"not_picked":["Thunderclap","Armaments"],"picked":"Battle Trance","floor":7},{"not_picked":["Reckless Charge","Warcry","Combust"],"picked":"Headbutt","floor":10},{"not_picked":["Heavy Blade","Wild Strike","Rampage"],"picked":"Spot Weakness","floor":11},{"not_picked":["Power Through","Combust","Thunderclap"],"picked":"Shockwave","floor":12},{"not_picked":["Rage","Wild Strike","Thunderclap","True Grit"],"picked":"SKIP","floor":14},{"not_picked":["Fiend Fire","Feed","Reaper"],"picked":"Juggernaut","floor":16},{"not_picked":["Anger+1","True Grit","Seeing Red"],"picked":"Ghostly Armor","floor":18},{"not_picked":["Second Wind","Uppercut","Rupture","Heavy Blade"],"picked":"SKIP","floor":19},{"not_picked":["Pommel Strike","Seeing Red","True Grit","Body Slam"],"picked":"SKIP","floor":20}],"player_experience":629760,"relics_obtained":[{"floor":7,"key":"Smiling Mask"},{"floor":9,"key":"Question Card"},{"floor":10,"key":"Centennial Puzzle"},{"floor":12,"key":"Bronze Scales"}],"event_choices":[{"damage_healed":0,"gold_gain":0,"player_choice":"Box","damage_taken":0,"relics_obtained":["Bag of Marbles"],"max_hp_gain":0,"max_hp_loss":0,"event_name":"Big Fish","floor":2,"gold_loss":0,"cards_obtained":["Regret"]},{"damage_healed":0,"gold_gain":0,"player_choice":"Success","damage_taken":5,"relics_obtained":["Omamori"],"max_hp_gain":0,"max_hp_loss":0,"event_name":"Scrap Ooze","floor":3,"gold_loss":0},{"cards_removed":["Strike_R"],"damage_healed":0,"gold_gain":0,"player_choice":"Card Removal","damage_taken":7,"max_hp_gain":0,"max_hp_loss":0,"event_name":"Golden Wing","floor":5,"gold_loss":0},{"damage_healed":0,"gold_gain":0,"player_choice":"Fight","damage_taken":0,"max_hp_gain":0,"max_hp_loss":0,"event_name":"Colosseum","floor":21,"gold_loss":0},{"damage_healed":0,"gold_gain":0,"player_choice":"Fled From Nobs","damage_taken":0,"max_hp_gain":0,"max_hp_loss":0,"event_name":"Colosseum","floor":21,"gold_loss":0},{"damage_healed":0,"gold_gain":0,"player_choice":"Traded Relic","damage_taken":0,"relics_obtained":["Nloth\u0027s Gift"],"max_hp_gain":0,"max_hp_loss":0,"event_name":"N\u0027loth","floor":22,"relics_lost":["NeowsBlessing"],"gold_loss":0}],"is_beta":false,"boss_relics":[{"not_picked":["Astrolabe","Calling Bell"],"picked":"Philosopher\u0027s Stone"}],"items_purged_floors":[4,13],"is_endless":false,"potions_floor_spawned":[1,12,14,18,21],"killed_by":"Book of Stabbing","ascension_level":19}