{"path_per_floor":["M","?","M","M","$","E","$","R","T","?","M","E","R","?","R","B",null,"M","$","?","?","M","R","?","R","T","M","R","E","M","?","R","B",null,"M","?","?","$","$","M","M","?","T","E","M","T","R","M","R","B"],"character_chosen":"THE_SILENT","items_purchased":["Matryoshka"],"gold_per_floor":[113,63,76,91,16,46,46,46,46,121,138,168,168,168,168,264,264,275,175,90,90,103,103,103,103,128,145,145,173,183,183,183,281,281,297,297,277,28,28,41,61,413,443,473,485,485,485,499,499,499],"floor_reached":51,"campfire_rested":7,"playtime":4788,"current_hp_per_floor":[70,70,70,70,70,51,51,51,51,40,31,23,44,37,58,36,77,52,52,52,36,37,37,23,47,47,34,58,49,43,43,67,25,82,82,72,72,72,72,71,62,40,40,40,40,40,64,52,76,27],"items_purged":["Defend_G","Decay"],"gold":499,"score":601,"play_id":"71d31e6d-31ce-4732-9705-eae6f83c31eb","local_time":"20180305190808","is_prod":false,"is_daily":false,"is_ascension_mode":false,"campfire_upgraded":2,"timestamp":1520273288,"path_taken":["M","?","M","M","$","E","$","R","T","?","M","E","R","?","R","BOSS","M","$","?","?","?","R","?","R","T","M","R","E","M","?","R","BOSS","M","?","?","?","$","M","M","?","T","E","M","?","R","M","R","BOSS"],"build_version":"2018-03-01-PROD1","purchased_purges":2,"victory":true,"master_deck":["Defend_G","Defend_G","Strike_G","Strike_G","Survivor","Neutralize","Deadly Poison","Flechettes","Backflip","Calculated Gamble","Predator+1","Escape Plan","Catalyst","Doppelganger+1","Injury","Writhe","Predator+1","Necronomicurse","Dagger Spray","Outmaneuver+1","Escape Plan+1","Escape Plan+1","Burst+1","Malaise+1","Noxious Fumes+1","Tactician+1","Acrobatics+1","Madness+1","Madness+1","Deflect+1","Footwork+1","Blur+1","Bullet Time+1","Crippling Poison+1"],"max_hp_per_floor":[70,70,70,70,70,70,70,70,70,70,70,70,70,70,70,70,77,77,77,77,77,77,77,82,82,82,82,82,82,82,82,82,82,82,82,82,82,82,82,82,82,82,82,82,82,82,82,82,82,82],"relics":["Ring of the Snake","Bottled Flame","Bag of Preparation","Bottled Lightning","Toolbox","Calling Bell","Toxic Egg 2","Centennial Puzzle","Strawberry","Ginger","Necronomicon","Vajra","Oddly Smooth Stone","Astrolabe","Matryoshka","Old Coin","Lantern","Tiny Chest","Art of War","Pen Nib","Tingsha"],"card_choices":[{"not_picked":["Backflip","Acrobatics"],"picked":"Flechettes"},{"not_picked":["Dagger Spray","Distraction"],"picked":"Backflip"},{"not_picked":["Deadly Poison","Acrobatics"],"picked":"Calculated Gamble"},{"not_picked":["PiercingWail","Deadly Poison"],"picked":"Predator"},{"not_picked":["Bane","Outmaneuver"],"picked":"Escape Plan"},{"not_picked":["Cloak And Dagger","Flying Knee"],"picked":"Catalyst"},{"not_picked":["Burst","Storm of Steel"],"picked":"Doppelganger"},{"not_picked":["Flying Knee","PiercingWail"],"picked":"Predator"},{"not_picked":["Deflect","Calculated Gamble"],"picked":"Dagger Spray"},{"not_picked":["PiercingWail","Venomology"],"picked":"Outmaneuver"},{"not_picked":["PiercingWail","Deadly Poison"],"picked":"Escape Plan"},{"not_picked":["Footwork","Dagger Throw"],"picked":"Escape Plan"},{"not_picked":["Envenom","Glass Knife"],"picked":"Burst"},{"not_picked":["Deflect","Dagger Throw"],"picked":"Acrobatics"},{"not_picked":["Quick Slash","Dodge and Roll"],"picked":"Deflect"},{"not_picked":["Outmaneuver","Poisoned Stab"],"picked":"Footwork"},{"not_picked":["Dagger Spray","Deadly Poison"],"picked":"Blur"},{"not_picked":["Flechettes","Leg Sweep"],"picked":"Bullet Time"},{"not_picked":["PiercingWail","Dagger Spray"],"picked":"Crippling Poison"}],"player_experience":81025,"potions_floor_usage":[18,29,33,42,44,50,50,50],"damage_taken":[{"damage":0.0,"enemies":"Cultist","floor":1.0,"turns":4.0},{"damage":0.0,"enemies":"Jaw Worm","floor":3.0,"turns":3.0},{"damage":0.0,"enemies":"2 Louse","floor":4.0,"turns":3.0},{"damage":19.0,"enemies":"3 Sentries","floor":6.0,"turns":8.0},{"damage":9.0,"enemies":"Exordium Thugs","floor":11.0,"turns":4.0},{"damage":8.0,"enemies":"3 Sentries","floor":12.0,"turns":7.0},{"damage":22.0,"enemies":"Slime Boss","floor":16.0,"turns":8.0},{"damage":25,"enemies":"2 Thieves","floor":18,"turns":5},{"damage":3,"enemies":"Chosen","floor":22,"turns":4},{"damage":13,"enemies":"Snake Plant","floor":27,"turns":3},{"damage":9,"enemies":"Gremlin Leader","floor":29,"turns":3},{"damage":6,"enemies":"3 Cultists","floor":30,"turns":3},{"damage":42,"enemies":"Collector","floor":33,"turns":5},{"damage":0,"enemies":"Orb Walker","floor":35,"turns":3},{"damage":1,"enemies":"3 Shapes","floor":40,"turns":8},{"damage":9,"enemies":"Maw","floor":41,"turns":6},{"damage":22,"enemies":"Mysterious Sphere","floor":42,"turns":4},{"damage":0,"enemies":"Giant Head","floor":44,"turns":6},{"damage":0,"enemies":"3 Darklings","floor":45,"turns":6},{"damage":12,"enemies":"Sphere and 2 Shapes","floor":48,"turns":5},{"damage":49,"enemies":"Time Eater","floor":50,"turns":15}],"event_choices":[{"event_name":"The Cleric","player_choice":"Card Removal","floor":2.0,"damage_taken":0.0},{"event_name":"World of Goop","player_choice":"Gather Gold","floor":10.0,"damage_taken":0.0},{"event_name":"Scrap Ooze","player_choice":"success","floor":14.0,"damage_taken":7.0},{"event_name":"Addict","player_choice":"Obtained Relic","floor":20,"damage_taken":0},{"event_name":"Cursed Tome","player_choice":"Obtained Book","floor":21,"damage_taken":0},{"event_name":"Forgotten Altar","player_choice":"Shed Blood","floor":24,"damage_taken":0},{"event_name":"Drug Dealer","player_choice":"Ignored","floor":31,"damage_taken":0},{"event_name":"Winding Halls","player_choice":"Embrace Madness","floor":36,"damage_taken":0},{"event_name":"The Woman in Blue","player_choice":"Bought 1 Potion","floor":37,"damage_taken":0},{"event_name":"Mysterious Sphere","player_choice":"Fight","floor":42,"damage_taken":0}],"boss_relics":[{"not_picked":["Runic Dome","Runic Pyramid"],"picked":"Calling Bell"},{"not_picked":["Cursed Key","The Specimen"],"picked":"Astrolabe"}],"potions_floor_spawned":[1,3,6,27,33,35,44,45],"seed_played":"-915978100140183551","ascension_level":0,"is_trial":false}