{"gold_per_floor":[117,117,167,183,183,226,226,17,17,51,70,70,114,139,139,233,233,254,269,57,37,53,97,117,117],"floor_reached":25,"playtime":879,"items_purged":["Quick Slash"],"score":782,"play_id":"485c2a87-8e31-45db-8e0a-2be1b86a9e3d","local_time":"20190320162244","is_ascension_mode":true,"campfire_choices":[{"data":"Accuracy","floor":7.0,"key":"SMITH"},{"data":"Expertise","floor":15.0,"key":"SMITH"}],"neow_cost":"NONE","seed_source_timestamp":5716496347711,"circlet_count":0,"master_deck":["AscendersBane","Survivor","Neutralize","Heel Hook+1","Infinite Blades+1","Slice","Accuracy+1","Accuracy","Dodge and Roll+1","Storm of Steel+1","Expertise+1","Night Terror","Finisher","Concentrate","Acrobatics","Backflip","Well Laid Plans","Acrobatics+1"],"special_seed":0,"relics":["Pandora\u0027s Box","Golden Idol","Oddly Smooth Stone","Medical Kit","War Paint","Kunai","Boot","Philosopher\u0027s Stone","Toxic Egg 2"],"potions_floor_usage":[25],"damage_taken":[{"damage":1.0,"enemies":"Small Slimes","floor":1.0,"turns":3.0},{"damage":14.0,"enemies":"2 Louse","floor":4.0,"turns":3.0},{"damage":0.0,"enemies":"Gremlin Nob","floor":6.0,"turns":4.0},{"damage":0.0,"enemies":"Lagavulin","floor":10.0,"turns":6.0},{"damage":0.0,"enemies":"Cultist","floor":11.0,"turns":3.0},{"damage":11.0,"enemies":"Gremlin Nob","floor":13.0,"turns":3.0},{"damage":6.0,"enemies":"Exordium Wildlife","floor":14.0,"turns":4.0},{"damage":0.0,"enemies":"Hexaghost","floor":16.0,"turns":6.0},{"damage":30.0,"enemies":"3 Byrds","floor":18.0,"turns":5.0},{"damage":12.0,"enemies":"2 Thieves","floor":19.0,"turns":3.0},{"damage":0.0,"enemies":"Chosen and Byrds","floor":22.0,"turns":3.0},{"damage":0.0,"enemies":"Gremlin Leader","floor":23.0,"turns":4.0},{"damage":0.0,"enemies":"Centurion and Healer","floor":24.0,"turns":4.0},{"damage":0,"enemies":"Slavers","floor":25,"turns":3}],"seed_played":"-499070295268603133","potions_obtained":[{"floor":4.0,"key":"GhostInAJar"},{"floor":6.0,"key":"Strength Potion"},{"floor":14.0,"key":"EssenceOfSteel"},{"floor":16.0,"key":"FearPotion"},{"floor":21.0,"key":"Ancient Potion"},{"floor":22.0,"key":"Swift Potion"}],"is_trial":false,"path_per_floor":["M","?","?","M","?","E","R","$","T","E","M","$","E","M","R","B",null,"M","M","$","?","M","E","M","E"],"character_chosen":"THE_SILENT","items_purchased":["Medical Kit","Backflip","GhostInAJar"],"campfire_rested":0,"item_purchase_floors":[8,20,20],"current_hp_per_floor":[58,58,58,44,26,26,26,26,26,26,26,26,15,9,9,9,47,17,5,5,5,5,5,5,5],"gold":117,"neow_bonus":"BOSS_RELIC","is_prod":false,"is_daily":false,"chose_seed":true,"campfire_upgraded":2,"win_rate":0,"timestamp":1553070164,"path_taken":["M","?","?","?","?","E","R","?","T","E","M","$","E","M","R","BOSS","M","M","$","?","M","E","M","E"],"build_version":"2019-01-23","purchased_purges":1,"victory":false,"max_hp_per_floor":[66,60,60,60,60,60,60,60,60,60,60,60,60,60,60,60,60,60,60,60,60,60,60,60,60],"card_choices":[{"not_picked":["Flying Knee","Dodge and Roll","PiercingWail"],"picked":"SKIP","floor":1.0},{"not_picked":["Quick Slash","Riddle With Holes","Outmaneuver"],"picked":"SKIP","floor":4.0},{"not_picked":["Masterful Stab","Bouncing Flask","Dodge and Roll"],"picked":"SKIP","floor":6.0},{"not_picked":["Poisoned Stab","Prepared"],"picked":"Finisher","floor":10.0},{"not_picked":["Underhanded Strike","Sucker Punch"],"picked":"Concentrate","floor":11.0},{"not_picked":["All Out Attack","Backstab","Noxious Fumes"],"picked":"SKIP","floor":13.0},{"not_picked":["Prepared","PiercingWail"],"picked":"Acrobatics","floor":14.0},{"not_picked":["Acrobatics","Blade Dance","Slice"],"picked":"SKIP","floor":18.0},{"not_picked":["Caltrops","Prepared","Predator"],"picked":"SKIP","floor":19.0},{"not_picked":["Quick Slash+1","Outmaneuver","Cloak And Dagger"],"picked":"SKIP","floor":22.0},{"not_picked":["Skewer","Venomology"],"picked":"Well Laid Plans","floor":23.0},{"not_picked":["Bane","Masterful Stab"],"picked":"Acrobatics+1","floor":24.0}],"player_experience":3747420,"relics_obtained":[{"floor":6.0,"key":"Oddly Smooth Stone"},{"floor":9.0,"key":"War Paint"},{"floor":10.0,"key":"Kunai"},{"floor":13.0,"key":"Boot"},{"floor":23.0,"key":"Toxic Egg 2"}],"event_choices":[{"damage_healed":0.0,"max_hp_gain":0.0,"max_hp_loss":6.0,"gold_gain":0.0,"event_name":"Golden Idol","player_choice":"Lose Max HP","floor":2.0,"gold_loss":0.0,"damage_taken":0.0,"relics_obtained":["Golden Idol"]},{"damage_healed":0.0,"max_hp_gain":0.0,"max_hp_loss":0.0,"gold_gain":50.0,"event_name":"Golden Shrine","player_choice":"Pray","floor":3.0,"gold_loss":0.0,"damage_taken":0.0},{"damage_healed":0.0,"max_hp_gain":0.0,"max_hp_loss":0.0,"gold_gain":0.0,"event_name":"Shining Light","player_choice":"Entered Light","floor":5.0,"gold_loss":0.0,"damage_taken":18.0,"cards_upgraded":["Heel Hook","Infinite Blades"]},{"damage_healed":0.0,"max_hp_gain":0.0,"max_hp_loss":0.0,"gold_gain":0.0,"event_name":"The Woman in Blue","player_choice":"Bought 1 Potion","floor":21.0,"gold_loss":0.0,"damage_taken":0.0}],"is_beta":false,"boss_relics":[{"not_picked":["Lizard Tail","Runic Dome"],"picked":"Philosopher\u0027s Stone"}],"items_purged_floors":[20],"is_endless":false,"potions_floor_spawned":[4,6,14,16,18,22,23],"killed_by":"Slavers","ascension_level":20}