{"gold_per_floor":[115,115,29,29,44,72,72,72,96,115,115,147,147,172,172,172],"floor_reached":16,"playtime":319,"items_purged":[],"score":282,"play_id":"100b71a0-83e3-4650-8f8e-2cd74c707c67","local_time":"20190131152803","is_ascension_mode":true,"campfire_choices":[{"data":"Defragment","floor":8,"key":"SMITH"},{"data":"Defragment","floor":11,"key":"SMITH"},{"data":"Streamline","floor":15,"key":"SMITH"}],"neow_cost":"NONE","seed_source_timestamp":253947239601982,"circlet_count":0,"master_deck":["AscendersBane","Strike_B","Strike_B","Strike_B","Strike_B","Defend_B","Defend_B","Defend_B","Defend_B","Zap","Dualcast","Skim","Defragment+1","Undo","Defragment+1","Streamline+1","Defragment"],"relics":["Cracked Core","NeowsBlessing","Meat on the Bone","Oddly Smooth Stone","Potion Belt","Ancient Tea Set","Question Card","Vajra"],"potions_floor_usage":[12],"damage_taken":[{"damage":0,"enemies":"Cultist","floor":1,"turns":1},{"damage":0,"enemies":"2 Louse","floor":5,"turns":1},{"damage":0,"enemies":"Lagavulin","floor":6,"turns":1},{"damage":1,"enemies":"Jaw Worm","floor":10,"turns":3},{"damage":40,"enemies":"3 Sentries","floor":12,"turns":8},{"damage":14,"enemies":"Lagavulin","floor":14,"turns":6},{"damage":18,"enemies":"The Guardian","floor":16,"turns":6}],"seed_played":"-4932402155880085594","potions_obtained":[{"floor":6,"key":"Block Potion"},{"floor":12,"key":"Dexterity Potion"},{"floor":14,"key":"LiquidBronze"}],"is_trial":false,"path_per_floor":["M","T","$","?","M","E","$","R","T","M","R","E","?","E","R","B"],"character_chosen":"DEFECT","items_purchased":["Defragment"],"campfire_rested":0,"item_purchase_floors":[3],"current_hp_per_floor":[64,64,64,54,54,54,54,54,54,53,53,25,25,23,23,5],"gold":172,"neow_bonus":"THREE_ENEMY_KILL","is_prod":false,"is_daily":false,"chose_seed":false,"campfire_upgraded":3,"win_rate":0,"timestamp":1548919683,"path_taken":["M","?","$","?","M","E","$","R","T","?","R","E","?","E","R","BOSS"],"build_version":"2019-01-23","purchased_purges":0,"victory":false,"max_hp_per_floor":[71,71,71,71,71,71,71,71,71,71,71,71,71,71,71,71],"card_choices":[{"not_picked":["Rebound","Turbo"],"picked":"Skim","floor":1},{"not_picked":["Steam","Scrape"],"picked":"Undo","floor":5},{"not_picked":["Gash","Heatsinks","Auto Shields"],"picked":"SKIP","floor":6},{"not_picked":["Beam Cell","Go for the Eyes"],"picked":"Defragment","floor":10},{"not_picked":["Compile Driver","Redo"],"picked":"Streamline","floor":12},{"not_picked":["Hologram","Skim","Steam"],"picked":"Defragment","floor":14}],"player_experience":887809,"relics_obtained":[{"floor":2,"key":"Meat on the Bone"},{"floor":6,"key":"Oddly Smooth Stone"},{"floor":9,"key":"Potion Belt"},{"floor":12,"key":"Ancient Tea Set"},{"floor":14,"key":"Vajra"}],"event_choices":[{"damage_healed":0,"gold_gain":0,"player_choice":"Damaged","damage_taken":10,"max_hp_gain":0,"max_hp_loss":0,"event_name":"Wheel of Change","floor":4,"gold_loss":0},{"damage_healed":0,"gold_gain":0,"player_choice":"Searched \u00271\u0027 times","damage_taken":0,"relics_obtained":["Question Card"],"max_hp_gain":0,"max_hp_loss":0,"event_name":"Dead Adventurer","floor":13,"gold_loss":0}],"is_beta":false,"boss_relics":[],"items_purged_floors":[],"is_endless":false,"potions_floor_spawned":[6,12,14],"killed_by":"The Guardian","ascension_level":20}