{"gold_per_floor":[212,232,251,251,201,201,201,201,201,201,126,139,159,177,177,273,273,288,387,398,410,257,257,284,284,284,296,171,196,206,223,223,318,318,330,340,190,203,28,28,40,58,85,110,126,126,226,258,258,258],"floor_reached":51,"playtime":1150,"items_purged":["Defend_G","Strike_G","Defend_G","Defend_G","Strike_G"],"score":1016,"play_id":"33964316-101a-4811-818a-2bffe4419db2","local_time":"20181113103013","is_ascension_mode":false,"campfire_choices":[{"data":"Grand Finale","floor":6.0,"key":"SMITH"},{"data":"Neutralize","floor":8.0,"key":"SMITH"},{"data":"PiercingWail","floor":10.0,"key":"SMITH"},{"data":"Escape Plan","floor":15.0,"key":"SMITH"},{"floor":23.0,"key":"REST"},{"data":"Acrobatics","floor":32.0,"key":"SMITH"},{"data":"Acrobatics","floor":40.0,"key":"SMITH"},{"data":"Survivor","floor":46.0,"key":"SMITH"},{"data":"Strike_G","floor":49.0,"key":"SMITH"}],"neow_cost":"NONE","seed_source_timestamp":9153785678740,"circlet_count":0,"master_deck":["Strike_G+1","Survivor+1","Neutralize+1","PiercingWail+1","Escape Plan+1","Grand Finale+1","Acrobatics+1","Acrobatics+1"],"special_seed":0,"relics":["Ring of the Snake","Singing Bowl","Incense Burner","Empty Cage","Tough Bandages","Kunai","Shuriken","Philosopher\u0027s Stone","Centennial Puzzle","Tingsha","The Specimen","Bag of Preparation"],"potions_floor_usage":[50],"damage_taken":[{"damage":0.0,"enemies":"Small Slimes","floor":1.0,"turns":4.0},{"damage":0.0,"enemies":"2 Louse","floor":2.0,"turns":3.0},{"damage":0.0,"enemies":"Jaw Worm","floor":3.0,"turns":7.0},{"damage":0.0,"enemies":"Looter","floor":12.0,"turns":2.0},{"damage":0.0,"enemies":"Large Slime","floor":13.0,"turns":5.0},{"damage":0.0,"enemies":"2 Fungi Beasts","floor":14.0,"turns":2.0},{"damage":14.0,"enemies":"Slime Boss","floor":16.0,"turns":5.0},{"damage":15.0,"enemies":"Spheric Guardian","floor":18.0,"turns":7.0},{"damage":23.0,"enemies":"Chosen","floor":20.0,"turns":8.0},{"damage":14.0,"enemies":"Snecko","floor":21.0,"turns":7.0},{"damage":0.0,"enemies":"Slavers","floor":24.0,"turns":1.0},{"damage":0.0,"enemies":"Cultist and Chosen","floor":27.0,"turns":1.0},{"damage":0.0,"enemies":"Gremlin Leader","floor":29.0,"turns":1.0},{"damage":0.0,"enemies":"Sentry and Sphere","floor":30.0,"turns":1.0},{"damage":0.0,"enemies":"Centurion and Healer","floor":31.0,"turns":1.0},{"damage":0.0,"enemies":"Champ","floor":33.0,"turns":4.0},{"damage":0.0,"enemies":"Orb Walker","floor":35.0,"turns":1.0},{"damage":0.0,"enemies":"3 Darklings","floor":36.0,"turns":1.0},{"damage":0.0,"enemies":"Writhing Mass","floor":38.0,"turns":1.0},{"damage":0.0,"enemies":"Jaw Worm Horde","floor":41.0,"turns":1.0},{"damage":0.0,"enemies":"Transient","floor":42.0,"turns":4.0},{"damage":0.0,"enemies":"Reptomancer","floor":44.0,"turns":1.0},{"damage":0.0,"enemies":"Maw","floor":45.0,"turns":2.0},{"damage":0.0,"enemies":"Mind Bloom Boss Battle","floor":47.0,"turns":1.0},{"damage":0.0,"enemies":"Giant Head","floor":48.0,"turns":2.0},{"damage":0,"enemies":"Awakened One","floor":50,"turns":3}],"seed_played":"5631359332058309157","potions_obtained":[{"floor":1.0,"key":"Poison Potion"},{"floor":12.0,"key":"Ancient Potion"},{"floor":16.0,"key":"Strength Potion"},{"floor":27.0,"key":"EssenceOfSteel"},{"floor":30.0,"key":"Poison Potion"},{"floor":31.0,"key":"PowerPotion"}],"is_trial":false,"path_per_floor":["M","M","M","?","?","R","T","R","T","R","$","M","M","M","R","B",null,"M","?","M","M","$","R","E","?","T","M","$","E","M","M","R","B",null,"M","M","$","M","$","R","M","M","T","E","M","R","?","E","R","B",null],"character_chosen":"THE_SILENT","items_purchased":["Acrobatics"],"campfire_rested":1,"item_purchase_floors":[22],"current_hp_per_floor":[70,70,70,70,70,70,70,70,70,70,70,72,74,76,76,64,78,65,65,42,30,30,54,56,40,40,42,42,44,46,48,48,50,99,101,103,103,105,105,105,107,109,109,111,113,113,115,117,117,117],"gold":258,"neow_bonus":"HUNDRED_GOLD","is_prod":false,"is_daily":false,"chose_seed":false,"campfire_upgraded":8,"win_rate":0,"timestamp":1542076213,"path_taken":["M","M","M","?","?","R","?","R","T","R","$","M","M","M","R","BOSS","M","?","M","M","$","R","E","?","T","M","$","E","M","M","R","BOSS","M","M","$","M","$","R","M","M","T","E","M","R","?","E","R","BOSS"],"build_version":"2018-11-08","purchased_purges":5,"victory":true,"max_hp_per_floor":[70,70,70,70,70,70,70,70,70,70,70,72,74,76,76,78,78,80,80,80,82,82,82,84,89,89,91,91,93,95,97,97,99,99,101,103,103,105,105,105,107,109,109,111,113,113,115,117,117,117],"card_choices":[{"not_picked":["Eviscerate","Deflect"],"picked":"PiercingWail","floor":1.0},{"not_picked":["Choke","Cloak And Dagger"],"picked":"Escape Plan","floor":2.0},{"not_picked":["Outmaneuver","Quick Slash","Flying Knee"],"picked":"SKIP","floor":3.0},{"not_picked":["Poisoned Stab","Outmaneuver","Deadly Poison"],"picked":"Singing Bowl","floor":12.0},{"not_picked":["PiercingWail","Sucker Punch","Deflect"],"picked":"Singing Bowl","floor":13.0},{"not_picked":["Deadly Poison","Eviscerate","Flechettes"],"picked":"Singing Bowl","floor":14.0},{"not_picked":["Phantasmal Killer","Adrenaline","Envenom"],"picked":"Singing Bowl","floor":16.0},{"not_picked":["Distraction","Deflect+1","Bane"],"picked":"Singing Bowl","floor":18.0},{"not_picked":["Terror+1","Flying Knee"],"picked":"Acrobatics","floor":20.0},{"not_picked":["Deadly Poison","Cloak And Dagger+1","Reflex+1"],"picked":"Singing Bowl","floor":21.0},{"not_picked":["Dash+1","Backstab+1","Dodge and Roll"],"picked":"Singing Bowl","floor":24.0},{"not_picked":["Concentrate","Quick Slash","Flying Knee"],"picked":"Singing Bowl","floor":27.0},{"not_picked":["Dagger Throw","Underhanded Strike+1","Envenom"],"picked":"Singing Bowl","floor":29.0},{"not_picked":["Dash","Deflect","Dagger Spray"],"picked":"Singing Bowl","floor":30.0},{"not_picked":["Deflect+1","Prepared","Well Laid Plans+1"],"picked":"Singing Bowl","floor":31.0},{"not_picked":["Die Die Die","Storm of Steel","Envenom"],"picked":"Singing Bowl","floor":33.0},{"not_picked":["Dagger Spray","PiercingWail+1","Underhanded Strike"],"picked":"Singing Bowl","floor":35.0},{"not_picked":["Blade Dance","Reflex+1","Acrobatics"],"picked":"Singing Bowl","floor":36.0},{"not_picked":["Heel Hook+1","Dagger Throw+1","PiercingWail+1"],"picked":"Singing Bowl","floor":38.0},{"not_picked":["Cloak And Dagger+1","Prepared","Acrobatics+1"],"picked":"Singing Bowl","floor":41.0},{"not_picked":["Calculated Gamble+1","Phantasmal Killer","Predator"],"picked":"Singing Bowl","floor":42.0},{"not_picked":["Crippling Poison","Accuracy","Catalyst"],"picked":"Singing Bowl","floor":44.0},{"not_picked":["All Out Attack+1","Deadly Poison","Backstab+1"],"picked":"Singing Bowl","floor":45.0},{"not_picked":["Noxious Fumes","Setup","PiercingWail+1"],"picked":"Singing Bowl","floor":47.0},{"not_picked":["Quick Slash+1","Outmaneuver","Doppelganger"],"picked":"Singing Bowl","floor":48.0}],"player_experience":995104,"relics_obtained":[{"floor":7.0,"key":"Singing Bowl"},{"floor":9.0,"key":"Incense Burner"},{"floor":24.0,"key":"Tough Bandages"},{"floor":26.0,"key":"Kunai"},{"floor":29.0,"key":"Shuriken"},{"floor":43.0,"key":"Centennial Puzzle"},{"floor":44.0,"key":"Tingsha"},{"floor":47.0,"key":"The Specimen"},{"floor":48.0,"key":"Bag of Preparation"}],"event_choices":[{"damage_healed":0.0,"max_hp_gain":0.0,"max_hp_loss":0.0,"gold_gain":0.0,"cards_transformed":["Strike_G"],"event_name":"Living Wall","player_choice":"Change","floor":4.0,"gold_loss":0.0,"damage_taken":0.0,"cards_obtained":["Grand Finale"]},{"cards_removed":["Strike_G"],"damage_healed":0.0,"max_hp_gain":0.0,"max_hp_loss":0.0,"gold_gain":0.0,"event_name":"The Cleric","player_choice":"Card Removal","floor":5.0,"gold_loss":50.0,"damage_taken":0.0},{"damage_healed":0.0,"max_hp_gain":0.0,"max_hp_loss":0.0,"gold_gain":99.0,"event_name":"Nest","player_choice":"Stole From Cult","floor":19.0,"gold_loss":0.0,"damage_taken":0.0},{"damage_healed":0.0,"max_hp_gain":5.0,"max_hp_loss":0.0,"gold_gain":0.0,"event_name":"Forgotten Altar","player_choice":"Shed Blood","floor":25.0,"gold_loss":0.0,"damage_taken":21.0},{"damage_healed":0.0,"max_hp_gain":0.0,"max_hp_loss":0.0,"gold_gain":0.0,"event_name":"MindBloom","player_choice":"Fight","floor":47.0,"gold_loss":0.0,"damage_taken":0.0}],"is_beta":false,"boss_relics":[{"not_picked":["Pandora\u0027s Box","Coffee Dripper"],"picked":"Empty Cage"},{"not_picked":["Calling Bell","Cursed Key"],"picked":"Philosopher\u0027s Stone"}],"items_purged_floors":[11,22,28,37,39],"is_endless":false,"potions_floor_spawned":[1,12,16,27,30,31,38,41,42,44],"ascension_level":0}