{"gold_per_floor":[111,36,36,36,186,186,111,111,111,111,111,111,127,50,50,126,126,102,102,102,120,570,570,583,583,583,593,610,629,640,86,86,159,159,169,183,183,183,202,227,227,255,255,287,287,387,399,411,411,411,411,411,411,23,50,50],"floor_reached":56,"playtime":4410,"items_purged":["Doubt","Parasite"],"score":2106,"play_id":"e08d0db1-9f1d-4bf2-bcdd-28276d4d5ff0","local_time":"20181223130001","is_ascension_mode":true,"campfire_choices":[{"data":"Neutralize","floor":6.0,"key":"SMITH"},{"data":"Survivor","floor":8.0,"key":"SMITH"},{"data":"Defend_G","floor":12.0,"key":"SMITH"},{"data":"Footwork","floor":15.0,"key":"SMITH"},{"floor":23.0,"key":"REST"},{"floor":25.0,"key":"REST"},{"floor":32.0,"key":"REST"},{"floor":41.0,"key":"REST"},{"floor":45.0,"key":"REST"},{"floor":49.0,"key":"RECALL"},{"floor":53.0,"key":"REST"}],"neow_cost":"NONE","seed_source_timestamp":1869121887453,"circlet_count":0,"master_deck":["AscendersBane","Defend_G+1","Defend_G+1","Defend_G","Defend_G+1","Strike_G+1","Strike_G","Strike_G+1","Survivor+1","Neutralize+1","Infinite Blades","Footwork+1","Well Laid Plans","A Thousand Cuts","Well Laid Plans+1","Sucker Punch","Footwork+1","Bouncing Flask+1","Cloak And Dagger+1","Footwork","Deflect+1","Noxious Fumes","Blur","Malaise","Footwork","Dodge and Roll","Corpse Explosion+1","Blur+1","Catalyst+1","Acrobatics+1","Dodge and Roll+1","Catalyst+1","Deadly Poison+1"],"special_seed":0,"relics":["Ring of the Snake","NeowsBlessing","Blood Vial","Fusion Hammer","War Paint","Paper Crane","Sozu","Toxic Egg 2","Anchor","Art of War","Letter Opener","Pear","Torii","Snake Skull","DollysMirror","Whetstone"],"potions_floor_usage":[],"damage_taken":[{"damage":0.0,"enemies":"Jaw Worm","floor":1.0,"turns":1.0},{"damage":0.0,"enemies":"Small Slimes","floor":13.0,"turns":1.0},{"damage":0.0,"enemies":"Hexaghost","floor":16.0,"turns":1.0},{"damage":12.0,"enemies":"2 Thieves","floor":18.0,"turns":5.0},{"damage":11.0,"enemies":"Shell Parasite","floor":21.0,"turns":8.0},{"damage":8.0,"enemies":"Cultist and Chosen","floor":24.0,"turns":7.0},{"damage":22.0,"enemies":"Shelled Parasite and Fungi","floor":27.0,"turns":8.0},{"damage":14.0,"enemies":"Snecko","floor":28.0,"turns":8.0},{"damage":9.0,"enemies":"Snake Plant","floor":29.0,"turns":5.0},{"damage":0.0,"enemies":"Sentry and Sphere","floor":30.0,"turns":8.0},{"damage":5.0,"enemies":"Collector","floor":33.0,"turns":14.0},{"damage":39.0,"enemies":"3 Darklings","floor":35.0,"turns":7.0},{"damage":6.0,"enemies":"Orb Walker","floor":36.0,"turns":8.0},{"damage":0.0,"enemies":"Maw","floor":39.0,"turns":9.0},{"damage":15.0,"enemies":"Reptomancer","floor":40.0,"turns":12.0},{"damage":0.0,"enemies":"Nemesis","floor":42.0,"turns":13.0},{"damage":15.0,"enemies":"Reptomancer","floor":44.0,"turns":9.0},{"damage":0.0,"enemies":"Mind Bloom Boss Battle","floor":46.0,"turns":9.0},{"damage":0.0,"enemies":"Jaw Worm Horde","floor":47.0,"turns":4.0},{"damage":0.0,"enemies":"Spire Growth","floor":48.0,"turns":5.0},{"damage":30.0,"enemies":"Awakened One","floor":50.0,"turns":20.0},{"damage":19.0,"enemies":"Donu and Deca","floor":51.0,"turns":9.0},{"damage":55.0,"enemies":"Shield and Spear","floor":55.0,"turns":9.0},{"damage":55,"enemies":"The Heart","floor":56,"turns":2}],"seed_played":"1672183409535543680","potions_obtained":[{"floor":1.0,"key":"SteroidPotion"},{"floor":21.0,"key":"FearPotion"},{"floor":28.0,"key":"Weak Potion"},{"floor":29.0,"key":"EssenceOfSteel"},{"floor":30.0,"key":"EssenceOfSteel"}],"is_trial":false,"path_per_floor":["M","?","$","?","?","R","$","R","T","?","?","R","M","$","R","B",null,"M","?","?","M","?","R","M","R","T","M","M","M","M","$","R","B",null,"M","M","T","?","M","E","R","E","T","E","R","?","M","M","R","B","B",null,"R","$","E","B"],"character_chosen":"THE_SILENT","items_purchased":["Well Laid Plans","Paper Crane","GhostInAJar","Blur","Snake Skull","DollysMirror"],"campfire_rested":6,"item_purchase_floors":[14,31,31,31,54,54],"current_hp_per_floor":[59,59,59,64,64,64,64,64,64,29,46,46,48,48,48,50,66,56,56,56,47,5,26,20,41,41,21,9,2,4,4,24,21,56,19,15,15,15,17,4,24,26,26,23,46,48,50,52,52,24,7,60,78,78,23,0],"gold":50,"neow_bonus":"THREE_ENEMY_KILL","is_prod":false,"is_daily":false,"chose_seed":false,"campfire_upgraded":4,"win_rate":0,"timestamp":1545541201,"path_taken":["M","?","$","?","?","R","?","R","T","?","?","R","M","$","R","BOSS","M","?","?","M","?","R","M","R","T","M","M","M","M","$","R","BOSS","M","M","?","?","?","E","R","E","T","E","R","?","M","M","R","BOSS","BOSS","R","$","E","BOSS"],"build_version":"2018-12-20","purchased_purges":2,"victory":false,"max_hp_per_floor":[66,66,66,71,71,71,71,71,71,71,71,71,71,71,71,71,71,71,71,71,71,71,71,71,71,71,71,71,71,71,68,68,68,68,68,68,68,68,68,68,68,68,68,78,78,78,78,78,78,78,78,78,78,78,78,78],"card_choices":[{"not_picked":["Outmaneuver","Distraction"],"picked":"Infinite Blades","floor":1.0},{"not_picked":["Flying Knee","PiercingWail"],"picked":"Footwork","floor":13.0},{"not_picked":["Phantasmal Killer","Bullet Time"],"picked":"A Thousand Cuts","floor":16.0},{"not_picked":["Poisoned Stab","Expertise"],"picked":"Well Laid Plans+1","floor":18.0},{"not_picked":["Deadly Poison","Backflip"],"picked":"Bouncing Flask+1","floor":21.0},{"not_picked":["Tactician","Accuracy"],"picked":"Cloak And Dagger+1","floor":24.0},{"not_picked":["Slice+1","Finisher","Dagger Spray"],"picked":"SKIP","floor":27.0},{"not_picked":["Deadly Poison","Poisoned Stab"],"picked":"Footwork","floor":28.0},{"not_picked":["Caltrops","Slice"],"picked":"Deflect+1","floor":29.0},{"not_picked":["Escape Plan","Tactician"],"picked":"Noxious Fumes","floor":30.0},{"not_picked":["Glass Knife","Die Die Die"],"picked":"Malaise","floor":33.0},{"not_picked":["Bane","Dagger Throw"],"picked":"Footwork","floor":35.0},{"not_picked":["Cloak And Dagger","Eviscerate"],"picked":"Dodge and Roll","floor":36.0},{"not_picked":["Dagger Spray","Quick Slash"],"picked":"Corpse Explosion+1","floor":39.0},{"not_picked":["Cloak And Dagger+1","Poisoned Stab+1"],"picked":"Blur+1","floor":40.0},{"not_picked":["Flying Knee","Blade Dance+1","Bane"],"picked":"SKIP","floor":42.0},{"not_picked":["All Out Attack+1","Eviscerate"],"picked":"Catalyst+1","floor":44.0},{"not_picked":["Eviscerate","Venomology+1"],"picked":"Acrobatics+1","floor":47.0},{"not_picked":["Deflect+1","Quick Slash"],"picked":"Dodge and Roll+1","floor":48.0},{"not_picked":["Flying Knee","Tactician+1"],"picked":"Deadly Poison+1","floor":55.0}],"player_experience":1424277,"relics_obtained":[{"floor":26.0,"key":"War Paint"},{"floor":37.0,"key":"Toxic Egg 2"},{"floor":40.0,"key":"Anchor"},{"floor":42.0,"key":"Art of War"},{"floor":43.0,"key":"Letter Opener"},{"floor":44.0,"key":"Pear"},{"floor":46.0,"key":"Torii"},{"floor":55.0,"key":"Whetstone"}],"event_choices":[{"cards_removed":["Strike_G"],"damage_healed":0.0,"max_hp_gain":0.0,"max_hp_loss":0.0,"gold_gain":0.0,"event_name":"The Cleric","player_choice":"Card Removal","floor":2.0,"gold_loss":75.0,"damage_taken":0.0},{"damage_healed":0.0,"max_hp_gain":5.0,"max_hp_loss":0.0,"gold_gain":0.0,"event_name":"Big Fish","player_choice":"Donut","floor":4.0,"gold_loss":0.0,"damage_taken":0.0},{"damage_healed":0.0,"max_hp_gain":0.0,"max_hp_loss":0.0,"gold_gain":150.0,"event_name":"Liars Game","player_choice":"AGREE","floor":5.0,"gold_loss":0.0,"damage_taken":0.0,"cards_obtained":["Doubt"]},{"damage_healed":0.0,"max_hp_gain":0.0,"max_hp_loss":0.0,"gold_gain":0.0,"event_name":"Scrap Ooze","player_choice":"Success","floor":10.0,"gold_loss":0.0,"damage_taken":35.0,"relics_obtained":["Blood Vial"]},{"damage_healed":17.0,"max_hp_gain":0.0,"max_hp_loss":0.0,"gold_gain":0.0,"event_name":"Mushrooms","player_choice":"Healed and dodged fight","floor":11.0,"gold_loss":0.0,"damage_taken":0.0,"cards_obtained":["Parasite"]},{"damage_healed":0.0,"max_hp_gain":0.0,"max_hp_loss":0.0,"gold_gain":0.0,"cards_transformed":["Strike_G","Defend_G"],"event_name":"Drug Dealer","player_choice":"Became Test Subject","floor":19.0,"gold_loss":0.0,"damage_taken":0.0,"cards_obtained":["Sucker Punch","Footwork"]},{"damage_healed":0.0,"max_hp_gain":0.0,"max_hp_loss":0.0,"gold_gain":0.0,"event_name":"Vampires","player_choice":"Ignored","floor":20.0,"gold_loss":0.0,"damage_taken":0.0},{"damage_healed":0.0,"max_hp_gain":0.0,"max_hp_loss":0.0,"gold_gain":450.0,"event_name":"Knowing Skull","player_choice":"GOLD GOLD GOLD GOLD GOLD ","floor":22.0,"potions_obtained":[],"gold_loss":0.0,"damage_taken":42.0,"cards_obtained":[]},{"damage_healed":0.0,"max_hp_gain":0.0,"max_hp_loss":0.0,"gold_gain":0.0,"event_name":"Accursed Blacksmith","player_choice":"Forge","floor":38.0,"gold_loss":0.0,"damage_taken":0.0,"cards_upgraded":["Footwork"]},{"damage_healed":0.0,"max_hp_gain":0.0,"max_hp_loss":0.0,"gold_gain":0.0,"event_name":"MindBloom","player_choice":"Fight","floor":46.0,"gold_loss":0.0,"damage_taken":0.0}],"is_beta":false,"boss_relics":[{"not_picked":["Snecko Eye","Lizard Tail"],"picked":"Fusion Hammer"},{"not_picked":["Calling Bell","White Beast Statue"],"picked":"Sozu"}],"items_purged_floors":[7,31],"is_endless":false,"potions_floor_spawned":[1,21,28,29,30,35,40,47,48],"killed_by":"The Heart","ascension_level":20}