{"gold_per_floor":[113,10,10,10,10,10,37,47,47,47,47,47,47,60,60,135,135,145,155,0,0,0,0,0],"floor_reached":24,"playtime":452,"items_purged":[],"score":387,"play_id":"2ad9d4ab-8b00-4982-abf0-2a0816d2e7d1","local_time":"20181217171436","is_ascension_mode":true,"campfire_choices":[{"data":"Loop","floor":12.0,"key":"SMITH"},{"data":"Loop","floor":15.0,"key":"SMITH"},{"floor":23,"key":"REST"}],"neow_cost":"NONE","seed_source_timestamp":18657473989449,"circlet_count":0,"master_deck":["AscendersBane","Strike_B+1","Defend_B","Defend_B","Defend_B+1","Zap","Dualcast","Leap","Purity","Loop+1","Loop+1","Hologram","Biased Cognition","Turbo+1","Creative AI+1","Gash+1","Leap","Melter","Decay"],"special_seed":0,"relics":["Cracked Core","NeowsBlessing","Shuriken","Astrolabe"],"potions_floor_usage":[18],"damage_taken":[{"damage":0.0,"enemies":"Jaw Worm","floor":1.0,"turns":1.0},{"damage":0.0,"enemies":"Gremlin Nob","floor":7.0,"turns":1.0},{"damage":0.0,"enemies":"2 Louse","floor":8.0,"turns":1.0},{"damage":5.0,"enemies":"Small Slimes","floor":14.0,"turns":4.0},{"damage":14.0,"enemies":"Hexaghost","floor":16.0,"turns":11.0},{"damage":27,"enemies":"Shell Parasite","floor":18,"turns":5},{"damage":8,"enemies":"Chosen","floor":19,"turns":5},{"damage":51,"enemies":"Slavers","floor":24,"turns":3}],"seed_played":"4086837636938412593","potions_obtained":[{"floor":1.0,"key":"EssenceOfSteel"},{"floor":7.0,"key":"Block Potion"},{"floor":16.0,"key":"Weak Potion"},{"floor":18,"key":"Poison Potion"}],"is_trial":false,"path_per_floor":["M","$","?","$","?","?","E","M","T","$","?","R","T","M","R","B",null,"M","M","?","$","?","R","E"],"character_chosen":"DEFECT","items_purchased":["Purity"],"campfire_rested":1,"item_purchase_floors":[2],"current_hp_per_floor":[64,64,43,43,43,36,36,36,36,36,36,36,36,31,31,17,58,31,23,23,23,23,44,0],"gold":0,"neow_bonus":"THREE_ENEMY_KILL","is_prod":false,"is_daily":false,"chose_seed":false,"campfire_upgraded":2,"win_rate":0,"timestamp":1545038076,"path_taken":["M","$","?","$","?","?","E","M","T","?","?","R","?","M","R","BOSS","M","?","?","$","?","R","E"],"build_version":"2018-12-13","purchased_purges":0,"victory":false,"max_hp_per_floor":[71,71,71,71,71,71,71,71,71,71,71,71,71,71,71,71,71,71,71,71,71,71,71,71],"card_choices":[{"not_picked":["Redo","Barrage"],"picked":"Leap","floor":1.0},{"not_picked":["Streamline","Steam Power"],"picked":"Loop","floor":7.0},{"not_picked":["Chill","Steam Power"],"picked":"Loop","floor":8.0},{"not_picked":["Stack","Barrage"],"picked":"Hologram","floor":14.0},{"not_picked":["Echo Form","Buffer"],"picked":"Biased Cognition","floor":16.0},{"not_picked":["Darkness+1","Compile Driver"],"picked":"Leap","floor":18},{"not_picked":["Conserve Battery","Hello World"],"picked":"Melter","floor":19}],"player_experience":1316264,"relics_obtained":[{"floor":7.0,"key":"Shuriken"}],"event_choices":[{"damage_healed":0.0,"max_hp_gain":0.0,"max_hp_loss":0.0,"gold_gain":0.0,"event_name":"Shining Light","player_choice":"Entered Light","floor":3.0,"gold_loss":0.0,"damage_taken":21.0,"cards_upgraded":["Strike_B","Defend_B"]},{"damage_healed":0.0,"max_hp_gain":0.0,"max_hp_loss":0.0,"gold_gain":0.0,"event_name":"Liars Game","player_choice":"Ignored","floor":5.0,"gold_loss":0.0,"damage_taken":0.0},{"cards_removed":["Strike_B"],"damage_healed":0.0,"max_hp_gain":0.0,"max_hp_loss":0.0,"gold_gain":0.0,"event_name":"Golden Wing","player_choice":"Card Removal","floor":6.0,"gold_loss":0.0,"damage_taken":7.0},{"damage_healed":0.0,"max_hp_gain":0.0,"max_hp_loss":0.0,"gold_gain":0.0,"event_name":"The Cleric","player_choice":"Leave","floor":11.0,"gold_loss":0.0,"damage_taken":0.0},{"damage_healed":0,"gold_gain":0,"player_choice":"Paid Fearfully","damage_taken":0,"max_hp_gain":0,"max_hp_loss":0,"event_name":"Masked Bandits","floor":20,"gold_loss":155},{"damage_healed":0,"gold_gain":0,"player_choice":"Smashed Altar","damage_taken":0,"max_hp_gain":0,"max_hp_loss":0,"event_name":"Forgotten Altar","floor":22,"gold_loss":0,"cards_obtained":["Decay"]}],"is_beta":false,"boss_relics":[{"not_picked":["Snecko Eye","Ectoplasm"],"picked":"Astrolabe"}],"items_purged_floors":[],"is_endless":false,"potions_floor_spawned":[1,7,16,18],"killed_by":"Slavers","ascension_level":16}