{"gold_per_floor":[113,129,54,71,71,71,87,87,113,113,113,125,139,172,172,275,275,293,193,292,311,311,311,330,365,448,448,49,49,67,80,80,176,176,196,196,46,64,64,64,92,109,109,109,39,49,49,69,69,69],"floor_reached":51,"playtime":1471,"items_purged":["Strike_G","Defend_G","Defend_G","Strike_G"],"score":772,"play_id":"5cb5e760-b854-439f-b3f3-12ef4d27f8c7","local_time":"20181020125749","is_ascension_mode":false,"campfire_choices":[{"data":"Corpse Explosion","floor":6.0,"key":"SMITH"},{"data":"Neutralize","floor":8.0,"key":"SMITH"},{"data":"Wraith Form v2","floor":15.0,"key":"SMITH"},{"data":"Malaise","floor":23.0,"key":"SMITH"},{"data":"Backflip","floor":27.0,"key":"SMITH"},{"data":"Footwork","floor":32,"key":"SMITH"},{"data":"Malaise","floor":40,"key":"SMITH"},{"data":"Catalyst","floor":47,"key":"SMITH"},{"data":"Corpse Explosion","floor":49,"key":"SMITH"}],"neow_cost":"PERCENT_DAMAGE","seed_source_timestamp":8620916813906,"circlet_count":0,"master_deck":["Defend_G","Survivor","Neutralize+1","Backflip","All Out Attack","Corpse Explosion+1","Wraith Form v2+1","Backflip+1","Die Die Die","Malaise+1","Footwork+1","Malaise+1","Backflip","Deadly Poison+1","Footwork+1","Leg Sweep","Catalyst+1","Corpse Explosion+1","Crippling Poison+1"],"special_seed":0,"relics":["Ring of the Snake","Pen Nib","Strawberry","Runic Dome","Prayer Wheel","Tiny Chest","ClockworkSouvenir","Mercury Hourglass","Sozu","Molten Egg 2","Nunchaku","Omamori","Incense Burner"],"potions_floor_usage":[50,50,50],"damage_taken":[{"damage":0.0,"enemies":"Cultist","floor":1.0,"turns":4.0},{"damage":0.0,"enemies":"Jaw Worm","floor":2.0,"turns":5.0},{"damage":0.0,"enemies":"2 Louse","floor":4.0,"turns":2.0},{"damage":0.0,"enemies":"2 Fungi Beasts","floor":7.0,"turns":2.0},{"damage":1.0,"enemies":"Blue Slaver","floor":12.0,"turns":3.0},{"damage":0.0,"enemies":"Gremlin Gang","floor":13.0,"turns":1.0},{"damage":11.0,"enemies":"Lagavulin","floor":14.0,"turns":5.0},{"damage":10.0,"enemies":"The Guardian","floor":16.0,"turns":9.0},{"damage":3.0,"enemies":"Spheric Guardian","floor":18.0,"turns":6.0},{"damage":0.0,"enemies":"3 Byrds","floor":21.0,"turns":2.0},{"damage":1.0,"enemies":"Snake Plant","floor":24.0,"turns":5.0},{"damage":20.0,"enemies":"Slavers","floor":25.0,"turns":5.0},{"damage":0,"enemies":"Centurion and Healer","floor":30,"turns":4},{"damage":0,"enemies":"Sentry and Sphere","floor":31,"turns":5},{"damage":14,"enemies":"Collector","floor":33,"turns":8},{"damage":0,"enemies":"3 Shapes","floor":35,"turns":3},{"damage":4,"enemies":"3 Darklings","floor":38,"turns":2},{"damage":0,"enemies":"Mind Bloom Boss Battle","floor":39,"turns":8},{"damage":5,"enemies":"Reptomancer","floor":41,"turns":7},{"damage":0,"enemies":"Transient","floor":42,"turns":5},{"damage":0,"enemies":"Writhing Mass","floor":46,"turns":6},{"damage":5,"enemies":"Maw","floor":48,"turns":7},{"damage":0,"enemies":"Donu and Deca","floor":50,"turns":6}],"seed_played":"4363765705686453514","potions_obtained":[{"floor":1.0,"key":"PowerPotion"},{"floor":2.0,"key":"Strength Potion"},{"floor":12.0,"key":"SteroidPotion"},{"floor":16.0,"key":"Regen Potion"},{"floor":25.0,"key":"Energy Potion"},{"floor":33,"key":"Regen Potion"}],"is_trial":false,"path_per_floor":["M","M","$","M","?","R","M","R","T","?","?","M","M","E","R","B",null,"M","$","?","M","?","R","M","E","T","R","$","T","M","M","R","B",null,"M","T","$","M","?","R","E","M","T","?","$","M","R","M","R","B"],"character_chosen":"THE_SILENT","items_purchased":["Footwork","ClockworkSouvenir","Catalyst"],"campfire_rested":0,"item_purchase_floors":[28,28,45],"current_hp_per_floor":[49,49,49,49,49,49,49,49,49,54,54,53,53,49,49,39,82,79,79,79,79,79,79,78,72,72,72,72,72,72,72,72,58,82,82,82,82,78,78,78,73,73,73,73,73,73,73,68,68,82],"gold":69,"neow_bonus":"REMOVE_TWO","is_prod":false,"is_daily":false,"chose_seed":false,"campfire_upgraded":9,"win_rate":0,"timestamp":1540011469,"path_taken":["M","M","$","?","?","R","?","R","T","?","?","M","?","E","R","BOSS","M","$","?","M","?","R","M","E","T","R","$","?","M","?","R","BOSS","M","?","$","M","?","R","E","M","T","?","$","M","R","M","R","BOSS"],"build_version":"2018-10-18","purchased_purges":4,"victory":true,"max_hp_per_floor":[70,70,70,70,70,70,70,70,70,75,75,75,75,82,82,82,82,82,82,82,82,82,82,82,82,82,82,82,82,82,82,82,82,82,82,82,82,82,82,82,82,82,82,82,82,82,82,82,82,82],"card_choices":[{"not_picked":["Accuracy","Dodge and Roll"],"picked":"Backflip","floor":1.0},{"not_picked":["Dagger Throw","Distraction"],"picked":"All Out Attack","floor":2.0},{"not_picked":["Deflect","Dodge and Roll","Prepared"],"picked":"SKIP","floor":4.0},{"not_picked":["Bane","Blur","Acrobatics"],"picked":"SKIP","floor":7.0},{"not_picked":["Acrobatics","Endless Agony","Heel Hook"],"picked":"SKIP","floor":12.0},{"not_picked":["Sucker Punch","Dagger Spray"],"picked":"Backflip","floor":13.0},{"not_picked":["Skewer","Poisoned Stab"],"picked":"Die Die Die","floor":14.0},{"not_picked":["Grand Finale","Envenom"],"picked":"Malaise","floor":16.0},{"not_picked":["Choke","Quick Slash","Distraction"],"picked":"SKIP","floor":18.0},{"not_picked":["Poisoned Stab","Bane","Infinite Blades+1"],"picked":"SKIP","floor":21.0},{"not_picked":["Distraction","Caltrops","Dagger Spray"],"picked":"SKIP","floor":24.0},{"not_picked":["Prepared","Blade Dance","Dagger Throw"],"picked":"SKIP","floor":25.0},{"not_picked":["Escape Plan","Underhanded Strike","A Thousand Cuts"],"picked":"SKIP","floor":30},{"not_picked":["Blade Dance","Riddle With Holes+1","Deflect"],"picked":"SKIP","floor":30},{"not_picked":["Setup","Dagger Throw+1","Prepared"],"picked":"SKIP","floor":31},{"not_picked":["Flying Knee","Underhanded Strike","Dagger Spray+1"],"picked":"SKIP","floor":31},{"not_picked":["After Image","Envenom"],"picked":"Malaise","floor":33},{"not_picked":["Finisher+1","Underhanded Strike"],"picked":"Backflip","floor":35},{"not_picked":["Slice","Dagger Spray+1","Cloak And Dagger+1"],"picked":"SKIP","floor":35},{"not_picked":["Slice+1","Quick Slash+1"],"picked":"Deadly Poison+1","floor":38},{"not_picked":["Cloak And Dagger","Dagger Throw+1","Dagger Spray+1"],"picked":"SKIP","floor":38},{"not_picked":["Flying Knee+1","Leg Sweep+1"],"picked":"Footwork+1","floor":39},{"not_picked":["Expertise","Setup+1","Endless Agony+1"],"picked":"SKIP","floor":41},{"not_picked":["Backflip","PiercingWail"],"picked":"Leg Sweep","floor":42},{"not_picked":["Dagger Spray+1","Grand Finale+1","Outmaneuver"],"picked":"SKIP","floor":42},{"not_picked":["Blade Dance","Reflex"],"picked":"Corpse Explosion","floor":46},{"not_picked":["Blur","Skewer+1","Prepared+1"],"picked":"SKIP","floor":46},{"not_picked":["All Out Attack+1","Blade Dance"],"picked":"Crippling Poison+1","floor":48},{"not_picked":["Terror+1","Cloak And Dagger+1","Accuracy"],"picked":"SKIP","floor":48}],"player_experience":394885,"relics_obtained":[{"floor":9.0,"key":"Pen Nib"},{"floor":14.0,"key":"Strawberry"},{"floor":25.0,"key":"Prayer Wheel"},{"floor":26.0,"key":"Tiny Chest"},{"floor":29,"key":"Mercury Hourglass"},{"floor":36,"key":"Molten Egg 2"},{"floor":39,"key":"Nunchaku"},{"floor":41,"key":"Omamori"},{"floor":43,"key":"Incense Burner"}],"event_choices":[{"damage_healed":0.0,"max_hp_gain":0.0,"max_hp_loss":0.0,"gold_gain":0.0,"cards_transformed":["Defend_G"],"event_name":"Living Wall","player_choice":"Change","floor":5.0,"gold_loss":0.0,"damage_taken":0.0,"cards_obtained":["Corpse Explosion"]},{"damage_healed":0.0,"max_hp_gain":5.0,"max_hp_loss":0.0,"gold_gain":0.0,"event_name":"Big Fish","player_choice":"Donut","floor":10.0,"gold_loss":0.0,"damage_taken":0.0},{"damage_healed":0.0,"max_hp_gain":0.0,"max_hp_loss":0.0,"gold_gain":0.0,"cards_transformed":["Strike_G"],"event_name":"Transmorgrifier","player_choice":"Transformed","floor":11.0,"gold_loss":0.0,"damage_taken":0.0,"cards_obtained":["Wraith Form v2"]},{"damage_healed":0.0,"max_hp_gain":0.0,"max_hp_loss":0.0,"gold_gain":99.0,"event_name":"Nest","player_choice":"Stole From Cult","floor":20.0,"gold_loss":0.0,"damage_taken":0.0},{"cards_removed":["Strike_G"],"damage_healed":0.0,"max_hp_gain":0.0,"max_hp_loss":0.0,"gold_gain":0.0,"event_name":"Back to Basics","player_choice":"Elegance","floor":22.0,"gold_loss":0.0,"damage_taken":0.0},{"damage_healed":0,"gold_gain":0,"player_choice":"Fight","damage_taken":0,"max_hp_gain":0,"max_hp_loss":0,"event_name":"MindBloom","floor":39,"gold_loss":0},{"damage_healed":0,"gold_gain":0,"player_choice":"Memory 1","damage_taken":0,"max_hp_gain":0,"max_hp_loss":0,"event_name":"SensoryStone","floor":44,"gold_loss":0}],"is_beta":false,"boss_relics":[{"not_picked":["Calling Bell","HoveringKite"],"picked":"Runic Dome"},{"not_picked":["Pandora\u0027s Box","Philosopher\u0027s Stone"],"picked":"Sozu"}],"items_purged_floors":[3,19,28,37],"is_endless":false,"potions_floor_spawned":[1,2,12,16,21,25,33,38,41],"ascension_level":0}