{"gold_per_floor":[17,17,35,35,35,35,66,66,66,66,86,104,104,29,29,130,130,143,155,55,67,67,67,80,80,80,80,98,116,116,141,141,239,239,253,353,228,228,246,246,266,301,301,301,316,316,316,341,341,341],"floor_reached":51,"playtime":1643,"items_purged":["Strike_G","Strike_G","Outmaneuver+1"],"score":798,"play_id":"a3538e49-0ae2-4845-8cdf-4bcc76d61c67","local_time":"20190722000742","is_ascension_mode":false,"campfire_choices":[{"data":"Deadly Poison","floor":6.0,"key":"SMITH"},{"data":"Neutralize","floor":10.0,"key":"SMITH"},{"data":"Wraith Form v2","floor":13.0,"key":"SMITH"},{"data":"Survivor","floor":15.0,"key":"SMITH"},{"data":"Defend_G","floor":23.0,"key":"SMITH"},{"data":"Defend_G","floor":25.0,"key":"SMITH"},{"data":"Defend_G","floor":27.0,"key":"SMITH"},{"floor":32.0,"key":"REST"},{"data":"After Image","floor":40.0,"key":"SMITH"},{"floor":44,"key":"REST"},{"floor":46,"key":"REST"},{"floor":49,"key":"REST"}],"neow_cost":"NO_GOLD","seed_source_timestamp":31516677003405,"circlet_count":0,"master_deck":["Deadly Poison+1","Bouncing Flask+1","Wraith Form v2+1","Backflip+1","Venomology+1","Bouncing Flask+1","After Image+1","Caltrops+1","Calculated Gamble+1","Deflect+1","Catalyst+1","Night Terror+1"],"special_seed":0,"relics":["Ring of the Snake","Pen Nib","Paper Crane","Toxic Egg 2","Cursed Key","Regal Pillow","Astrolabe","Ice Cream","Oddly Smooth Stone","Nunchaku"],"potions_floor_usage":[48,50,50,50],"damage_taken":[{"damage":1.0,"enemies":"Jaw Worm","floor":1.0,"turns":6.0},{"damage":0.0,"enemies":"Cultist","floor":3.0,"turns":4.0},{"damage":25.0,"enemies":"Lagavulin","floor":7.0,"turns":9.0},{"damage":0.0,"enemies":"Small Slimes","floor":11.0,"turns":3.0},{"damage":0.0,"enemies":"Exordium Wildlife","floor":12.0,"turns":2.0},{"damage":14.0,"enemies":"The Guardian","floor":16.0,"turns":6.0},{"damage":0.0,"enemies":"Chosen","floor":18.0,"turns":5.0},{"damage":2.0,"enemies":"2 Thieves","floor":19.0,"turns":4.0},{"damage":0.0,"enemies":"Sentry and Sphere","floor":21.0,"turns":5.0},{"damage":0.0,"enemies":"Snake Plant","floor":24.0,"turns":3.0},{"damage":4.0,"enemies":"Snecko","floor":28.0,"turns":5.0},{"damage":0.0,"enemies":"Cultist and Chosen","floor":29.0,"turns":6.0},{"damage":12.0,"enemies":"Slavers","floor":31.0,"turns":6.0},{"damage":23.0,"enemies":"Champ","floor":33.0,"turns":9.0},{"damage":0.0,"enemies":"3 Darklings","floor":35.0,"turns":5.0},{"damage":0.0,"enemies":"Mind Bloom Boss Battle","floor":36.0,"turns":4.0},{"damage":1.0,"enemies":"3 Shapes","floor":39.0,"turns":5.0},{"damage":0.0,"enemies":"Transient","floor":41.0,"turns":5.0},{"damage":0.0,"enemies":"Reptomancer","floor":42.0,"turns":4.0},{"damage":0,"enemies":"Sphere and 2 Shapes","floor":45,"turns":5},{"damage":0,"enemies":"Giant Head","floor":48,"turns":3},{"damage":46,"enemies":"Awakened One","floor":50,"turns":7}],"seed_played":"-6227441901898205179","potions_obtained":[{"floor":1.0,"key":"SpeedPotion"},{"floor":11.0,"key":"Regen Potion"},{"floor":16.0,"key":"Energy Potion"},{"floor":19.0,"key":"Energy Potion"},{"floor":29.0,"key":"GamblersBrew"},{"floor":31.0,"key":"Strength Potion"},{"floor":42.0,"key":"GamblersBrew"}],"is_trial":false,"path_per_floor":["M","?","M","$","T","R","E","?","T","R","M","M","R","$","R","B",null,"M","M","$","M","?","R","M","R","T","R","M","M","?","E","R","B",null,"M","?","$","?","M","R","M","E","T","R","M","R","?","E","R","B",null],"character_chosen":"THE_SILENT","items_purchased":[],"campfire_rested":4,"item_purchase_floors":[],"current_hp_per_floor":[69,69,69,69,69,69,44,37,37,37,37,37,37,37,37,23,70,70,68,68,68,68,68,68,68,68,68,64,64,64,61,70,47,70,70,70,70,70,69,69,70,70,70,70,70,70,70,70,70,24],"gold":341,"neow_bonus":"REMOVE_TWO","is_prod":false,"is_daily":false,"chose_seed":false,"campfire_upgraded":8,"win_rate":0,"timestamp":1563725262,"path_taken":["M","?","?","?","?","R","E","?","T","R","M","M","R","$","R","BOSS","M","M","$","M","?","R","M","R","T","R","M","M","?","E","R","BOSS","M","?","$","?","M","R","M","E","T","R","M","R","?","E","R","BOSS"],"build_version":"2019-07-17","purchased_purges":3,"victory":true,"max_hp_per_floor":[70,70,70,70,70,70,70,70,70,70,70,70,70,70,70,70,70,70,70,70,70,70,70,70,70,70,70,70,70,70,70,70,70,70,70,70,70,70,70,70,70,70,70,70,70,70,70,70,70,70],"card_choices":[{"not_picked":["Distraction","Cloak And Dagger"],"picked":"Deadly Poison","floor":1.0},{"not_picked":["Prepared","Flying Knee","Expertise"],"picked":"SKIP","floor":3.0},{"not_picked":["Masterful Stab","Deflect","Poisoned Stab"],"picked":"SKIP","floor":7.0},{"not_picked":["Deadly Poison+1","Underhanded Strike"],"picked":"Bouncing Flask+1","floor":11.0},{"not_picked":["Acrobatics+1","Poisoned Stab"],"picked":"Wraith Form v2","floor":12.0},{"not_picked":["All Out Attack","Escape Plan+1","Accuracy"],"picked":"SKIP","floor":18.0},{"not_picked":["Underhanded Strike+1","Choke+1","Deflect+1"],"picked":"SKIP","floor":19.0},{"not_picked":["Terror+1","Quick Slash"],"picked":"Backflip+1","floor":21.0},{"not_picked":["Sucker Punch+1","PiercingWail+1","Quick Slash"],"picked":"SKIP","floor":24.0},{"not_picked":["Acrobatics+1","Skewer","Deadly Poison+1"],"picked":"SKIP","floor":28.0},{"not_picked":["Backflip+1","Deadly Poison+1","Glass Knife"],"picked":"SKIP","floor":29.0},{"not_picked":["Dodge and Roll+1","Flying Knee","Bouncing Flask+1"],"picked":"SKIP","floor":31.0},{"not_picked":["Dodge and Roll+1","Flying Knee"],"picked":"Bouncing Flask+1","floor":31.0},{"not_picked":["Tools of the Trade","Malaise+1"],"picked":"After Image","floor":33.0},{"not_picked":["Prepared+1","Backflip+1","All Out Attack+1"],"picked":"SKIP","floor":35.0},{"not_picked":["Cloak And Dagger+1","Calculated Gamble+1"],"picked":"Catalyst+1","floor":36.0},{"not_picked":["Dagger Spray+1","Distraction+1","Dodge and Roll+1"],"picked":"SKIP","floor":39.0},{"not_picked":["Deadly Poison+1","Endless Agony+1","Poisoned Stab"],"picked":"SKIP","floor":41.0},{"not_picked":["Deflect+1","Cloak And Dagger+1","Dodge and Roll+1"],"picked":"SKIP","floor":42.0},{"not_picked":["Dagger Spray+1","Bane+1"],"picked":"Night Terror+1","floor":45},{"not_picked":["Blade Dance+1","Flechettes","Caltrops"],"picked":"SKIP","floor":48}],"player_experience":5821021,"relics_obtained":[{"floor":5.0,"key":"Pen Nib"},{"floor":7.0,"key":"Paper Crane"},{"floor":9.0,"key":"Toxic Egg 2"},{"floor":31.0,"key":"Regal Pillow"},{"floor":36.0,"key":"Ice Cream"},{"floor":42.0,"key":"Oddly Smooth Stone"},{"floor":48,"key":"Nunchaku"}],"event_choices":[{"cards_removed":["Strike_G"],"damage_healed":0.0,"max_hp_gain":0.0,"max_hp_loss":0.0,"gold_gain":0.0,"event_name":"Wheel of Change","player_choice":"Card Removal","floor":2.0,"gold_loss":0.0,"damage_taken":0.0},{"cards_removed":["Strike_G"],"damage_healed":0.0,"max_hp_gain":0.0,"max_hp_loss":0.0,"gold_gain":0.0,"event_name":"Golden Wing","player_choice":"Card Removal","floor":8.0,"gold_loss":0.0,"damage_taken":7.0},{"damage_healed":0.0,"max_hp_gain":0.0,"max_hp_loss":0.0,"gold_gain":0.0,"event_name":"Vampires","player_choice":"Ignored","floor":22.0,"gold_loss":0.0,"damage_taken":0.0},{"damage_healed":0.0,"max_hp_gain":0.0,"max_hp_loss":0.0,"gold_gain":0.0,"cards_transformed":["Defend_G","Defend_G"],"event_name":"Drug Dealer","player_choice":"Became Test Subject","floor":30.0,"gold_loss":0.0,"damage_taken":0.0,"cards_obtained":["Outmaneuver","Venomology"]},{"damage_healed":0.0,"max_hp_gain":0.0,"max_hp_loss":0.0,"gold_gain":0.0,"event_name":"MindBloom","player_choice":"Fight","floor":36.0,"gold_loss":0.0,"damage_taken":0.0},{"damage_healed":0.0,"max_hp_gain":0.0,"max_hp_loss":0.0,"gold_gain":0.0,"event_name":"Tomb of Lord Red Mask","player_choice":"Ignored","floor":38.0,"gold_loss":0.0,"damage_taken":0.0},{"cards_removed":["Neutralize"],"damage_healed":0,"gold_gain":0,"player_choice":"Removed Attack","damage_taken":0,"max_hp_gain":0,"max_hp_loss":0,"event_name":"Falling","floor":47,"gold_loss":0}],"is_beta":false,"boss_relics":[{"not_picked":["Snecko Eye","Pandora\u0027s Box"],"picked":"Cursed Key"},{"not_picked":["Coffee Dripper","Fusion Hammer"],"picked":"Astrolabe"}],"items_purged_floors":[14,20,37],"is_endless":false,"potions_floor_spawned":[1,11,16,18,19,29,31,35,39,42],"ascension_level":0}