{"gold_per_floor":[118,43,43,57,73,103,103,122,148,148,148,176,176,195,195,295,295,311,329,348,364,381,381,391,391,418,437,536,553,553,568,568,568],"floor_reached":33,"playtime":9216,"items_purged":["Strike_R"],"score":263,"play_id":"9f28e611-ff2e-4455-8836-6bb5e5c2ff92","local_time":"20190621192933","is_ascension_mode":false,"campfire_choices":[{"data":"Searing Blow","floor":7.0,"key":"SMITH"},{"data":"Searing Blow+1","floor":11.0,"key":"SMITH"},{"data":"Searing Blow+2","floor":15.0,"key":"SMITH"},{"data":"Searing Blow+3","floor":23.0,"key":"SMITH"},{"data":"Searing Blow+4","floor":25.0,"key":"SMITH"},{"data":"Searing Blow+5","floor":30.0,"key":"SMITH"},{"data":"Searing Blow+6","floor":32.0,"key":"SMITH"}],"neow_cost":"NONE","seed_source_timestamp":17114528469067,"circlet_count":0,"master_deck":["Defend_R","Defend_R","Defend_R","Defend_R","Bash","Searing Blow+7","Second Wind","Burning Pact+1","Shockwave+1","Ghostly Armor+1","Armaments","Power Through+1"],"special_seed":0,"relics":["Burning Blood","NeowsBlessing","Red Skull","Oddly Smooth Stone","Smiling Mask","Astrolabe","Ancient Tea Set"],"potions_floor_usage":[],"damage_taken":[{"damage":0.0,"enemies":"Cultist","floor":1.0,"turns":1.0},{"damage":0.0,"enemies":"Small Slimes","floor":4.0,"turns":1.0},{"damage":0.0,"enemies":"2 Louse","floor":5.0,"turns":1.0},{"damage":35.0,"enemies":"3 Sentries","floor":6.0,"turns":10.0},{"damage":5.0,"enemies":"Looter","floor":8.0,"turns":4.0},{"damage":24.0,"enemies":"Lagavulin","floor":12.0,"turns":7.0},{"damage":12.0,"enemies":"Gremlin Gang","floor":14.0,"turns":7.0},{"damage":23.0,"enemies":"Slime Boss","floor":16.0,"turns":7.0},{"damage":1.0,"enemies":"Chosen","floor":18.0,"turns":6.0},{"damage":22.0,"enemies":"Spheric Guardian","floor":19.0,"turns":5.0},{"damage":11.0,"enemies":"Shelled Parasite and Fungi","floor":20.0,"turns":6.0},{"damage":12.0,"enemies":"Snake Plant","floor":21.0,"turns":5.0},{"damage":10.0,"enemies":"Snecko","floor":22.0,"turns":6.0},{"damage":5.0,"enemies":"Sentry and Sphere","floor":24.0,"turns":4.0},{"damage":2.0,"enemies":"3 Cultists","floor":27.0,"turns":4.0},{"damage":1.0,"enemies":"Chosen and Byrds","floor":29.0,"turns":5.0},{"damage":0.0,"enemies":"Cultist and Chosen","floor":31.0,"turns":3.0},{"damage":0,"enemies":"Collector","floor":33,"turns":1}],"seed_played":"9101181131633052093","potions_obtained":[{"floor":1.0,"key":"Ancient Potion"},{"floor":4.0,"key":"SkillPotion"},{"floor":6.0,"key":"Poison Potion"},{"floor":13.0,"key":"SkillPotion"},{"floor":22.0,"key":"GamblersBrew"},{"floor":24.0,"key":"GamblersBrew"},{"floor":31.0,"key":"SteroidPotion"}],"is_trial":false,"path_per_floor":["M","$","?","M","M","E","R","M","T","?","R","E","?","M","R","B",null,"M","M","M","M","M","R","M","R","T","M","?","M","R","M","R","B"],"character_chosen":"IRONCLAD","items_purchased":[],"campfire_rested":0,"item_purchase_floors":[],"current_hp_per_floor":[80,80,80,80,80,51,51,52,52,78,78,60,60,54,54,37,80,80,64,59,53,49,49,50,50,50,54,54,59,59,65,65,65],"gold":568,"neow_bonus":"THREE_ENEMY_KILL","is_prod":false,"is_daily":false,"chose_seed":false,"campfire_upgraded":7,"win_rate":0,"timestamp":1561116573,"path_taken":["M","?","?","M","?","E","R","M","T","?","R","E","?","M","R","BOSS","M","M","M","?","M","R","M","R","T","M","?","M","R","M","R","BOSS"],"build_version":"2019-01-23","purchased_purges":1,"victory":false,"max_hp_per_floor":[80,80,80,80,80,80,80,80,80,80,80,80,80,80,80,80,80,80,80,80,80,80,80,80,80,80,80,80,80,80,80,80,80],"card_choices":[{"not_picked":["Whirlwind","Dual Wield"],"picked":"Searing Blow","floor":1.0},{"not_picked":["Dropkick","Flex"],"picked":"Second Wind","floor":4.0},{"not_picked":["Warcry","Cleave","Clash"],"picked":"SKIP","floor":5.0},{"not_picked":["Disarm","Havoc","True Grit"],"picked":"SKIP","floor":6.0},{"not_picked":["Heavy Blade","Flex","Dual Wield"],"picked":"SKIP","floor":8.0},{"not_picked":["Twin Strike","Rampage","Clothesline"],"picked":"SKIP","floor":12.0},{"not_picked":["Reckless Charge","Immolate","Warcry"],"picked":"SKIP","floor":14.0},{"not_picked":["Havoc","Twin Strike+1","Flex"],"picked":"SKIP","floor":18.0},{"not_picked":["Iron Wave","Warcry"],"picked":"Armaments","floor":19.0},{"not_picked":["Flex","Reckless Charge","Flame Barrier+1"],"picked":"SKIP","floor":20.0},{"not_picked":["Carnage+1","Intimidate","Cleave"],"picked":"SKIP","floor":21.0},{"not_picked":["Clothesline","Headbutt","Carnage"],"picked":"SKIP","floor":22.0},{"not_picked":["Cleave","Rampage"],"picked":"Power Through+1","floor":24.0},{"not_picked":["Twin Strike+1","Combust","True Grit"],"picked":"SKIP","floor":27.0},{"not_picked":["Rage","Wild Strike","Whirlwind"],"picked":"SKIP","floor":29.0},{"not_picked":["Pommel Strike","Heavy Blade","Flame Barrier+1"],"picked":"SKIP","floor":31.0}],"player_experience":5506580,"relics_obtained":[{"floor":6.0,"key":"Red Skull"},{"floor":9.0,"key":"Oddly Smooth Stone"},{"floor":12.0,"key":"Smiling Mask"},{"floor":26.0,"key":"Ancient Tea Set"}],"event_choices":[{"cards_removed":["Strike_R"],"damage_healed":0.0,"max_hp_gain":0.0,"max_hp_loss":0.0,"gold_gain":0.0,"event_name":"Purifier","player_choice":"Purged","floor":3.0,"gold_loss":0.0,"damage_taken":0.0},{"damage_healed":26.0,"max_hp_gain":0.0,"max_hp_loss":0.0,"gold_gain":0.0,"event_name":"Big Fish","player_choice":"Banana","floor":10.0,"gold_loss":0.0,"damage_taken":0.0},{"damage_healed":0.0,"max_hp_gain":0.0,"max_hp_loss":0.0,"gold_gain":0.0,"event_name":"Lab","player_choice":"Got Potions","floor":13.0,"gold_loss":0.0,"damage_taken":0.0},{"damage_healed":0.0,"max_hp_gain":0.0,"max_hp_loss":0.0,"gold_gain":99.0,"event_name":"Nest","player_choice":"Stole From Cult","floor":28.0,"gold_loss":0.0,"damage_taken":0.0}],"is_beta":false,"boss_relics":[{"not_picked":["Runic Dome","Tiny House"],"picked":"Astrolabe"}],"items_purged_floors":[2],"is_endless":false,"potions_floor_spawned":[1,4,6,18,22,24,31],"killed_by":"Collector","ascension_level":0}