{"gold_per_floor":[364,381,398,132,142,142,171,171,171,196,210,238,250,262,262,366,366,380,380,280,290,307,342,342,342,342,355,367,392,406,439,439,534,534,547,567,371,391,401,433,462,501,560,585,697,725,737,749,761,773,785,797,365,400,400],"floor_reached":56,"playtime":2498,"items_purged":["Writhe","Strike_G","Strike_G","Strike_G"],"score":1425,"play_id":"c24e6a6a-d7de-446a-b31f-d13889afa694","local_time":"20181211131955","is_ascension_mode":false,"campfire_choices":[{"data":"Apotheosis","floor":6.0,"key":"SMITH"},{"data":"Well Laid Plans","floor":8.0,"key":"SMITH"},{"data":"Well Laid Plans","floor":15.0,"key":"SMITH"},{"data":"Caltrops","floor":24,"key":"SMITH"},{"floor":32,"key":"RECALL"},{"floor":47,"key":"REST"},{"floor":49,"key":"REST"},{"floor":52,"key":"REST"}],"neow_cost":"CURSE","seed_source_timestamp":1458320300703,"circlet_count":0,"master_deck":["Defend_G","Defend_G","Defend_G","Defend_G","Survivor","Neutralize+1","Poisoned Stab+1","Poisoned Stab","Apotheosis+1","Caltrops+1","Well Laid Plans+1","Well Laid Plans+1","Deadly Poison","Grand Finale+1","Acrobatics","Poisoned Stab+1","Predator+1","Backflip","Prepared","Escape Plan+1","Grand Finale+1","Escape Plan+1","Backflip","Tactician","Night Terror","Concentrate+1"],"special_seed":0,"relics":["Ring of the Snake","Matryoshka","Pantograph","Torii","Molten Egg 2","Lantern","Sozu","Regal Pillow","Bag of Marbles","Blood Vial","The Specimen","Fusion Hammer","MawBank","Tough Bandages","Smiling Mask","Calipers","Membership Card","Oddly Smooth Stone","Whetstone","Bottled Tornado"],"potions_floor_usage":[],"damage_taken":[{"damage":0.0,"enemies":"Jaw Worm","floor":1.0,"turns":6.0},{"damage":0.0,"enemies":"2 Louse","floor":2.0,"turns":4.0},{"damage":0.0,"enemies":"Small Slimes","floor":3.0,"turns":3.0},{"damage":4.0,"enemies":"3 Louse","floor":5.0,"turns":4.0},{"damage":0.0,"enemies":"Lagavulin","floor":7.0,"turns":8.0},{"damage":4.0,"enemies":"3 Sentries","floor":10.0,"turns":9.0},{"damage":0.0,"enemies":"Lots of Slimes","floor":11.0,"turns":4.0},{"damage":6.0,"enemies":"Gremlin Nob","floor":12.0,"turns":4.0},{"damage":10.0,"enemies":"Exordium Thugs","floor":13.0,"turns":4.0},{"damage":8.0,"enemies":"Blue Slaver","floor":14.0,"turns":3.0},{"damage":47.0,"enemies":"Slime Boss","floor":16.0,"turns":9.0},{"damage":1,"enemies":"2 Thieves","floor":18,"turns":4},{"damage":0,"enemies":"Shell Parasite","floor":21,"turns":4},{"damage":6,"enemies":"Centurion and Healer","floor":22,"turns":7},{"damage":24,"enemies":"Slavers","floor":23,"turns":3},{"damage":2,"enemies":"Chosen and Byrds","floor":27,"turns":4},{"damage":0,"enemies":"Snecko","floor":28,"turns":3},{"damage":0,"enemies":"Gremlin Leader","floor":29,"turns":4},{"damage":0,"enemies":"Sentry and Sphere","floor":30,"turns":5},{"damage":1,"enemies":"Slavers","floor":31,"turns":3},{"damage":28,"enemies":"Champ","floor":33,"turns":8},{"damage":1,"enemies":"3 Darklings","floor":35,"turns":4},{"damage":0,"enemies":"3 Shapes","floor":36,"turns":4},{"damage":15,"enemies":"3 Darklings","floor":38,"turns":4},{"damage":0,"enemies":"4 Shapes","floor":39,"turns":3},{"damage":7,"enemies":"Reptomancer","floor":40,"turns":5},{"damage":1,"enemies":"Maw","floor":41,"turns":5},{"damage":0,"enemies":"Giant Head","floor":42,"turns":5},{"damage":0,"enemies":"Sphere and 2 Shapes","floor":44,"turns":4},{"damage":0,"enemies":"Mind Bloom Boss Battle","floor":45,"turns":3},{"damage":0,"enemies":"4 Shapes","floor":46,"turns":4},{"damage":38,"enemies":"Time Eater","floor":50,"turns":11},{"damage":18,"enemies":"Shield and Spear","floor":54,"turns":5},{"damage":42,"enemies":"The Heart","floor":55,"turns":6}],"seed_played":"238820463109682917","potions_obtained":[{"floor":1.0,"key":"SkillPotion"},{"floor":5.0,"key":"AttackPotion"},{"floor":7.0,"key":"Swift Potion"},{"floor":13.0,"key":"Explosive Potion"},{"floor":14.0,"key":"EssenceOfSteel"}],"is_trial":false,"path_per_floor":["M","M","M","$","M","R","E","R","T","E","M","E","M","M","R","B",null,"M","?","$","M","M","E","R","?","T","M","M","E","M","E","R","B",null,"M","M","$","M","M","E","M","E","T","M","?","M","R","?","R","B",null,"R","$","E","B",null],"character_chosen":"THE_SILENT","items_purchased":["Apotheosis","Grand Finale+1","Membership Card","Oddly Smooth Stone","Night Terror","Whetstone"],"campfire_rested":3,"item_purchase_floors":[4,37,53,53,53,53],"current_hp_per_floor":[70,70,70,70,66,66,66,66,66,62,62,56,46,38,38,16,70,69,69,69,69,63,39,39,39,39,37,37,37,39,40,40,39,70,69,70,70,55,57,52,53,55,55,57,70,70,70,70,70,32,70,70,70,52,28],"gold":400,"neow_bonus":"TWO_FIFTY_GOLD","is_prod":false,"is_daily":false,"chose_seed":false,"campfire_upgraded":4,"win_rate":0,"timestamp":1544505595,"path_taken":["M","M","M","$","M","R","E","R","T","E","M","E","M","M","R","BOSS","M","?","$","M","M","E","R","?","T","M","?","E","M","E","R","BOSS","M","M","$","M","M","E","M","E","T","M","?","M","R","?","R","BOSS","R","$","E","BOSS"],"build_version":"2018-12-06","purchased_purges":4,"victory":true,"max_hp_per_floor":[70,70,70,70,70,70,70,70,70,70,70,70,70,70,70,70,70,70,70,70,70,70,70,70,70,70,70,70,70,70,70,70,70,70,70,70,70,70,70,70,70,70,70,70,70,70,70,70,70,70,70,70,70,70,70],"card_choices":[{"not_picked":["Quick Slash","Cloak And Dagger"],"picked":"Poisoned Stab","floor":1.0},{"not_picked":["Quick Slash","Backflip"],"picked":"Poisoned Stab","floor":2.0},{"not_picked":["Sucker Punch","Infinite Blades","Predator"],"picked":"SKIP","floor":3.0},{"not_picked":["Backflip","Dagger Spray"],"picked":"Caltrops","floor":5.0},{"not_picked":["Distraction","Outmaneuver"],"picked":"Well Laid Plans","floor":7.0},{"not_picked":["Slice","Bouncing Flask"],"picked":"Well Laid Plans","floor":10.0},{"not_picked":["Underhanded Strike+1","Dodge and Roll"],"picked":"Deadly Poison","floor":11.0},{"not_picked":["Masterful Stab+1","Flying Knee+1","Eviscerate+1"],"picked":"SKIP","floor":12.0},{"not_picked":["Slice+1","Sucker Punch+1","Dagger Spray+1"],"picked":"SKIP","floor":13.0},{"not_picked":["Dagger Throw+1","Predator+1","Dodge and Roll"],"picked":"SKIP","floor":14.0},{"not_picked":["Doppelganger","Wraith Form v2"],"picked":"Grand Finale+1","floor":16.0},{"not_picked":["Cloak And Dagger","Dagger Throw+1"],"picked":"Acrobatics","floor":18},{"not_picked":["Dagger Spray+1","Quick Slash+1"],"picked":"Backflip","floor":21},{"not_picked":["Blade Dance","Dodge and Roll+1","Masterful Stab+1"],"picked":"SKIP","floor":22},{"not_picked":["Slice+1","Endless Agony+1","Wraith Form v2"],"picked":"SKIP","floor":23},{"not_picked":["Bane+1","Underhanded Strike+1","Quick Slash+1"],"picked":"SKIP","floor":27},{"not_picked":["Deflect","Deadly Poison","Sucker Punch+1"],"picked":"SKIP","floor":28},{"not_picked":["Blur","Crippling Poison","Envenom"],"picked":"SKIP","floor":29},{"not_picked":["Deadly Poison","Skewer+1","Infinite Blades"],"picked":"SKIP","floor":30},{"not_picked":["Caltrops","Dodge and Roll","Backstab+1"],"picked":"SKIP","floor":31},{"not_picked":["Endless Agony+1","Finisher+1","Sucker Punch+1"],"picked":"SKIP","floor":35},{"not_picked":["Blade Dance","Cloak And Dagger+1"],"picked":"Escape Plan+1","floor":36},{"not_picked":["Leg Sweep","Underhanded Strike+1"],"picked":"Escape Plan+1","floor":38},{"not_picked":["Infinite Blades+1","Flying Knee+1"],"picked":"Backflip","floor":39},{"not_picked":["Reflex+1","Envenom","Outmaneuver"],"picked":"SKIP","floor":40},{"not_picked":["Slice+1","Riddle With Holes+1","Dagger Spray+1"],"picked":"SKIP","floor":41},{"not_picked":["Reflex","Cloak And Dagger+1","Flying Knee+1"],"picked":"SKIP","floor":42},{"not_picked":["Caltrops","Well Laid Plans"],"picked":"Tactician","floor":44},{"not_picked":["Deadly Poison","Blade Dance","Underhanded Strike+1"],"picked":"SKIP","floor":46},{"not_picked":["Eviscerate+1","Sucker Punch+1"],"picked":"Concentrate+1","floor":54}],"player_experience":1209283,"relics_obtained":[{"floor":7.0,"key":"Matryoshka"},{"floor":9.0,"key":"Pantograph"},{"floor":9.0,"key":"Torii"},{"floor":10.0,"key":"Molten Egg 2"},{"floor":12.0,"key":"Lantern"},{"floor":23,"key":"Regal Pillow"},{"floor":26,"key":"Bag of Marbles"},{"floor":29,"key":"Blood Vial"},{"floor":31,"key":"The Specimen"},{"floor":40,"key":"MawBank"},{"floor":42,"key":"Tough Bandages"},{"floor":43,"key":"Smiling Mask"},{"floor":45,"key":"Calipers"},{"floor":54,"key":"Bottled Tornado"}],"event_choices":[{"damage_healed":0,"gold_gain":0,"cards_transformed":["Strike_G","Strike_G"],"player_choice":"Became Test Subject","damage_taken":0,"max_hp_gain":0,"max_hp_loss":0,"event_name":"Drug Dealer","floor":19,"gold_loss":0,"cards_obtained":["Poisoned Stab","Predator"]},{"damage_healed":0,"gold_gain":0,"player_choice":"Read","damage_taken":0,"max_hp_gain":0,"max_hp_loss":0,"event_name":"The Library","floor":25,"gold_loss":0,"cards_obtained":["Prepared"]},{"damage_healed":0,"gold_gain":0,"player_choice":"Fight","damage_taken":0,"max_hp_gain":0,"max_hp_loss":0,"event_name":"MindBloom","floor":45,"gold_loss":0},{"cards_removed":["Defend_G"],"damage_healed":0,"gold_gain":0,"player_choice":"Removed Skill","damage_taken":0,"max_hp_gain":0,"max_hp_loss":0,"event_name":"Falling","floor":48,"gold_loss":0}],"is_beta":false,"boss_relics":[{"not_picked":["Tiny House","Empty Cage"],"picked":"Sozu"},{"not_picked":["Eternal Feather","Runic Dome"],"picked":"Fusion Hammer"}],"items_purged_floors":[4,20,37,53],"is_endless":false,"potions_floor_spawned":[1,5,7,13,14,22,23,30,31,33,35,40,42,45,46],"ascension_level":0}