{"gold_per_floor":[15,27,27,42,42,42,80,5,5,17,53,104,132,144,156,168],"floor_reached":16,"playtime":481,"items_purged":["Strike_R"],"score":160,"play_id":"4a197efc-c119-4a1e-8743-e2b994b6c8d5","local_time":"20180921161700","is_ascension_mode":true,"campfire_choices":[{"data":"Feed","floor":6,"key":"SMITH"},{"floor":10,"key":"REST"},{"data":"Flex","floor":15,"key":"SMITH"}],"neow_cost":"NO_GOLD","seed_source_timestamp":13456499553305,"circlet_count":0,"master_deck":["Strike_R","Strike_R","Strike_R","Strike_R","Defend_R","Defend_R","Defend_R","Defend_R","Bash","Thunderclap","Flex+1","Feed+1","Flex","Cleave"],"special_seed":0,"relics":["Burning Blood","Champion Belt","Sundial","Golden Idol","Bag of Marbles","MawBank","Blue Candle","Letter Opener"],"potions_floor_usage":[16],"damage_taken":[{"damage":1,"enemies":"Cultist","floor":1,"turns":4},{"damage":3,"enemies":"Jaw Worm","floor":2,"turns":4},{"damage":4,"enemies":"2 Louse","floor":4,"turns":4},{"damage":41,"enemies":"3 Sentries","floor":7,"turns":10},{"damage":8,"enemies":"Blue Slaver","floor":11,"turns":6},{"damage":32,"enemies":"Gremlin Nob","floor":12,"turns":5},{"damage":0,"enemies":"Exordium Wildlife","floor":13,"turns":2},{"damage":31,"enemies":"Hexaghost","floor":16,"turns":9}],"seed_played":"4912495241054919496","potions_obtained":[{"floor":7,"key":"PowerPotion"},{"floor":11,"key":"EssenceOfSteel"},{"floor":12,"key":"SteroidPotion"}],"is_trial":false,"path_per_floor":["M","M","?","M","?","R","E","$","T","R","M","E","M","T","R"],"character_chosen":"IRONCLAD","items_purchased":[],"campfire_rested":1,"item_purchase_floors":[],"current_hp_per_floor":[77,80,80,80,60,60,29,29,29,54,56,30,40,40,40,9],"gold":168,"neow_bonus":"ONE_RARE_RELIC","is_prod":false,"is_daily":false,"chose_seed":false,"campfire_upgraded":2,"win_rate":0,"timestamp":1537517820,"path_taken":["M","?","?","M","?","R","E","$","T","R","M","E","?","?","R","BOSS"],"build_version":"2018-09-20","purchased_purges":1,"victory":false,"max_hp_per_floor":[80,80,80,80,80,80,84,84,84,84,88,88,92,92,92,92],"card_choices":[{"not_picked":["Cleave","Carnage"],"picked":"Thunderclap","floor":1},{"not_picked":["Wild Strike","Havoc"],"picked":"Flex","floor":2},{"not_picked":["Entrench","Body Slam"],"picked":"Feed","floor":4},{"not_picked":["Fire Breathing","Berserk","Body Slam"],"picked":"SKIP","floor":7},{"not_picked":["Blood for Blood","Combust","Heavy Blade"],"picked":"SKIP","floor":11},{"not_picked":["Body Slam","Warcry"],"picked":"Flex","floor":12},{"not_picked":["Burning Pact","Seeing Red"],"picked":"Cleave","floor":13}],"player_experience":71330,"relics_obtained":[{"floor":3,"key":"Sundial"},{"floor":7,"key":"Bag of Marbles"},{"floor":9,"key":"MawBank"},{"floor":12,"key":"Blue Candle"},{"floor":14,"key":"Letter Opener"}],"event_choices":[{"event_name":"Wheel of Change","player_choice":"Relic","floor":3,"damage_taken":0},{"event_name":"Golden Idol","player_choice":"Take Damage","floor":5,"damage_taken":0}],"is_beta":false,"boss_relics":[],"items_purged_floors":[8],"is_endless":false,"potions_floor_spawned":[7,11,12,13],"killed_by":"Hexaghost","ascension_level":9}