{"gold_per_floor":[119,44,62,62,62,62,95,120,120,154,177,24,24,49,49,169,169,185,185,201,226,226,226,226,226,226,31,31,31,45,68,68,196,196,220,220,220,240,240,240,254,273,273,286,286,59,59,84,84,84],"floor_reached":51,"playtime":2397,"items_purged":["Strike_B","Strike_B"],"score":1039,"play_id":"9a8fb3c3-db6e-4cb7-93ef-8cf8096545dd","local_time":"20181010091039","is_ascension_mode":true,"campfire_choices":[{"floor":6,"key":"REST"},{"floor":13,"key":"REST"},{"data":"Defragment","floor":15,"key":"SMITH"},{"floor":23,"key":"REST"},{"floor":24,"key":"REST"},{"data":"Coolheaded","floor":25,"key":"SMITH"},{"data":"Coolheaded","floor":28,"key":"SMITH"},{"data":"Rainbow","floor":32,"key":"SMITH"},{"floor":40,"key":"REST"},{"floor":47,"key":"REST"},{"floor":49,"key":"REST"}],"neow_cost":"PERCENT_DAMAGE","seed_source_timestamp":1209981401579,"circlet_count":0,"master_deck":["Strike_B","Defend_B","Defend_B","Defend_B","Defend_B","Zap","Dualcast","Rainbow+1","Chill","Conserve Battery","Coolheaded+1","Defragment+1","Capacitor","Core Surge","Cold Snap+1","Glacier","Coolheaded+1","White Noise+1","Amplify+1","Core Surge","Cold Snap+1","Apotheosis+1","Redo+1","Hologram+1","BootSequence+1","Echo Form","Skim+1","Defragment+1"],"relics":["Cracked Core","Golden Idol","Pantograph","Vajra","WingedGreaves","Bronze Scales","Inserter","Toxic Egg 2","ClockworkSouvenir","Fusion Hammer","Nunchaku","Dodecahedron"],"potions_floor_usage":[10,16,19,33,42,45,50,50],"damage_taken":[{"damage":0,"enemies":"Cultist","floor":1,"turns":4},{"damage":4,"enemies":"2 Louse","floor":3,"turns":3},{"damage":17,"enemies":"Lagavulin","floor":7,"turns":7},{"damage":0,"enemies":"Small Slimes","floor":8,"turns":4},{"damage":29,"enemies":"Gremlin Nob","floor":10,"turns":5},{"damage":0,"enemies":"2 Fungi Beasts","floor":14,"turns":3},{"damage":23,"enemies":"Slime Boss","floor":16,"turns":11},{"damage":29,"enemies":"2 Thieves","floor":18,"turns":5},{"damage":15,"enemies":"Colosseum Slavers","floor":19,"turns":6},{"damage":7,"enemies":"Spheric Guardian","floor":20,"turns":4},{"damage":3,"enemies":"Centurion and Healer","floor":21,"turns":12},{"damage":3,"enemies":"Snake Plant","floor":30,"turns":5},{"damage":2,"enemies":"Sentry and Sphere","floor":31,"turns":6},{"damage":17,"enemies":"Collector","floor":33,"turns":19},{"damage":0,"enemies":"Orb Walker","floor":35,"turns":4},{"damage":23,"enemies":"3 Darklings","floor":38,"turns":6},{"damage":30,"enemies":"Mind Bloom Boss Battle","floor":39,"turns":6},{"damage":0,"enemies":"Sphere and 2 Shapes","floor":41,"turns":7},{"damage":0,"enemies":"4 Shapes","floor":42,"turns":6},{"damage":25,"enemies":"3 Darklings","floor":44,"turns":7},{"damage":0,"enemies":"Reptomancer","floor":45,"turns":2},{"damage":12,"enemies":"Sphere and 2 Shapes","floor":48,"turns":7},{"damage":0,"enemies":"Time Eater","floor":50,"turns":18}],"seed_played":"5409694082584943076","potions_obtained":[{"floor":7,"key":"Block Potion"},{"floor":10,"key":"SpeedPotion"},{"floor":21,"key":"Weak Potion"},{"floor":30,"key":"SpeedPotion"},{"floor":35,"key":"SmokeBomb"},{"floor":41,"key":"LiquidBronze"},{"floor":48,"key":"EssenceOfSteel"}],"is_trial":false,"path_per_floor":["M","$","M","$","?","R","E","M","T","E","T","$","R","M","R","B",null,"M","?","M","M","?","R","R","R","T","$","R","$","M","M","R","B",null,"M","?","?","M","?","R","M","M","T","M","M","$","R","M","R","B"],"character_chosen":"DEFECT","items_purchased":["Capacitor","Regen Potion","ClockworkSouvenir","Weak Potion","Skim+1"],"campfire_rested":7,"item_purchase_floors":[12,12,27,46,46],"current_hp_per_floor":[50,50,46,46,28,50,33,33,33,4,4,4,26,26,26,43,67,38,23,16,13,13,35,57,57,57,57,57,57,54,52,52,58,71,71,71,71,48,43,65,65,65,65,40,40,40,62,50,72,75],"gold":84,"neow_bonus":"THREE_RARE_CARDS","is_prod":false,"is_daily":false,"chose_seed":false,"campfire_upgraded":4,"win_rate":0,"timestamp":1539133839,"path_taken":["M","?","?","$","?","R","E","M","T","E","?","$","R","M","R","BOSS","M","?","?","M","?","R","R","R","T","$","R","$","M","?","R","BOSS","M","?","?","M","?","R","M","M","T","M","M","$","R","?","R","BOSS"],"build_version":"2018-10-04v2","purchased_purges":2,"victory":true,"max_hp_per_floor":[75,75,75,75,75,75,75,75,75,75,75,75,75,75,75,75,75,75,75,75,75,75,75,75,75,75,75,75,75,75,75,75,75,75,75,75,75,75,75,75,75,75,75,75,75,75,75,75,75,75],"card_choices":[{"not_picked":["Thunder Strike","Multi-Cast"],"picked":"Rainbow","floor":0},{"not_picked":["Steam","Beam Cell"],"picked":"Chill","floor":1},{"not_picked":["Compile Driver","Sweeping Beam"],"picked":"Conserve Battery","floor":3},{"not_picked":["Meteor Strike","Cold Snap","Stack"],"picked":"SKIP","floor":7},{"not_picked":["Stack","Skim"],"picked":"Coolheaded","floor":8},{"not_picked":["Heatsinks","Steam Power"],"picked":"Defragment","floor":10},{"not_picked":["Hologram","Blizzard","FTL"],"picked":"SKIP","floor":14},{"not_picked":["All For One","Meteor Strike"],"picked":"Core Surge","floor":16},{"not_picked":["Aggregate","Leap"],"picked":"Cold Snap+1","floor":18},{"not_picked":["Sweeping Beam","Reprogram"],"picked":"Glacier","floor":20},{"not_picked":["Static Discharge","Genetic Algorithm"],"picked":"Coolheaded","floor":21},{"not_picked":["Sweeping Beam","Tempest+1"],"picked":"White Noise+1","floor":30},{"not_picked":["Doom and Gloom+1","Redo+1"],"picked":"Amplify+1","floor":31},{"not_picked":["All For One","Hyperbeam"],"picked":"Core Surge","floor":33},{"not_picked":["Redo+1","Rebound+1"],"picked":"Cold Snap+1","floor":35},{"not_picked":["Mayhem","The Bomb+1"],"picked":"Apotheosis+1","floor":36},{"not_picked":["Turbo+1","Barrage"],"picked":"Redo+1","floor":38},{"not_picked":["Rebound","Streamline"],"picked":"Hologram+1","floor":39},{"not_picked":["Sweeping Beam","Go for the Eyes+1"],"picked":"BootSequence+1","floor":41},{"not_picked":["Compile Driver+1","Hologram+1","FTL"],"picked":"SKIP","floor":42},{"not_picked":["Blizzard+1","Coolheaded+1"],"picked":"Echo Form","floor":44},{"not_picked":["Streamline","Rip and Tear+1"],"picked":"Defragment+1","floor":48}],"player_experience":68872,"relics_obtained":[{"floor":7,"key":"Pantograph"},{"floor":9,"key":"Vajra"},{"floor":10,"key":"WingedGreaves"},{"floor":11,"key":"Bronze Scales"},{"floor":26,"key":"Toxic Egg 2"},{"floor":39,"key":"Nunchaku"},{"floor":43,"key":"Dodecahedron"}],"event_choices":[{"event_name":"Golden Idol","player_choice":"Take Damage","floor":5,"damage_taken":0},{"event_name":"Colosseum","player_choice":"Fight","floor":19,"damage_taken":0},{"event_name":"Colosseum","player_choice":"Fled From Nobs","floor":19,"damage_taken":0},{"event_name":"N\u0027loth","player_choice":"Ignored","floor":22,"damage_taken":0},{"event_name":"SensoryStone","player_choice":"Memory 1","floor":36,"damage_taken":0},{"event_name":"Falling","player_choice":"Removed Attack","floor":37,"damage_taken":0},{"event_name":"MindBloom","player_choice":"Fight","floor":39,"damage_taken":0}],"is_beta":false,"boss_relics":[{"not_picked":["Calling Bell","Nuclear Battery"],"picked":"Inserter"},{"not_picked":["Pandora\u0027s Box","Orrery"],"picked":"Fusion Hammer"}],"items_purged_floors":[2,46],"is_endless":false,"potions_floor_spawned":[7,10,19,21,30,35,41,48],"ascension_level":9}