{"gold_per_floor":[118,118,131,155,170,195,195,195,241,241,241,261,296,67,67,67],"floor_reached":16,"playtime":282,"items_purged":["Strike_B"],"score":266,"play_id":"82da2276-a5d2-4167-9ca8-ce9e8c6899aa","local_time":"20190605174428","is_ascension_mode":true,"campfire_choices":[{"data":"Dualcast","floor":7,"key":"SMITH"},{"data":"Darkness","floor":10,"key":"SMITH"},{"floor":15,"key":"RECALL"}],"neow_cost":"NONE","seed_source_timestamp":855127367888995,"circlet_count":0,"master_deck":["AscendersBane","Strike_B","Strike_B","Defend_B","Defend_B","Defend_B","Defend_B","Zap","Dualcast+1","Darkness+1","Reinforced Body+1","Glacier","Core Surge"],"special_seed":0,"relics":["Cracked Core","NeowsBlessing","Happy Flower","WingedGreaves","Lantern","Ornamental Fan"],"potions_floor_usage":[6],"damage_taken":[{"damage":0.0,"enemies":"2 Louse","floor":1.0,"turns":1.0},{"damage":0.0,"enemies":"Cultist","floor":3.0,"turns":1.0},{"damage":0.0,"enemies":"Jaw Worm","floor":5.0,"turns":1.0},{"damage":48,"enemies":"Gremlin Nob","floor":6,"turns":5},{"damage":5,"enemies":"2 Fungi Beasts","floor":12,"turns":3},{"damage":0,"enemies":"Lagavulin","floor":13,"turns":7},{"damage":47,"enemies":"Slime Boss","floor":16,"turns":11}],"seed_played":"-1204466012211581484","potions_obtained":[{"floor":1.0,"key":"Explosive Potion"},{"floor":5.0,"key":"EssenceOfSteel"},{"floor":6,"key":"Strength Potion"}],"is_trial":false,"path_per_floor":["M","?","M","T","M","E","R","?","T","R","?","M","E","$","R","B"],"character_chosen":"DEFECT","items_purchased":["Core Surge"],"campfire_rested":0,"item_purchase_floors":[14],"current_hp_per_floor":[64,64,64,64,64,16,16,39,39,39,39,34,34,34,34,0],"gold":67,"neow_bonus":"THREE_ENEMY_KILL","is_prod":false,"is_daily":false,"chose_seed":false,"campfire_upgraded":2,"win_rate":0,"timestamp":1559724268,"path_taken":["M","?","?","?","?","E","R","?","T","R","?","M","E","$","R","BOSS"],"build_version":"2019-01-23","purchased_purges":1,"victory":false,"max_hp_per_floor":[71,71,71,71,71,71,71,71,71,71,71,71,71,71,71,71],"card_choices":[{"not_picked":["Storm","Scrape"],"picked":"Darkness","floor":1.0},{"not_picked":["Compile Driver","Sweeping Beam","Beam Cell"],"picked":"SKIP","floor":3.0},{"not_picked":["Streamline","Force Field"],"picked":"Glacier","floor":5.0},{"not_picked":["Lockon","Rebound","Redo"],"picked":"SKIP","floor":6},{"not_picked":["Steam","Compile Driver","Reinforced Body"],"picked":"SKIP","floor":12},{"not_picked":["Beam Cell","Cold Snap","Genetic Algorithm"],"picked":"SKIP","floor":13}],"player_experience":553334,"relics_obtained":[{"floor":4.0,"key":"Happy Flower"},{"floor":6,"key":"WingedGreaves"},{"floor":9,"key":"Lantern"},{"floor":13,"key":"Ornamental Fan"}],"event_choices":[{"damage_healed":0.0,"max_hp_gain":0.0,"max_hp_loss":0.0,"gold_gain":0.0,"cards_transformed":["Strike_B"],"event_name":"Transmorgrifier","player_choice":"Transformed","floor":2.0,"gold_loss":0.0,"damage_taken":0.0,"cards_obtained":["Reinforced Body"]},{"damage_healed":23,"gold_gain":0,"player_choice":"Banana","damage_taken":0,"max_hp_gain":0,"max_hp_loss":0,"event_name":"Big Fish","floor":8,"gold_loss":0},{"damage_healed":0,"gold_gain":0,"player_choice":"Upgraded","damage_taken":0,"max_hp_gain":0,"max_hp_loss":0,"event_name":"Upgrade Shrine","floor":11,"gold_loss":0,"cards_upgraded":["Reinforced Body"]}],"is_beta":false,"boss_relics":[],"items_purged_floors":[14],"is_endless":false,"potions_floor_spawned":[1,5,6],"killed_by":"Slime Boss","ascension_level":20}