{"gold_per_floor":[112,112,37,37,50,84,84,119,149,149,22,22,38,64,64,160,160,180,180],"floor_reached":19,"playtime":540,"items_purged":["Strike_B"],"score":396,"play_id":"b811c542-767f-4f98-ba48-0a79eef6ca87","local_time":"20190513020331","is_ascension_mode":true,"campfire_choices":[{"data":"Loop","floor":7.0,"key":"SMITH"},{"data":"Blizzard","floor":12.0,"key":"SMITH"},{"data":"Dualcast","floor":15.0,"key":"SMITH"}],"neow_cost":"NONE","seed_source_timestamp":70208809385762,"circlet_count":0,"master_deck":["AscendersBane","Strike_B","Strike_B","Defend_B","Defend_B","Defend_B","Zap","Dualcast+1","Loop+1","Blizzard+1","Coolheaded+1","Seek+1","Ball Lightning","Fusion+1","Seek+1","Meteor Strike","Loop","Turbo+1","Skim+1","Undo+1"],"special_seed":0,"relics":["Cracked Core","NeowsBlessing","Toxic Egg 2","PreservedInsect","Tiny Chest","Golden Idol","Orichalcum","Orrery"],"potions_floor_usage":[16,18,19],"damage_taken":[{"damage":0.0,"enemies":"Jaw Worm","floor":1.0,"turns":1.0},{"damage":0.0,"enemies":"Small Slimes","floor":5.0,"turns":1.0},{"damage":0.0,"enemies":"Lagavulin","floor":6.0,"turns":1.0},{"damage":26.0,"enemies":"3 Sentries","floor":8.0,"turns":9.0},{"damage":0.0,"enemies":"2 Louse","floor":13.0,"turns":2.0},{"damage":26,"enemies":"The Guardian","floor":16,"turns":13},{"damage":23,"enemies":"Chosen","floor":18,"turns":7},{"damage":7,"enemies":"3 Byrds","floor":19,"turns":3}],"seed_played":"-7956229016036979092","potions_obtained":[{"floor":5.0,"key":"Explosive Potion"},{"floor":8.0,"key":"EssenceOfSteel"},{"floor":16,"key":"Block Potion"},{"floor":18,"key":"SkillPotion"}],"is_trial":false,"path_per_floor":["M","?","?","$","M","E","R","E","T","?","$","R","M","T","R","B",null,"M","M"],"character_chosen":"DEFECT","items_purchased":["Ball Lightning"],"campfire_rested":0,"item_purchase_floors":[11],"current_hp_per_floor":[64,57,57,57,57,57,57,31,31,31,31,31,31,31,31,5,49,26,19],"gold":180,"neow_bonus":"THREE_ENEMY_KILL","is_prod":false,"is_daily":false,"chose_seed":false,"campfire_upgraded":3,"win_rate":0,"timestamp":1557684211,"path_taken":["M","?","?","?","M","E","R","E","T","?","$","R","M","?","R","BOSS","M","M"],"build_version":"2019-01-23","purchased_purges":1,"victory":false,"max_hp_per_floor":[71,71,71,71,71,71,71,71,71,64,64,64,64,64,64,64,64,64,64],"card_choices":[{"not_picked":["Compile Driver","Streamline"],"picked":"Loop","floor":1.0},{"not_picked":["Steam","Turbo"],"picked":"Blizzard","floor":5.0},{"not_picked":["Redo","Meteor Strike"],"picked":"Coolheaded","floor":6.0},{"not_picked":["Beam Cell","Capacitor"],"picked":"Seek+1","floor":8.0},{"not_picked":["Tempest+1","Gash"],"picked":"Fusion+1","floor":13.0},{"not_picked":["All For One","Echo Form"],"picked":"Seek+1","floor":16},{"not_picked":["Beam Cell","Rebound"],"picked":"Meteor Strike","floor":17},{"not_picked":["Darkness+1","Gash"],"picked":"Loop","floor":17},{"not_picked":["Go for the Eyes","Rebound"],"picked":"Turbo+1","floor":17},{"not_picked":["Beam Cell","Steam Power+1"],"picked":"Skim+1","floor":17},{"not_picked":["Genetic Algorithm+1","Compile Driver"],"picked":"Undo+1","floor":17},{"not_picked":["Scrape","Beam Cell","Capacitor"],"picked":"SKIP","floor":18}],"player_experience":4720723,"relics_obtained":[{"floor":6.0,"key":"Toxic Egg 2"},{"floor":8.0,"key":"PreservedInsect"},{"floor":9.0,"key":"Tiny Chest"},{"floor":14.0,"key":"Orichalcum"}],"event_choices":[{"cards_removed":["Strike_B"],"damage_healed":0.0,"max_hp_gain":0.0,"max_hp_loss":0.0,"gold_gain":0.0,"event_name":"Golden Wing","player_choice":"Card Removal","floor":2.0,"gold_loss":0.0,"damage_taken":7.0},{"cards_removed":["Defend_B"],"damage_healed":0.0,"max_hp_gain":0.0,"max_hp_loss":0.0,"gold_gain":0.0,"event_name":"The Cleric","player_choice":"Card Removal","floor":3.0,"gold_loss":75.0,"damage_taken":0.0},{"damage_healed":0.0,"max_hp_gain":0.0,"max_hp_loss":7.0,"gold_gain":0.0,"event_name":"Golden Idol","player_choice":"Lose Max HP","floor":10.0,"gold_loss":0.0,"damage_taken":0.0,"relics_obtained":["Golden Idol"]}],"is_beta":false,"boss_relics":[{"not_picked":["Nuclear Battery","Cursed Key"],"picked":"Orrery"}],"items_purged_floors":[11],"is_endless":false,"potions_floor_spawned":[5,8,16,18],"killed_by":"3 Byrds","ascension_level":20}