{"gold_per_floor":[114,114,114,114,214,214,139,162,162,197,217,232,276,45,45,140,140,156,156,206,131,131,131,196,196,196,236,255,296,296,334,334,430,430,449,517,535,535,868,903,903,936,988,988,998,1018,1018,1048,1048,1048,1048,1048,1048,119,148,148],"floor_reached":57,"playtime":2957,"items_purged":["Defend_B","Strike_B"],"score":2965,"play_id":"2bd42fb9-8024-4be7-8839-6620a2fbbbd6","local_time":"20190425032913","is_ascension_mode":true,"campfire_choices":[{"data":"Dualcast","floor":6.0,"key":"SMITH"},{"data":"Defragment","floor":15.0,"key":"SMITH"},{"data":"Fission","floor":23.0,"key":"SMITH"},{"data":"Darkness","floor":25.0,"key":"SMITH"},{"data":"Hologram","floor":32.0,"key":"SMITH"},{"data":"Consume","floor":41.0,"key":"SMITH"},{"data":"Biased Cognition","floor":47.0,"key":"SMITH"},{"floor":49.0,"key":"RECALL"},{"data":"Turbo","floor":53.0,"key":"SMITH"}],"neow_cost":"NONE","seed_source_timestamp":210184068110969,"circlet_count":0,"master_deck":["AscendersBane","Strike_B+1","Defend_B+1","Defend_B","Defend_B","Zap","Dualcast+1","Hologram+1","Ball Lightning","Defragment+1","Darkness+1","Cold Snap","Consume+1","Fission+1","White Noise","Creative AI","Turbo+1","Glacier+1","Biased Cognition+1","White Noise","Compile Driver+1","Coolheaded"],"special_seed":0,"relics":["Cracked Core","NeowsBlessing","Bird Faced Urn","Anchor","Bottled Lightning","ClockworkSouvenir","Black Star","Singing Bowl","Turnip","Tiny Chest","Dodecahedron","Meat on the Bone","StoneCalendar","Matryoshka","PreservedInsect","Nunchaku","Oddly Smooth Stone","Mummified Hand","Runic Pyramid","Mango","Cables","Incense Burner","Girya","Sundial","Strawberry","Darkstone Periapt","Molten Egg 2","Bronze Scales","Sling","Bottled Flame","Blood Vial","Kunai"],"potions_floor_usage":[],"damage_taken":[{"damage":0.0,"enemies":"Jaw Worm","floor":1.0,"turns":1.0},{"damage":0.0,"enemies":"2 Louse","floor":8.0,"turns":1.0},{"damage":0.0,"enemies":"Gremlin Nob","floor":10.0,"turns":1.0},{"damage":0.0,"enemies":"Small Slimes","floor":11.0,"turns":3.0},{"damage":4.0,"enemies":"Red Slaver","floor":12.0,"turns":3.0},{"damage":12.0,"enemies":"3 Sentries","floor":13.0,"turns":7.0},{"damage":4.0,"enemies":"Hexaghost","floor":16.0,"turns":9.0},{"damage":0.0,"enemies":"Spheric Guardian","floor":18.0,"turns":3.0},{"damage":10.0,"enemies":"Gremlin Leader","floor":24.0,"turns":7.0},{"damage":45.0,"enemies":"Book of Stabbing","floor":27.0,"turns":5.0},{"damage":12.0,"enemies":"2 Thieves","floor":28.0,"turns":3.0},{"damage":26.0,"enemies":"Slavers","floor":29.0,"turns":6.0},{"damage":4.0,"enemies":"Gremlin Leader","floor":31.0,"turns":7.0},{"damage":56.0,"enemies":"Collector","floor":33.0,"turns":8.0},{"damage":6.0,"enemies":"Orb Walker","floor":35.0,"turns":4.0},{"damage":72.0,"enemies":"2 Orb Walkers","floor":36.0,"turns":7.0},{"damage":37.0,"enemies":"3 Shapes","floor":37.0,"turns":7.0},{"damage":48.0,"enemies":"Reptomancer","floor":40.0,"turns":7.0},{"damage":4.0,"enemies":"Giant Head","floor":42.0,"turns":26.0},{"damage":2.0,"enemies":"3 Darklings","floor":45.0,"turns":5.0},{"damage":11.0,"enemies":"Writhing Mass","floor":46.0,"turns":6.0},{"damage":22.0,"enemies":"Reptomancer","floor":48.0,"turns":7.0},{"damage":71.0,"enemies":"Awakened One","floor":50.0,"turns":13.0},{"damage":25.0,"enemies":"Time Eater","floor":51.0,"turns":11.0},{"damage":10.0,"enemies":"Shield and Spear","floor":55.0,"turns":7.0},{"damage":88,"enemies":"The Heart","floor":56,"turns":11}],"seed_played":"-2363439754446464093","potions_obtained":[{"floor":10.0,"key":"Ancient Potion"},{"floor":12.0,"key":"PowerPotion"},{"floor":16.0,"key":"FairyPotion"},{"floor":27.0,"key":"Swift Potion"},{"floor":29.0,"key":"GamblersBrew"},{"floor":36.0,"key":"FocusPotion"},{"floor":42.0,"key":"Fire Potion"},{"floor":45.0,"key":"Energy Potion"}],"is_trial":false,"path_per_floor":["M","?","?","?","?","R","$","M","T","E","M","M","E","$","R","B",null,"M","?","?","?","T","R","E","R","T","E","M","E","?","E","R","B",null,"M","?","M","?","?","E","R","E","T","?","M","M","R","E","R","B","B",null,"R","$","E","B",null],"character_chosen":"DEFECT","items_purchased":["ClockworkSouvenir","Bronze Scales","Sling","GamblersBrew","Compile Driver+1","Coolheaded","Bottled Flame"],"campfire_rested":0,"item_purchase_floors":[14,54,54,54,54,54,54],"current_hp_per_floor":[64,40,19,12,12,12,12,12,12,12,14,12,2,2,2,2,54,56,56,56,56,56,56,52,52,52,25,31,23,23,37,37,20,66,70,38,41,41,41,15,15,99,106,106,106,108,108,102,102,67,72,101,101,101,111,52],"gold":148,"neow_bonus":"THREE_ENEMY_KILL","is_prod":false,"is_daily":false,"chose_seed":false,"campfire_upgraded":8,"win_rate":0,"timestamp":1556134153,"path_taken":["M","?","?","?","?","R","$","M","T","E","?","M","E","?","R","BOSS","M","?","?","?","?","R","E","R","T","E","M","E","?","E","R","BOSS","M","?","M","?","?","E","R","E","T","?","M","M","R","E","R","BOSS","BOSS","R","$","E","BOSS"],"build_version":"2019-01-23","purchased_purges":2,"victory":true,"max_hp_per_floor":[71,71,71,71,71,71,71,71,71,71,71,71,71,71,71,71,71,71,71,71,71,71,71,73,73,73,75,77,79,79,81,81,81,81,83,99,99,99,99,99,99,99,106,106,106,108,108,110,110,110,110,110,110,110,112,112],"card_choices":[{"not_picked":["Beam Cell","Steam"],"picked":"Hologram","floor":1.0},{"not_picked":["Chaos","Turbo"],"picked":"Ball Lightning","floor":8.0},{"not_picked":["Coolheaded","Fusion"],"picked":"Defragment","floor":10.0},{"not_picked":["Static Discharge","Steam"],"picked":"Darkness","floor":11.0},{"not_picked":["Compile Driver","Streamline"],"picked":"Cold Snap","floor":12.0},{"not_picked":["Thunder Strike","Sweeping Beam"],"picked":"Consume","floor":13.0},{"not_picked":["Rainbow","Machine Learning"],"picked":"Fission","floor":16.0},{"not_picked":["Beam Cell+1","Steam"],"picked":"White Noise","floor":18.0},{"not_picked":["Aggregate","Conserve Battery","Chaos"],"picked":"Singing Bowl","floor":24.0},{"not_picked":["Aggregate","Steam","Cold Snap"],"picked":"Singing Bowl","floor":27.0},{"not_picked":["Barrage","Ball Lightning","Sweeping Beam"],"picked":"Singing Bowl","floor":28.0},{"not_picked":["Beam Cell","Barrage","Stack"],"picked":"Singing Bowl","floor":29.0},{"not_picked":["Cold Snap+1","Hello World+1","Barrage"],"picked":"Singing Bowl","floor":31.0},{"not_picked":["Rainbow","Multi-Cast"],"picked":"Creative AI","floor":33.0},{"not_picked":["Compile Driver+1","Leap","Ball Lightning"],"picked":"Singing Bowl","floor":35.0},{"not_picked":["Stack+1","Beam Cell","Hologram"],"picked":"Singing Bowl","floor":36.0},{"not_picked":["Go for the Eyes","Storm+1"],"picked":"Turbo","floor":37.0},{"not_picked":["Coolheaded+1","Stack"],"picked":"Glacier+1","floor":40.0},{"not_picked":["Scrape+1","Genetic Algorithm"],"picked":"Biased Cognition","floor":42.0},{"not_picked":["Steam","Stack"],"picked":"White Noise","floor":45.0},{"not_picked":["Hologram","Blizzard+1","Go for the Eyes"],"picked":"Singing Bowl","floor":46.0},{"not_picked":["Static Discharge","Lockon+1","Auto Shields"],"picked":"Singing Bowl","floor":48.0},{"not_picked":["Doom and Gloom+1","Cold Snap+1","Steam+1"],"picked":"Singing Bowl","floor":55.0}],"player_experience":4504194,"relics_obtained":[{"floor":9.0,"key":"Bird Faced Urn"},{"floor":10.0,"key":"Anchor"},{"floor":13.0,"key":"Bottled Lightning"},{"floor":22.0,"key":"Turnip"},{"floor":24.0,"key":"Tiny Chest"},{"floor":24.0,"key":"Dodecahedron"},{"floor":26.0,"key":"Meat on the Bone"},{"floor":27.0,"key":"StoneCalendar"},{"floor":27.0,"key":"Matryoshka"},{"floor":29.0,"key":"PreservedInsect"},{"floor":29.0,"key":"Nunchaku"},{"floor":31.0,"key":"Oddly Smooth Stone"},{"floor":31.0,"key":"Mummified Hand"},{"floor":36.0,"key":"Mango"},{"floor":40.0,"key":"Cables"},{"floor":40.0,"key":"Incense Burner"},{"floor":42.0,"key":"Girya"},{"floor":42.0,"key":"Sundial"},{"floor":43.0,"key":"Strawberry"},{"floor":48.0,"key":"Darkstone Periapt"},{"floor":48.0,"key":"Molten Egg 2"},{"floor":55.0,"key":"Blood Vial"},{"floor":55.0,"key":"Kunai"}],"event_choices":[{"damage_healed":0.0,"max_hp_gain":0.0,"max_hp_loss":0.0,"gold_gain":0.0,"event_name":"Golden Idol","player_choice":"Take Damage","floor":2.0,"gold_loss":0.0,"damage_taken":24.0,"relics_obtained":["Golden Idol"]},{"damage_healed":0.0,"max_hp_gain":0.0,"max_hp_loss":0.0,"gold_gain":0.0,"event_name":"Shining Light","player_choice":"Entered Light","floor":3.0,"gold_loss":0.0,"damage_taken":21.0,"cards_upgraded":["Defend_B","Strike_B"]},{"cards_removed":["Strike_B"],"damage_healed":0.0,"max_hp_gain":0.0,"max_hp_loss":0.0,"gold_gain":0.0,"event_name":"Golden Wing","player_choice":"Card Removal","floor":4.0,"gold_loss":0.0,"damage_taken":7.0},{"damage_healed":0.0,"max_hp_gain":0.0,"max_hp_loss":0.0,"gold_gain":100.0,"event_name":"Wheel of Change","player_choice":"Gold","floor":5.0,"gold_loss":0.0,"damage_taken":0.0},{"damage_healed":0.0,"max_hp_gain":0.0,"max_hp_loss":0.0,"gold_gain":0.0,"event_name":"The Mausoleum","player_choice":"Opened","floor":19.0,"gold_loss":0.0,"damage_taken":0.0,"relics_obtained":["Singing Bowl"],"cards_obtained":["Writhe"]},{"damage_healed":0.0,"max_hp_gain":0.0,"max_hp_loss":0.0,"gold_gain":50.0,"event_name":"Nest","player_choice":"Stole From Cult","floor":20.0,"gold_loss":0.0,"damage_taken":0.0},{"cards_removed":["Writhe"],"damage_healed":0.0,"max_hp_gain":0.0,"max_hp_loss":0.0,"gold_gain":0.0,"event_name":"Beggar","player_choice":"Gave Gold","floor":21.0,"gold_loss":75.0,"damage_taken":0.0},{"damage_healed":0.0,"max_hp_gain":0.0,"max_hp_loss":0.0,"gold_gain":0.0,"event_name":"Vampires","player_choice":"Ignored","floor":30.0,"gold_loss":0.0,"damage_taken":0.0},{"damage_healed":0.0,"max_hp_gain":0.0,"max_hp_loss":0.0,"gold_gain":0.0,"event_name":"Mysterious Sphere","player_choice":"Fight","floor":36.0,"gold_loss":0.0,"damage_taken":0.0},{"damage_healed":0.0,"max_hp_gain":0.0,"max_hp_loss":0.0,"gold_gain":0.0,"event_name":"Tomb of Lord Red Mask","player_choice":"Ignored","floor":38.0,"gold_loss":0.0,"damage_taken":0.0},{"damage_healed":0.0,"max_hp_gain":0.0,"max_hp_loss":0.0,"gold_gain":333.0,"event_name":"The Moai Head","player_choice":"Gave Idol","floor":39.0,"relics_lost":["Golden Idol"],"gold_loss":0.0,"damage_taken":0.0},{"cards_removed":["Strike_B"],"damage_healed":0.0,"max_hp_gain":0.0,"max_hp_loss":0.0,"gold_gain":0.0,"event_name":"Bonfire Elementals","player_choice":"Offered Basic","floor":44.0,"gold_loss":0.0,"damage_taken":0.0}],"is_beta":false,"boss_relics":[{"not_picked":["Eternal Feather","Ectoplasm"],"picked":"Black Star"},{"not_picked":["Lizard Tail","Orrery"],"picked":"Runic Pyramid"}],"items_purged_floors":[7,54],"is_endless":false,"potions_floor_spawned":[10,12,13,16,27,28,29,36,42,45],"ascension_level":20}