{"gold_per_floor":[114,38,38,63,43,43,83,102,128,153,196,210,210,223,223,223],"floor_reached":16,"playtime":352,"items_purged":[],"score":274,"play_id":"86b5e243-4a1b-4f51-b510-405f3b5095f6","local_time":"20190226224839","is_ascension_mode":true,"campfire_choices":[{"data":"Defragment","floor":6.0,"key":"SMITH"},{"floor":13.0,"key":"REST"},{"data":"Zap","floor":15.0,"key":"SMITH"}],"neow_cost":"NONE","seed_source_timestamp":788000538769758,"circlet_count":0,"master_deck":["AscendersBane","Strike_B","Strike_B","Strike_B","Strike_B","Defend_B","Defend_B","Defend_B","Defend_B","Zap+1","Dualcast","Defragment+1","Skim","Skim","Loop","Compile Driver","Tempest","Echo Form","Hologram"],"special_seed":0,"relics":["Cracked Core","NeowsBlessing","Golden Idol","Smiling Mask","Regal Pillow","Shuriken"],"potions_floor_usage":[16,16],"damage_taken":[{"damage":0.0,"enemies":"Jaw Worm","floor":1.0,"turns":1.0},{"damage":0.0,"enemies":"Cultist","floor":4.0,"turns":1.0},{"damage":0.0,"enemies":"Gremlin Nob","floor":7.0,"turns":1.0},{"damage":9.0,"enemies":"Small Slimes","floor":8.0,"turns":3.0},{"damage":21.0,"enemies":"Gremlin Gang","floor":10.0,"turns":6.0},{"damage":20.0,"enemies":"Lagavulin","floor":11.0,"turns":6.0},{"damage":9.0,"enemies":"Red Slaver","floor":12.0,"turns":3.0},{"damage":17.0,"enemies":"Lots of Slimes","floor":14.0,"turns":5.0},{"damage":0,"enemies":"The Guardian","floor":16,"turns":2}],"seed_played":"1956301514994536058","potions_obtained":[{"floor":1.0,"key":"PowerPotion"},{"floor":5.0,"key":"SpeedPotion"},{"floor":10.0,"key":"FearPotion"},{"floor":12.0,"key":"FocusPotion"}],"is_trial":false,"path_per_floor":["M","$","?","M","?","R","E","M","T","M","E","M","R","M","R","B"],"character_chosen":"DEFECT","items_purchased":["Skim"],"campfire_rested":1,"item_purchase_floors":[2],"current_hp_per_floor":[64,64,64,64,64,64,64,55,55,34,14,5,39,22,22,22],"gold":223,"neow_bonus":"THREE_ENEMY_KILL","is_prod":false,"is_daily":false,"chose_seed":false,"campfire_upgraded":2,"win_rate":0,"timestamp":1551192519,"path_taken":["M","$","?","M","?","R","E","M","T","?","E","M","R","M","R","BOSS"],"build_version":"2019-01-23","purchased_purges":0,"victory":false,"max_hp_per_floor":[71,71,64,64,64,64,64,64,64,64,64,64,64,64,64,64],"card_choices":[{"not_picked":["Steam","Reinforced Body"],"picked":"Defragment","floor":1.0},{"not_picked":["Rebound","Gash"],"picked":"Skim","floor":4.0},{"not_picked":["Gash","Beam Cell"],"picked":"Loop","floor":7.0},{"not_picked":["Storm","Rebound"],"picked":"Compile Driver","floor":8.0},{"not_picked":["Conserve Battery","Reprogram"],"picked":"Tempest","floor":10.0},{"not_picked":["Scrape","Steam"],"picked":"Echo Form","floor":11.0},{"not_picked":["Barrage","Redo","Rebound"],"picked":"SKIP","floor":12.0},{"not_picked":["Rebound","Ball Lightning"],"picked":"Hologram","floor":14.0}],"player_experience":1009024,"relics_obtained":[{"floor":7.0,"key":"Smiling Mask"},{"floor":9.0,"key":"Regal Pillow"},{"floor":11.0,"key":"Shuriken"}],"event_choices":[{"damage_healed":0.0,"max_hp_gain":0.0,"max_hp_loss":7.0,"gold_gain":0.0,"event_name":"Golden Idol","player_choice":"Lose Max HP","floor":3.0,"gold_loss":0.0,"damage_taken":0.0,"relics_obtained":["Golden Idol"]},{"damage_healed":0.0,"max_hp_gain":0.0,"max_hp_loss":0.0,"gold_gain":0.0,"event_name":"The Woman in Blue","player_choice":"Bought 1 Potion","floor":5.0,"gold_loss":0.0,"damage_taken":0.0}],"is_beta":false,"boss_relics":[],"items_purged_floors":[],"is_endless":false,"potions_floor_spawned":[1,8,10,12,14],"killed_by":"The Guardian","ascension_level":20}