{"path_per_floor":["M","?","?","M","$","E","M","M","T","R","M","M","R","$","R","B",null,"M"],"character_chosen":"THE_SILENT","items_purchased":[],"gold_per_floor":[114,64,64,80,5,31,49,69,119,119,134,146,146,46,46,141,141,159,129],"floor_reached":19,"campfire_rested":0,"playtime":1017,"current_hp_per_floor":[70,70,70,70,70,42,41,41,41,41,37,33,33,33,33,3,70,69,55],"items_purged":["Defend_G","Defend_G"],"gold":129,"score":169,"play_id":"dd00a053-39e6-4fa2-a3b2-33aa6beb2355","local_time":"20180328161611","is_prod":false,"is_daily":false,"is_ascension_mode":false,"campfire_upgraded":3,"timestamp":1522246571,"path_taken":["M","?","?","M","$","E","M","M","T","R","M","M","R","$","R","BOSS","M","M"],"build_version":"2018-03-22v2","purchased_purges":2,"victory":false,"master_deck":["Defend_G","Defend_G","Strike_G","Strike_G","Strike_G","Strike_G","Strike_G","Survivor","Neutralize+1","Dodge and Roll","Outmaneuver","All Out Attack","Acrobatics","Deflect","Predator+1","Calculated Gamble+1","Tools of the Trade","Underhanded Strike"],"max_hp_per_floor":[70,70,70,70,70,70,70,70,70,70,70,70,70,70,70,70,70,70,70],"relics":["Ring of the Snake","Orichalcum","Happy Flower","Runic Dome"],"card_choices":[{"not_picked":["Endless Agony","Crippling Poison"],"picked":"Dodge and Roll","floor":1},{"not_picked":["Prepared","Flying Knee"],"picked":"Outmaneuver","floor":4},{"not_picked":["Backflip","Finisher"],"picked":"All Out Attack","floor":6},{"not_picked":["Infinite Blades","Outmaneuver"],"picked":"Acrobatics","floor":7},{"not_picked":["Dagger Spray","Bane"],"picked":"Deflect","floor":8},{"not_picked":["Sucker Punch","Skewer"],"picked":"Predator","floor":11},{"not_picked":["Flechettes","Blade Dance"],"picked":"Calculated Gamble","floor":12},{"not_picked":["Glass Knife","Envenom"],"picked":"Tools of the Trade","floor":16},{"not_picked":["Flying Knee","Quick Slash"],"picked":"Underhanded Strike","floor":18}],"player_experience":199843,"potions_floor_usage":[16,18],"damage_taken":[{"damage":0,"enemies":"Small Slimes","floor":1,"turns":3},{"damage":0,"enemies":"Jaw Worm","floor":4,"turns":5},{"damage":28,"enemies":"3 Sentries","floor":6,"turns":14},{"damage":1,"enemies":"Cultist","floor":7,"turns":3},{"damage":0,"enemies":"3 Louse","floor":8,"turns":4},{"damage":4,"enemies":"2 Fungi Beasts","floor":11,"turns":3},{"damage":4,"enemies":"Exordium Thugs","floor":12,"turns":4},{"damage":30,"enemies":"The Guardian","floor":16,"turns":15},{"damage":1,"enemies":"Spheric Guardian","floor":18,"turns":3},{"damage":14,"enemies":"2 Thieves","floor":19,"turns":2}],"event_choices":[{"event_name":"The Cleric","player_choice":"Card Removal","floor":2,"damage_taken":0},{"event_name":"Liars Game","player_choice":"disagreed","floor":3,"damage_taken":0}],"boss_relics":[{"not_picked":["Calling Bell","Orrery"],"picked":"Runic Dome"}],"potions_floor_spawned":[4,16],"seed_played":"6279915269602170919","killed_by":"2 Thieves","ascension_level":0,"is_trial":false}