{"gold_per_floor":[114,133,133,143,159,159,159,186,186,186,111,111,111],"floor_reached":13,"playtime":213,"items_purged":["Strike_G"],"score":166,"play_id":"babd00ae-284d-4f63-9223-19e702195d17","local_time":"20181227180227","is_ascension_mode":true,"campfire_choices":[{"data":"Neutralize","floor":6.0,"key":"SMITH"},{"data":"Well Laid Plans","floor":10.0,"key":"SMITH"}],"neow_cost":"NONE","seed_source_timestamp":19296643856630,"circlet_count":0,"master_deck":["AscendersBane","Defend_G","Defend_G","Defend_G","Defend_G","Defend_G","Strike_G","Strike_G","Strike_G","Survivor","Neutralize+1","Poisoned Stab","Well Laid Plans+1","Escape Plan"],"special_seed":0,"relics":["Ring of the Snake","NeowsBlessing","Gremlin Horn"],"potions_floor_usage":[],"damage_taken":[{"damage":0.0,"enemies":"Jaw Worm","floor":1.0,"turns":1.0},{"damage":0.0,"enemies":"2 Louse","floor":2.0,"turns":2.0},{"damage":0.0,"enemies":"Cultist","floor":4.0,"turns":1.0},{"damage":0.0,"enemies":"Blue Slaver","floor":5.0,"turns":5.0},{"damage":42.0,"enemies":"Gremlin Nob","floor":8.0,"turns":6.0},{"damage":22,"enemies":"Exordium Thugs","floor":13,"turns":4}],"seed_played":"-1063495859802707467","potions_obtained":[{"floor":2.0,"key":"LiquidBronze"},{"floor":5.0,"key":"Weak Potion"}],"is_trial":false,"path_per_floor":["M","M","?","M","M","R","?","E","T","R","$","M"],"character_chosen":"THE_SILENT","items_purchased":[],"campfire_rested":0,"item_purchase_floors":[],"current_hp_per_floor":[59,59,64,64,64,64,64,22,22,22,22,22,0],"gold":111,"neow_bonus":"THREE_ENEMY_KILL","is_prod":false,"is_daily":false,"chose_seed":false,"campfire_upgraded":2,"win_rate":0,"timestamp":1545904947,"path_taken":["M","M","?","M","M","R","?","E","T","R","$","?","?"],"build_version":"2018-12-25","purchased_purges":1,"victory":false,"max_hp_per_floor":[66,66,71,71,71,71,71,71,71,71,71,71,71],"card_choices":[{"not_picked":["Bane","Sucker Punch","Escape Plan"],"picked":"SKIP","floor":1.0},{"not_picked":["Quick Slash","Concentrate","Sucker Punch"],"picked":"SKIP","floor":2.0},{"not_picked":["Escape Plan","Crippling Poison"],"picked":"Poisoned Stab","floor":4.0},{"not_picked":["Poisoned Stab","Concentrate"],"picked":"Well Laid Plans","floor":5.0},{"not_picked":["Distraction","Dodge and Roll","Burst"],"picked":"SKIP","floor":8.0}],"player_experience":1242193,"relics_obtained":[{"floor":8.0,"key":"Gremlin Horn"}],"event_choices":[{"damage_healed":0.0,"max_hp_gain":5.0,"max_hp_loss":0.0,"gold_gain":0.0,"event_name":"Big Fish","player_choice":"Donut","floor":3.0,"gold_loss":0.0,"damage_taken":0.0},{"damage_healed":0.0,"max_hp_gain":0.0,"max_hp_loss":0.0,"gold_gain":0.0,"cards_transformed":["Strike_G"],"event_name":"Living Wall","player_choice":"Change","floor":7.0,"gold_loss":0.0,"damage_taken":0.0,"cards_obtained":["Escape Plan"]},{"damage_healed":0,"gold_gain":0,"player_choice":"Searched \u00270\u0027 times","damage_taken":0,"max_hp_gain":0,"max_hp_loss":0,"event_name":"Dead Adventurer","floor":12,"gold_loss":0}],"is_beta":true,"boss_relics":[],"items_purged_floors":[11],"is_endless":false,"potions_floor_spawned":[2,5],"killed_by":"Exordium Thugs","ascension_level":20}