{"gold_per_floor":[115,126,126,144,144,144,160,160],"floor_reached":8,"playtime":343,"items_purged":[],"score":96,"play_id":"b08d0463-9a02-4a67-ba49-65f50796786b","local_time":"20190718212644","is_ascension_mode":true,"campfire_choices":[{"floor":6,"key":"REST"}],"neow_cost":"NONE","seed_source_timestamp":129961051922387,"circlet_count":0,"master_deck":["AscendersBane","Strike_G","Strike_G+1","Strike_G","Strike_G","Strike_G+1","Defend_G","Defend_G","Defend_G","Defend_G","Defend_G","Survivor","Neutralize","Caltrops","All Out Attack","Underhanded Strike","Blur"],"relics":["Ring of the Snake","Bag of Preparation"],"potions_floor_usage":[8],"damage_taken":[{"damage":7,"enemies":"Small Slimes","floor":1,"turns":3},{"damage":13,"enemies":"Jaw Worm","floor":2,"turns":6},{"damage":0,"enemies":"Cultist","floor":4,"turns":4},{"damage":5,"enemies":"3 Louse","floor":7,"turns":3},{"damage":43,"enemies":"Lagavulin","floor":8,"turns":10}],"seed_played":"-2798395306072991199","potions_obtained":[{"floor":4,"key":"Weak Potion"}],"is_trial":false,"path_per_floor":["M","M","?","M","?","R","M","E"],"character_chosen":"THE_SILENT","items_purchased":[],"campfire_rested":1,"item_purchase_floors":[],"current_hp_per_floor":[52,39,39,39,19,38,33,0],"gold":160,"neow_bonus":"RANDOM_COMMON_RELIC","is_prod":false,"is_daily":false,"chose_seed":false,"campfire_upgraded":0,"win_rate":0,"timestamp":1563478004,"path_taken":["M","M","?","M","?","R","M","E"],"build_version":"2019-07-17","purchased_purges":0,"victory":false,"max_hp_per_floor":[66,66,66,66,66,66,66,66],"card_choices":[{"not_picked":["Sucker Punch","Leg Sweep"],"picked":"Caltrops","floor":1},{"not_picked":["Caltrops","PiercingWail"],"picked":"All Out Attack","floor":2},{"not_picked":["Outmaneuver","Concentrate"],"picked":"Underhanded Strike","floor":4},{"not_picked":["Blur","Finisher","Blade Dance"],"picked":"SKIP","floor":7},{"not_picked":["Finisher","Blade Dance"],"picked":"Blur","floor":7}],"player_experience":713274,"relics_obtained":[],"event_choices":[{"damage_healed":0,"gold_gain":0,"player_choice":"Ignored","damage_taken":0,"max_hp_gain":0,"max_hp_loss":0,"event_name":"Liars Game","floor":3,"gold_loss":0},{"damage_healed":0,"gold_gain":0,"player_choice":"Entered Light","damage_taken":20,"max_hp_gain":0,"max_hp_loss":0,"event_name":"Shining Light","floor":5,"gold_loss":0,"cards_upgraded":["Strike_G","Strike_G"]}],"is_beta":false,"boss_relics":[],"items_purged_floors":[],"is_endless":false,"potions_floor_spawned":[4],"killed_by":"Lagavulin","ascension_level":20}