{"gold_per_floor":[114,138,188,71,87,116,116,147,147,147,178,196,196,44,44,44],"floor_reached":16,"playtime":570,"items_purged":["Strike_G"],"score":226,"play_id":"4f08f1a9-05d9-45be-b436-8dd224981529","local_time":"20181013161434","is_ascension_mode":true,"campfire_choices":[{"floor":7,"key":"REST"},{"floor":10,"key":"REST"},{"floor":15,"key":"REST"}],"neow_cost":"NONE","seed_source_timestamp":26216208565197,"circlet_count":0,"master_deck":["Defend_G","Defend_G","Defend_G","Defend_G","Defend_G","Strike_G","Strike_G","Strike_G","Strike_G","Survivor","Neutralize","AscendersBane","Footwork","Well Laid Plans","Leg Sweep","Predator","Wraith Form v2","Leg Sweep","Leg Sweep","Bouncing Flask"],"relics":["Fusion Hammer","Pen Nib","Potion Belt","The Specimen","Darkstone Periapt","Question Card"],"potions_floor_usage":[6,8,16,16],"damage_taken":[{"damage":1,"enemies":"Cultist","floor":1,"turns":5},{"damage":2,"enemies":"Jaw Worm","floor":5,"turns":6},{"damage":22,"enemies":"Gremlin Nob","floor":6,"turns":5},{"damage":27,"enemies":"Lagavulin","floor":8,"turns":6},{"damage":22,"enemies":"3 Sentries","floor":11,"turns":11},{"damage":4,"enemies":"2 Louse","floor":12,"turns":3},{"damage":40,"enemies":"Slime Boss","floor":16,"turns":20}],"seed_played":"-6009209551768643947","potions_obtained":[{"floor":1,"key":"Block Potion"},{"floor":6,"key":"SkillPotion"},{"floor":8,"key":"SpeedPotion"},{"floor":12,"key":"Fire Potion"}],"is_trial":false,"path_per_floor":["M","T","?","$","M","E","R","E","T","R","E","M","T","$","R"],"character_chosen":"THE_SILENT","items_purchased":["Well Laid Plans","Leg Sweep","Bouncing Flask"],"campfire_rested":3,"item_purchase_floors":[4,4,14],"current_hp_per_floor":[58,58,52,52,50,28,47,20,20,39,17,13,13,13,32,0],"gold":44,"neow_bonus":"BOSS_RELIC","is_prod":false,"is_daily":false,"chose_seed":false,"campfire_upgraded":0,"win_rate":0,"timestamp":1539418474,"path_taken":["M","?","?","$","M","E","R","E","T","R","E","?","?","$","R","BOSS"],"build_version":"2018-10-11","purchased_purges":1,"victory":false,"max_hp_per_floor":[66,66,66,66,66,66,66,66,66,66,66,66,66,66,66,66],"card_choices":[{"not_picked":["Underhanded Strike","Flechettes"],"picked":"Footwork","floor":1},{"not_picked":["Poisoned Stab","Blade Dance"],"picked":"Predator","floor":5},{"not_picked":["PiercingWail","Well Laid Plans"],"picked":"Wraith Form v2","floor":6},{"not_picked":["Accuracy","Cloak And Dagger"],"picked":"Leg Sweep","floor":8},{"not_picked":["Prepared","Dodge and Roll","Outmaneuver"],"picked":"SKIP","floor":11},{"not_picked":["Concentrate","Quick Slash","Acrobatics"],"picked":"Leg Sweep","floor":12}],"player_experience":162372,"relics_obtained":[{"floor":2,"key":"Pen Nib"},{"floor":6,"key":"Potion Belt"},{"floor":8,"key":"The Specimen"},{"floor":9,"key":"Darkstone Periapt"},{"floor":11,"key":"Question Card"}],"event_choices":[{"event_name":"FaceTrader","player_choice":"Touch","floor":3,"damage_taken":0}],"is_beta":false,"boss_relics":[],"items_purged_floors":[14],"is_endless":false,"potions_floor_spawned":[1,6,8,12],"killed_by":"Slime Boss","ascension_level":19}