{"gold_per_floor":[114,125,200,20,20,20,20,38,38,38,103,103,103],"floor_reached":13,"playtime":339,"items_purged":[],"score":146,"play_id":"85355bad-f62d-4085-894c-12f656de9f32","local_time":"20190219213549","is_ascension_mode":true,"campfire_choices":[{"data":"A Thousand Cuts","floor":6,"key":"SMITH"},{"data":"HandOfGreed","floor":10,"key":"SMITH"},{"floor":12,"key":"REST"}],"neow_cost":"CURSE","seed_source_timestamp":48152637694645,"circlet_count":0,"master_deck":["AscendersBane","Defend_G+1","Defend_G","Defend_G+1","Defend_G","Defend_G","Strike_G","Strike_G","Strike_G","Strike_G","Strike_G","Survivor","Neutralize+1","A Thousand Cuts+1","Infinite Blades","Accuracy+1","HandOfGreed+1","Backflip","Tactician"],"relics":["Ring of the Snake","War Paint"],"potions_floor_usage":[],"damage_taken":[{"damage":8,"enemies":"Small Slimes","floor":1,"turns":5},{"damage":14,"enemies":"2 Louse","floor":2,"turns":3},{"damage":1,"enemies":"Cultist","floor":8,"turns":5},{"damage":3,"enemies":"3 Louse","floor":11,"turns":5},{"damage":6,"enemies":"Gremlin Nob","floor":13,"turns":3}],"seed_played":"8876874831174889920","potions_obtained":[{"floor":1,"key":"PowerPotion"},{"floor":8,"key":"Energy Potion"}],"is_trial":false,"path_per_floor":["M","M","?","$","?","R","?","M","T","R","M","R","E"],"character_chosen":"THE_SILENT","items_purchased":["HandOfGreed"],"campfire_rested":1,"item_purchase_floors":[4],"current_hp_per_floor":[51,37,26,26,6,6,6,5,5,5,2,21,15],"gold":103,"neow_bonus":"THREE_RARE_CARDS","is_prod":false,"is_daily":false,"chose_seed":false,"campfire_upgraded":2,"win_rate":0,"timestamp":1550583349,"path_taken":["M","M","?","$","?","R","?","M","T","R","?","R","E"],"build_version":"2019-01-23","purchased_purges":0,"victory":false,"max_hp_per_floor":[66,66,66,66,66,66,66,66,66,66,66,66,66],"card_choices":[{"not_picked":["Glass Knife","Unload"],"picked":"A Thousand Cuts","floor":0},{"not_picked":["Eviscerate","Underhanded Strike"],"picked":"Infinite Blades","floor":1},{"not_picked":["Underhanded Strike","Slice"],"picked":"Accuracy","floor":2},{"not_picked":["Dagger Throw","Blade Dance"],"picked":"Backflip","floor":8},{"not_picked":["Masterful Stab","Blade Dance"],"picked":"Tactician","floor":11}],"player_experience":2973035,"relics_obtained":[{"floor":9,"key":"War Paint"}],"event_choices":[{"damage_healed":0,"gold_gain":75,"player_choice":"Gather Gold","damage_taken":11,"max_hp_gain":0,"max_hp_loss":0,"event_name":"World of Goop","floor":3,"gold_loss":0},{"damage_healed":0,"gold_gain":0,"player_choice":"Entered Light","damage_taken":20,"max_hp_gain":0,"max_hp_loss":0,"event_name":"Shining Light","floor":5,"gold_loss":0,"cards_upgraded":["Neutralize","Accuracy"]},{"cards_removed":["Regret"],"damage_healed":0,"gold_gain":0,"player_choice":"Removed Curses","damage_taken":0,"max_hp_gain":0,"max_hp_loss":0,"event_name":"Fountain of Cleansing","floor":7,"gold_loss":0}],"is_beta":false,"boss_relics":[],"items_purged_floors":[],"is_endless":false,"potions_floor_spawned":[1,8],"killed_by":"Gremlin Nob","ascension_level":20}