{"gold_per_floor":[112,187,203,214,214,214,242,242,267,281,25,43,70,70,70,70],"floor_reached":16,"playtime":395,"items_purged":[],"score":274,"play_id":"6325e7bf-33db-416a-8759-7b873f814301","local_time":"20190224000058","is_ascension_mode":true,"campfire_choices":[{"data":"Zap","floor":6.0,"key":"SMITH"},{"data":"Hologram","floor":8.0,"key":"SMITH"},{"floor":15,"key":"REST"}],"neow_cost":"NONE","seed_source_timestamp":533134411885087,"circlet_count":0,"master_deck":["AscendersBane","Strike_B","Strike_B","Strike_B","Strike_B","Defend_B","Defend_B","Defend_B","Defend_B","Zap+1","Dualcast","Conserve Battery","Chill","Hologram+1","Melter","Doom and Gloom","All For One","Biased Cognition","Glacier","Self Repair"],"special_seed":0,"relics":["Cracked Core","Vajra","Dream Catcher","Omamori","Pen Nib","Question Card"],"potions_floor_usage":[12,13,14],"damage_taken":[{"damage":3.0,"enemies":"Small Slimes","floor":1.0,"turns":3.0},{"damage":4.0,"enemies":"2 Louse","floor":3.0,"turns":3.0},{"damage":0.0,"enemies":"Jaw Worm","floor":4.0,"turns":3.0},{"damage":0.0,"enemies":"Lagavulin","floor":7.0,"turns":6.0},{"damage":0.0,"enemies":"2 Fungi Beasts","floor":10.0,"turns":4.0},{"damage":4,"enemies":"Exordium Thugs","floor":12,"turns":2},{"damage":19,"enemies":"Gremlin Nob","floor":13,"turns":4},{"damage":0,"enemies":"Blue Slaver","floor":14,"turns":1},{"damage":25,"enemies":"Slime Boss","floor":16,"turns":7}],"seed_played":"5500831791649395922","potions_obtained":[{"floor":1.0,"key":"AttackPotion"},{"floor":7.0,"key":"AttackPotion"},{"floor":10.0,"key":"SpeedPotion"},{"floor":13,"key":"SmokeBomb"}],"is_trial":false,"path_per_floor":["M","?","M","M","?","R","E","R","T","M","$","M","E","M","R","B"],"character_chosen":"DEFECT","items_purchased":["Doom and Gloom","All For One"],"campfire_rested":1,"item_purchase_floors":[11,11],"current_hp_per_floor":[61,50,46,46,28,28,28,28,28,28,28,24,5,5,26,1],"gold":70,"neow_bonus":"RANDOM_COMMON_RELIC","is_prod":false,"is_daily":false,"chose_seed":false,"campfire_upgraded":2,"win_rate":0,"timestamp":1550937658,"path_taken":["M","?","M","M","?","R","E","R","T","M","?","M","E","M","R","BOSS"],"build_version":"2019-01-23","purchased_purges":0,"victory":false,"max_hp_per_floor":[71,71,71,71,71,71,71,71,71,71,71,71,71,71,71,71],"card_choices":[{"not_picked":["Heatsinks","Leap"],"picked":"Conserve Battery","floor":1.0},{"not_picked":["Steam","Barrage"],"picked":"Chill","floor":3.0},{"not_picked":["Fusion","Cold Snap"],"picked":"Hologram","floor":4.0},{"not_picked":["Storm","Rip and Tear","Sweeping Beam"],"picked":"SKIP","floor":7.0},{"not_picked":["Steam","Hologram"],"picked":"Melter","floor":10.0},{"not_picked":["Consume","Redo"],"picked":"Biased Cognition","floor":12},{"not_picked":["Cold Snap","Sunder"],"picked":"Glacier","floor":13},{"not_picked":["Hologram","Leap","Rip and Tear"],"picked":"Self Repair","floor":15}],"player_experience":955549,"relics_obtained":[{"floor":7.0,"key":"Omamori"},{"floor":9.0,"key":"Pen Nib"},{"floor":13,"key":"Question Card"}],"event_choices":[{"damage_healed":0.0,"max_hp_gain":0.0,"max_hp_loss":0.0,"gold_gain":75.0,"event_name":"World of Goop","player_choice":"Gather Gold","floor":2.0,"gold_loss":0.0,"damage_taken":11.0},{"damage_healed":0.0,"max_hp_gain":0.0,"max_hp_loss":0.0,"gold_gain":0.0,"event_name":"Scrap Ooze","player_choice":"Success","floor":5.0,"gold_loss":0.0,"damage_taken":18.0,"relics_obtained":["Dream Catcher"]}],"is_beta":false,"boss_relics":[],"items_purged_floors":[],"is_endless":false,"potions_floor_spawned":[1,7,10,13,14],"killed_by":"Slime Boss","ascension_level":20}