{"gold_per_floor":[115,390,151,151,201,201,226,126,211,239,257,257,275,63,63,136,136,150,161,173,190,40,40,57,86],"floor_reached":25,"playtime":963,"items_purged":["Strike_R","Strike_R","Strike_R","Strike_R+1"],"score":612,"play_id":"b2daafb5-586f-42d8-b4c2-09295892080a","local_time":"20190628172548","is_ascension_mode":true,"campfire_choices":[{"data":"Second Wind","floor":6,"key":"SMITH"},{"data":"Reckless Charge","floor":12,"key":"SMITH"},{"data":"Bash","floor":15,"key":"SMITH"},{"data":"Evolve","floor":23,"key":"SMITH"}],"neow_cost":"NONE","seed_source_timestamp":23061933517517,"circlet_count":0,"master_deck":["AscendersBane","Strike_R+1","Defend_R","Defend_R","Defend_R","Defend_R","Bash+1","Second Wind+1","Regret","Evolve+1","Finesse","Reckless Charge+1","Dropkick","Dark Embrace","Power Through"],"relics":["Burning Blood","NeowsBlessing","Whetstone","Kunai","Tiny Chest","Omamori","Coffee Dripper","Sundial"],"potions_floor_usage":[16,18,19,20,21],"damage_taken":[{"damage":0,"enemies":"Small Slimes","floor":1,"turns":1},{"damage":3,"enemies":"3 Sentries","floor":7,"turns":2},{"damage":0,"enemies":"Lagavulin","floor":10,"turns":2},{"damage":5,"enemies":"Cultist","floor":11,"turns":4},{"damage":3,"enemies":"2 Louse","floor":13,"turns":2},{"damage":57,"enemies":"The Guardian","floor":16,"turns":11},{"damage":27,"enemies":"Shell Parasite","floor":18,"turns":5},{"damage":14,"enemies":"3 Byrds","floor":19,"turns":6},{"damage":19,"enemies":"Snake Plant","floor":20,"turns":5},{"damage":0,"enemies":"3 Cultists","floor":21,"turns":6},{"damage":2,"enemies":"Chosen and Byrds","floor":24,"turns":6},{"damage":9,"enemies":"Book of Stabbing","floor":25,"turns":4}],"seed_played":"-8378049751394529040","potions_obtained":[{"floor":10,"key":"Energy Potion"},{"floor":13,"key":"Swift Potion"},{"floor":16,"key":"BloodPotion"},{"floor":18,"key":"Swift Potion"},{"floor":19,"key":"Block Potion"},{"floor":20,"key":"Swift Potion"}],"is_trial":false,"path_per_floor":["M","?","$","?","T","R","E","$","T","E","M","R","M","$","R","B",null,"M","M","M","M","$","R","M","E"],"character_chosen":"IRONCLAD","items_purchased":["Evolve","Finesse","Dropkick"],"campfire_rested":0,"item_purchase_floors":[3,3,14],"current_hp_per_floor":[74,74,74,79,79,79,80,80,80,80,80,80,80,80,80,29,67,54,46,33,39,39,39,43,40],"gold":86,"neow_bonus":"THREE_ENEMY_KILL","is_prod":false,"is_daily":false,"chose_seed":false,"campfire_upgraded":4,"win_rate":0,"timestamp":1561713948,"path_taken":["M","?","?","?","?","R","E","$","T","E","M","R","M","$","R","BOSS","M","?","?","M","$","R","M","E"],"build_version":"2019-01-23","purchased_purges":4,"victory":false,"max_hp_per_floor":[75,75,75,80,80,80,80,80,80,80,80,80,80,80,80,80,80,80,80,80,80,80,80,80,80],"card_choices":[{"not_picked":["Clash","Carnage"],"picked":"Second Wind","floor":1},{"not_picked":["Thunderclap","Flex"],"picked":"Reckless Charge","floor":7},{"not_picked":["Blood for Blood","Iron Wave","Disarm"],"picked":"SKIP","floor":10},{"not_picked":["True Grit","Heavy Blade","Sword Boomerang"],"picked":"SKIP","floor":11},{"not_picked":["Clash","Whirlwind","Cleave"],"picked":"SKIP","floor":13},{"not_picked":["Juggernaut","Impervious"],"picked":"Dark Embrace","floor":16},{"not_picked":["Body Slam","Fire Breathing+1"],"picked":"Power Through","floor":18},{"not_picked":["Sentinel+1","Perfected Strike","Anger"],"picked":"SKIP","floor":19},{"not_picked":["Armaments","Flex","Metallicize"],"picked":"SKIP","floor":20},{"not_picked":["Intimidate","Pommel Strike","Thunderclap"],"picked":"SKIP","floor":21},{"not_picked":["Clash","Clothesline","Havoc"],"picked":"SKIP","floor":24}],"player_experience":5549269,"relics_obtained":[{"floor":5,"key":"Whetstone"},{"floor":7,"key":"Kunai"},{"floor":9,"key":"Tiny Chest"},{"floor":10,"key":"Omamori"},{"floor":25,"key":"Sundial"}],"event_choices":[{"damage_healed":0,"gold_gain":275,"player_choice":"Desecrate","damage_taken":0,"max_hp_gain":0,"max_hp_loss":0,"event_name":"Golden Shrine","floor":2,"gold_loss":0,"cards_obtained":["Regret"]},{"damage_healed":0,"gold_gain":0,"player_choice":"Donut","damage_taken":0,"max_hp_gain":5,"max_hp_loss":0,"event_name":"Big Fish","floor":4,"gold_loss":0}],"is_beta":false,"boss_relics":[{"not_picked":["Mark of Pain","Sozu"],"picked":"Coffee Dripper"}],"items_purged_floors":[3,8,14,22],"is_endless":false,"potions_floor_spawned":[10,13,16,18,19,20],"killed_by":"Book of Stabbing","ascension_level":20}