{"path_per_floor":["M","?","M","?","?","R","E","$","T","R","M","M","R","?","R","B",null,"M","?","?","?","M","R","?"],"character_chosen":"DEFECT","items_purchased":["Bronze Scales"],"gold_per_floor":[117,192,208,208,208,208,240,16,43,43,57,67,67,67,67,172,172,183,106,106,466,480,480,480,480],"floor_reached":25,"campfire_rested":2,"playtime":1161,"item_purchase_floors":[8],"current_hp_per_floor":[75,64,62,55,55,55,34,34,34,56,55,52,52,57,57,39,80,80,80,80,32,29,53,53,0],"items_purged":["Strike_B"],"gold":480,"score":197,"play_id":"0d67752e-f5ad-4011-a1c9-0506ebd27341","local_time":"20180525211443","is_prod":false,"is_daily":false,"chose_seed":false,"is_ascension_mode":false,"campfire_upgraded":3,"win_rate":0,"timestamp":1527275683,"campfire_choices":[{"data":"Zap","floor":6,"key":"SMITH"},{"floor":10,"key":"REST"},{"data":"Reinforced Body","floor":13,"key":"SMITH"},{"data":"Coolheaded","floor":15,"key":"SMITH"},{"floor":23,"key":"REST"}],"path_taken":["M","?","M","?","?","R","E","$","T","R","M","M","R","?","R","BOSS","M","?","?","?","M","R","?","E"],"build_version":"2018-05-24","seed_source_timestamp":9567605777738,"purchased_purges":1,"victory":false,"master_deck":["Strike_B","Strike_B","Defend_B","Defend_B","Defend_B","Zap+1","Dualcast","White Noise","Reinforced Body+1","Melter","Coolheaded+1","Coolheaded","Creative AI","Redo+1","J.A.X.","Fission","Deep Breath"],"max_hp_per_floor":[75,75,75,75,75,75,75,75,75,75,75,75,75,80,80,80,80,80,80,80,80,80,80,80,80],"relics":["Velvet Choker","Calipers","Bronze Scales","DataDisk","Cursed Key"],"card_choices":[{"not_picked":["Aggregate","Heatsinks"],"picked":"White Noise","floor":1},{"not_picked":["Sweeping Beam","Doom and Gloom"],"picked":"Reinforced Body","floor":3},{"not_picked":["Sweeping Beam","Thunder Strike"],"picked":"Melter","floor":7},{"not_picked":["Scrape","Barrage"],"picked":"Coolheaded","floor":11},{"not_picked":["Undo","Hologram"],"picked":"Coolheaded","floor":12},{"not_picked":["Rainbow","Echo Form"],"picked":"Creative AI","floor":16},{"not_picked":["Darkness","Undo+1"],"picked":"Redo+1","floor":18},{"not_picked":["Coolheaded","Compile Driver","Go for the Eyes"],"picked":"SKIP","floor":22}],"player_experience":57290,"potions_floor_usage":[25,25],"damage_taken":[{"damage":0,"enemies":"2 Louse","floor":1,"turns":2},{"damage":2,"enemies":"Small Slimes","floor":3,"turns":4},{"damage":28,"enemies":"3 Sentries","floor":7,"turns":10},{"damage":1,"enemies":"Jaw Worm","floor":11,"turns":4},{"damage":3,"enemies":"3 Louse","floor":12,"turns":3},{"damage":18,"enemies":"Hexaghost","floor":16,"turns":11},{"damage":0,"enemies":"Chosen","floor":18,"turns":6},{"damage":3,"enemies":"3 Byrds","floor":22,"turns":3},{"damage":55,"enemies":"Gremlin Leader","floor":25,"turns":9}],"relics_obtained":[{"floor":7,"key":"Calipers"},{"floor":9,"key":"DataDisk"}],"event_choices":[{"event_name":"World of Goop","player_choice":"Gather Gold","floor":2,"damage_taken":0},{"event_name":"Golden Wing","player_choice":"Card Removal","floor":4,"damage_taken":0},{"event_name":"Bonfire Elementals","player_choice":"BASIC","floor":5,"damage_taken":0},{"event_name":"Big Fish","player_choice":"Donut","floor":14,"damage_taken":0},{"event_name":"Drug Dealer","player_choice":"Got JAXXED","floor":19,"damage_taken":0},{"event_name":"Match and Keep!","player_choice":"1 cards matched","floor":20,"damage_taken":0},{"event_name":"Knowing Skull","player_choice":"CARD GOLD GOLD GOLD GOLD ","floor":21,"damage_taken":0},{"event_name":"The Woman in Blue","player_choice":"Bought 0 Potions","floor":24,"damage_taken":0}],"boss_relics":[{"not_picked":["Tiny House","White Beast Statue"],"picked":"Cursed Key"}],"items_purged_floors":[8],"potions_floor_spawned":[1,3,11,12,22],"seed_played":"3001668849857503429","killed_by":"Gremlin Leader","ascension_level":0,"potions_obtained":[{"floor":1,"key":"SkillPotion"},{"floor":3,"key":"Weak Potion"},{"floor":11,"key":"Energy Potion"},{"floor":12,"key":"Poison Potion"},{"floor":22,"key":"SpeedPotion"}],"is_trial":false}