{"gold_per_floor":[119,44,63,78,78,78,96,110,188,188,201,234,234,54,54,54],"floor_reached":16,"playtime":521,"items_purged":["Strike_G"],"score":204,"play_id":"7fc0cd12-1f46-427e-b5fe-3f6c798b55cc","local_time":"20190207140635","is_ascension_mode":true,"campfire_choices":[{"data":"Finisher","floor":6,"key":"SMITH"},{"data":"Blade Dance","floor":10,"key":"SMITH"},{"data":"Well Laid Plans","floor":13,"key":"SMITH"},{"data":"Outmaneuver","floor":15,"key":"SMITH"}],"neow_cost":"PERCENT_DAMAGE","seed_source_timestamp":3922653263056,"circlet_count":0,"master_deck":["AscendersBane","Defend_G","Defend_G","Defend_G","Defend_G","Defend_G","Strike_G","Strike_G","Strike_G","Survivor","Neutralize","Finisher+1","Well Laid Plans+1","Blade Dance+1","Terror","Outmaneuver+1"],"relics":["Ring of the Snake","Nunchaku","Pear","WingedGreaves"],"potions_floor_usage":[4,12],"damage_taken":[{"damage":4,"enemies":"Small Slimes","floor":1,"turns":3},{"damage":6,"enemies":"Cultist","floor":3,"turns":3},{"damage":2,"enemies":"Jaw Worm","floor":4,"turns":5},{"damage":14,"enemies":"Large Slime","floor":7,"turns":9},{"damage":3,"enemies":"Exordium Wildlife","floor":8,"turns":5},{"damage":8,"enemies":"Red Slaver","floor":11,"turns":5},{"damage":16,"enemies":"Lagavulin","floor":12,"turns":8},{"damage":21,"enemies":"Slime Boss","floor":16,"turns":5}],"seed_played":"5585191915645213779","potions_obtained":[{"floor":3,"key":"Poison Potion"},{"floor":4,"key":"Fruit Juice"}],"is_trial":false,"path_per_floor":["M","?","M","M","?","R","M","M","T","R","M","E","R","$","R","B"],"character_chosen":"THE_SILENT","items_purchased":["Outmaneuver","FearPotion"],"campfire_rested":0,"item_purchase_floors":[14,14],"current_hp_per_floor":[40,40,34,37,37,37,23,20,30,30,22,6,6,6,6,0],"gold":54,"neow_bonus":"ONE_RARE_RELIC","is_prod":false,"is_daily":false,"chose_seed":false,"campfire_upgraded":4,"win_rate":0,"timestamp":1549519595,"path_taken":["M","?","M","M","?","R","M","M","T","R","M","E","R","$","R","BOSS"],"build_version":"2019-01-23","purchased_purges":1,"victory":false,"max_hp_per_floor":[66,66,66,71,71,71,71,71,81,81,81,81,81,81,81,81],"card_choices":[{"not_picked":["Outmaneuver","Distraction"],"picked":"Finisher","floor":1},{"not_picked":["Leg Sweep","Slice"],"picked":"Well Laid Plans","floor":3},{"not_picked":["Poisoned Stab","Deadly Poison","Skewer"],"picked":"SKIP","floor":4},{"not_picked":["Sucker Punch","Footwork","Poisoned Stab"],"picked":"SKIP","floor":7},{"not_picked":["Leg Sweep","Underhanded Strike"],"picked":"Blade Dance","floor":8},{"not_picked":["Choke","Reflex","Deadly Poison"],"picked":"SKIP","floor":11},{"not_picked":["Tools of the Trade","Tactician"],"picked":"Terror","floor":12}],"player_experience":1433289,"relics_obtained":[{"floor":9,"key":"Pear"},{"floor":12,"key":"WingedGreaves"}],"event_choices":[{"cards_removed":["Strike_G"],"damage_healed":0,"gold_gain":0,"player_choice":"Card Removal","damage_taken":0,"max_hp_gain":0,"max_hp_loss":0,"event_name":"The Cleric","floor":2,"gold_loss":75},{"damage_healed":0,"gold_gain":0,"player_choice":"0 cards matched","damage_taken":0,"max_hp_gain":0,"max_hp_loss":0,"event_name":"Match and Keep!","floor":5,"gold_loss":0,"cards_obtained":[]}],"is_beta":true,"boss_relics":[],"items_purged_floors":[14],"is_endless":false,"potions_floor_spawned":[3,4],"killed_by":"Slime Boss","ascension_level":20}