{"gold_per_floor":[115,115,135,47,47,90,90,114,114,130,130,164,164,164],"floor_reached":14,"playtime":265,"items_purged":[],"score":246,"play_id":"aaa8d19c-1fd4-4780-ba89-51bbdcc4d66a","local_time":"20181117224905","is_ascension_mode":true,"campfire_choices":[{"data":"Bouncing Flask","floor":7,"key":"SMITH"},{"data":"Neutralize","floor":11,"key":"SMITH"},{"data":"Flechettes","floor":13,"key":"SMITH"}],"neow_cost":"NONE","seed_source_timestamp":1511850258641371,"circlet_count":0,"master_deck":["AscendersBane","Defend_G","Defend_G","Defend_G","Defend_G","Defend_G","Strike_G","Strike_G","Strike_G","Strike_G","Strike_G","Survivor","Neutralize+1","Flechettes+1","Deadly Poison","Bouncing Flask+1"],"relics":["Ring of the Snake","NeowsBlessing","Golden Idol","Tingsha","Ornamental Fan","Potion Belt"],"potions_floor_usage":[12,12,14],"damage_taken":[{"damage":0,"enemies":"Small Slimes","floor":1,"turns":1},{"damage":0,"enemies":"Cultist","floor":3,"turns":1},{"damage":0,"enemies":"Lagavulin","floor":6,"turns":1},{"damage":2,"enemies":"Jaw Worm","floor":8,"turns":5},{"damage":6,"enemies":"Exordium Thugs","floor":10,"turns":5},{"damage":8,"enemies":"Gremlin Nob","floor":12,"turns":4},{"damage":7,"enemies":"3 Sentries","floor":14,"turns":4}],"seed_played":"889757815371636673","potions_obtained":[{"floor":5,"key":"PowerPotion"},{"floor":5,"key":"Poison Potion"},{"floor":12,"key":"SpeedPotion"}],"is_trial":false,"path_per_floor":["M","?","M","$","?","E","R","M","T","M","R","E","R","E"],"character_chosen":"THE_SILENT","items_purchased":["Bouncing Flask"],"campfire_rested":0,"item_purchase_floors":[4],"current_hp_per_floor":[59,36,36,36,36,36,36,34,34,28,28,20,20,13],"gold":164,"neow_bonus":"THREE_ENEMY_KILL","is_prod":false,"is_daily":false,"chose_seed":false,"campfire_upgraded":3,"win_rate":0,"timestamp":1542466145,"path_taken":["M","?","M","$","?","E","R","M","T","M","R","E","R","E"],"build_version":"2018-11-15","purchased_purges":0,"victory":false,"max_hp_per_floor":[66,66,66,66,66,66,66,66,66,66,66,66,66,66],"card_choices":[{"not_picked":["Poisoned Stab","Dagger Throw"],"picked":"Flechettes","floor":1},{"not_picked":["Poisoned Stab","Quick Slash"],"picked":"Deadly Poison","floor":3},{"not_picked":["Blade Dance","A Thousand Cuts","Skewer"],"picked":"SKIP","floor":6},{"not_picked":["Slice","Bane","Flying Knee"],"picked":"SKIP","floor":8},{"not_picked":["Choke","Dagger Throw","Blade Dance"],"picked":"SKIP","floor":10},{"not_picked":["Poisoned Stab","Bane","PiercingWail"],"picked":"SKIP","floor":12}],"player_experience":517038,"relics_obtained":[{"floor":6,"key":"Tingsha"},{"floor":9,"key":"Ornamental Fan"},{"floor":12,"key":"Potion Belt"}],"event_choices":[{"damage_healed":0,"gold_gain":0,"player_choice":"Take Damage","damage_taken":23,"relics_obtained":["Golden Idol"],"max_hp_gain":0,"max_hp_loss":0,"event_name":"Golden Idol","floor":2,"gold_loss":0},{"damage_healed":0,"gold_gain":0,"player_choice":"Got Potions","damage_taken":0,"max_hp_gain":0,"max_hp_loss":0,"event_name":"Lab","floor":5,"gold_loss":0}],"is_beta":true,"boss_relics":[],"items_purged_floors":[],"is_endless":false,"potions_floor_spawned":[6,12],"killed_by":"3 Sentries","ascension_level":20}