{"gold_per_floor":[11,22,32,50,50,50,50,50,128,128,142,142,174,193,193,193],"floor_reached":16,"playtime":384,"items_purged":[],"score":204,"play_id":"e4281ea6-b645-4378-8c7e-0fa38e376c66","local_time":"20190427120238","is_ascension_mode":true,"campfire_choices":[{"data":"Dagger Spray","floor":6,"key":"SMITH"},{"data":"Neutralize","floor":10,"key":"SMITH"},{"data":"Dash","floor":12,"key":"SMITH"},{"floor":15,"key":"REST"}],"neow_cost":"NO_GOLD","seed_source_timestamp":3649581859106,"circlet_count":0,"master_deck":["AscendersBane","Defend_G","Defend_G","Defend_G","Defend_G","Defend_G","Strike_G","Strike_G","Strike_G","Strike_G","Strike_G+1","Survivor","Neutralize+1","After Image","Leg Sweep","Dagger Spray+1","Dash+1","Wraith Form v2+1"],"relics":["Ring of the Snake","PreservedInsect","Sundial","Blue Candle"],"potions_floor_usage":[14],"damage_taken":[{"damage":1,"enemies":"Cultist","floor":1,"turns":4},{"damage":0,"enemies":"Jaw Worm","floor":2,"turns":6},{"damage":0,"enemies":"2 Louse","floor":3,"turns":4},{"damage":7,"enemies":"Large Slime","floor":4,"turns":11},{"damage":0,"enemies":"Blue Slaver","floor":11,"turns":5},{"damage":6,"enemies":"Gremlin Nob","floor":13,"turns":6},{"damage":0,"enemies":"Lots of Slimes","floor":14,"turns":1},{"damage":0,"enemies":"Slime Boss","floor":16,"turns":1}],"seed_played":"-573391607015872484","potions_obtained":[{"floor":1,"key":"SkillPotion"},{"floor":4,"key":"Explosive Potion"}],"is_trial":false,"path_per_floor":["M","M","M","M","?","R","?","?","T","R","M","R","E","M","R","B"],"character_chosen":"THE_SILENT","items_purchased":[],"campfire_rested":1,"item_purchase_floors":[],"current_hp_per_floor":[58,58,58,51,31,31,31,26,26,26,26,26,20,20,39,39],"gold":193,"neow_bonus":"THREE_RARE_CARDS","is_prod":false,"is_daily":false,"chose_seed":false,"campfire_upgraded":3,"win_rate":0,"timestamp":1556337758,"path_taken":["M","M","?","M","?","R","?","?","T","R","M","R","E","M","R","BOSS"],"build_version":"2019-01-23","purchased_purges":0,"victory":false,"max_hp_per_floor":[66,66,66,66,66,66,66,66,66,66,66,66,66,66,66,66],"card_choices":[{"not_picked":["Malaise","Storm of Steel"],"picked":"After Image","floor":0},{"not_picked":["Setup","Poisoned Stab"],"picked":"Leg Sweep","floor":1},{"not_picked":["Underhanded Strike","Deflect"],"picked":"Dagger Spray","floor":2},{"not_picked":["Blade Dance","Quick Slash"],"picked":"Dash","floor":3},{"not_picked":["Eviscerate","Poisoned Stab"],"picked":"Wraith Form v2","floor":4},{"not_picked":["Accuracy","Cloak And Dagger","Leg Sweep"],"picked":"SKIP","floor":11},{"not_picked":["Dagger Throw","Finisher","Acrobatics"],"picked":"SKIP","floor":13},{"not_picked":["Eviscerate","Cloak And Dagger","Bane"],"picked":"SKIP","floor":14}],"player_experience":4546816,"relics_obtained":[{"floor":9,"key":"Sundial"},{"floor":13,"key":"Blue Candle"}],"event_choices":[{"damage_healed":0,"gold_gain":0,"player_choice":"Entered Light","damage_taken":20,"max_hp_gain":0,"max_hp_loss":0,"event_name":"Shining Light","floor":5,"gold_loss":0,"cards_upgraded":["Strike_G","Wraith Form v2"]},{"damage_healed":0,"gold_gain":0,"player_choice":"Ignored","damage_taken":0,"max_hp_gain":0,"max_hp_loss":0,"event_name":"Liars Game","floor":7,"gold_loss":0},{"damage_healed":0,"gold_gain":0,"player_choice":"Success","damage_taken":5,"relics_obtained":["PreservedInsect"],"max_hp_gain":0,"max_hp_loss":0,"event_name":"Scrap Ooze","floor":8,"gold_loss":0}],"is_beta":false,"boss_relics":[],"items_purged_floors":[],"is_endless":false,"potions_floor_spawned":[1,4],"killed_by":"Slime Boss","ascension_level":20}