{"gold_per_floor":[116,116,41,6,23,23,50,50,74,16,16,42,42,57,57,132,132,146,146,166,166],"floor_reached":21,"playtime":416,"items_purged":["Strike_B"],"score":470,"play_id":"7d4c00b9-c242-4e3e-bd19-e204f530ee88","local_time":"20190720220542","is_ascension_mode":true,"campfire_choices":[{"data":"Streamline","floor":6.0,"key":"SMITH"},{"data":"Zap","floor":8.0,"key":"SMITH"},{"data":"Dualcast","floor":13.0,"key":"SMITH"},{"data":"Coolheaded","floor":15.0,"key":"SMITH"}],"neow_cost":"TEN_PERCENT_HP_LOSS","seed_source_timestamp":394395360117811,"circlet_count":0,"master_deck":["AscendersBane","Strike_B","Strike_B+1","Strike_B+1","Defend_B","Defend_B","Defend_B","Defend_B","Zap+1","Dualcast+1","Streamline+1","Turbo","Chaos","Coolheaded+1","White Noise","Electrodynamics","Biased Cognition","Genetic Algorithm+1"],"special_seed":0,"relics":["Cracked Core","Unceasing Top","DataDisk","Dream Catcher","Smiling Mask","Philosopher\u0027s Stone"],"potions_floor_usage":[21],"damage_taken":[{"damage":2.0,"enemies":"Cultist","floor":1.0,"turns":4.0},{"damage":0.0,"enemies":"2 Louse","floor":5.0,"turns":2.0},{"damage":30.0,"enemies":"3 Sentries","floor":7.0,"turns":7.0},{"damage":11.0,"enemies":"Lagavulin","floor":12.0,"turns":6.0},{"damage":1.0,"enemies":"Small Slimes","floor":14.0,"turns":2.0},{"damage":0.0,"enemies":"Slime Boss","floor":16.0,"turns":6.0},{"damage":26.0,"enemies":"3 Byrds","floor":18.0,"turns":2.0},{"damage":13.0,"enemies":"Shell Parasite","floor":20.0,"turns":4.0},{"damage":33,"enemies":"Shelled Parasite and Fungi","floor":21,"turns":1}],"seed_played":"1190977043309550963","potions_obtained":[{"floor":14.0,"key":"Dexterity Potion"},{"floor":16.0,"key":"LiquidBronze"},{"floor":18.0,"key":"Block Potion"},{"floor":20.0,"key":"PowerPotion"}],"is_trial":false,"path_per_floor":["M","?","$","?","M","R","E","R","T","$","?","E","R","M","R","B",null,"M","?","M","M"],"character_chosen":"DEFECT","items_purchased":["Coolheaded"],"campfire_rested":0,"item_purchase_floors":[10],"current_hp_per_floor":[62,43,43,59,59,59,29,29,29,29,29,18,18,17,17,17,52,26,26,13,0],"gold":166,"neow_bonus":"ONE_RARE_RELIC","is_prod":false,"is_daily":false,"chose_seed":false,"campfire_upgraded":4,"win_rate":0,"timestamp":1563627942,"path_taken":["M","?","$","?","M","R","E","R","T","$","?","E","R","M","R","BOSS","M","?","?","M"],"build_version":"2019-07-17","purchased_purges":1,"victory":false,"max_hp_per_floor":[64,64,64,64,64,64,64,64,64,64,64,64,64,64,64,64,64,64,64,64,64],"card_choices":[{"not_picked":["Hologram","Genetic Algorithm"],"picked":"Streamline","floor":1.0},{"not_picked":["Sweeping Beam","Streamline"],"picked":"Turbo","floor":5.0},{"not_picked":["Streamline","Turbo"],"picked":"Chaos","floor":7.0},{"not_picked":["Self Repair","Stack"],"picked":"White Noise","floor":12.0},{"not_picked":["Cold Snap","Lockon"],"picked":"Electrodynamics","floor":14.0},{"not_picked":["Multi-Cast","All For One"],"picked":"Biased Cognition","floor":16.0},{"not_picked":["Leap","Sweeping Beam","Streamline"],"picked":"SKIP","floor":18.0},{"not_picked":["Storm","Genetic Algorithm+1","Rebound"],"picked":"SKIP","floor":20.0},{"not_picked":["Storm","Rebound"],"picked":"Genetic Algorithm+1","floor":20.0}],"player_experience":647290,"relics_obtained":[{"floor":7.0,"key":"DataDisk"},{"floor":9.0,"key":"Dream Catcher"},{"floor":12.0,"key":"Smiling Mask"}],"event_choices":[{"damage_healed":0.0,"max_hp_gain":0.0,"max_hp_loss":0.0,"gold_gain":0.0,"event_name":"Shining Light","player_choice":"Entered Light","floor":2.0,"gold_loss":0.0,"damage_taken":19.0,"cards_upgraded":["Strike_B","Strike_B"]},{"damage_healed":16.0,"max_hp_gain":0.0,"max_hp_loss":0.0,"gold_gain":0.0,"event_name":"The Cleric","player_choice":"Healed","floor":4.0,"gold_loss":35.0,"damage_taken":0.0},{"damage_healed":0.0,"max_hp_gain":0.0,"max_hp_loss":0.0,"gold_gain":0.0,"event_name":"Liars Game","player_choice":"Ignored","floor":11.0,"gold_loss":0.0,"damage_taken":0.0},{"damage_healed":0.0,"max_hp_gain":0.0,"max_hp_loss":0.0,"gold_gain":0.0,"event_name":"N\u0027loth","player_choice":"Ignored","floor":19.0,"gold_loss":0.0,"damage_taken":0.0}],"is_beta":false,"boss_relics":[{"not_picked":["Fusion Hammer","Busted Crown"],"picked":"Philosopher\u0027s Stone"}],"items_purged_floors":[3],"is_endless":false,"potions_floor_spawned":[14,16,18,20],"killed_by":"Shelled Parasite and Fungi","ascension_level":20}