{"gold_per_floor":[19,35,45,45,10,10,10,10,61,73,99,386,423,137,137,232,232,255,60,60,60,780,793,812,812,812,825,105,105,105,121,121,121],"floor_reached":33,"playtime":1800,"items_purged":["Regret","Strike_R","Purity"],"score":450,"play_id":"7e3ad697-f62e-4aa7-b105-12e220e6c2f1","local_time":"20190803111615","is_ascension_mode":true,"campfire_choices":[{"data":"Searing Blow","floor":6,"key":"SMITH"},{"data":"Searing Blow+1","floor":8,"key":"SMITH"},{"data":"Searing Blow+2","floor":10,"key":"SMITH"},{"floor":15,"key":"REST"},{"data":"Searing Blow+3","floor":29,"key":"SMITH"},{"data":"Searing Blow+5","floor":32,"key":"SMITH"}],"neow_cost":"NO_GOLD","seed_source_timestamp":139141593342677,"circlet_count":0,"master_deck":["AscendersBane","Strike_R+1","Strike_R+1","Strike_R+1","Strike_R+1","Defend_R+1","Defend_R+1","Defend_R+1","Defend_R+1","Bash","Mind Blast","Shockwave","Searing Blow+6","Iron Wave","Shrug It Off","Metallicize","Headbutt","Bludgeon","Shrug It Off","Headbutt","Shrug It Off","Rampage+1","Flame Barrier","Shrug It Off"],"relics":["Burning Blood","Bloody Idol","MawBank","Sozu","Bottled Lightning","Pantograph","Pear"],"potions_floor_usage":[16,16,18],"damage_taken":[{"damage":8,"enemies":"Jaw Worm","floor":1,"turns":5},{"damage":1,"enemies":"2 Louse","floor":2,"turns":2},{"damage":12,"enemies":"Small Slimes","floor":3,"turns":4},{"damage":32,"enemies":"Exordium Thugs","floor":11,"turns":6},{"damage":9,"enemies":"Looter","floor":13,"turns":4},{"damage":50,"enemies":"Hexaghost","floor":16,"turns":14},{"damage":15,"enemies":"3 Byrds","floor":18,"turns":6},{"damage":3,"enemies":"Shell Parasite","floor":23,"turns":6},{"damage":7,"enemies":"Snecko","floor":24,"turns":4},{"damage":27,"enemies":"Shelled Parasite and Fungi","floor":27,"turns":3},{"damage":7,"enemies":"Sentry and Sphere","floor":31,"turns":4},{"damage":76,"enemies":"Collector","floor":33,"turns":8}],"seed_played":"2380874696417446166","potions_obtained":[{"floor":2,"key":"PowerPotion"},{"floor":3,"key":"SkillPotion"},{"floor":16,"key":"SneckoOil"}],"is_trial":false,"path_per_floor":["M","M","M","?","?","R","?","R","T","R","M","?","M","$","R","B",null,"M","$","?","?","?","M","M","?","T","M","$","R","?","M","R","B"],"character_chosen":"IRONCLAD","items_purchased":["Regen Potion","Shrug It Off","Metallicize","Headbutt","Shrug It Off","Headbutt","Flame Barrier","Pantograph","Pear","Shrug It Off"],"campfire_rested":1,"item_purchase_floors":[14,14,14,14,19,19,28,28,28,28],"current_hp_per_floor":[66,71,65,47,65,65,50,50,50,50,24,24,21,21,43,14,60,51,51,51,51,28,36,40,40,40,24,34,34,34,38,38,0],"gold":121,"neow_bonus":"RANDOM_COLORLESS_2","is_prod":false,"is_daily":false,"chose_seed":false,"campfire_upgraded":5,"win_rate":0,"timestamp":1564848975,"path_taken":["M","M","M","?","?","R","?","R","T","R","M","?","M","$","R","BOSS","M","$","?","?","?","M","?","?","T","M","$","R","?","M","R","BOSS"],"build_version":"2019-07-17","purchased_purges":3,"victory":false,"max_hp_per_floor":[75,75,75,75,75,75,75,75,75,75,75,75,75,75,75,75,75,75,75,75,75,75,75,75,75,75,75,85,85,85,85,85,85],"card_choices":[{"not_picked":["Armaments","Wild Strike"],"picked":"Shockwave","floor":1},{"not_picked":["Feel No Pain","Clothesline"],"picked":"Searing Blow","floor":2},{"not_picked":["Havoc","Cleave","Clothesline"],"picked":"SKIP","floor":3},{"not_picked":["Pommel Strike","Headbutt"],"picked":"Iron Wave","floor":11},{"not_picked":["Thunderclap","Feel No Pain","Spot Weakness"],"picked":"SKIP","floor":13},{"not_picked":["Exhume","Fiend Fire"],"picked":"Bludgeon","floor":16},{"not_picked":["Sword Boomerang","Feel No Pain","Thunderclap"],"picked":"SKIP","floor":18},{"not_picked":["Cleave","Entrench"],"picked":"Shrug It Off","floor":23},{"not_picked":["Warcry","Anger+1"],"picked":"Rampage+1","floor":24},{"not_picked":["Bloodletting","Whirlwind","Wild Strike"],"picked":"SKIP","floor":27},{"not_picked":["Havoc","Clothesline","Sever Soul"],"picked":"SKIP","floor":31}],"player_experience":426348,"relics_obtained":[{"floor":9,"key":"MawBank"},{"floor":26,"key":"Bottled Lightning"}],"event_choices":[{"damage_healed":0,"gold_gain":0,"player_choice":"Take Damage","damage_taken":18,"relics_obtained":["Golden Idol"],"max_hp_gain":0,"max_hp_loss":0,"event_name":"Golden Idol","floor":4,"gold_loss":0},{"damage_healed":18,"gold_gain":0,"player_choice":"Healed","damage_taken":0,"max_hp_gain":0,"max_hp_loss":0,"event_name":"The Cleric","floor":5,"gold_loss":35},{"damage_healed":0,"gold_gain":0,"player_choice":"Entered Light","damage_taken":15,"max_hp_gain":0,"max_hp_loss":0,"event_name":"Shining Light","floor":7,"gold_loss":0,"cards_upgraded":["Defend_R","Strike_R"]},{"damage_healed":0,"gold_gain":275,"player_choice":"Desecrate","damage_taken":0,"max_hp_gain":0,"max_hp_loss":0,"event_name":"Golden Shrine","floor":12,"gold_loss":0,"cards_obtained":["Regret"]},{"damage_healed":0,"gold_gain":0,"player_choice":"Simplicity","damage_taken":0,"max_hp_gain":0,"max_hp_loss":0,"event_name":"Back to Basics","floor":20,"gold_loss":0,"cards_upgraded":["Strike_R","Strike_R","Strike_R","Defend_R","Defend_R","Defend_R"]},{"damage_healed":0,"gold_gain":0,"player_choice":"Gave Idol","damage_taken":0,"relics_obtained":["Bloody Idol"],"max_hp_gain":0,"max_hp_loss":0,"event_name":"Forgotten Altar","floor":21,"relics_lost":["Golden Idol"],"gold_loss":0},{"damage_healed":0,"gold_gain":720,"player_choice":"GOLD GOLD GOLD GOLD GOLD GOLD GOLD GOLD ","damage_taken":63,"max_hp_gain":0,"max_hp_loss":0,"event_name":"Knowing Skull","floor":22,"potions_obtained":[],"gold_loss":0,"cards_obtained":[]},{"damage_healed":0,"gold_gain":0,"player_choice":"Ignored","damage_taken":0,"max_hp_gain":0,"max_hp_loss":0,"event_name":"The Mausoleum","floor":25,"gold_loss":0},{"damage_healed":0,"gold_gain":0,"player_choice":"Upgraded","damage_taken":0,"max_hp_gain":0,"max_hp_loss":0,"event_name":"Upgrade Shrine","floor":30,"gold_loss":0,"cards_upgraded":["Searing Blow"]}],"is_beta":false,"boss_relics":[{"not_picked":["Eternal Feather","Black Star"],"picked":"Sozu"}],"items_purged_floors":[14,19,28],"is_endless":false,"potions_floor_spawned":[2,3,16,27,31],"killed_by":"Collector","ascension_level":14}