{"gold_per_floor":[117,135,60,75,75,75,75,93,93,111,111,123,123,158,158,158],"floor_reached":16,"playtime":460,"items_purged":["Strike_G"],"score":254,"play_id":"012682db-f23b-4fed-84ce-c32bcbeb39fc","local_time":"20190710223623","is_ascension_mode":true,"campfire_choices":[{"data":"Neutralize","floor":6.0,"key":"SMITH"},{"data":"Acrobatics","floor":11.0,"key":"SMITH"},{"data":"Tactician","floor":13.0,"key":"SMITH"},{"data":"Calculated Gamble","floor":15.0,"key":"SMITH"}],"neow_cost":"NONE","seed_source_timestamp":307484618885913,"circlet_count":0,"master_deck":["AscendersBane","Strike_G","Strike_G","Strike_G","Strike_G","Defend_G","Defend_G","Defend_G","Defend_G","Defend_G","Survivor","Neutralize+1","Infinite Blades","Backstab","Grand Finale","Footwork","Acrobatics+1","Tactician+1","Backflip","Calculated Gamble+1"],"special_seed":0,"relics":["Ring of the Snake","Pen Nib","Prayer Wheel","Thread and Needle"],"potions_floor_usage":[16],"damage_taken":[{"damage":11.0,"enemies":"Cultist","floor":1.0,"turns":5.0},{"damage":6.0,"enemies":"2 Louse","floor":2.0,"turns":3.0},{"damage":2.0,"enemies":"Jaw Worm","floor":4.0,"turns":4.0},{"damage":14.0,"enemies":"Large Slime","floor":8.0,"turns":6.0},{"damage":1.0,"enemies":"2 Fungi Beasts","floor":10.0,"turns":5.0},{"damage":24.0,"enemies":"Gremlin Gang","floor":12.0,"turns":6.0},{"damage":0.0,"enemies":"3 Sentries","floor":14.0,"turns":2.0},{"damage":0,"enemies":"Slime Boss","floor":16,"turns":3}],"seed_played":"-9099395278942764751","potions_obtained":[{"floor":1.0,"key":"Block Potion"},{"floor":8.0,"key":"GamblersBrew"}],"is_trial":false,"path_per_floor":["M","M","$","M","$","R","?","M","T","M","R","M","R","E","R","B"],"character_chosen":"THE_SILENT","items_purchased":[],"campfire_rested":0,"item_purchase_floors":[],"current_hp_per_floor":[48,42,42,40,40,40,40,26,26,25,25,1,1,1,1,1],"gold":158,"neow_bonus":"RANDOM_COMMON_RELIC","is_prod":false,"is_daily":false,"chose_seed":false,"campfire_upgraded":4,"win_rate":0,"timestamp":1562769383,"path_taken":["M","M","$","M","?","R","?","M","T","?","R","M","R","E","R","BOSS"],"build_version":"2019-07-05","purchased_purges":1,"victory":false,"max_hp_per_floor":[66,66,66,66,66,66,66,66,66,66,66,66,66,66,66,66],"card_choices":[{"not_picked":["Dodge and Roll","Slice"],"picked":"Infinite Blades","floor":1.0},{"not_picked":["Bouncing Flask","Catalyst"],"picked":"Backstab","floor":2.0},{"not_picked":["Tactician","Dagger Spray","PiercingWail"],"picked":"SKIP","floor":4.0},{"not_picked":["Deadly Poison","Underhanded Strike"],"picked":"Footwork","floor":8.0},{"not_picked":["PiercingWail","Leg Sweep"],"picked":"Acrobatics","floor":10.0},{"not_picked":["Slice","Dagger Spray"],"picked":"Tactician","floor":10.0},{"not_picked":["Skewer","Poisoned Stab"],"picked":"Backflip","floor":12.0},{"not_picked":["Backflip","All Out Attack"],"picked":"Calculated Gamble","floor":12.0},{"not_picked":["Riddle With Holes","Quick Slash","Crippling Poison"],"picked":"SKIP","floor":14.0}],"player_experience":1577821,"relics_obtained":[{"floor":9.0,"key":"Prayer Wheel"},{"floor":14.0,"key":"Thread and Needle"}],"event_choices":[{"damage_healed":0.0,"max_hp_gain":0.0,"max_hp_loss":0.0,"gold_gain":0.0,"event_name":"Match and Keep!","player_choice":"1 cards matched","floor":7.0,"gold_loss":0.0,"damage_taken":0.0,"cards_obtained":["Grand Finale"]}],"is_beta":false,"boss_relics":[],"items_purged_floors":[3],"is_endless":false,"potions_floor_spawned":[1,8],"killed_by":"Slime Boss","ascension_level":20}