{"gold_per_floor":[115,131,131,131,131,131,161,161,161,194,194,274,309,329,329,403,403,414,186,204,39,39,64,14,14,60,73,102,119,69,103,103,174,174,186,44,44,44,62,93,103,115,167,180,199,230,230,259,259,259,259],"floor_reached":52,"playtime":3909,"items_purged":["Strike_G","Strike_G","Strike_G+1","Strike_G+1"],"score":2382,"play_id":"caafcde2-cc6f-487f-a9f3-4df9b3d7e926","local_time":"20181022194456","is_ascension_mode":true,"campfire_choices":[{"data":"Blade Dance","floor":6.0,"key":"SMITH"},{"data":"Neutralize","floor":8.0,"key":"SMITH"},{"data":"Cloak And Dagger","floor":11.0,"key":"SMITH"},{"data":"Footwork","floor":15.0,"key":"SMITH"},{"floor":25.0,"key":"REST"},{"floor":32.0,"key":"REST"},{"floor":47,"key":"REST"},{"data":"Envenom","floor":49,"key":"SMITH"}],"neow_cost":"NONE","seed_source_timestamp":207587274464837,"circlet_count":0,"master_deck":["Defend_G","Defend_G","Defend_G","Strike_G+1","Survivor","Neutralize+1","AscendersBane","Blade Dance+1","Infinite Blades","Footwork+1","Cloak And Dagger+1","Riddle With Holes+1","After Image","Backflip","Deflect","Envenom+1","Flash of Steel","Sucker Punch","Noxious Fumes","Accuracy"],"special_seed":0,"relics":["Ring of the Snake","HarvestTotem","NeowsBlessing","Shuriken","Mango","Paper Crane","Smiling Mask","Bottled Lightning","CrystalShield","Temperance","Lantern","Nilry\u0027s Codex","Whetstone","IndustrialRevolution","Question Card","Mummified Hand","Busted Crown","Bronze Scales","Vajra","Omamori","Gremlin Horn"],"potions_floor_usage":[46,46,50,51],"damage_taken":[{"damage":0.0,"enemies":"Cultist","floor":1.0,"turns":1.0},{"damage":0.0,"enemies":"Small Slimes","floor":2.0,"turns":1.0},{"damage":0.0,"enemies":"Gremlin Nob","floor":7.0,"turns":1.0},{"damage":7.0,"enemies":"Lagavulin","floor":10.0,"turns":10.0},{"damage":46.0,"enemies":"Gremlin Nob","floor":13.0,"turns":6.0},{"damage":0.0,"enemies":"2 Louse","floor":14.0,"turns":5.0},{"damage":40.0,"enemies":"Hexaghost","floor":16.0,"turns":17.0},{"damage":11.0,"enemies":"Shell Parasite","floor":18.0,"turns":7.0},{"damage":31.0,"enemies":"Chosen","floor":20.0,"turns":9.0},{"damage":59.0,"enemies":"Book of Stabbing","floor":23.0,"turns":9.0},{"damage":0.0,"enemies":"Snake Plant","floor":27.0,"turns":7.0},{"damage":98.0,"enemies":"Slavers","floor":28.0,"turns":11.0},{"damage":0.0,"enemies":"Sentry and Sphere","floor":29.0,"turns":7.0},{"damage":35.0,"enemies":"Book of Stabbing","floor":31.0,"turns":14.0},{"damage":0.0,"enemies":"Automaton","floor":33.0,"turns":13.0},{"damage":13.0,"enemies":"3 Darklings","floor":35.0,"turns":7.0},{"damage":52.0,"enemies":"3 Shapes","floor":39.0,"turns":6.0},{"damage":0.0,"enemies":"Nemesis","floor":40.0,"turns":9.0},{"damage":0.0,"enemies":"Maw","floor":41.0,"turns":8.0},{"damage":9.0,"enemies":"Sphere and 2 Shapes","floor":42.0,"turns":5.0},{"damage":28.0,"enemies":"Jaw Worm Horde","floor":44.0,"turns":7.0},{"damage":4.0,"enemies":"Transient","floor":45.0,"turns":6.0},{"damage":0,"enemies":"Reptomancer","floor":46,"turns":10},{"damage":0,"enemies":"Giant Head","floor":48,"turns":8},{"damage":38,"enemies":"Donu and Deca","floor":50,"turns":12},{"damage":31,"enemies":"Awakened One","floor":51,"turns":17}],"seed_played":"6773026652071662544","potions_obtained":[{"floor":2.0,"key":"Fire Potion"},{"floor":10.0,"key":"GamblersBrew"},{"floor":14.0,"key":"Weak Potion"},{"floor":16.0,"key":"SteroidPotion"},{"floor":31.0,"key":"Weak Potion"},{"floor":33.0,"key":"LiquidBronze"},{"floor":41.0,"key":"Weak Potion"},{"floor":45.0,"key":"Fire Potion"},{"floor":46,"key":"Poison Potion"},{"floor":48,"key":"Regen Potion"}],"is_trial":false,"path_per_floor":["M","M","?","?","?","R","E","R","T","E","R","T","E","M","R","B",null,"M","$","M","$","?","E","$","R","T","M","E","M","$","E","R","B",null,"M","$","?","?","M","E","M","M","T","M","M","E","R","E","R","B","B"],"character_chosen":"THE_SILENT","items_purchased":["After Image","Lantern","Flash of Steel"],"campfire_rested":3,"item_purchase_floors":[19,21,36],"current_hp_per_floor":[125,125,142,99,88,88,144,144,144,137,137,137,91,91,91,51,170,159,159,128,128,107,48,48,150,150,150,52,52,52,17,119,119,170,157,157,157,157,105,105,105,96,96,68,64,64,160,160,160,152,121],"gold":259,"neow_bonus":"THREE_ENEMY_KILL","is_prod":false,"is_daily":false,"chose_seed":false,"campfire_upgraded":5,"win_rate":0,"timestamp":1540208696,"path_taken":["M","?","?","?","?","R","E","R","T","E","R","?","E","M","R","BOSS","M","$","M","$","?","E","?","R","T","M","E","?","?","E","R","BOSS","M","$","?","?","M","E","?","M","T","M","M","E","R","E","R","BOSS","BOSS"],"build_version":"2018-10-18","purchased_purges":4,"victory":true,"max_hp_per_floor":[132,132,142,142,142,142,170,170,170,170,170,170,170,170,170,170,170,170,170,170,170,170,170,170,170,170,170,170,170,170,170,170,170,170,170,170,161,161,161,161,161,161,161,161,161,161,161,161,161,161,161],"card_choices":[{"not_picked":["Distraction","Backflip"],"picked":"Blade Dance","floor":1.0},{"not_picked":["Eviscerate","Sucker Punch"],"picked":"Infinite Blades","floor":2.0},{"not_picked":["Escape Plan","Dagger Throw"],"picked":"Footwork","floor":7.0},{"not_picked":["Blur","All Out Attack"],"picked":"Cloak And Dagger","floor":10.0},{"not_picked":["Prepared","Deflect"],"picked":"Riddle With Holes","floor":13.0},{"not_picked":["Bouncing Flask","Masterful Stab","Eviscerate"],"picked":"SKIP","floor":14.0},{"not_picked":["Wraith Form v2","Doppelganger"],"picked":"Burst","floor":16.0},{"not_picked":["Reflex","PiercingWail","Cloak And Dagger+1"],"picked":"SKIP","floor":18.0},{"not_picked":["Sucker Punch","Calculated Gamble","Dagger Spray"],"picked":"SKIP","floor":20.0},{"not_picked":["Dagger Spray","Quick Slash"],"picked":"Backflip","floor":23.0},{"not_picked":["Acrobatics","Infinite Blades+1"],"picked":"Deflect","floor":27.0},{"not_picked":["Dagger Throw","Bane","Tactician"],"picked":"SKIP","floor":28.0},{"not_picked":["Backstab","Slice","Deflect"],"picked":"Envenom","floor":29.0},{"not_picked":["Slice","Backflip","Choke","Poisoned Stab"],"picked":"SKIP","floor":31.0},{"not_picked":["Eviscerate","Deflect"],"picked":"SKIP","floor":35.0},{"not_picked":["Bouncing Flask"],"picked":"Sucker Punch","floor":39.0},{"not_picked":["Acrobatics","Blade Dance"],"picked":"SKIP","floor":40.0},{"not_picked":["Acrobatics","Blade Dance"],"picked":"SKIP","floor":40.0},{"not_picked":["Reflex","Dash"],"picked":"SKIP","floor":41.0},{"not_picked":["Underhanded Strike","Dodge and Roll"],"picked":"SKIP","floor":42.0},{"not_picked":["Sucker Punch","Calculated Gamble"],"picked":"SKIP","floor":44.0},{"not_picked":["Quick Slash","Malaise"],"picked":"SKIP","floor":45.0},{"not_picked":["Underhanded Strike"],"picked":"Noxious Fumes","floor":46},{"not_picked":["Blade Dance+1"],"picked":"Accuracy","floor":48}],"player_experience":364493,"relics_obtained":[{"floor":7.0,"key":"Mango"},{"floor":9.0,"key":"Paper Crane"},{"floor":10.0,"key":"Smiling Mask"},{"floor":12.0,"key":"Bottled Lightning"},{"floor":13.0,"key":"CrystalShield"},{"floor":22.0,"key":"Nilry\u0027s Codex"},{"floor":23.0,"key":"Whetstone"},{"floor":26.0,"key":"IndustrialRevolution"},{"floor":28.0,"key":"Question Card"},{"floor":31.0,"key":"Mummified Hand"},{"floor":40.0,"key":"Bronze Scales"},{"floor":43.0,"key":"Vajra"},{"floor":46,"key":"Omamori"},{"floor":48,"key":"Gremlin Horn"}],"event_choices":[{"damage_healed":0.0,"max_hp_gain":5.0,"max_hp_loss":0.0,"gold_gain":0.0,"event_name":"Big Fish","player_choice":"Donut","floor":3.0,"gold_loss":0.0,"damage_taken":0.0},{"damage_healed":0.0,"max_hp_gain":0.0,"max_hp_loss":0.0,"gold_gain":0.0,"event_name":"Shining Light","player_choice":"Entered Light","floor":4.0,"gold_loss":0.0,"damage_taken":43.0,"cards_upgraded":["Strike_G","Strike_G"]},{"damage_healed":0.0,"max_hp_gain":0.0,"max_hp_loss":0.0,"gold_gain":0.0,"event_name":"Scrap Ooze","player_choice":"Success","floor":5.0,"gold_loss":0.0,"damage_taken":11.0,"relics_obtained":["Shuriken"]},{"damage_healed":0.0,"max_hp_gain":0.0,"max_hp_loss":0.0,"gold_gain":0.0,"event_name":"Cursed Tome","player_choice":"Obtained Book","floor":22.0,"gold_loss":0.0,"damage_taken":21.0},{"damage_healed":0.0,"max_hp_gain":0.0,"max_hp_loss":9.0,"gold_gain":0.0,"event_name":"Winding Halls","player_choice":"Max HP","floor":37.0,"gold_loss":0.0,"damage_taken":0.0},{"cards_removed":["Burst"],"damage_healed":0.0,"max_hp_gain":0.0,"max_hp_loss":0.0,"gold_gain":0.0,"event_name":"Falling","player_choice":"Removed Skill","floor":38.0,"gold_loss":0.0,"damage_taken":0.0}],"is_beta":false,"boss_relics":[{"not_picked":["Snecko Eye","Ring of the Serpent"],"picked":"Temperance"},{"not_picked":["Philosopher\u0027s Stone","PortableAltar"],"picked":"Busted Crown"}],"items_purged_floors":[19,24,30,36],"is_endless":false,"potions_floor_spawned":[2,10,14,16,18,20,31,33,41,45,46,48],"ascension_level":20}