{"gold_per_floor":[114,189,37,52,52,82,101,130,130,163,163,338,338,21,21,123,123,139,155,119,119,133,133,167,181,181,208,219,219,144,144,144,144],"floor_reached":33,"playtime":778,"items_purged":["Strike_R","Doubt"],"score":408,"play_id":"7f372cd2-ea06-420f-ab2f-6b95b0ab7568","local_time":"20180918210313","is_ascension_mode":true,"campfire_choices":[{"data":"Demon Form","floor":13.0,"key":"SMITH"},{"data":"Whirlwind","floor":15.0,"key":"SMITH"},{"data":"Flex","floor":23.0,"key":"SMITH"},{"data":"Rampage","floor":29.0,"key":"SMITH"},{"floor":32.0,"key":"REST"}],"neow_cost":"NONE","seed_source_timestamp":34227115082866,"circlet_count":0,"master_deck":["Strike_R","Strike_R","Defend_R","Defend_R","Defend_R","Defend_R","Bash","Flex+1","Dual Wield","Shrug It Off","Thunderclap","Sword Boomerang","Demon Form+1","Whirlwind+1","Impervious+1","Rampage+1","Armaments+1"],"special_seed":0,"relics":["Burning Blood","NeowsBlessing","Letter Opener","Incense Burner","Shovel","Toxic Egg 2","Omamori","Busted Crown","MutagenicStrength","Strawberry","Dodecahedron","Potion Belt"],"potions_floor_usage":[33,33,33],"damage_taken":[{"damage":0.0,"enemies":"Cultist","floor":1.0,"turns":1.0},{"damage":0.0,"enemies":"Jaw Worm","floor":4.0,"turns":1.0},{"damage":0.0,"enemies":"Lagavulin","floor":6.0,"turns":1.0},{"damage":1.0,"enemies":"2 Louse","floor":7.0,"turns":3.0},{"damage":47.0,"enemies":"3 Sentries","floor":8.0,"turns":9.0},{"damage":20.0,"enemies":"Gremlin Nob","floor":10.0,"turns":4.0},{"damage":14.0,"enemies":"Hexaghost","floor":16.0,"turns":7.0},{"damage":0.0,"enemies":"Chosen","floor":18.0,"turns":5.0},{"damage":19.0,"enemies":"Shell Parasite","floor":19.0,"turns":5.0},{"damage":0.0,"enemies":"3 Cultists","floor":22.0,"turns":2.0},{"damage":29.0,"enemies":"Book of Stabbing","floor":24.0,"turns":5.0},{"damage":3.0,"enemies":"Snake Plant","floor":25.0,"turns":4.0},{"damage":41.0,"enemies":"Gremlin Leader","floor":27.0,"turns":6.0},{"damage":12.0,"enemies":"Chosen and Byrds","floor":28.0,"turns":3.0},{"damage":54,"enemies":"Automaton","floor":33,"turns":6}],"seed_played":"40241545588798327","potions_obtained":[{"floor":7.0,"key":"Poison Potion"},{"floor":8.0,"key":"Energy Potion"},{"floor":19.0,"key":"Regen Potion"},{"floor":27.0,"key":"AttackPotion"},{"floor":28.0,"key":"SpeedPotion"}],"is_trial":false,"path_per_floor":["M","?","$","M","$","E","M","E","T","E","?","?","R","$","R","B",null,"M","M","$","?","M","R","E","M","T","E","M","R","?","?","R"],"character_chosen":"IRONCLAD","items_purchased":["Dual Wield","Whirlwind","Omamori","Rampage"],"campfire_rested":1,"item_purchase_floors":[3,14,14,20],"current_hp_per_floor":[80,69,69,75,75,80,80,39,39,25,18,18,18,18,18,10,63,69,56,56,56,67,67,51,54,54,19,13,13,13,13,39,0],"gold":144,"neow_bonus":"THREE_ENEMY_KILL","is_prod":false,"is_daily":false,"chose_seed":false,"campfire_upgraded":4,"win_rate":0,"timestamp":1537275793,"path_taken":["M","?","$","M","$","E","M","E","T","E","?","?","R","$","R","BOSS","M","M","$","?","?","R","E","M","T","E","M","R","?","?","R","BOSS"],"build_version":"2018-09-06","purchased_purges":2,"victory":false,"max_hp_per_floor":[80,80,80,80,80,80,80,80,80,80,80,80,80,80,80,80,80,80,80,80,80,80,80,87,87,87,87,87,87,87,87,87,87],"card_choices":[{"not_picked":["Sword Boomerang","Havoc"],"picked":"Flex","floor":1.0},{"not_picked":["Pummel","Rampage"],"picked":"Shrug It Off","floor":4.0},{"not_picked":["Body Slam","Power Through","Perfected Strike"],"picked":"SKIP","floor":6.0},{"not_picked":["Twin Strike","Shrug It Off"],"picked":"Thunderclap","floor":7.0},{"not_picked":["Body Slam","Anger"],"picked":"Sword Boomerang","floor":8.0},{"not_picked":["Twin Strike","Bloodletting"],"picked":"Demon Form","floor":10.0},{"not_picked":["Immolate","Dark Embrace"],"picked":"Impervious+1","floor":16.0},{"not_picked":["Twin Strike"],"picked":"SKIP","floor":18.0},{"not_picked":["Twin Strike"],"picked":"SKIP","floor":19.0},{"not_picked":["Anger+1"],"picked":"SKIP","floor":22.0},{"not_picked":[],"picked":"Armaments+1","floor":24.0},{"not_picked":["Body Slam+1"],"picked":"SKIP","floor":25.0},{"not_picked":["Pommel Strike"],"picked":"SKIP","floor":27.0},{"not_picked":["Rage+1"],"picked":"SKIP","floor":28.0}],"player_experience":12816,"relics_obtained":[{"floor":6.0,"key":"Letter Opener"},{"floor":8.0,"key":"Incense Burner"},{"floor":9.0,"key":"Shovel"},{"floor":10.0,"key":"Toxic Egg 2"},{"floor":24.0,"key":"Strawberry"},{"floor":26.0,"key":"Dodecahedron"},{"floor":27.0,"key":"Potion Belt"}],"event_choices":[{"event_name":"World of Goop","player_choice":"Gather Gold","floor":2.0,"damage_taken":0.0},{"event_name":"Golden Wing","player_choice":"Card Removal","floor":11.0,"damage_taken":0.0},{"event_name":"Liars Game","player_choice":"agreed","floor":12.0,"damage_taken":0.0},{"event_name":"Drug Dealer","player_choice":"Inject Mutagens","floor":21.0,"damage_taken":0.0},{"event_name":"Beggar","player_choice":"Gave Gold","floor":30.0,"damage_taken":0.0},{"event_name":"Cursed Tome","player_choice":"Ignored","floor":31.0,"damage_taken":0.0}],"is_beta":false,"boss_relics":[{"not_picked":["Eternal Feather","Velvet Choker"],"picked":"Busted Crown"}],"items_purged_floors":[3,14],"is_endless":false,"potions_floor_spawned":[7,8,19,27,28],"killed_by":"Automaton","ascension_level":5}