{"gold_per_floor":[116,116,43,58,58,83,83,114,114,144,20,45,75,93,93,172,172,187,187,187,206,206,206,220,249,249,81,91,91,91,6,6,79,79,95,109,19,32,32,59,59,91,114,35,35,35,35,35,35,35],"floor_reached":51,"playtime":1959,"items_purged":["Strike_R","Decay"],"score":1536,"play_id":"0d7fcd00-1d48-4502-a72a-79ffd3276d0c","local_time":"20180923003910","is_ascension_mode":true,"campfire_choices":[{"data":"Body Slam","floor":7.0,"key":"SMITH"},{"data":"True Grit","floor":15.0,"key":"SMITH"},{"data":"Seeing Red","floor":23.0,"key":"SMITH"},{"data":"Disarm","floor":32.0,"key":"SMITH"},{"data":"Barricade","floor":41,"key":"SMITH"},{"data":"Feel No Pain","floor":45,"key":"SMITH"},{"data":"Feel No Pain","floor":49,"key":"SMITH"}],"neow_cost":"NONE","seed_source_timestamp":128326202095491,"circlet_count":0,"master_deck":["Defend_R","Defend_R","Defend_R","Bash","AscendersBane","Thunderclap","Impervious","Metallicize","Body Slam+1","Disarm+1","Sentinel+1","Shrug It Off","True Grit+1","Feed","Limit Break","Dual Wield+1","Seeing Red+1","Battle Trance","Second Wind","Barricade+1","Feel No Pain+1","Inflame+1","Shockwave+1","Doubt","Feel No Pain+1","Madness","Madness"],"special_seed":0,"relics":["Burning Blood","Blood Vial","Mercury Hourglass","Dead Branch","Bag of Preparation","Juzu Bracelet","Pear","Odd Mushroom","Incense Burner","Cursed Key","Orichalcum","Boot","Charon\u0027s Ashes","Eternal Feather","Pocketwatch","Bird Faced Urn","Self Forming Clay","Pen Nib"],"potions_floor_usage":[50,50],"damage_taken":[{"damage":7.0,"enemies":"2 Louse","floor":1.0,"turns":3.0},{"damage":11.0,"enemies":"Jaw Worm","floor":4.0,"turns":7.0},{"damage":5.0,"enemies":"Gremlin Nob","floor":6.0,"turns":4.0},{"damage":5.0,"enemies":"Lagavulin","floor":8.0,"turns":7.0},{"damage":27.0,"enemies":"Gremlin Nob","floor":10.0,"turns":5.0},{"damage":0.0,"enemies":"The Mushroom Lair","floor":12.0,"turns":3.0},{"damage":3.0,"enemies":"3 Sentries","floor":13.0,"turns":5.0},{"damage":0.0,"enemies":"Cultist","floor":14.0,"turns":4.0},{"damage":12.0,"enemies":"The Guardian","floor":16.0,"turns":15.0},{"damage":0.0,"enemies":"Spheric Guardian","floor":18.0,"turns":4.0},{"damage":4.0,"enemies":"3 Byrds","floor":21.0,"turns":4.0},{"damage":6.0,"enemies":"Snake Plant","floor":24.0,"turns":5.0},{"damage":0.0,"enemies":"Slavers","floor":25.0,"turns":3.0},{"damage":11.0,"enemies":"Snecko","floor":28.0,"turns":4.0},{"damage":30.0,"enemies":"Collector","floor":33.0,"turns":7.0},{"damage":0,"enemies":"3 Shapes","floor":35,"turns":2},{"damage":6,"enemies":"3 Darklings","floor":36,"turns":1},{"damage":33,"enemies":"4 Shapes","floor":38,"turns":4},{"damage":1,"enemies":"Mind Bloom Boss Battle","floor":39,"turns":4},{"damage":3,"enemies":"Giant Head","floor":40,"turns":6},{"damage":0,"enemies":"2 Orb Walkers","floor":42,"turns":4},{"damage":6,"enemies":"Donu and Deca","floor":50,"turns":5}],"seed_played":"1765897782877310410","potions_obtained":[{"floor":1.0,"key":"SpeedPotion"},{"floor":8.0,"key":"Dexterity Potion"},{"floor":33.0,"key":"Energy Potion"},{"floor":39,"key":"EssenceOfSteel"}],"is_trial":false,"path_per_floor":["M","?","$","M","T","E","R","E","T","E","$","?","E","M","R","B",null,"M","?","?","M","?","R","M","E","T","$","M","$","?","?","R","B",null,"M","M","?","M","?","E","R","E","T","$","R","?","?","?","R","B"],"character_chosen":"IRONCLAD","items_purchased":["Metallicize","Shrug It Off","Second Wind","Feel No Pain"],"campfire_rested":0,"item_purchase_floors":[3,11,27,44],"current_hp_per_floor":[73,73,73,70,70,73,73,76,76,67,67,75,83,91,91,87,92,96,96,96,96,96,96,96,99,99,99,94,94,94,94,94,72,92,99,99,99,72,79,84,96,102,102,102,102,102,102,89,102,102],"gold":35,"neow_bonus":"RANDOM_COMMON_RELIC","is_prod":false,"is_daily":false,"chose_seed":false,"campfire_upgraded":7,"win_rate":0,"timestamp":1537634350,"path_taken":["M","?","?","M","?","E","R","E","T","E","$","?","E","M","R","BOSS","M","?","?","M","?","R","M","E","T","$","M","?","?","?","R","BOSS","M","M","?","M","?","E","R","E","T","$","R","?","?","?","R","BOSS"],"build_version":"2018-09-20","purchased_purges":2,"victory":true,"max_hp_per_floor":[80,80,80,80,80,80,80,80,80,90,90,90,93,93,93,93,93,96,96,96,96,96,96,96,99,99,99,99,99,99,99,99,99,99,99,99,99,99,99,99,99,102,102,102,102,102,102,102,102,102],"card_choices":[{"not_picked":["Twin Strike","Sword Boomerang"],"picked":"Thunderclap","floor":1.0},{"not_picked":["Dropkick","Carnage"],"picked":"Body Slam","floor":4.0},{"not_picked":["Anger","Cleave"],"picked":"Disarm","floor":6.0},{"not_picked":["Rupture","Twin Strike"],"picked":"Sentinel","floor":8.0},{"not_picked":["True Grit","Wild Strike","Power Through"],"picked":"SKIP","floor":10.0},{"not_picked":["Rupture","Wild Strike"],"picked":"True Grit","floor":12.0},{"not_picked":["Combust","Reckless Charge","Dropkick"],"picked":"SKIP","floor":13.0},{"not_picked":["Twin Strike","Havoc"],"picked":"Feed","floor":14.0},{"not_picked":["Bludgeon","Double Tap"],"picked":"Limit Break","floor":16.0},{"not_picked":["Clothesline","Sentinel"],"picked":"Dual Wield+1","floor":18.0},{"not_picked":["Headbutt","Rupture"],"picked":"Battle Trance","floor":21.0},{"not_picked":["Pommel Strike","Havoc+1","Evolve"],"picked":"SKIP","floor":24.0},{"not_picked":["Anger","Brutality","Wild Strike"],"picked":"SKIP","floor":25.0},{"not_picked":["Clothesline","Rupture","Twin Strike"],"picked":"SKIP","floor":28.0},{"not_picked":["Berserk","Offering"],"picked":"Barricade","floor":33.0},{"not_picked":["Reckless Charge","Warcry","Clash+1"],"picked":"SKIP","floor":35},{"not_picked":["Wild Strike","Twin Strike"],"picked":"Feel No Pain","floor":36},{"not_picked":["Wild Strike","Havoc+1","Armaments"],"picked":"SKIP","floor":38},{"not_picked":["Ghostly Armor","Disarm+1"],"picked":"Inflame+1","floor":39},{"not_picked":["Havoc","Anger+1","Combust"],"picked":"SKIP","floor":40},{"not_picked":["Warcry","Anger"],"picked":"Shockwave+1","floor":42}],"player_experience":93370,"relics_obtained":[{"floor":5.0,"key":"Mercury Hourglass"},{"floor":6.0,"key":"Dead Branch"},{"floor":8.0,"key":"Bag of Preparation"},{"floor":9.0,"key":"Juzu Bracelet"},{"floor":10.0,"key":"Pear"},{"floor":12.0,"key":"Odd Mushroom"},{"floor":13.0,"key":"Incense Burner"},{"floor":25.0,"key":"Orichalcum"},{"floor":26.0,"key":"Boot"},{"floor":39,"key":"Pocketwatch"},{"floor":40,"key":"Bird Faced Urn"},{"floor":42,"key":"Self Forming Clay"},{"floor":43,"key":"Pen Nib"}],"event_choices":[{"event_name":"Living Wall","player_choice":"Change","floor":2.0,"damage_taken":0.0},{"event_name":"Mushrooms","player_choice":"Fought Mushrooms","floor":12.0,"damage_taken":0.0},{"event_name":"Purifier","player_choice":"One Purge","floor":19.0,"damage_taken":0.0},{"event_name":"The Library","player_choice":"Read","floor":20.0,"damage_taken":0.0},{"event_name":"Purifier","player_choice":"One Purge","floor":22.0,"damage_taken":0.0},{"event_name":"Ghosts","player_choice":"Ignored","floor":30.0,"damage_taken":0.0},{"event_name":"Addict","player_choice":"Obtained Relic","floor":31.0,"damage_taken":0.0},{"event_name":"Designer","player_choice":"Full Service","floor":37,"damage_taken":0},{"event_name":"MindBloom","player_choice":"Fight","floor":39,"damage_taken":0},{"event_name":"Falling","player_choice":"Removed Skill","floor":46,"damage_taken":0},{"event_name":"SensoryStone","player_choice":"Memory 1","floor":47,"damage_taken":0},{"event_name":"Winding Halls","player_choice":"Embrace Madness","floor":48,"damage_taken":0}],"is_beta":false,"boss_relics":[{"not_picked":["Runic Cube","White Beast Statue"],"picked":"Cursed Key"},{"not_picked":["Runic Pyramid","Astrolabe"],"picked":"Eternal Feather"}],"items_purged_floors":[11,27],"is_endless":false,"potions_floor_spawned":[1,8,10,12,14,18,24,33,39],"ascension_level":13}