{"gold_per_floor":[13,25,35,135,145,145,175,186,242,242,262,280,280,312,312,417,417,427,352,368,368,378,378,136,136,163,163,113,113,147,159,159,254,254,273,287,307,257,274,274,302,315,315,315,350,350,367,387,387,387],"floor_reached":51,"playtime":1242,"items_purged":["Defend_R","Defend_R","Defend_R+1"],"score":866,"play_id":"2c4de5d3-e298-4af9-83c5-c419fa94f14d","local_time":"20190721233822","is_ascension_mode":false,"campfire_choices":[{"data":"Whirlwind","floor":6.0,"key":"SMITH"},{"data":"Inflame","floor":10.0,"key":"SMITH"},{"data":"Flex","floor":13.0,"key":"SMITH"},{"data":"Battle Trance","floor":15.0,"key":"SMITH"},{"data":"Double Tap","floor":23.0,"key":"SMITH"},{"data":"Defend_R","floor":27.0,"key":"SMITH"},{"floor":29.0,"key":"REST"},{"floor":32.0,"key":"REST"},{"data":"Bloodletting","floor":40,"key":"SMITH"},{"floor":44,"key":"REST"},{"floor":46,"key":"REST"},{"floor":49,"key":"REST"}],"neow_cost":"NO_GOLD","seed_source_timestamp":30211896479385,"circlet_count":0,"master_deck":["Whirlwind+1","Inflame+1","Battle Trance+1","Flex+1","Double Tap+1","Spot Weakness+1","Offering+1","Armaments+1","Burning Pact+1","Flex+1","Bloodletting+1"],"special_seed":0,"relics":["Burning Blood","Art of War","Tiny Chest","Smiling Mask","Astrolabe","Chemical X","MutagenicStrength","Boot","Blood Vial","Runic Dome","Ornamental Fan","Bag of Marbles"],"potions_floor_usage":[50,50,50],"damage_taken":[{"damage":0.0,"enemies":"2 Louse","floor":1.0,"turns":3.0},{"damage":6.0,"enemies":"Cultist","floor":2.0,"turns":4.0},{"damage":1.0,"enemies":"Jaw Worm","floor":3.0,"turns":3.0},{"damage":3.0,"enemies":"2 Fungi Beasts","floor":5.0,"turns":4.0},{"damage":18.0,"enemies":"3 Sentries","floor":7.0,"turns":3.0},{"damage":4.0,"enemies":"Blue Slaver","floor":8.0,"turns":4.0},{"damage":16.0,"enemies":"Exordium Wildlife","floor":11.0,"turns":2.0},{"damage":5.0,"enemies":"Looter","floor":12.0,"turns":4.0},{"damage":18.0,"enemies":"Lagavulin","floor":14.0,"turns":5.0},{"damage":33.0,"enemies":"Slime Boss","floor":16.0,"turns":6.0},{"damage":6.0,"enemies":"2 Thieves","floor":18.0,"turns":1.0},{"damage":6.0,"enemies":"3 Byrds","floor":20.0,"turns":1.0},{"damage":6.0,"enemies":"Cultist and Chosen","floor":22.0,"turns":2.0},{"damage":6.0,"enemies":"Book of Stabbing","floor":30.0,"turns":2.0},{"damage":6.0,"enemies":"Snake Plant","floor":31.0,"turns":1.0},{"damage":6.0,"enemies":"Automaton","floor":33.0,"turns":2.0},{"damage":6.0,"enemies":"3 Shapes","floor":35.0,"turns":1.0},{"damage":6.0,"enemies":"Orb Walker","floor":36.0,"turns":1.0},{"damage":6.0,"enemies":"Transient","floor":37.0,"turns":5.0},{"damage":3,"enemies":"Sphere and 2 Shapes","floor":39,"turns":1},{"damage":12,"enemies":"Giant Head","floor":41,"turns":2},{"damage":6,"enemies":"3 Darklings","floor":42,"turns":1},{"damage":3,"enemies":"Reptomancer","floor":45,"turns":2},{"damage":15,"enemies":"Transient","floor":47,"turns":3},{"damage":10,"enemies":"4 Shapes","floor":48,"turns":1},{"damage":28,"enemies":"Awakened One","floor":50,"turns":3}],"seed_played":"4647609050380260900","potions_obtained":[{"floor":1.0,"key":"SneckoOil"},{"floor":2.0,"key":"SteroidPotion"},{"floor":7.0,"key":"PowerPotion"},{"floor":11.0,"key":"Dexterity Potion"},{"floor":18.0,"key":"Block Potion"},{"floor":42,"key":"Strength Potion"}],"is_trial":false,"path_per_floor":["M","M","M","?","M","R","E","M","T","R","M","M","R","E","R","B",null,"M","?","M","?","M","R","$","?","T","R","$","R","E","M","R","B",null,"M","M","M","$","M","R","E","M","T","R","E","R","M","M","R","B",null],"character_chosen":"IRONCLAD","items_purchased":["Chemical X"],"campfire_rested":5,"item_purchase_floors":[24],"current_hp_per_floor":[80,80,80,80,80,80,68,70,70,70,60,61,61,49,49,22,80,80,80,80,80,80,80,80,80,80,80,80,80,80,80,80,80,80,80,80,80,80,80,80,74,76,76,80,80,80,71,69,80,58],"gold":387,"neow_bonus":"REMOVE_TWO","is_prod":false,"is_daily":false,"chose_seed":false,"campfire_upgraded":7,"win_rate":0,"timestamp":1563723502,"path_taken":["M","M","M","?","?","R","E","M","T","R","M","M","R","E","R","BOSS","M","?","M","?","M","R","$","?","T","R","?","R","E","?","R","BOSS","M","M","M","$","M","R","E","M","T","R","E","R","M","M","R","BOSS"],"build_version":"2019-07-17","purchased_purges":3,"victory":true,"max_hp_per_floor":[80,80,80,80,80,80,80,80,80,80,80,80,80,80,80,80,80,80,80,80,80,80,80,80,80,80,80,80,80,80,80,80,80,80,80,80,80,80,80,80,80,80,80,80,80,80,80,80,80,80],"card_choices":[{"not_picked":["Heavy Blade","Wild Strike"],"picked":"Whirlwind","floor":1.0},{"not_picked":["Twin Strike","Uppercut"],"picked":"Inflame","floor":2.0},{"not_picked":["Body Slam","Armaments","Ghostly Armor"],"picked":"SKIP","floor":3.0},{"not_picked":["Wild Strike","Clash","Combust"],"picked":"SKIP","floor":5.0},{"not_picked":["Warcry","Immolate"],"picked":"Battle Trance","floor":7.0},{"not_picked":["Reckless Charge","Sword Boomerang","Cleave"],"picked":"SKIP","floor":8.0},{"not_picked":["Shrug It Off","Metallicize","Burning Pact"],"picked":"SKIP","floor":11.0},{"not_picked":["Shrug It Off","Metallicize","Burning Pact"],"picked":"SKIP","floor":11.0},{"not_picked":["Clash","Wild Strike"],"picked":"Flex","floor":12.0},{"not_picked":["Iron Wave","Thunderclap"],"picked":"Double Tap","floor":14.0},{"not_picked":["Whirlwind","Wild Strike","Spot Weakness+1"],"picked":"SKIP","floor":18.0},{"not_picked":["Whirlwind","Wild Strike","Spot Weakness+1"],"picked":"SKIP","floor":18.0},{"not_picked":["Cleave","True Grit","Perfected Strike"],"picked":"SKIP","floor":20.0},{"not_picked":["Pommel Strike","Headbutt"],"picked":"Burning Pact+1","floor":22.0},{"not_picked":["Disarm","Havoc","Corruption+1"],"picked":"SKIP","floor":30.0},{"not_picked":["Twin Strike","Sword Boomerang","Perfected Strike+1"],"picked":"SKIP","floor":31.0},{"not_picked":["Wild Strike","Clash+1","Havoc+1"],"picked":"SKIP","floor":35.0},{"not_picked":["Ghostly Armor","Flex+1","Sword Boomerang+1"],"picked":"SKIP","floor":36.0},{"not_picked":["Ghostly Armor","Sword Boomerang+1"],"picked":"Flex+1","floor":36.0},{"not_picked":["Whirlwind+1","Entrench"],"picked":"Bloodletting","floor":37},{"not_picked":["Infernal Blade","Burning Pact","Armaments"],"picked":"SKIP","floor":39},{"not_picked":["Burning Pact+1","Uppercut","Infernal Blade"],"picked":"SKIP","floor":41},{"not_picked":["Rampage","Sword Boomerang+1","Metallicize"],"picked":"SKIP","floor":42},{"not_picked":["Reckless Charge","Fire Breathing+1","Heavy Blade+1"],"picked":"SKIP","floor":45},{"not_picked":["Searing Blow","Inflame","Warcry+1"],"picked":"SKIP","floor":47},{"not_picked":["Feel No Pain+1","Heavy Blade+1","Dropkick"],"picked":"SKIP","floor":48}],"player_experience":5819779,"relics_obtained":[{"floor":7.0,"key":"Art of War"},{"floor":9.0,"key":"Tiny Chest"},{"floor":14.0,"key":"Smiling Mask"},{"floor":26.0,"key":"Boot"},{"floor":30.0,"key":"Blood Vial"},{"floor":43,"key":"Ornamental Fan"},{"floor":45,"key":"Bag of Marbles"}],"event_choices":[{"damage_healed":0.0,"max_hp_gain":0.0,"max_hp_loss":0.0,"gold_gain":100.0,"event_name":"Wheel of Change","player_choice":"Gold","floor":4.0,"gold_loss":0.0,"damage_taken":0.0},{"cards_removed":["Bash"],"damage_healed":0.0,"max_hp_gain":0.0,"max_hp_loss":0.0,"gold_gain":0.0,"event_name":"Beggar","player_choice":"Gave Gold","floor":19.0,"gold_loss":75.0,"damage_taken":0.0},{"cards_removed":["Defend_R"],"damage_healed":0.0,"max_hp_gain":0.0,"max_hp_loss":0.0,"gold_gain":0.0,"event_name":"Back to Basics","player_choice":"Elegance","floor":21.0,"gold_loss":0.0,"damage_taken":0.0},{"damage_healed":0.0,"max_hp_gain":0.0,"max_hp_loss":0.0,"gold_gain":0.0,"event_name":"Drug Dealer","player_choice":"Inject Mutagens","floor":25.0,"gold_loss":0.0,"damage_taken":0.0,"relics_obtained":["MutagenicStrength"]}],"is_beta":false,"boss_relics":[{"not_picked":["Lizard Tail","Snecko Eye"],"picked":"Astrolabe"},{"not_picked":["Black Star","White Beast Statue"],"picked":"Runic Dome"}],"items_purged_floors":[24,28,38],"is_endless":false,"potions_floor_spawned":[1,2,7,11,18,22,30,31,41,42,45,48],"ascension_level":0}