{"gold_per_floor":[112,124,142,153,168,168,193,193,193,204,215,231,231,264,264,336,336,354,354,354,367,367,367,401,401,401,434,447,458,458,486,486,486],"floor_reached":33,"playtime":1456,"items_purged":[],"score":646,"play_id":"40617a52-46d8-43a7-9a3b-85bbcfe5bc75","local_time":"20180724232659","is_ascension_mode":true,"campfire_choices":[{"data":"Footwork","floor":6,"key":"SMITH"},{"data":"Deadly Poison","floor":8,"key":"SMITH"},{"data":"Neutralize","floor":13,"key":"SMITH"},{"data":"Footwork","floor":15,"key":"SMITH"},{"data":"Burst","floor":23,"key":"SMITH"},{"data":"Prepared","floor":25,"key":"SMITH"},{"data":"Catalyst","floor":30,"key":"SMITH"},{"data":"Leg Sweep","floor":32,"key":"SMITH"}],"neow_cost":"","seed_source_timestamp":55335934658621,"circlet_count":0,"master_deck":["Defend_G","Defend_G","Defend_G","Defend_G","Defend_G","Strike_G","Strike_G","Strike_G","Strike_G","Strike_G","Survivor","Neutralize+1","AscendersBane","Blur","Dash","Footwork+1","Deadly Poison+1","Poisoned Stab","Corpse Explosion","Footwork+1","Prepared+1","Backflip","Burst+1","Dodge and Roll+1","Writhe","Well Laid Plans+1","Catalyst+1","Deadly Poison","Leg Sweep+1","Blur+1"],"relics":["Ring of the Snake","Bottled Tornado","Letter Opener","Question Card","Sozu","The Courier","Molten Egg 2","Mummified Hand","Potion Belt","Ninja Scroll"],"potions_floor_usage":[14,16,16],"damage_taken":[{"damage":3,"enemies":"Cultist","floor":1,"turns":5},{"damage":0,"enemies":"2 Louse","floor":2,"turns":5},{"damage":0,"enemies":"Jaw Worm","floor":3,"turns":6},{"damage":0,"enemies":"Looter","floor":4,"turns":4},{"damage":0,"enemies":"Red Slaver","floor":5,"turns":7},{"damage":15,"enemies":"Lagavulin","floor":7,"turns":9},{"damage":0,"enemies":"2 Fungi Beasts","floor":10,"turns":4},{"damage":13,"enemies":"Blue Slaver","floor":11,"turns":4},{"damage":0,"enemies":"3 Louse","floor":12,"turns":4},{"damage":9,"enemies":"3 Sentries","floor":14,"turns":5},{"damage":15,"enemies":"Slime Boss","floor":16,"turns":15},{"damage":15,"enemies":"Chosen","floor":18,"turns":5},{"damage":0,"enemies":"Spheric Guardian","floor":21,"turns":6},{"damage":0,"enemies":"Gremlin Leader","floor":24,"turns":12},{"damage":14,"enemies":"Book of Stabbing","floor":27,"turns":5},{"damage":10,"enemies":"Slaver and Parasite","floor":28,"turns":7},{"damage":0,"enemies":"Cultist and Chosen","floor":29,"turns":9},{"damage":15,"enemies":"Slavers","floor":31,"turns":3},{"damage":30,"enemies":"Automaton","floor":33,"turns":6}],"seed_played":"2079046749126450685","potions_obtained":[{"floor":3,"key":"Fire Potion"},{"floor":10,"key":"PowerPotion"},{"floor":14,"key":"GhostInAJar"}],"is_trial":false,"path_per_floor":["M","M","M","M","M","R","E","R","T","M","M","M","R","E","R","B",null,"M","?","?","M","?","R","E","R","T","E","M","M","R","E","R"],"character_chosen":"THE_SILENT","items_purchased":[],"campfire_rested":0,"item_purchase_floors":[],"current_hp_per_floor":[56,56,56,56,56,56,41,41,41,41,28,28,28,19,19,4,51,36,36,36,36,66,66,66,66,66,52,42,42,42,27,27,0],"gold":486,"neow_bonus":"","is_prod":false,"is_daily":false,"chose_seed":false,"campfire_upgraded":8,"win_rate":0,"timestamp":1532446019,"path_taken":["M","M","M","M","M","R","E","R","T","M","M","?","R","E","R","BOSS","M","?","?","M","?","R","E","R","T","E","?","M","R","E","R","BOSS"],"build_version":"2018-07-23","purchased_purges":0,"victory":false,"max_hp_per_floor":[66,66,66,66,66,66,66,66,66,66,66,66,66,66,66,66,66,66,66,66,66,66,66,66,66,66,66,66,66,66,66,66,66],"card_choices":[{"not_picked":["Deflect","Flying Knee"],"picked":"Blur","floor":1},{"not_picked":["Blur","Expertise"],"picked":"Dash","floor":2},{"not_picked":["Backflip","Catalyst"],"picked":"Footwork","floor":3},{"not_picked":["Bane","Storm of Steel"],"picked":"Deadly Poison","floor":4},{"not_picked":["Quick Slash","Backflip"],"picked":"Poisoned Stab","floor":5},{"not_picked":["Well Laid Plans","Poisoned Stab"],"picked":"Corpse Explosion","floor":7},{"not_picked":["Quick Slash","Dagger Spray"],"picked":"Backstab","floor":10},{"not_picked":["PiercingWail","Flying Knee"],"picked":"Footwork","floor":11},{"not_picked":["Eviscerate","Slice"],"picked":"Prepared","floor":12},{"not_picked":["Quick Slash","Caltrops"],"picked":"Backflip","floor":14},{"not_picked":["Malaise","Grand Finale","Corpse Explosion"],"picked":"Burst","floor":16},{"not_picked":["Finisher","Slice","Backflip"],"picked":"Dodge and Roll+1","floor":18},{"not_picked":["Endless Agony","Crippling Poison","Bane"],"picked":"Well Laid Plans+1","floor":21},{"not_picked":["Poisoned Stab","Acrobatics","Infinite Blades"],"picked":"Catalyst","floor":24},{"not_picked":["Dash+1","Bane+1","Dagger Spray+1"],"picked":"Deadly Poison","floor":27},{"not_picked":["Poisoned Stab+1","Dodge and Roll","All Out Attack+1"],"picked":"Leg Sweep","floor":28},{"not_picked":["Concentrate","Terror+1","Escape Plan"],"picked":"Blur+1","floor":29},{"not_picked":["Riddle With Holes+1","Setup","Blur","Underhanded Strike+1"],"picked":"SKIP","floor":31}],"player_experience":787974,"relics_obtained":[{"floor":7,"key":"Bottled Tornado"},{"floor":9,"key":"Letter Opener"},{"floor":14,"key":"Question Card"},{"floor":24,"key":"Molten Egg 2"},{"floor":26,"key":"Mummified Hand"},{"floor":27,"key":"Potion Belt"},{"floor":31,"key":"Ninja Scroll"}],"event_choices":[{"event_name":"The Mausoleum","player_choice":"Yes","floor":19,"damage_taken":0},{"event_name":"Drug Dealer","player_choice":"Ignored","floor":20,"damage_taken":0},{"event_name":"Bonfire Elementals","player_choice":"UNCOMMON","floor":22,"damage_taken":0}],"is_beta":true,"boss_relics":[{"not_picked":["Cursed Key","Runic Pyramid"],"picked":"Sozu"}],"items_purged_floors":[],"is_endless":false,"potions_floor_spawned":[3,10,11,12,14,18,24,27,29],"killed_by":"Automaton","ascension_level":15}