{"gold_per_floor":[17,32,52,71,91,118,134,134,186,186,220,220,252,267,267,267],"floor_reached":16,"playtime":671,"items_purged":[],"score":254,"play_id":"bd32d2ba-b91e-4340-8020-768e1cee0231","local_time":"20181113222900","is_ascension_mode":true,"campfire_choices":[{"data":"Leg Sweep","floor":8,"key":"SMITH"},{"floor":12,"key":"REST"},{"data":"Neutralize","floor":15,"key":"SMITH"}],"neow_cost":"NO_GOLD","seed_source_timestamp":7223761890690,"circlet_count":0,"master_deck":["AscendersBane","Defend_G","Defend_G+1","Defend_G","Defend_G","Defend_G","Strike_G","Strike_G","Strike_G","Strike_G","Strike_G","Survivor+1","Neutralize+1","All Out Attack","Dash","Leg Sweep+1","Deadly Poison+1","Backflip+1","Adrenaline+1"],"relics":["Ring of the Snake","Ice Cream","Toxic Egg 2","Omamori","Mango","Pear"],"potions_floor_usage":[7,11,16,16],"damage_taken":[{"damage":0,"enemies":"2 Louse","floor":1,"turns":6},{"damage":2,"enemies":"Jaw Worm","floor":2,"turns":4},{"damage":1,"enemies":"Small Slimes","floor":3,"turns":4},{"damage":1,"enemies":"Exordium Wildlife","floor":4,"turns":5},{"damage":17,"enemies":"Large Slime","floor":5,"turns":7},{"damage":13,"enemies":"Lagavulin","floor":6,"turns":10},{"damage":0,"enemies":"Red Slaver","floor":7,"turns":3},{"damage":3,"enemies":"Gremlin Nob","floor":11,"turns":5},{"damage":12,"enemies":"Lagavulin","floor":13,"turns":9},{"damage":0,"enemies":"3 Louse","floor":14,"turns":3},{"damage":34,"enemies":"Slime Boss","floor":16,"turns":10}],"seed_played":"-8504265341499171865","potions_obtained":[{"floor":1,"key":"GamblersBrew"},{"floor":3,"key":"Strength Potion"},{"floor":13,"key":"Poison Potion"},{"floor":14,"key":"AttackPotion"}],"is_trial":false,"path_per_floor":["M","M","M","M","M","E","M","R","T","?","E","R","E","M","R","B"],"character_chosen":"THE_SILENT","items_purchased":[],"campfire_rested":1,"item_purchase_floors":[],"current_hp_per_floor":[59,57,56,55,38,25,25,25,25,5,16,40,38,38,38,4],"gold":267,"neow_bonus":"ONE_RARE_RELIC","is_prod":false,"is_daily":false,"chose_seed":false,"campfire_upgraded":2,"win_rate":0,"timestamp":1542119340,"path_taken":["M","M","M","M","M","E","M","R","T","?","E","R","E","M","R","BOSS"],"build_version":"2018-11-12","purchased_purges":0,"victory":false,"max_hp_per_floor":[66,66,66,66,66,66,66,66,66,66,80,80,90,90,90,90],"card_choices":[{"not_picked":["Quick Slash","Catalyst"],"picked":"All Out Attack","floor":1},{"not_picked":["Prepared","PiercingWail","Bane"],"picked":"SKIP","floor":2},{"not_picked":["Poisoned Stab","Noxious Fumes"],"picked":"Dash","floor":3},{"not_picked":["Outmaneuver","Endless Agony"],"picked":"Leg Sweep","floor":4},{"not_picked":["Underhanded Strike","Blade Dance","Calculated Gamble"],"picked":"SKIP","floor":5},{"not_picked":["All Out Attack","Acrobatics","Eviscerate"],"picked":"SKIP","floor":6},{"not_picked":["Choke","Dagger Spray"],"picked":"Deadly Poison+1","floor":7},{"not_picked":["Riddle With Holes","Sucker Punch"],"picked":"Backflip+1","floor":11},{"not_picked":["Dagger Throw","Dash"],"picked":"Adrenaline+1","floor":13},{"not_picked":["Dash","Accuracy","Deflect+1"],"picked":"SKIP","floor":14}],"player_experience":1045667,"relics_obtained":[{"floor":6,"key":"Toxic Egg 2"},{"floor":9,"key":"Omamori"},{"floor":11,"key":"Mango"},{"floor":13,"key":"Pear"}],"event_choices":[{"damage_healed":0,"gold_gain":0,"player_choice":"Entered Light","damage_taken":20,"max_hp_gain":0,"max_hp_loss":0,"event_name":"Shining Light","floor":10,"gold_loss":0,"cards_upgraded":["Survivor","Defend_G"]}],"is_beta":true,"boss_relics":[],"items_purged_floors":[],"is_endless":false,"potions_floor_spawned":[1,3,13,14],"killed_by":"Slime Boss","ascension_level":17}