{"path_per_floor":["M","M","M","M","M","E","R","M","T","R","?","E","M","E","R","B",null,"M","$","?","M","M","R","?","M","T","M","E","R","$","E","R","B",null,"M","?","$","M","?","R","E","?","T","M","?","R","M","M","R","B"],"character_chosen":"THE_SILENT","items_purchased":["Paper Crane","Well Laid Plans","Catalyst"],"gold_per_floor":[110,121,131,142,152,179,179,190,214,214,214,239,257,284,284,380,380,392,79,79,98,118,118,118,131,131,145,174,174,95,130,130,230,230,249,249,81,101,101,101,128,128,154,168,168,168,184,199,199,199],"floor_reached":51,"campfire_rested":1,"playtime":2540,"item_purchase_floors":[19,30,37],"current_hp_per_floor":[63,63,63,63,63,63,63,63,63,63,68,44,44,41,41,41,61,59,59,59,58,58,58,58,58,58,58,57,57,57,50,50,50,64,64,55,55,55,45,45,25,59,59,57,57,57,57,57,57,57],"items_purged":["Accuracy","All Out Attack"],"gold":199,"score":1412,"play_id":"4cc62113-4c63-4120-b0b6-5c3566555d26","local_time":"20180611234856","is_prod":false,"is_daily":false,"chose_seed":false,"is_ascension_mode":true,"campfire_upgraded":8,"win_rate":0,"timestamp":1528732136,"campfire_choices":[{"data":"Footwork","floor":7,"key":"SMITH"},{"data":"Neutralize","floor":10,"key":"SMITH"},{"data":"Venomology","floor":15,"key":"SMITH"},{"data":"Burst","floor":23,"key":"SMITH"},{"data":"Malaise","floor":29,"key":"SMITH"},{"data":"Well Laid Plans","floor":32,"key":"SMITH"},{"data":"Catalyst","floor":40,"key":"SMITH"},{"floor":46,"key":"REST"},{"data":"Leg Sweep","floor":49,"key":"SMITH"}],"path_taken":["M","M","M","M","M","E","R","M","T","R","?","E","M","E","R","BOSS","M","$","?","M","M","R","?","?","T","M","E","R","$","E","R","BOSS","M","?","$","?","?","R","E","?","T","?","?","R","M","M","R","BOSS"],"build_version":"2018-06-08","seed_source_timestamp":52925028236430,"purchased_purges":2,"victory":true,"master_deck":["Survivor+1","Neutralize+1","Venomology+1","Dagger Throw+1","Backflip+1","Blur+1","Poisoned Stab+1","Footwork+1","Poisoned Stab+1","Adrenaline+1","Burst+1","Flying Knee+1","Prepared+1","Acrobatics+1","Deflect+1","Flying Knee+1","Malaise+1","Backflip+1","Deadly Poison+1","Crippling Poison+1","Well Laid Plans+1","Blur+1","Footwork+1","Madness+1","Madness+1","Catalyst+1","Bandage Up+1","Sadistic Nature+1","Deep Breath+1","Leg Sweep+1"],"max_hp_per_floor":[63,63,63,63,63,63,63,63,63,63,68,68,68,68,68,68,68,68,68,68,68,68,68,68,68,68,68,68,68,68,68,68,68,68,68,68,68,68,68,68,68,59,59,59,59,59,59,59,59,59],"relics":["Ring of the Snake","Gambling Chip","War Paint","Bronze Scales","Orichalcum","Pandora\u0027s Box","Paper Crane","Darkstone Periapt","Whetstone","Anchor","Philosopher\u0027s Stone","Bottled Lightning","Dream Catcher","Mark of the Bloom"],"card_choices":[{"not_picked":["Die Die Die","Phantasmal Killer"],"picked":"Venomology","floor":0},{"not_picked":["Dodge and Roll","Dash"],"picked":"Dagger Throw","floor":1},{"not_picked":["Backstab","Noxious Fumes"],"picked":"Backflip","floor":2},{"not_picked":["Dagger Throw","Prepared"],"picked":"Blur","floor":3},{"not_picked":["Prepared","Quick Slash","Bane"],"picked":"SKIP","floor":4},{"not_picked":["Sucker Punch","Cloak And Dagger"],"picked":"Poisoned Stab","floor":5},{"not_picked":["Malaise","Reflex"],"picked":"Footwork","floor":6},{"not_picked":["Glass Knife","Underhanded Strike","Outmaneuver"],"picked":"SKIP","floor":8},{"not_picked":["Glass Knife","Underhanded Strike","Outmaneuver"],"picked":"SKIP","floor":8},{"not_picked":["Accuracy","Slice","Acrobatics"],"picked":"SKIP","floor":12},{"not_picked":["Underhanded Strike","Crippling Poison"],"picked":"Poisoned Stab","floor":13},{"not_picked":["Bane","Blade Dance"],"picked":"Adrenaline","floor":14},{"not_picked":["Adrenaline","After Image"],"picked":"Burst","floor":16},{"not_picked":["Slice","Blur+1"],"picked":"Deadly Poison+1","floor":18},{"not_picked":["Slice","Backflip+1"],"picked":"Crippling Poison+1","floor":21},{"not_picked":["Flying Knee","Riddle With Holes+1","Caltrops"],"picked":"SKIP","floor":22},{"not_picked":["Bullet Time","Cloak And Dagger","Deflect"],"picked":"SKIP","floor":25},{"not_picked":["Underhanded Strike","All Out Attack","Blade Dance"],"picked":"SKIP","floor":27},{"not_picked":["Quick Slash","All Out Attack","Noxious Fumes"],"picked":"SKIP","floor":28},{"not_picked":["Crippling Poison","Infinite Blades"],"picked":"Blur+1","floor":31},{"not_picked":["Quick Slash+1","Distraction"],"picked":"Footwork","floor":35},{"not_picked":["Flechettes","Outmaneuver+1","Acrobatics+1"],"picked":"SKIP","floor":38},{"not_picked":["Mind Blast","Magnetism"],"picked":"Bandage Up","floor":39},{"not_picked":["Deep Breath","Blind"],"picked":"Sadistic Nature","floor":39},{"not_picked":["Secret Weapon","Apotheosis"],"picked":"Deep Breath","floor":39},{"not_picked":["Accuracy","Cloak And Dagger+1","Terror"],"picked":"SKIP","floor":41},{"not_picked":["Dagger Throw","Flying Knee","Deadly Poison+1"],"picked":"SKIP","floor":44},{"not_picked":["Underhanded Strike+1","Dodge and Roll"],"picked":"Leg Sweep","floor":46},{"not_picked":["Eviscerate","Cloak And Dagger","Backstab+1"],"picked":"SKIP","floor":47},{"not_picked":["Backflip","Deflect","Phantasmal Killer"],"picked":"SKIP","floor":48}],"player_experience":574527,"potions_floor_usage":[3,4,6,6,6,8,12,14,14,16,16,21,21,22,25,27,28,31,31,33,35,35,38,41,44,44,47,48,50,50,50],"damage_taken":[{"damage":0,"enemies":"Cultist","floor":1,"turns":5},{"damage":0,"enemies":"2 Louse","floor":2,"turns":3},{"damage":0,"enemies":"Jaw Worm","floor":3,"turns":4},{"damage":0,"enemies":"Red Slaver","floor":4,"turns":7},{"damage":0,"enemies":"Exordium Wildlife","floor":5,"turns":4},{"damage":0,"enemies":"3 Sentries","floor":6,"turns":12},{"damage":0,"enemies":"Looter","floor":8,"turns":4},{"damage":24,"enemies":"Gremlin Nob","floor":12,"turns":7},{"damage":0,"enemies":"Blue Slaver","floor":13,"turns":4},{"damage":3,"enemies":"3 Sentries","floor":14,"turns":8},{"damage":0,"enemies":"The Guardian","floor":16,"turns":11},{"damage":2,"enemies":"Spheric Guardian","floor":18,"turns":7},{"damage":1,"enemies":"2 Thieves","floor":21,"turns":4},{"damage":0,"enemies":"3 Cultists","floor":22,"turns":4},{"damage":0,"enemies":"Cultist and Chosen","floor":25,"turns":4},{"damage":0,"enemies":"Snake Plant","floor":27,"turns":3},{"damage":1,"enemies":"Gremlin Leader","floor":28,"turns":6},{"damage":7,"enemies":"Slavers","floor":31,"turns":5},{"damage":0,"enemies":"Champ","floor":33,"turns":15},{"damage":0,"enemies":"3 Shapes","floor":35,"turns":2},{"damage":0,"enemies":"Orb Walker","floor":38,"turns":3},{"damage":24,"enemies":"2 Orb Walkers","floor":41,"turns":6},{"damage":2,"enemies":"Transient","floor":44,"turns":5},{"damage":0,"enemies":"Sphere and 2 Shapes","floor":47,"turns":4},{"damage":0,"enemies":"Flame Bruiser 2 Orb","floor":48,"turns":3},{"damage":0,"enemies":"Donu and Deca","floor":50,"turns":11}],"relics_obtained":[{"floor":6,"key":"Gambling Chip"},{"floor":9,"key":"War Paint"},{"floor":12,"key":"Bronze Scales"},{"floor":14,"key":"Orichalcum"},{"floor":26,"key":"Darkstone Periapt"},{"floor":28,"key":"Whetstone"},{"floor":31,"key":"Anchor"},{"floor":41,"key":"Bottled Lightning"},{"floor":43,"key":"Dream Catcher"}],"event_choices":[{"event_name":"Big Fish","player_choice":"Donut","floor":11,"damage_taken":0},{"event_name":"Back to Basics","player_choice":"Elegance","floor":20,"damage_taken":0},{"event_name":"Ghosts","player_choice":"Ignored","floor":24,"damage_taken":0},{"event_name":"Winding Halls","player_choice":"Embrace Madness","floor":36,"damage_taken":0},{"event_name":"SensoryStone","player_choice":"Memory 3","floor":39,"damage_taken":0},{"event_name":"The Moai Head","player_choice":"Heal","floor":42,"damage_taken":0},{"event_name":"MindBloom","player_choice":"Upgrade","floor":45,"damage_taken":0}],"boss_relics":[{"not_picked":["Cursed Key","Calling Bell"],"picked":"Pandora\u0027s Box"},{"not_picked":["Tiny House","Sozu"],"picked":"Philosopher\u0027s Stone"}],"items_purged_floors":[19,37],"potions_floor_spawned":[2,3,12,13,14,21,27,31,44,48],"seed_played":"3345465200540916762","ascension_level":9,"potions_obtained":[{"floor":2,"key":"EssenceOfSteel"},{"floor":3,"key":"GhostInAJar"},{"floor":12,"key":"Explosive Potion"},{"floor":13,"key":"Poison Potion"},{"floor":14,"key":"Ancient Potion"},{"floor":31,"key":"SteroidPotion"},{"floor":44,"key":"Fire Potion"},{"floor":48,"key":"Block Potion"}],"is_trial":false}