{"gold_per_floor":[116,131,151,151,170,170,170,170,170,199,215,43,78,98,98,98],"floor_reached":16,"playtime":435,"items_purged":["Strike_G"],"score":189,"play_id":"b464abe2-3d5a-4c47-81fc-61e1065a19cf","local_time":"20181113225344","is_ascension_mode":true,"campfire_choices":[{"data":"Noxious Fumes","floor":6,"key":"SMITH"},{"data":"Prepared","floor":8,"key":"SMITH"},{"data":"Neutralize","floor":15,"key":"SMITH"}],"neow_cost":"NONE","seed_source_timestamp":8945373497417,"circlet_count":0,"master_deck":["AscendersBane","Defend_G","Defend_G","Defend_G","Defend_G","Defend_G","Strike_G","Strike_G","Strike_G","Strike_G","Survivor","Neutralize+1","Noxious Fumes+1","Prepared+1","Underhanded Strike","Flash of Steel","Heel Hook"],"relics":["Ring of the Snake","NeowsBlessing","Bird Faced Urn","Pear","Odd Mushroom","Lantern"],"potions_floor_usage":[11,16],"damage_taken":[{"damage":0,"enemies":"Cultist","floor":1,"turns":1},{"damage":0,"enemies":"Small Slimes","floor":2,"turns":1},{"damage":0,"enemies":"Jaw Worm","floor":3,"turns":1},{"damage":4,"enemies":"3 Louse","floor":5,"turns":6},{"damage":15,"enemies":"The Mushroom Lair","floor":10,"turns":4},{"damage":13,"enemies":"Large Slime","floor":11,"turns":8},{"damage":24,"enemies":"Lagavulin","floor":13,"turns":7},{"damage":11,"enemies":"Blue Slaver","floor":14,"turns":4},{"damage":7,"enemies":"Hexaghost","floor":16,"turns":7}],"seed_played":"-7750403526466974999","potions_obtained":[{"floor":1,"key":"AttackPotion"},{"floor":2,"key":"SkillPotion"}],"is_trial":false,"path_per_floor":["M","M","M","?","M","R","?","R","T","?","M","$","E","M","R","B"],"character_chosen":"THE_SILENT","items_purchased":["Flash of Steel"],"campfire_rested":0,"item_purchase_floors":[12],"current_hp_per_floor":[59,59,59,59,55,55,50,50,60,47,36,36,14,5,5,0],"gold":98,"neow_bonus":"THREE_ENEMY_KILL","is_prod":false,"is_daily":false,"chose_seed":false,"campfire_upgraded":3,"win_rate":0,"timestamp":1542120824,"path_taken":["M","M","?","?","M","R","?","R","T","?","M","$","E","M","R","BOSS"],"build_version":"2018-11-12","purchased_purges":1,"victory":false,"max_hp_per_floor":[66,66,66,66,66,66,66,66,76,76,76,76,76,76,76,76],"card_choices":[{"not_picked":["Acrobatics","Dodge and Roll","Riddle With Holes"],"picked":"SKIP","floor":1},{"not_picked":["Poisoned Stab","Choke","Finisher"],"picked":"SKIP","floor":2},{"not_picked":["Heel Hook","Acrobatics"],"picked":"Noxious Fumes","floor":3},{"not_picked":["Cloak And Dagger","Reflex"],"picked":"Prepared","floor":5},{"not_picked":["Bane","Choke"],"picked":"Underhanded Strike","floor":10},{"not_picked":["Masterful Stab","Slice","Prepared"],"picked":"SKIP","floor":11},{"not_picked":["Blade Dance","Dodge and Roll"],"picked":"Heel Hook","floor":13},{"not_picked":["Outmaneuver","Dagger Throw","Bane"],"picked":"SKIP","floor":14}],"player_experience":1047136,"relics_obtained":[{"floor":9,"key":"Pear"},{"floor":10,"key":"Odd Mushroom"},{"floor":13,"key":"Lantern"}],"event_choices":[{"damage_healed":0,"gold_gain":0,"player_choice":"Ignored","damage_taken":0,"max_hp_gain":0,"max_hp_loss":0,"event_name":"Liars Game","floor":4,"gold_loss":0},{"damage_healed":0,"gold_gain":0,"player_choice":"Success","damage_taken":5,"relics_obtained":["Bird Faced Urn"],"max_hp_gain":0,"max_hp_loss":0,"event_name":"Scrap Ooze","floor":7,"gold_loss":0},{"damage_healed":0,"gold_gain":0,"player_choice":"Fought Mushrooms","damage_taken":0,"max_hp_gain":0,"max_hp_loss":0,"event_name":"Mushrooms","floor":10,"gold_loss":0}],"is_beta":true,"boss_relics":[],"items_purged_floors":[12],"is_endless":false,"potions_floor_spawned":[1,2,3,10],"killed_by":"Hexaghost","ascension_level":17}