{"gold_per_floor":[216,227,247,247,267,267,294,294,294,294,314,325,325,336,336,438,438,448,363,376,386,386,386,403,403,403,417,417,437,437,450,450,551,551,571,589,468,468,481,481,501,501,501,132,132,151,175,175,175,175],"floor_reached":51,"playtime":1600,"items_purged":["Strike_G+1","Defend_G+1"],"score":703,"play_id":"937c10cb-ef00-47e9-a3a7-6546bcfe189c","local_time":"20181017001150","is_ascension_mode":false,"campfire_choices":[{"data":"Bouncing Flask","floor":6.0,"key":"SMITH"},{"data":"Deadly Poison","floor":8.0,"key":"SMITH"},{"data":"Neutralize","floor":10.0,"key":"SMITH"},{"data":"Leg Sweep","floor":15.0,"key":"SMITH"},{"data":"Malaise","floor":25,"key":"SMITH"},{"data":"Wraith Form v2","floor":28,"key":"SMITH"},{"data":"Backflip","floor":30,"key":"SMITH"},{"data":"Survivor","floor":32,"key":"SMITH"},{"data":"Noxious Fumes","floor":40,"key":"SMITH"},{"data":"Corpse Explosion","floor":42,"key":"SMITH"},{"data":"Noxious Fumes","floor":45,"key":"SMITH"},{"data":"Glass Knife","floor":49,"key":"SMITH"}],"neow_cost":"NONE","seed_source_timestamp":57723023341691,"circlet_count":0,"master_deck":["Defend_G+1","Defend_G+1","Defend_G+1","Defend_G+1","Strike_G+1","Strike_G+1","Strike_G+1","Strike_G+1","Survivor+1","Neutralize+1","Bouncing Flask+1","Backflip+1","Deadly Poison+1","Deadly Poison+1","Leg Sweep+1","Wraith Form v2+1","Malaise+1","Deflect+1","Deadly Poison+1","Corpse Explosion+1","Deadly Poison+1","Noxious Fumes+1","Noxious Fumes+1","Expertise+1","Glass Knife+1"],"special_seed":0,"relics":["Ring of the Snake","Smiling Mask","Sundial","Letter Opener","Sozu","Tingsha","MutagenicStrength","Paper Crane","Eternal Feather","Toxic Egg 2","Pantograph","Dream Catcher","Unceasing Top"],"potions_floor_usage":[16],"damage_taken":[{"damage":2.0,"enemies":"Jaw Worm","floor":1.0,"turns":6.0},{"damage":0.0,"enemies":"2 Louse","floor":2.0,"turns":2.0},{"damage":1.0,"enemies":"Small Slimes","floor":3.0,"turns":4.0},{"damage":7.0,"enemies":"Exordium Thugs","floor":5.0,"turns":6.0},{"damage":26.0,"enemies":"3 Sentries","floor":7.0,"turns":11.0},{"damage":0.0,"enemies":"Looter","floor":11.0,"turns":3.0},{"damage":3.0,"enemies":"Exordium Wildlife","floor":12.0,"turns":5.0},{"damage":0.0,"enemies":"Lots of Slimes","floor":14.0,"turns":4.0},{"damage":24,"enemies":"Slime Boss","floor":16,"turns":14},{"damage":9,"enemies":"2 Thieves","floor":18,"turns":5},{"damage":0,"enemies":"3 Byrds","floor":20,"turns":5},{"damage":4,"enemies":"Snake Plant","floor":21,"turns":5},{"damage":0,"enemies":"Sentry and Sphere","floor":24,"turns":4},{"damage":0,"enemies":"Centurion and Healer","floor":27,"turns":6},{"damage":1,"enemies":"Cultist and Chosen","floor":29,"turns":6},{"damage":0,"enemies":"Shelled Parasite and Fungi","floor":31,"turns":5},{"damage":47,"enemies":"Collector","floor":33,"turns":9},{"damage":0,"enemies":"3 Shapes","floor":35,"turns":7},{"damage":0,"enemies":"Orb Walker","floor":36,"turns":6},{"damage":0,"enemies":"3 Darklings","floor":39,"turns":2},{"damage":5,"enemies":"Reptomancer","floor":41,"turns":5},{"damage":11,"enemies":"Spire Growth","floor":46,"turns":4},{"damage":0,"enemies":"Mind Bloom Boss Battle","floor":48,"turns":6},{"damage":35,"enemies":"Donu and Deca","floor":50,"turns":6}],"seed_played":"1433116753092088649","potions_obtained":[{"floor":1.0,"key":"SkillPotion"},{"floor":3.0,"key":"Poison Potion"},{"floor":5.0,"key":"EssenceOfSteel"}],"is_trial":false,"path_per_floor":["M","M","M","?","M","R","E","R","T","R","M","M","T","M","R","B",null,"M","?","M","M","?","?","M","R","T","M","R","M","R","M","R","B",null,"M","M","$","?","M","R","M","R","T","$","R","M","T","?","R","B"],"character_chosen":"THE_SILENT","items_purchased":["Noxious Fumes","Noxious Fumes","Pantograph"],"campfire_rested":0,"item_purchase_floors":[37,44,44],"current_hp_per_floor":[68,68,67,67,60,60,34,34,34,34,34,31,31,31,31,7,70,61,61,61,57,57,57,57,57,57,57,57,56,56,56,56,9,70,70,70,70,70,70,70,65,70,70,70,70,59,59,70,70,35],"gold":175,"neow_bonus":"HUNDRED_GOLD","is_prod":false,"is_daily":false,"chose_seed":false,"campfire_upgraded":12,"win_rate":0,"timestamp":1539706310,"path_taken":["M","M","M","?","M","R","E","R","T","R","M","M","?","?","R","BOSS","M","?","M","M","?","?","M","R","T","M","R","M","R","M","R","BOSS","M","M","$","?","M","R","M","R","T","$","R","M","?","?","R","BOSS"],"build_version":"2018-10-11","purchased_purges":2,"victory":true,"max_hp_per_floor":[70,70,70,70,70,70,70,70,70,70,70,70,70,70,70,70,70,70,70,70,70,70,70,70,70,70,70,70,70,70,70,70,70,70,70,70,70,70,70,70,70,70,70,70,70,70,70,70,70,70],"card_choices":[{"not_picked":["Leg Sweep","Cloak And Dagger"],"picked":"Bouncing Flask","floor":1.0},{"not_picked":["PiercingWail","Cloak And Dagger"],"picked":"Backflip","floor":2.0},{"not_picked":["Eviscerate","Deflect"],"picked":"Deadly Poison","floor":3.0},{"not_picked":["Quick Slash","Reflex","Dagger Spray"],"picked":"SKIP","floor":5.0},{"not_picked":["Dagger Throw","Finisher"],"picked":"Deadly Poison","floor":7.0},{"not_picked":["Poisoned Stab","Finisher"],"picked":"Leg Sweep","floor":11.0},{"not_picked":["Heel Hook","Quick Slash"],"picked":"Wraith Form v2","floor":12.0},{"not_picked":["Riddle With Holes","Outmaneuver","Poisoned Stab"],"picked":"SKIP","floor":14.0},{"not_picked":["Envenom","Burst"],"picked":"Malaise","floor":16},{"not_picked":["Dagger Spray","Distraction","Dodge and Roll"],"picked":"SKIP","floor":18},{"not_picked":["Dagger Spray+1","Flying Knee","Endless Agony"],"picked":"SKIP","floor":20},{"not_picked":["Dagger Spray","Outmaneuver"],"picked":"Deflect+1","floor":21},{"not_picked":["Underhanded Strike","Bane+1","Sucker Punch"],"picked":"SKIP","floor":24},{"not_picked":["Dodge and Roll+1","Outmaneuver"],"picked":"Deadly Poison+1","floor":27},{"not_picked":["Calculated Gamble","Deadly Poison","Infinite Blades+1"],"picked":"SKIP","floor":29},{"not_picked":["Dagger Spray","PiercingWail","Underhanded Strike"],"picked":"SKIP","floor":31},{"not_picked":["Envenom","Venomology"],"picked":"Corpse Explosion","floor":33},{"not_picked":["Dagger Spray+1","Sucker Punch+1","Infinite Blades"],"picked":"SKIP","floor":35},{"not_picked":["Bane","Dagger Spray+1"],"picked":"Deadly Poison+1","floor":36},{"not_picked":["Poisoned Stab","Bane","Dagger Spray+1"],"picked":"SKIP","floor":39},{"not_picked":["Infinite Blades+1","Dagger Throw","Prepared+1"],"picked":"SKIP","floor":41},{"not_picked":["Dagger Spray","All Out Attack"],"picked":"Expertise+1","floor":46},{"not_picked":["Riddle With Holes","Masterful Stab"],"picked":"Glass Knife","floor":48}],"player_experience":273397,"relics_obtained":[{"floor":7.0,"key":"Smiling Mask"},{"floor":9.0,"key":"Sundial"},{"floor":13.0,"key":"Letter Opener"},{"floor":26,"key":"Paper Crane"},{"floor":43,"key":"Toxic Egg 2"},{"floor":47,"key":"Dream Catcher"},{"floor":48,"key":"Unceasing Top"}],"event_choices":[{"event_name":"Living Wall","player_choice":"Grow","floor":4.0,"damage_taken":0.0},{"event_name":"Addict","player_choice":"Obtained Relic","floor":19,"damage_taken":0},{"event_name":"Back to Basics","player_choice":"Simplicity","floor":22,"damage_taken":0},{"event_name":"Drug Dealer","player_choice":"Inject Mutagens","floor":23,"damage_taken":0},{"event_name":"Tomb of Lord Red Mask","player_choice":"Ignored","floor":38,"damage_taken":0},{"event_name":"MindBloom","player_choice":"Fight","floor":48,"damage_taken":0}],"is_beta":false,"boss_relics":[{"not_picked":["Orrery","Philosopher\u0027s Stone"],"picked":"Sozu"},{"not_picked":["Runic Dome","Pandora\u0027s Box"],"picked":"Eternal Feather"}],"items_purged_floors":[37,44],"is_endless":false,"potions_floor_spawned":[1,3,5,27,29,31,36,39,48],"ascension_level":0}