{"gold_per_floor":[113,113,123,134,134,134,134,134,134,152,77,88,88,88,88,164,164,180,194,194,194,194,194,311,323,323,334,369,369,389,29,29,106,106,122,22,22,38,438,438],"floor_reached":40,"playtime":2746,"items_purged":["Strike_G","Strike_G"],"score":903,"play_id":"df8e142d-3841-45e2-aace-20653baad0e9","local_time":"20190128164246","is_ascension_mode":true,"campfire_choices":[{"data":"Well Laid Plans","floor":6.0,"key":"SMITH"},{"data":"Catalyst","floor":8.0,"key":"SMITH"},{"data":"Noxious Fumes","floor":13.0,"key":"SMITH"},{"data":"Footwork","floor":15.0,"key":"SMITH"},{"data":"Adrenaline","floor":23.0,"key":"SMITH"},{"floor":29.0,"key":"REST"},{"data":"Catalyst","floor":32.0,"key":"SMITH"}],"neow_cost":"NONE","seed_source_timestamp":21328710158702,"circlet_count":0,"master_deck":["AscendersBane","Defend_G","Defend_G","Defend_G","Defend_G","Defend_G","Strike_G+1","Survivor","Neutralize+1","Catalyst+1","Well Laid Plans+1","Noxious Fumes+1","Footwork+1","Adrenaline+1","Backflip","Catalyst+1","After Image","Bouncing Flask+1","Backflip+1"],"special_seed":0,"relics":["Ring of the Snake","NeowsBlessing","Bronze Scales","Nunchaku","Singing Bowl","Black Star","Juzu Bracelet","Potion Belt","Ginger","Happy Flower","Strawberry","Kunai","PreservedInsect","Toxic Egg 2","Cursed Key","Old Coin"],"potions_floor_usage":[39],"damage_taken":[{"damage":0.0,"enemies":"Cultist","floor":1.0,"turns":1.0},{"damage":0.0,"enemies":"2 Louse","floor":3.0,"turns":1.0},{"damage":0.0,"enemies":"Jaw Worm","floor":4.0,"turns":1.0},{"damage":7.0,"enemies":"Exordium Thugs","floor":10.0,"turns":5.0},{"damage":2.0,"enemies":"Large Slime","floor":12.0,"turns":6.0},{"damage":24.0,"enemies":"Slime Boss","floor":16.0,"turns":13.0},{"damage":0.0,"enemies":"theJungle:5_Spyders","floor":18.0,"turns":4.0},{"damage":0.0,"enemies":"theJungle:MUSHROOMGANG","floor":19.0,"turns":9.0},{"damage":26.0,"enemies":"theJungle:MamaSnecko","floor":24.0,"turns":8.0},{"damage":0.0,"enemies":"theJungle:SlimyTreeVines","floor":25.0,"turns":10.0},{"damage":0.0,"enemies":"theJungle:JungleHuntersEncounter","floor":27.0,"turns":7.0},{"damage":18.0,"enemies":"theJungle:Cassacara","floor":28.0,"turns":8.0},{"damage":4.0,"enemies":"theJungle:Lyon","floor":30.0,"turns":5.0},{"damage":6.0,"enemies":"theJungle:FunGuy","floor":33.0,"turns":9.0},{"damage":0,"enemies":"Orb Walker","floor":35,"turns":5},{"damage":0,"enemies":"3 Darklings","floor":38,"turns":6},{"damage":0,"enemies":"Mind Bloom Boss Battle","floor":39,"turns":3},{"damage":83,"enemies":"Reptomancer","floor":40,"turns":3}],"seed_played":"-8532837889145552282","potions_obtained":[{"floor":1.0,"key":"SneckoOil"},{"floor":12.0,"key":"SkillPotion"},{"floor":16.0,"key":"GamblersBrew"},{"floor":18.0,"key":"SkillPotion"},{"floor":19.0,"key":"SpeedPotion"},{"floor":24.0,"key":"EssenceOfSteel"},{"floor":25.0,"key":"SpeedPotion"},{"floor":30.0,"key":"Ancient Potion"},{"floor":35,"key":"LiquidBronze"}],"is_trial":false,"path_per_floor":["M","?","M","M","?","R","T","R","T","M","?","M","R","?","R","B",null,"M","M","?","?","T","R","E","M","T","M","E","R","M","$","R","B",null,"M","$","?","M","?","E"],"character_chosen":"THE_SILENT","items_purchased":["Toxic Egg 2"],"campfire_rested":1,"item_purchase_floors":[31],"current_hp_per_floor":[59,59,59,59,39,39,39,39,39,32,32,30,30,35,35,11,56,58,58,58,43,43,43,19,25,32,34,18,43,41,41,41,35,75,75,75,75,77,77,0],"gold":438,"neow_bonus":"THREE_ENEMY_KILL","is_prod":false,"is_daily":false,"chose_seed":false,"campfire_upgraded":6,"win_rate":0,"timestamp":1548664966,"path_taken":["M","?","?","M","?","R","?","R","T","?","?","M","R","?","R","BOSS","M","M","?","?","?","R","E","M","T","M","E","R","M","?","R","BOSS","M","$","?","M","?","E"],"build_version":"2019-01-23","purchased_purges":2,"victory":false,"max_hp_per_floor":[66,66,66,66,66,66,66,66,66,66,66,66,66,71,71,71,71,73,73,73,73,73,73,75,75,82,84,86,86,88,88,88,88,88,88,88,84,86,86,86],"card_choices":[{"not_picked":["Dash","Blade Dance","Cloak And Dagger"],"picked":"SKIP","floor":1.0},{"not_picked":["Expertise","Dagger Throw"],"picked":"Catalyst","floor":3.0},{"not_picked":["Predator","Dagger Spray"],"picked":"Well Laid Plans","floor":4.0},{"not_picked":["Well Laid Plans","Footwork"],"picked":"Noxious Fumes","floor":10.0},{"not_picked":["Dagger Spray","Reflex"],"picked":"Footwork","floor":12.0},{"not_picked":["Phantasmal Killer","Wraith Form v2"],"picked":"Adrenaline","floor":16.0},{"not_picked":["Deflect+1","Sucker Punch+1","Bane"],"picked":"Singing Bowl","floor":18.0},{"not_picked":["Underhanded Strike","Cloak And Dagger"],"picked":"Backflip","floor":19.0},{"not_picked":["Phantasmal Killer","Deflect","Deadly Poison"],"picked":"Singing Bowl","floor":24.0},{"not_picked":["Prepared","Calculated Gamble"],"picked":"Catalyst","floor":25.0},{"not_picked":["Blade Dance","Dash","Endless Agony"],"picked":"Singing Bowl","floor":27.0},{"not_picked":["Deadly Poison","Cloak And Dagger","Accuracy"],"picked":"Singing Bowl","floor":28.0},{"not_picked":["Well Laid Plans","Prepared","Sucker Punch"],"picked":"Singing Bowl","floor":30.0},{"not_picked":["Tools of the Trade","Unload"],"picked":"After Image","floor":33.0},{"not_picked":["Dodge and Roll+1","Underhanded Strike"],"picked":"Bouncing Flask+1","floor":35},{"not_picked":["Flying Knee","Deadly Poison+1","All Out Attack"],"picked":"Singing Bowl","floor":38},{"not_picked":["Sucker Punch+1","Bane"],"picked":"Backflip+1","floor":39}],"player_experience":2348501,"relics_obtained":[{"floor":7.0,"key":"Nunchaku"},{"floor":9.0,"key":"Singing Bowl"},{"floor":22.0,"key":"Juzu Bracelet"},{"floor":24.0,"key":"Potion Belt"},{"floor":24.0,"key":"Ginger"},{"floor":24.0,"key":"Happy Flower"},{"floor":26.0,"key":"Strawberry"},{"floor":28.0,"key":"Kunai"},{"floor":28.0,"key":"PreservedInsect"},{"floor":39,"key":"Old Coin"}],"event_choices":[{"damage_healed":0.0,"max_hp_gain":0.0,"max_hp_loss":0.0,"gold_gain":0.0,"event_name":"WeMeetAgain","player_choice":"Gave Potion","floor":2.0,"gold_loss":0.0,"damage_taken":0.0,"relics_obtained":["Bronze Scales"]},{"damage_healed":0.0,"max_hp_gain":0.0,"max_hp_loss":0.0,"gold_gain":0.0,"event_name":"Shining Light","player_choice":"Entered Light","floor":5.0,"gold_loss":0.0,"damage_taken":20.0,"cards_upgraded":["Strike_G","Neutralize"]},{"cards_removed":["Strike_G"],"damage_healed":0.0,"max_hp_gain":0.0,"max_hp_loss":0.0,"gold_gain":0.0,"event_name":"The Cleric","player_choice":"Card Removal","floor":11.0,"gold_loss":75.0,"damage_taken":0.0},{"damage_healed":0.0,"max_hp_gain":5.0,"max_hp_loss":0.0,"gold_gain":0.0,"event_name":"Big Fish","player_choice":"Donut","floor":14.0,"gold_loss":0.0,"damage_taken":0.0},{"damage_healed":0,"gold_gain":0,"player_choice":"Max HP","damage_taken":0,"max_hp_gain":0,"max_hp_loss":4,"event_name":"Winding Halls","floor":37,"gold_loss":0},{"damage_healed":0,"gold_gain":0,"player_choice":"Fight","damage_taken":0,"max_hp_gain":0,"max_hp_loss":0,"event_name":"MindBloom","floor":39,"gold_loss":0}],"is_beta":false,"boss_relics":[{"not_picked":["Sozu","Tiny House"],"picked":"Black Star"},{"not_picked":["Lizard Tail","Astrolabe"],"picked":"Cursed Key"}],"items_purged_floors":[31,36],"is_endless":false,"potions_floor_spawned":[1,12,16,18,19,25,30,35],"killed_by":"Reptomancer","ascension_level":20}