{"gold_per_floor":[363,363,376,526,38,72,72,72,72,72,87,104,104,137,137,211,211,222,251,301,42,53,53,53],"floor_reached":24,"playtime":1419,"items_purged":["Doubt","Strike_B"],"score":454,"play_id":"c0cb5242-7fcc-4554-8efe-741a2a5ddddf","local_time":"20190630200455","is_ascension_mode":true,"campfire_choices":[{"floor":7,"key":"REST"},{"data":"Fission","floor":10,"key":"SMITH"},{"data":"Self Repair","floor":13,"key":"SMITH"},{"data":"Zap","floor":15,"key":"SMITH"},{"data":"Magnetism","floor":23,"key":"SMITH"}],"neow_cost":"PERCENT_DAMAGE","seed_source_timestamp":33931335732881,"circlet_count":0,"master_deck":["AscendersBane","Strike_B","Strike_B","Strike_B","Defend_B","Defend_B","Defend_B","Defend_B","Zap+1","Dualcast","Self Repair+1","Glacier","Streamline","Sunder","Fission+1","Cold Snap","Core Surge","Buffer","Leap","Magnetism+1","Turbo"],"relics":["Cracked Core","Anchor","Pocketwatch","Orichalcum","Cables","Smiling Mask","Nuclear Battery","Red Mask"],"potions_floor_usage":[6,18,24],"damage_taken":[{"damage":6,"enemies":"Small Slimes","floor":1,"turns":5},{"damage":2,"enemies":"Jaw Worm","floor":3,"turns":2},{"damage":10,"enemies":"Lagavulin","floor":6,"turns":7},{"damage":0,"enemies":"Cultist","floor":11,"turns":3},{"damage":0,"enemies":"3 Louse","floor":12,"turns":2},{"damage":0,"enemies":"Gremlin Nob","floor":14,"turns":3},{"damage":4,"enemies":"The Guardian","floor":16,"turns":13},{"damage":9,"enemies":"Shell Parasite","floor":18,"turns":4},{"damage":14,"enemies":"Masked Bandits","floor":19,"turns":3},{"damage":28,"enemies":"3 Byrds","floor":22,"turns":8},{"damage":57,"enemies":"Slavers","floor":24,"turns":6}],"seed_played":"-8175303576509062711","potions_obtained":[{"floor":1,"key":"FocusPotion"},{"floor":14,"key":"Swift Potion"},{"floor":16,"key":"GamblersBrew"}],"is_trial":false,"path_per_floor":["M","?","M","?","$","E","R","$","T","R","M","M","R","E","R","B",null,"M","?","?","$","M","R","E"],"character_chosen":"DEFECT","items_purchased":["Pocketwatch","Streamline","Sunder","Magnetism"],"campfire_rested":1,"item_purchase_floors":[5,5,5,21],"current_hp_per_floor":[40,14,19,19,19,16,37,37,37,37,44,51,51,61,61,67,70,71,67,67,67,49,49,0],"gold":53,"neow_bonus":"TWO_FIFTY_GOLD","is_prod":false,"is_daily":false,"chose_seed":false,"campfire_upgraded":4,"win_rate":0,"timestamp":1561917895,"path_taken":["M","?","M","?","$","E","R","?","T","R","M","M","R","E","R","BOSS","M","?","?","?","M","R","E"],"build_version":"2019-01-23","purchased_purges":2,"victory":false,"max_hp_per_floor":[71,71,71,71,71,71,71,71,71,71,71,71,71,71,71,71,71,71,71,71,71,71,71,71],"card_choices":[{"not_picked":["Sweeping Beam","Gash"],"picked":"Self Repair","floor":1},{"not_picked":["Redo","Steam"],"picked":"Glacier","floor":3},{"not_picked":["Undo","Leap"],"picked":"Fission","floor":6},{"not_picked":["Redo","Go for the Eyes","Ball Lightning"],"picked":"SKIP","floor":11},{"not_picked":["Go for the Eyes","Redo"],"picked":"Cold Snap","floor":12},{"not_picked":["Hologram","White Noise"],"picked":"Core Surge","floor":14},{"not_picked":["Thunder Strike","Multi-Cast"],"picked":"Buffer","floor":16},{"not_picked":["Ball Lightning+1","Hologram"],"picked":"Leap","floor":18},{"not_picked":["Stack+1","Coolheaded"],"picked":"Turbo","floor":22}],"player_experience":654068,"relics_obtained":[{"floor":6,"key":"Orichalcum"},{"floor":9,"key":"Cables"},{"floor":14,"key":"Smiling Mask"},{"floor":19,"key":"Red Mask"}],"event_choices":[{"damage_healed":0,"gold_gain":0,"player_choice":"Success","damage_taken":26,"relics_obtained":["Anchor"],"max_hp_gain":0,"max_hp_loss":0,"event_name":"Scrap Ooze","floor":2,"gold_loss":0},{"damage_healed":0,"gold_gain":150,"player_choice":"AGREE","damage_taken":0,"max_hp_gain":0,"max_hp_loss":0,"event_name":"Liars Game","floor":4,"gold_loss":0,"cards_obtained":["Doubt"]},{"damage_healed":0,"gold_gain":0,"player_choice":"Fought Bandits","damage_taken":0,"max_hp_gain":0,"max_hp_loss":0,"event_name":"Masked Bandits","floor":19,"gold_loss":0},{"damage_healed":0,"gold_gain":50,"player_choice":"Stole From Cult","damage_taken":0,"max_hp_gain":0,"max_hp_loss":0,"event_name":"Nest","floor":20,"gold_loss":0}],"is_beta":false,"boss_relics":[{"not_picked":["Cursed Key","Inserter"],"picked":"Nuclear Battery"}],"items_purged_floors":[5,21],"is_endless":false,"potions_floor_spawned":[1,14,16],"killed_by":"Slavers","ascension_level":20}