{"path_per_floor":["M","M","$","?","M","R","?","M","T","?","$","M","?","E","R","B",null,"M","$","M","M","?","R"],"character_chosen":"IRONCLAD","items_purchased":["Fire Breathing","Armaments","Secret Technique","Pommel Strike"],"gold_per_floor":[116,134,14,14,33,33,33,43,121,296,46,63,63,98,98,195,195,206,54,68,81,81,81],"floor_reached":24,"campfire_rested":0,"playtime":2717,"current_hp_per_floor":[80,78,78,62,68,68,68,74,84,84,84,87,87,68,68,55,90,68,68,73,40,40,48],"items_purged":["Doubt","Strike_R"],"gold":81,"score":196,"play_id":"dd535c05-62b2-44e8-96af-bd9b8ef827cd","local_time":"20180303131910","is_prod":false,"is_daily":false,"is_ascension_mode":false,"campfire_upgraded":3,"timestamp":1520079550,"path_taken":["M","M","$","?","M","R","?","M","T","?","$","M","?","E","R","BOSS","M","$","?","M","?","R","E"],"build_version":"2018-03-01-PROD1","purchased_purges":2,"victory":false,"master_deck":["Strike_R","Strike_R","Strike_R+1","Defend_R+1","Defend_R","Defend_R","Defend_R","Bash","Flex","Clash","Fire Breathing","Armaments+1","Body Slam","Battle Trance","Demon Form+1","Secret Technique","Heavy Blade","Barricade+1","Headbutt","Impervious","Pommel Strike","Whirlwind","Ghostly Armor+1"],"max_hp_per_floor":[80,80,80,80,80,80,80,80,90,90,90,90,90,90,90,90,90,90,90,90,90,90,90],"relics":["Burning Blood","Dream Catcher","Pear","Pen Nib","Eternal Feather"],"card_choices":[{"not_picked":["Clothesline","True Grit"],"picked":"Flex"},{"not_picked":["Corruption","Flex"],"picked":"Clash"},{"not_picked":["Anger","Thunderclap"],"picked":"Body Slam"},{"not_picked":["Body Slam","Disarm"],"picked":"Demon Form"},{"not_picked":["Battle Trance","Iron Wave"],"picked":"Heavy Blade"},{"not_picked":["Heavy Blade","Barricade"],"picked":"Headbutt"},{"not_picked":["Offering","Barricade"],"picked":"Impervious"},{"not_picked":["Headbutt","Heavy Blade"],"picked":"Whirlwind"},{"not_picked":["Flex","Armaments"],"picked":"Ghostly Armor"}],"player_experience":56067,"potions_floor_usage":[16],"damage_taken":[{"damage":2,"enemies":"Small Slimes","floor":1,"turns":3},{"damage":8,"enemies":"Jaw Worm","floor":2,"turns":4},{"damage":0,"enemies":"Cultist","floor":5,"turns":2},{"damage":0,"enemies":"Looter","floor":8,"turns":1},{"damage":3,"enemies":"3 Louse","floor":12,"turns":5},{"damage":25,"enemies":"Lagavulin","floor":14,"turns":6},{"damage":19,"enemies":"The Guardian","floor":16,"turns":11},{"damage":28,"enemies":"Shell Parasite","floor":18,"turns":9},{"damage":1,"enemies":"Spheric Guardian","floor":20,"turns":5},{"damage":39,"enemies":"3 Cultists","floor":21,"turns":5},{"damage":51,"enemies":"Book of Stabbing","floor":24,"turns":7}],"event_choices":[{"event_name":"Shining Light","player_choice":"Entered Light","floor":4,"damage_taken":0},{"event_name":"Living Wall","player_choice":"Change","floor":7,"damage_taken":0},{"event_name":"Liars Game","player_choice":"agreed","floor":10,"damage_taken":0},{"event_name":"Match and Keep!","player_choice":"2 cards matched","floor":13,"damage_taken":0},{"event_name":"Purifier","player_choice":"One Purge","floor":22,"damage_taken":0}],"boss_relics":[{"not_picked":["Snecko Eye","Cursed Key"],"picked":"Eternal Feather"}],"potions_floor_spawned":[2,8,12,16],"seed_played":"4511117303795865759","killed_by":"Book of Stabbing","ascension_level":0,"is_trial":false}