{"gold_per_floor":[112,112,112,112,29,29,156,73,73,73,104,67,102,120,120,120],"floor_reached":16,"playtime":303,"items_purged":[],"score":347,"play_id":"00e89b24-d298-4533-8879-062c3d241d66","local_time":"20190129223101","is_ascension_mode":true,"campfire_choices":[{"data":"Neutralize","floor":6.0,"key":"SMITH"},{"data":"Well Laid Plans","floor":15,"key":"SMITH"}],"neow_cost":"NONE","seed_source_timestamp":43354676035048,"circlet_count":0,"master_deck":["AscendersBane","Defend_G","Defend_G","Defend_G","Defend_G","Defend_G","Strike_G","Strike_G","Strike_G","Strike_G","Survivor","Neutralize+1","Tactician","Doubt","Well Laid Plans+1","Parasite","Calculated Gamble","Reflex","Well Laid Plans"],"special_seed":0,"relics":["Ring of the Snake","AscMod:CursedFlame","AscMod:MegaStarOfAscension","AscMod:CursedBank","NeowsBlessing","Golden Idol","Gremlin Horn","Bag of Preparation","Prayer Wheel"],"potions_floor_usage":[],"damage_taken":[{"damage":0.0,"enemies":"2 Louse","floor":1.0,"turns":1.0},{"damage":0,"enemies":"Lagavulin","floor":11,"turns":1},{"damage":0,"enemies":"Gremlin Nob","floor":13,"turns":1},{"damage":7,"enemies":"Small Slimes","floor":14,"turns":9},{"damage":0,"enemies":"Hexaghost","floor":16,"turns":1}],"seed_played":"-3736131776046081546","potions_obtained":[{"floor":1.0,"key":"FearPotion"},{"floor":13,"key":"SpeedPotion"},{"floor":14,"key":"GamblersBrew"}],"is_trial":false,"path_per_floor":["M","?","?","?","$","R","?","$","T","?","E","$","E","M","R","B"],"character_chosen":"THE_SILENT","items_purchased":["Tactician","Well Laid Plans","Reflex"],"campfire_rested":0,"item_purchase_floors":[5,8,12],"current_hp_per_floor":[59,63,56,56,56,56,56,56,56,64,64,64,64,57,57,57],"gold":120,"neow_bonus":"THREE_ENEMY_KILL","is_prod":false,"is_daily":false,"chose_seed":false,"campfire_upgraded":2,"win_rate":0,"timestamp":1548772261,"path_taken":["M","?","?","?","?","R","?","$","T","?","E","?","E","M","R","BOSS"],"build_version":"2019-01-23","purchased_purges":0,"victory":false,"max_hp_per_floor":[66,71,71,64,64,64,64,64,64,64,64,64,64,64,64,64],"card_choices":[{"not_picked":["Dash","Poisoned Stab","Blur"],"picked":"SKIP","floor":1.0},{"not_picked":["Unload","Dagger Throw"],"picked":"Calculated Gamble","floor":11},{"not_picked":["Sucker Punch","Outmaneuver","All Out Attack"],"picked":"SKIP","floor":13},{"not_picked":["Sucker Punch","Outmaneuver","All Out Attack"],"picked":"SKIP","floor":13},{"not_picked":["Eviscerate","Backstab"],"picked":"Well Laid Plans","floor":14},{"not_picked":["Outmaneuver","Poisoned Stab","Expertise"],"picked":"SKIP","floor":14}],"player_experience":2391571,"relics_obtained":[{"floor":9.0,"key":"Gremlin Horn"},{"floor":11,"key":"Bag of Preparation"},{"floor":13,"key":"Prayer Wheel"}],"event_choices":[{"damage_healed":0.0,"max_hp_gain":5.0,"max_hp_loss":0.0,"gold_gain":0.0,"event_name":"Big Fish","player_choice":"Donut","floor":2.0,"gold_loss":0.0,"damage_taken":0.0},{"cards_removed":["Strike_G"],"damage_healed":0.0,"max_hp_gain":0.0,"max_hp_loss":0.0,"gold_gain":0.0,"event_name":"Golden Wing","player_choice":"Card Removal","floor":3.0,"gold_loss":0.0,"damage_taken":7.0},{"damage_healed":0.0,"max_hp_gain":0.0,"max_hp_loss":7.0,"gold_gain":0.0,"event_name":"Golden Idol","player_choice":"Lose Max HP","floor":4.0,"gold_loss":0.0,"damage_taken":0.0,"relics_obtained":["Golden Idol"]},{"damage_healed":0.0,"max_hp_gain":0.0,"max_hp_loss":0.0,"gold_gain":150.0,"event_name":"Liars Game","player_choice":"AGREE","floor":7.0,"gold_loss":0.0,"damage_taken":0.0,"cards_obtained":["Doubt"]},{"damage_healed":16,"gold_gain":0,"player_choice":"Healed and dodged fight","damage_taken":0,"max_hp_gain":0,"max_hp_loss":0,"event_name":"Mushrooms","floor":10,"gold_loss":0,"cards_obtained":["Parasite"]}],"is_beta":false,"boss_relics":[],"items_purged_floors":[],"is_endless":false,"potions_floor_spawned":[1,13,14],"killed_by":"Hexaghost","ascension_level":25}