{"gold_per_floor":[367,77,90,90,90,90,110,110,110,135,151,151,168,168],"floor_reached":14,"playtime":358,"items_purged":["Doubt"],"score":180,"play_id":"48e3c8fe-a3fe-463d-8068-323cd8b01f71","local_time":"20190510231307","is_ascension_mode":true,"campfire_choices":[{"data":"Doom and Gloom","floor":6.0,"key":"SMITH"},{"floor":12.0,"key":"REST"}],"neow_cost":"CURSE","seed_source_timestamp":10248245662951,"circlet_count":0,"master_deck":["AscendersBane","Strike_B","Strike_B","Strike_B","Strike_B","Defend_B","Defend_B","Defend_B","Defend_B","Zap","Dualcast","Doom and Gloom+1","Turbo","Heatsinks","Pain","Meteor Strike","Skim+1","Undo+1"],"special_seed":0,"relics":["Cracked Core","Medical Kit","WarpedTongs","Toxic Egg 2","Art of War"],"potions_floor_usage":[13],"damage_taken":[{"damage":1.0,"enemies":"Cultist","floor":1.0,"turns":3.0},{"damage":10.0,"enemies":"Small Slimes","floor":3.0,"turns":3.0},{"damage":12.0,"enemies":"Jaw Worm","floor":7.0,"turns":3.0},{"damage":25.0,"enemies":"Lagavulin","floor":10.0,"turns":7.0},{"damage":3.0,"enemies":"Lots of Slimes","floor":11.0,"turns":3.0},{"damage":36,"enemies":"Exordium Thugs","floor":13,"turns":4},{"damage":2,"enemies":"2 Fungi Beasts","floor":14,"turns":2}],"seed_played":"-3418879422972013485","potions_obtained":[{"floor":1.0,"key":"Energy Potion"},{"floor":3.0,"key":"Ancient Potion"},{"floor":10.0,"key":"PowerPotion"}],"is_trial":false,"path_per_floor":["M","$","M","$","?","R","M","?","T","E","M","R","M","M"],"character_chosen":"DEFECT","items_purchased":["Medical Kit"],"campfire_rested":1,"item_purchase_floors":[2],"current_hp_per_floor":[63,63,53,53,58,58,46,46,46,21,18,40,4,2],"gold":168,"neow_bonus":"TWO_FIFTY_GOLD","is_prod":false,"is_daily":false,"chose_seed":false,"campfire_upgraded":1,"win_rate":0,"timestamp":1557501187,"path_taken":["M","$","?","$","?","R","M","?","T","E","M","R","?","M"],"build_version":"2019-01-23","purchased_purges":1,"victory":false,"max_hp_per_floor":[71,71,71,71,76,76,76,76,76,76,76,76,76,76],"card_choices":[{"not_picked":["Stack","Tempest"],"picked":"Doom and Gloom","floor":1.0},{"not_picked":["Ball Lightning","Rebound"],"picked":"Turbo","floor":3.0},{"not_picked":["Hello World","Gash"],"picked":"Heatsinks","floor":7.0},{"not_picked":["Storm","Turbo+1"],"picked":"Meteor Strike","floor":10.0},{"not_picked":["Loop","Cold Snap"],"picked":"Skim+1","floor":11.0},{"not_picked":["Beam Cell","Sweeping Beam"],"picked":"Undo+1","floor":13}],"player_experience":4676871,"relics_obtained":[{"floor":9.0,"key":"Toxic Egg 2"},{"floor":10.0,"key":"Art of War"}],"event_choices":[{"damage_healed":0.0,"max_hp_gain":5.0,"max_hp_loss":0.0,"gold_gain":0.0,"event_name":"Big Fish","player_choice":"Donut","floor":5.0,"gold_loss":0.0,"damage_taken":0.0},{"damage_healed":0.0,"max_hp_gain":0.0,"max_hp_loss":0.0,"gold_gain":0.0,"event_name":"Accursed Blacksmith","player_choice":"Rummage","floor":8.0,"gold_loss":0.0,"damage_taken":0.0,"relics_obtained":["WarpedTongs"],"cards_obtained":["Pain"]}],"is_beta":false,"boss_relics":[],"items_purged_floors":[2],"is_endless":false,"potions_floor_spawned":[1,3,10],"killed_by":"2 Fungi Beasts","ascension_level":20}