{"path_per_floor":["M","?","M","?","$","E","$","T","T","M","M","?","R","M","R","B",null,"M","$","?","?","M","E","?","M","T","M","R","M","R","M","R","B",null,"M","M","?","?","$","M","R","?","T","R","M","M","R","M","R","B"],"character_chosen":"THE_SILENT","items_purchased":["Blur","Snake Skull","Footwork","Footwork"],"gold_per_floor":[110,110,121,271,123,151,6,6,6,26,40,40,40,60,60,138,138,154,78,78,0,15,42,42,56,80,97,97,117,117,133,133,208,208,223,234,234,214,44,62,62,62,62,62,81,97,97,114,114,114],"floor_reached":51,"campfire_rested":2,"playtime":2485,"item_purchase_floors":[5,7,19,39],"current_hp_per_floor":[57,57,57,57,57,47,47,47,57,50,50,27,27,27,27,25,63,37,37,37,37,37,12,27,25,25,20,20,14,51,43,43,25,63,63,50,50,50,50,50,50,50,50,50,50,43,43,43,76,55],"items_purged":["Doubt","Strike_G"],"gold":114,"score":1158,"play_id":"f52b864d-bf77-4d1a-bf12-8b543b4bb528","local_time":"20180617112223","is_prod":false,"is_daily":false,"chose_seed":false,"is_ascension_mode":true,"campfire_upgraded":7,"win_rate":0,"timestamp":1529205743,"campfire_choices":[{"data":"After Image","floor":13,"key":"SMITH"},{"data":"Neutralize","floor":15,"key":"SMITH"},{"data":"Noxious Fumes","floor":28,"key":"SMITH"},{"floor":30,"key":"REST"},{"data":"Cloak And Dagger","floor":32,"key":"SMITH"},{"data":"Wraith Form v2","floor":41,"key":"SMITH"},{"data":"Footwork","floor":44,"key":"SMITH"},{"data":"Footwork","floor":47,"key":"SMITH"},{"floor":49,"key":"REST"}],"path_taken":["M","?","M","?","?","E","?","?","T","?","M","?","R","M","R","BOSS","M","?","?","?","M","E","?","?","T","M","R","M","R","M","R","BOSS","M","M","?","?","$","M","R","?","T","R","?","M","R","M","R","BOSS"],"build_version":"2018-06-14v2","seed_source_timestamp":4038869122181,"purchased_purges":2,"victory":true,"master_deck":["Defend_G","Defend_G+1","Defend_G","Strike_G","Strike_G","Survivor","Neutralize+1","AscendersBane","Wraith Form v2+1","Noxious Fumes+1","Sucker Punch","After Image+1","Blur","Cloak And Dagger+1","Blur","Blade Dance","Bullet Time","Prepared+1","Footwork+1","Well Laid Plans","Adrenaline","After Image+1","Footwork+1","Wraith Form v2+1"],"max_hp_per_floor":[66,66,66,66,66,66,66,66,76,76,76,76,76,76,76,76,76,76,76,76,76,76,76,76,76,76,76,76,76,76,76,76,76,76,76,76,76,76,76,76,76,76,76,76,76,76,76,76,76,76],"relics":["Ring of the Snake","Ancient Tea Set","Snake Skull","Letter Opener","Pear","Runic Dome","Unceasing Top","Regal Pillow","Philosopher\u0027s Stone","Shuriken"],"card_choices":[{"not_picked":["Backflip","PiercingWail"],"picked":"Sucker Punch","floor":1},{"not_picked":["Dagger Spray","Backflip"],"picked":"After Image","floor":3},{"not_picked":["Outmaneuver","Endless Agony","Bane"],"picked":"SKIP","floor":6},{"not_picked":["Deflect","Bane"],"picked":"Cloak And Dagger","floor":10},{"not_picked":["Setup","Dagger Spray"],"picked":"Blur","floor":11},{"not_picked":["Noxious Fumes","Dodge and Roll"],"picked":"Blade Dance","floor":14},{"not_picked":["Storm of Steel","Night Terror"],"picked":"Bullet Time","floor":16},{"not_picked":["Deadly Poison","Crippling Poison"],"picked":"Prepared+1","floor":18},{"not_picked":["Caltrops","Deflect","Slice"],"picked":"SKIP","floor":22},{"not_picked":["Poisoned Stab","Riddle With Holes","Skewer"],"picked":"SKIP","floor":23},{"not_picked":["Blur","Deadly Poison"],"picked":"Well Laid Plans","floor":25},{"not_picked":["All Out Attack","Cloak And Dagger","Crippling Poison"],"picked":"SKIP","floor":27},{"not_picked":["Flying Knee","Dash","Caltrops"],"picked":"SKIP","floor":29},{"not_picked":["Dodge and Roll","All Out Attack","Bane"],"picked":"SKIP","floor":31},{"not_picked":["Doppelganger","Wraith Form v2"],"picked":"Adrenaline","floor":33},{"not_picked":["Deflect","Sucker Punch","Expertise+1"],"picked":"SKIP","floor":35},{"not_picked":["Acrobatics+1","Prepared","Underhanded Strike"],"picked":"SKIP","floor":36},{"not_picked":["Deadly Poison","Flying Knee+1"],"picked":"Wraith Form v2","floor":40},{"not_picked":["Blade Dance","Reflex+1","Deflect"],"picked":"SKIP","floor":45},{"not_picked":["Quick Slash","Outmaneuver","Choke"],"picked":"SKIP","floor":46},{"not_picked":["Quick Slash","Flechettes+1","Accuracy+1"],"picked":"SKIP","floor":48}],"player_experience":632872,"potions_floor_usage":[6,23,29,46,50,50],"damage_taken":[{"damage":2,"enemies":"2 Louse","floor":1,"turns":3},{"damage":0,"enemies":"Cultist","floor":3,"turns":4},{"damage":10,"enemies":"Lagavulin","floor":6,"turns":10},{"damage":7,"enemies":"Jaw Worm","floor":10,"turns":4},{"damage":0,"enemies":"Large Slime","floor":11,"turns":6},{"damage":0,"enemies":"3 Louse","floor":14,"turns":4},{"damage":2,"enemies":"The Guardian","floor":16,"turns":13},{"damage":26,"enemies":"Chosen","floor":18,"turns":9},{"damage":0,"enemies":"2 Thieves","floor":22,"turns":5},{"damage":25,"enemies":"Gremlin Leader","floor":23,"turns":10},{"damage":2,"enemies":"3 Cultists","floor":25,"turns":6},{"damage":5,"enemies":"Centurion and Healer","floor":27,"turns":11},{"damage":6,"enemies":"Cultist and Chosen","floor":29,"turns":9},{"damage":8,"enemies":"3 Cultists","floor":31,"turns":5},{"damage":18,"enemies":"Collector","floor":33,"turns":13},{"damage":0,"enemies":"Orb Walker","floor":35,"turns":4},{"damage":13,"enemies":"3 Shapes","floor":36,"turns":5},{"damage":0,"enemies":"Spire Growth","floor":40,"turns":8},{"damage":0,"enemies":"Maw","floor":45,"turns":9},{"damage":7,"enemies":"4 Shapes","floor":46,"turns":6},{"damage":0,"enemies":"Sphere and 2 Shapes","floor":48,"turns":6},{"damage":21,"enemies":"Time Eater","floor":50,"turns":19}],"relics_obtained":[{"floor":6,"key":"Ancient Tea Set"},{"floor":8,"key":"Letter Opener"},{"floor":9,"key":"Pear"},{"floor":23,"key":"Unceasing Top"},{"floor":26,"key":"Regal Pillow"},{"floor":43,"key":"Shuriken"}],"event_choices":[{"event_name":"Purifier","player_choice":"One Purge","floor":2,"damage_taken":0},{"event_name":"Liars Game","player_choice":"agreed","floor":4,"damage_taken":0},{"event_name":"Shining Light","player_choice":"Entered Light","floor":12,"damage_taken":0},{"event_name":"Back to Basics","player_choice":"Elegance","floor":20,"damage_taken":0},{"event_name":"Masked Bandits","player_choice":"Paid Bandits 78 gold","floor":21,"damage_taken":0},{"event_name":"The Library","player_choice":"Heal","floor":24,"damage_taken":0},{"event_name":"Duplicator","player_choice":"One dupe","floor":37,"damage_taken":0},{"event_name":"The Woman in Blue","player_choice":"Bought 1 Potion","floor":38,"damage_taken":0},{"event_name":"Falling","player_choice":"Removed Attack","floor":42,"damage_taken":0}],"boss_relics":[{"not_picked":["Pandora\u0027s Box","Calling Bell"],"picked":"Runic Dome"},{"not_picked":["Lizard Tail","Velvet Choker"],"picked":"Philosopher\u0027s Stone"}],"items_purged_floors":[5,39],"is_endless":false,"potions_floor_spawned":[1,10,22,25,33,46,48],"seed_played":"-4051163871827138769","ascension_level":15,"potions_obtained":[{"floor":1,"key":"AttackPotion"},{"floor":10,"key":"Weak Potion"},{"floor":22,"key":"AttackPotion"},{"floor":25,"key":"Strength Potion"},{"floor":33,"key":"AttackPotion"},{"floor":46,"key":"EntropicBrew"}],"is_trial":false}