{"gold_per_floor":[19,31,106,116,128,128,154,154,181,181,243,243,16,36,36,111,111,128,128,43,43,58,58,70,70,70,94,94,113,125,141,141,219,219,238,238,238,163,179,179,207,207,207,207,225,225,235,235,235,235,235,235,235,1,35,35],"floor_reached":57,"playtime":2669,"items_purged":["Strike_G","Strike_G"],"score":2660,"play_id":"5cdd98f4-bdd8-4022-8f8c-4c8ad1427c2e","local_time":"20190515015019","is_ascension_mode":true,"campfire_choices":[{"data":"Catalyst","floor":6.0,"key":"SMITH"},{"data":"Bouncing Flask","floor":8.0,"key":"SMITH"},{"data":"Neutralize","floor":10.0,"key":"SMITH"},{"floor":12.0,"key":"REST"},{"data":"Noxious Fumes","floor":15.0,"key":"SMITH"},{"data":"Malaise","floor":23.0,"key":"SMITH"},{"floor":25.0,"key":"RECALL"},{"data":"Dash","floor":28.0,"key":"SMITH"},{"data":"Backflip","floor":32.0,"key":"SMITH"},{"data":"Discovery","floor":40.0,"key":"SMITH"},{"floor":42.0,"key":"REST"},{"data":"Shrug It Off","floor":44.0,"key":"SMITH"},{"data":"Conserve Battery","floor":46.0,"key":"SMITH"},{"data":"Survivor","floor":49.0,"key":"SMITH"},{"floor":53.0,"key":"REST"}],"neow_cost":"NO_GOLD","seed_source_timestamp":59377686884401,"circlet_count":0,"master_deck":["AscendersBane","Defend_G","Defend_G","Defend_G","Defend_G","Strike_G","Survivor+1","Neutralize+1","Bouncing Flask+1","Catalyst+1","Dash+1","Backflip+1","Noxious Fumes+1","Malaise+1","Shrug It Off+1","Conserve Battery+1","Fiend Fire","Discovery+1","Catalyst+1","Dark Shackles"],"special_seed":0,"relics":["Ring of the Snake","Bronze Scales","Happy Flower","Snake Skull","PrismaticShard","Busted Crown","Nilry\u0027s Codex","Ornamental Fan","Ancient Tea Set","Cursed Key","Regal Pillow","Lantern"],"potions_floor_usage":[],"damage_taken":[{"damage":1.0,"enemies":"Jaw Worm","floor":1.0,"turns":7.0},{"damage":0.0,"enemies":"2 Louse","floor":2.0,"turns":4.0},{"damage":0.0,"enemies":"Small Slimes","floor":4.0,"turns":3.0},{"damage":12.0,"enemies":"Looter","floor":5.0,"turns":4.0},{"damage":4.0,"enemies":"Lagavulin","floor":7.0,"turns":5.0},{"damage":18.0,"enemies":"Lagavulin Event","floor":11.0,"turns":4.0},{"damage":1.0,"enemies":"Blue Slaver","floor":14.0,"turns":4.0},{"damage":0.0,"enemies":"Slime Boss","floor":16.0,"turns":6.0},{"damage":8.0,"enemies":"2 Thieves","floor":18.0,"turns":4.0},{"damage":0.0,"enemies":"Spheric Guardian","floor":22.0,"turns":2.0},{"damage":0.0,"enemies":"Centurion and Healer","floor":24.0,"turns":6.0},{"damage":0.0,"enemies":"Cultist and Chosen","floor":29.0,"turns":5.0},{"damage":0.0,"enemies":"Snake Plant","floor":30.0,"turns":4.0},{"damage":5.0,"enemies":"3 Cultists","floor":31.0,"turns":3.0},{"damage":4.0,"enemies":"Collector","floor":33.0,"turns":3.0},{"damage":10.0,"enemies":"Orb Walker","floor":35.0,"turns":3.0},{"damage":5.0,"enemies":"3 Darklings","floor":39.0,"turns":4.0},{"damage":23.0,"enemies":"Reptomancer","floor":41.0,"turns":6.0},{"damage":0.0,"enemies":"Sphere and 2 Shapes","floor":45.0,"turns":6.0},{"damage":1.0,"enemies":"4 Shapes","floor":47.0,"turns":4.0},{"damage":3.0,"enemies":"Awakened One","floor":50.0,"turns":14.0},{"damage":44.0,"enemies":"Donu and Deca","floor":51.0,"turns":8.0},{"damage":20.0,"enemies":"Shield and Spear","floor":55.0,"turns":7.0},{"damage":35,"enemies":"The Heart","floor":56,"turns":8}],"seed_played":"-1550874884857201037","potions_obtained":[{"floor":1.0,"key":"PowerPotion"},{"floor":5.0,"key":"Poison Potion"},{"floor":14.0,"key":"SteroidPotion"},{"floor":16.0,"key":"Strength Potion"},{"floor":18.0,"key":"Strength Potion"},{"floor":29.0,"key":"GamblersBrew"},{"floor":30.0,"key":"Swift Potion"},{"floor":35.0,"key":"EssenceOfSteel"},{"floor":41.0,"key":"FearPotion"}],"is_trial":false,"path_per_floor":["M","M","?","M","M","R","E","R","T","R","?","R","$","M","R","B",null,"M","?","?","$","M","R","M","R","T","T","R","M","M","M","R","B",null,"M","?","?","$","M","R","E","R","T","R","M","R","M","?","R","B","B",null,"R","$","E","B",null],"character_chosen":"THE_SILENT","items_purchased":["PrismaticShard","GamblersBrew","Weak Potion"],"campfire_rested":3,"item_purchase_floors":[13,54,54],"current_hp_per_floor":[58,58,47,47,35,35,31,31,31,31,13,32,32,31,31,31,57,49,28,28,28,28,28,28,28,28,28,28,28,28,23,23,19,54,44,44,44,44,39,39,16,50,50,50,50,50,49,49,49,46,2,50,66,66,46,11],"gold":35,"neow_bonus":"REMOVE_TWO","is_prod":false,"is_daily":false,"chose_seed":false,"campfire_upgraded":11,"win_rate":0,"timestamp":1557856219,"path_taken":["M","M","?","M","M","R","E","R","T","R","?","R","$","M","R","BOSS","M","?","?","$","M","R","M","R","T","?","R","?","M","M","R","BOSS","M","?","?","$","M","R","E","R","T","R","M","R","?","?","R","BOSS","BOSS","R","$","E","BOSS"],"build_version":"2019-01-23","purchased_purges":2,"victory":true,"max_hp_per_floor":[66,66,66,66,66,66,66,66,66,66,66,66,66,66,66,66,66,66,66,66,66,66,66,66,66,66,66,66,66,66,66,66,66,66,66,66,66,66,66,66,66,66,66,66,66,66,66,66,66,66,66,66,66,66,66,66],"card_choices":[{"not_picked":["Catalyst","Underhanded Strike"],"picked":"Bouncing Flask","floor":1.0},{"not_picked":["Masterful Stab","Blade Dance"],"picked":"Catalyst","floor":2.0},{"not_picked":["Blade Dance","Cloak And Dagger","Flying Knee"],"picked":"SKIP","floor":4.0},{"not_picked":["Dash","Quick Slash","Terror"],"picked":"SKIP","floor":5.0},{"not_picked":["Quick Slash","Terror"],"picked":"Dash","floor":5.0},{"not_picked":["Cloak And Dagger","Die Die Die"],"picked":"Backflip","floor":7.0},{"not_picked":["Backflip","PiercingWail"],"picked":"Noxious Fumes","floor":11.0},{"not_picked":["Flying Knee","Iron Wave","Steam Power"],"picked":"SKIP","floor":14.0},{"not_picked":["Flying Knee","Iron Wave","Steam Power"],"picked":"SKIP","floor":14.0},{"not_picked":["Venomology","Violence"],"picked":"Malaise","floor":16.0},{"not_picked":["Barrage"],"picked":"SKIP","floor":18.0},{"not_picked":["Prepared"],"picked":"SKIP","floor":22.0},{"not_picked":[],"picked":"Shrug It Off","floor":24.0},{"not_picked":["Deflect"],"picked":"SKIP","floor":29.0},{"not_picked":["Endless Agony"],"picked":"SKIP","floor":30.0},{"not_picked":[],"picked":"Conserve Battery","floor":31.0},{"not_picked":[],"picked":"Fiend Fire","floor":33.0},{"not_picked":["Barrage"],"picked":"SKIP","floor":35.0},{"not_picked":[],"picked":"Discovery","floor":36.0},{"not_picked":[],"picked":"Dark Shackles","floor":39.0},{"not_picked":["Dropkick"],"picked":"SKIP","floor":41.0},{"not_picked":["Deadly Poison"],"picked":"SKIP","floor":45.0},{"not_picked":["Finisher+1"],"picked":"SKIP","floor":47.0},{"not_picked":["Warcry"],"picked":"SKIP","floor":55.0}],"player_experience":4768792,"relics_obtained":[{"floor":7.0,"key":"Bronze Scales"},{"floor":9.0,"key":"Happy Flower"},{"floor":11.0,"key":"Snake Skull"},{"floor":19.0,"key":"Nilry\u0027s Codex"},{"floor":26.0,"key":"Ancient Tea Set"},{"floor":41.0,"key":"Regal Pillow"},{"floor":55.0,"key":"Lantern"}],"event_choices":[{"damage_healed":0.0,"max_hp_gain":0.0,"max_hp_loss":0.0,"gold_gain":75.0,"event_name":"World of Goop","player_choice":"Gather Gold","floor":3.0,"gold_loss":0.0,"damage_taken":11.0},{"damage_healed":0.0,"max_hp_gain":0.0,"max_hp_loss":0.0,"gold_gain":0.0,"event_name":"Dead Adventurer","player_choice":"Searched \u00271\u0027 times","floor":11.0,"gold_loss":0.0,"damage_taken":0.0},{"damage_healed":0.0,"max_hp_gain":0.0,"max_hp_loss":0.0,"gold_gain":0.0,"event_name":"Cursed Tome","player_choice":"Obtained Book","floor":19.0,"gold_loss":0.0,"damage_taken":21.0},{"damage_healed":0.0,"max_hp_gain":0.0,"max_hp_loss":0.0,"gold_gain":0.0,"event_name":"Addict","player_choice":"Obtained Relic","floor":20.0,"gold_loss":85.0,"damage_taken":0.0,"relics_obtained":["Ornamental Fan"]},{"damage_healed":0.0,"max_hp_gain":0.0,"max_hp_loss":0.0,"gold_gain":0.0,"event_name":"SensoryStone","player_choice":"Memory 1","floor":36.0,"gold_loss":0.0,"damage_taken":0.0},{"damage_healed":0.0,"max_hp_gain":0.0,"max_hp_loss":0.0,"gold_gain":0.0,"event_name":"Duplicator","player_choice":"Copied","floor":37.0,"gold_loss":0.0,"damage_taken":0.0,"cards_obtained":["Catalyst"]},{"cards_removed":["Strike_G"],"damage_healed":0.0,"max_hp_gain":0.0,"max_hp_loss":0.0,"gold_gain":0.0,"event_name":"Falling","player_choice":"Removed Attack","floor":48.0,"gold_loss":0.0,"damage_taken":0.0}],"is_beta":false,"boss_relics":[{"not_picked":["WristBlade","Ring of the Serpent"],"picked":"Busted Crown"},{"not_picked":["Eternal Feather","Snecko Eye"],"picked":"Cursed Key"}],"items_purged_floors":[38,54],"is_endless":false,"potions_floor_spawned":[1,5,11,14,16,18,29,30,31,35,41],"ascension_level":20}