{"path_per_floor":["M","?","T","M","M","E","M","$","T","$","E","R","T","M","R","B",null,"M","?","?","M","?","E","$","R","T","R","M","M","E","T","R","B",null,"M","M","M","M","$","E","R","M","T","?","$","M","E","$","R","B"],"character_chosen":"IRONCLAD","items_purchased":["Flex","Bottled Lightning","Mercury Hourglass","Medical Kit","Shuriken"],"gold_per_floor":[109,184,235,248,259,292,306,36,63,63,97,97,97,107,107,205,205,217,217,217,227,227,253,12,12,12,12,22,41,71,371,371,472,472,491,507,518,538,265,295,295,305,305,305,53,65,93,93,93,93],"floor_reached":51,"campfire_rested":2,"playtime":1717,"current_hp_per_floor":[78,67,67,66,71,71,67,67,67,67,37,37,37,43,43,32,80,80,80,80,80,65,68,68,68,68,68,76,81,51,51,76,30,85,85,85,85,79,79,59,59,65,65,65,65,71,60,60,85,40],"items_purged":["Defend_R"],"gold":93,"score":780,"play_id":"bc11516a-5768-403e-a5d1-6068d95ee940","local_time":"20180319205550","is_prod":false,"is_daily":false,"is_ascension_mode":false,"campfire_upgraded":2,"timestamp":1521489350,"path_taken":["M","?","?","M","M","E","M","$","T","?","E","R","?","M","R","BOSS","M","?","?","M","?","E","$","R","T","R","?","M","E","?","R","BOSS","M","M","M","M","$","E","R","M","T","?","$","M","E","$","R","BOSS"],"build_version":"2018-03-15v3","purchased_purges":2,"victory":true,"master_deck":["Strike_R","Strike_R","Strike_R","Strike_R","Strike_R","Defend_R","Defend_R","Bash","Heavy Blade","Dropkick","Perfected Strike+1","Twin Strike","Sword Boomerang","Pummel","Flex+1","Inflame","Reaper","Disarm","Flex","Dual Wield+1","Sword Boomerang+1","Battle Trance","Pummel+1","Thunderclap+1","Perfected Strike","Headbutt+1","Metallicize+1","Flex+1"],"max_hp_per_floor":[80,80,80,80,80,80,80,80,80,80,80,80,80,80,80,80,80,80,80,80,80,85,85,85,85,85,85,85,85,85,85,85,85,85,85,85,85,85,85,85,85,85,85,85,85,85,85,85,85,85],"relics":["Burning Blood","Pen Nib","Girya","Bottled Lightning","Dream Catcher","Happy Flower","Torii","Mark of Pain","Bird Faced Urn","Mercury Hourglass","Thread and Needle","Calipers","Old Coin","Velvet Choker","Medical Kit","Molten Egg 2","Gambling Chip","Shuriken","Bottled Flame"],"card_choices":[{"not_picked":["Shrug It Off","Searing Blow"],"picked":"Heavy Blade"},{"not_picked":["Iron Wave","Rupture"],"picked":"Dropkick"},{"not_picked":["Heavy Blade","True Grit"],"picked":"Perfected Strike"},{"not_picked":["Metallicize","Cleave"],"picked":"Twin Strike"},{"not_picked":["Rage","Armaments"],"picked":"Sword Boomerang"},{"not_picked":["Combust","Entrench"],"picked":"Pummel"},{"not_picked":["Combust","Cleave"],"picked":"Inflame"},{"not_picked":["Exhume","Barricade"],"picked":"Reaper"},{"not_picked":["Entrench","Corruption"],"picked":"Disarm"},{"not_picked":["Disarm","Infernal Blade"],"picked":"Flex"},{"not_picked":["Barricade","Thunderclap"],"picked":"Dual Wield"},{"not_picked":["Dropkick","Clothesline"],"picked":"Sword Boomerang"},{"not_picked":["True Grit","Clash"],"picked":"Battle Trance"},{"not_picked":["Searing Blow","Warcry"],"picked":"Pummel"},{"not_picked":["Body Slam","Warcry"],"picked":"Thunderclap"},{"not_picked":["Anger","Body Slam"],"picked":"Perfected Strike"},{"not_picked":["True Grit","Rupture"],"picked":"Headbutt"},{"not_picked":["Armaments","Power Through"],"picked":"Metallicize"},{"not_picked":["Wild Strike","Havoc"],"picked":"Flex"}],"player_experience":174883,"potions_floor_usage":[50,50,50],"damage_taken":[{"damage":8.0,"enemies":"Jaw Worm","floor":1.0,"turns":4.0},{"damage":7.0,"enemies":"Small Slimes","floor":4.0,"turns":4.0},{"damage":1.0,"enemies":"Cultist","floor":5.0,"turns":3.0},{"damage":6.0,"enemies":"Gremlin Nob","floor":6.0,"turns":3.0},{"damage":10.0,"enemies":"Exordium Thugs","floor":7.0,"turns":4.0},{"damage":36.0,"enemies":"Lagavulin","floor":11.0,"turns":4.0},{"damage":0.0,"enemies":"2 Fungi Beasts","floor":14.0,"turns":2.0},{"damage":17.0,"enemies":"Hexaghost","floor":16.0,"turns":6.0},{"damage":2.0,"enemies":"3 Byrds","floor":18.0,"turns":4.0},{"damage":3.0,"enemies":"Shell Parasite","floor":21.0,"turns":3.0},{"damage":13.0,"enemies":"Book of Stabbing","floor":23.0,"turns":4.0},{"damage":0.0,"enemies":"Snake Plant","floor":28.0,"turns":1.0},{"damage":1.0,"enemies":"Sentry and Sphere","floor":29.0,"turns":3.0},{"damage":36.0,"enemies":"Gremlin Leader","floor":30.0,"turns":3.0},{"damage":69.0,"enemies":"Collector","floor":33.0,"turns":8.0},{"damage":0.0,"enemies":"Orb Walker","floor":35.0,"turns":1.0},{"damage":11.0,"enemies":"3 Shapes","floor":36.0,"turns":6.0},{"damage":17.0,"enemies":"3 Darklings","floor":37.0,"turns":2.0},{"damage":12.0,"enemies":"Sphere and 2 Shapes","floor":38.0,"turns":2.0},{"damage":28.0,"enemies":"Nemesis","floor":40.0,"turns":3.0},{"damage":0.0,"enemies":"4 Shapes","floor":42.0,"turns":2.0},{"damage":0.0,"enemies":"Maw","floor":46.0,"turns":4.0},{"damage":40.0,"enemies":"2 Orb Walkers","floor":47.0,"turns":3.0},{"damage":51,"enemies":"Awakened One","floor":50,"turns":4}],"event_choices":[{"event_name":"World of Goop","player_choice":"Gather Gold","floor":2.0,"damage_taken":0.0},{"event_name":"Bonfire Elementals","player_choice":"BASIC","floor":19.0,"damage_taken":0.0},{"event_name":"Vampires","player_choice":"Ignored","floor":20.0,"damage_taken":0.0},{"event_name":"Forgotten Altar","player_choice":"Shed Blood","floor":22.0,"damage_taken":0.0},{"event_name":"Tomb of Lord Red Mask","player_choice":"Ignored","floor":44.0,"damage_taken":0.0}],"boss_relics":[],"potions_floor_spawned":[4,5,7,16,23,30,36,40,46],"seed_played":"4824742863046992035","ascension_level":0,"is_trial":false}