{"gold_per_floor":[111,131,142,152,163,163,193,193,220,238,188,188,217,230,230,328,328,344,364,289,289],"floor_reached":21,"playtime":2073,"items_purged":["Strike_R"],"score":222,"play_id":"3da82457-42a5-4a8a-9f9b-a66e1c712a22","local_time":"20190717211808","is_ascension_mode":true,"campfire_choices":[{"data":"Whirlwind","floor":6,"key":"SMITH"},{"data":"Searing Blow","floor":8,"key":"SMITH"},{"floor":12,"key":"REST"},{"floor":15,"key":"REST"}],"neow_cost":"TEN_PERCENT_HP_LOSS","seed_source_timestamp":305394931533426,"circlet_count":0,"master_deck":["Strike_R","Defend_R","Defend_R","Defend_R","Defend_R","Bash","Rampage","Reckless Charge","Bloodletting","Corruption","Whirlwind+1","Searing Blow+1","Cleave","Fiend Fire","Battle Trance","Headbutt","Dark Embrace","Shame","Feel No Pain","Shrug It Off"],"relics":["Burning Blood","Bag of Preparation","Omamori","Oddly Smooth Stone","Calling Bell","PreservedInsect","Shuriken","Unceasing Top"],"potions_floor_usage":[3,7,13,21,21],"damage_taken":[{"damage":1,"enemies":"2 Louse","floor":1,"turns":2},{"damage":0,"enemies":"Cultist","floor":2,"turns":3},{"damage":2,"enemies":"Jaw Worm","floor":3,"turns":3},{"damage":4,"enemies":"Exordium Wildlife","floor":4,"turns":2},{"damage":2,"enemies":"3 Louse","floor":5,"turns":2},{"damage":25,"enemies":"Lagavulin","floor":7,"turns":6},{"damage":22,"enemies":"Exordium Thugs","floor":10,"turns":3},{"damage":21,"enemies":"Gremlin Nob","floor":13,"turns":3},{"damage":3,"enemies":"Exordium Wildlife","floor":14,"turns":2},{"damage":53,"enemies":"Hexaghost","floor":16,"turns":8},{"damage":50,"enemies":"Shell Parasite","floor":18,"turns":8},{"damage":17,"enemies":"3 Byrds","floor":19,"turns":5},{"damage":18,"enemies":"Cultist and Chosen","floor":21,"turns":4}],"seed_played":"6927150551535953180","potions_obtained":[{"floor":2,"key":"Fire Potion"},{"floor":4,"key":"AttackPotion"},{"floor":10,"key":"SteroidPotion"},{"floor":14,"key":"Ancient Potion"},{"floor":16,"key":"Swift Potion"}],"is_trial":false,"path_per_floor":["M","M","M","M","M","R","E","R","T","M","?","R","E","M","R","B",null,"M","M","$","M"],"character_chosen":"IRONCLAD","items_purchased":[],"campfire_rested":2,"item_purchase_floors":[],"current_hp_per_floor":[72,72,72,72,72,72,53,53,53,37,37,58,43,46,67,20,72,28,17,17,0],"gold":289,"neow_bonus":"TRANSFORM_TWO_CARDS","is_prod":false,"is_daily":false,"chose_seed":false,"campfire_upgraded":2,"win_rate":0,"timestamp":1563416288,"path_taken":["M","M","M","M","M","R","E","R","T","M","?","R","E","M","R","BOSS","M","M","$","M"],"build_version":"2019-07-17","purchased_purges":1,"victory":false,"max_hp_per_floor":[72,72,72,72,72,72,72,72,72,72,72,72,72,72,72,72,72,72,72,72,72],"card_choices":[{"not_picked":["Iron Wave","Thunderclap"],"picked":"Bloodletting","floor":1},{"not_picked":["Perfected Strike","Clothesline"],"picked":"Corruption","floor":2},{"not_picked":["Power Through","Iron Wave"],"picked":"Whirlwind","floor":3},{"not_picked":["Twin Strike","Havoc"],"picked":"Searing Blow","floor":4},{"not_picked":["Twin Strike","Blood for Blood"],"picked":"Cleave","floor":5},{"not_picked":["Perfected Strike","Havoc","Sword Boomerang"],"picked":"SKIP","floor":7},{"not_picked":["Searing Blow","Anger"],"picked":"Fiend Fire","floor":10},{"not_picked":["Hemokinesis","Whirlwind"],"picked":"Battle Trance","floor":13},{"not_picked":["Wild Strike","Thunderclap"],"picked":"Headbutt","floor":14},{"not_picked":["Bludgeon","Fiend Fire"],"picked":"Dark Embrace","floor":16},{"not_picked":["Cleave","Brutality"],"picked":"Feel No Pain","floor":18},{"not_picked":["Twin Strike","Armaments"],"picked":"Shrug It Off","floor":19}],"player_experience":213150,"relics_obtained":[{"floor":7,"key":"Bag of Preparation"},{"floor":9,"key":"Omamori"},{"floor":13,"key":"Oddly Smooth Stone"},{"floor":17,"key":"PreservedInsect"},{"floor":17,"key":"Shuriken"},{"floor":17,"key":"Unceasing Top"}],"event_choices":[{"cards_removed":["Strike_R"],"damage_healed":0,"gold_gain":0,"player_choice":"Card Removal","damage_taken":0,"max_hp_gain":0,"max_hp_loss":0,"event_name":"The Cleric","floor":11,"gold_loss":50}],"is_beta":false,"boss_relics":[{"not_picked":["Snecko Eye","Runic Cube"],"picked":"Calling Bell"}],"items_purged_floors":[20],"is_endless":false,"potions_floor_spawned":[2,4,10,14,16],"killed_by":"Cultist and Chosen","ascension_level":3}