{"gold_per_floor":[109,119,119,219,121,121,152,171,197,208,223,223,235,235,235,235],"floor_reached":16,"playtime":626,"items_purged":["Strike_B"],"score":179,"play_id":"c22c3660-517b-4d51-8a78-6ed24e5dda8c","local_time":"20190306171249","is_ascension_mode":true,"campfire_choices":[{"data":"Chaos","floor":6,"key":"SMITH"},{"data":"Coolheaded","floor":12,"key":"SMITH"},{"data":"Fission","floor":15,"key":"SMITH"}],"neow_cost":"PERCENT_DAMAGE","seed_source_timestamp":339677608918892,"circlet_count":0,"master_deck":["AscendersBane","Strike_B","Defend_B","Defend_B","Defend_B","Zap","Dualcast","Turbo","Chaos+1","Coolheaded+1","Steam","Conserve Battery","Hologram","Blizzard","Heatsinks","Fission+1","Hologram"],"relics":["Cracked Core","Bag of Preparation","Gambling Chip","Ancient Tea Set"],"potions_floor_usage":[7,16],"damage_taken":[{"damage":5,"enemies":"Cultist","floor":1,"turns":4},{"damage":9,"enemies":"Small Slimes","floor":2,"turns":5},{"damage":13,"enemies":"3 Sentries","floor":7,"turns":12},{"damage":0,"enemies":"Jaw Worm","floor":8,"turns":4},{"damage":0,"enemies":"Large Slime","floor":10,"turns":5},{"damage":0,"enemies":"2 Fungi Beasts","floor":11,"turns":6},{"damage":0,"enemies":"Looter","floor":13,"turns":2},{"damage":2,"enemies":"Hexaghost","floor":16,"turns":9}],"seed_played":"8123208694948580959","potions_obtained":[{"floor":2,"key":"FocusPotion"},{"floor":7,"key":"EssenceOfSteel"},{"floor":11,"key":"EssenceOfSteel"},{"floor":13,"key":"GamblersBrew"}],"is_trial":false,"path_per_floor":["M","M","?","?","$","R","E","M","T","M","M","R","M","?","R","B"],"character_chosen":"DEFECT","items_purchased":["Conserve Battery"],"campfire_rested":0,"item_purchase_floors":[5],"current_hp_per_floor":[41,32,21,21,21,21,8,8,8,8,8,8,8,1,1,0],"gold":235,"neow_bonus":"TRANSFORM_TWO_CARDS","is_prod":false,"is_daily":false,"chose_seed":false,"campfire_upgraded":3,"win_rate":0,"timestamp":1551863569,"path_taken":["M","?","?","?","$","R","E","?","T","M","M","R","M","?","R","BOSS"],"build_version":"2019-01-23","purchased_purges":1,"victory":false,"max_hp_per_floor":[71,71,71,71,71,71,71,71,71,71,71,71,71,71,71,71],"card_choices":[{"not_picked":["Cold Snap","Lockon"],"picked":"Coolheaded","floor":1},{"not_picked":["Rebound","Gash"],"picked":"Steam","floor":2},{"not_picked":["Rebound","White Noise"],"picked":"Hologram","floor":7},{"not_picked":["Auto Shields","Reinforced Body"],"picked":"Blizzard","floor":8},{"not_picked":["Sweeping Beam","Redo"],"picked":"Heatsinks","floor":10},{"not_picked":["Leap","Fission","Steam"],"picked":"SKIP","floor":11},{"not_picked":["Leap","Steam"],"picked":"Fission","floor":11},{"not_picked":["Leap","Streamline"],"picked":"Hologram","floor":13}],"player_experience":1138808,"relics_obtained":[{"floor":7,"key":"Gambling Chip"},{"floor":9,"key":"Ancient Tea Set"}],"event_choices":[{"damage_healed":0,"gold_gain":0,"player_choice":"Success","damage_taken":11,"relics_obtained":["Bag of Preparation"],"max_hp_gain":0,"max_hp_loss":0,"event_name":"Scrap Ooze","floor":3,"gold_loss":0},{"damage_healed":0,"gold_gain":100,"player_choice":"Gold","damage_taken":0,"max_hp_gain":0,"max_hp_loss":0,"event_name":"Wheel of Change","floor":4,"gold_loss":0},{"cards_removed":["Defend_B"],"damage_healed":0,"gold_gain":0,"player_choice":"Card Removal","damage_taken":7,"max_hp_gain":0,"max_hp_loss":0,"event_name":"Golden Wing","floor":14,"gold_loss":0}],"is_beta":false,"boss_relics":[],"items_purged_floors":[5],"is_endless":false,"potions_floor_spawned":[2,7,11,13],"killed_by":"Hexaghost","ascension_level":15}