{"gold_per_floor":[116,191,210,210,210,245,245,59,86,101,1,1,53,79,79,179,179,195,195,46,46,76,76,101,101,101,112,62,12,31,41,41,145,145,164,164,164,386,398,398,66,81,81,97,47,65,15,28,28,28],"floor_reached":51,"playtime":2478,"items_purged":["Strike_B","Strike_B","Strike_B","Defend_B","Defend_B","Defend_B","Defend_B","Self Repair"],"score":1094,"play_id":"8e1a0532-2e14-4af3-9803-db9eb9a1c3d8","local_time":"20181008230200","is_ascension_mode":true,"campfire_choices":[{"data":"Zap","floor":7.0,"key":"SMITH"},{"data":"Blizzard","floor":12.0,"key":"SMITH"},{"data":"Dualcast","floor":15.0,"key":"SMITH"},{"data":"Hologram","floor":23.0,"key":"SMITH"},{"data":"Consume","floor":25.0,"key":"SMITH"},{"data":"Seek","floor":32.0,"key":"SMITH"},{"data":"Defragment","floor":40,"key":"SMITH"},{"data":"Defragment","floor":49,"key":"SMITH"}],"neow_cost":"NONE","seed_source_timestamp":549536121106373,"circlet_count":0,"master_deck":["Zap+1","Dualcast+1","AscendersBane","Turbo","BootSequence","Hologram+1","Glacier","Blizzard+1","Cold Snap","Biased Cognition","Go for the Eyes+1","RitualDagger+1","Conserve Battery","Consume+1","Seek+1","Meteor Strike+1","Coolheaded+1","Core Surge+1","Defragment+1","Echo Form","Defragment+1","Loop","Undo+1","Capacitor+1"],"special_seed":0,"relics":["Cracked Core","NeowsBlessing","FaceOfCleric","Pocketwatch","Oddly Smooth Stone","Blood Vial","Orichalcum","Coffee Dripper","Molten Egg 2","Red Mask","Ancient Tea Set","Smiling Mask","Runic Dome","Mango","Letter Opener","Pantograph"],"potions_floor_usage":[50],"damage_taken":[{"damage":0.0,"enemies":"Jaw Worm","floor":1.0,"turns":1.0},{"damage":0.0,"enemies":"2 Louse","floor":3.0,"turns":1.0},{"damage":0.0,"enemies":"Lagavulin","floor":6.0,"turns":1.0},{"damage":0.0,"enemies":"Cultist","floor":10.0,"turns":5.0},{"damage":20.0,"enemies":"Gremlin Nob","floor":14.0,"turns":6.0},{"damage":13.0,"enemies":"Hexaghost","floor":16.0,"turns":12.0},{"damage":0.0,"enemies":"Spheric Guardian","floor":18.0,"turns":6.0},{"damage":22.0,"enemies":"Masked Bandits","floor":22.0,"turns":8.0},{"damage":22.0,"enemies":"Gremlin Leader","floor":24.0,"turns":9.0},{"damage":2.0,"enemies":"Chosen","floor":27.0,"turns":8.0},{"damage":0.0,"enemies":"3 Cultists","floor":30.0,"turns":5.0},{"damage":0.0,"enemies":"Snecko","floor":31.0,"turns":7.0},{"damage":27.0,"enemies":"Automaton","floor":33.0,"turns":17.0},{"damage":1.0,"enemies":"Orb Walker","floor":35.0,"turns":2.0},{"damage":33,"enemies":"Mind Bloom Boss Battle","floor":37,"turns":10},{"damage":3,"enemies":"3 Darklings","floor":39,"turns":7},{"damage":26,"enemies":"Transient","floor":42,"turns":5},{"damage":0,"enemies":"Sphere and 2 Shapes","floor":44,"turns":6},{"damage":2,"enemies":"Reptomancer","floor":46,"turns":7},{"damage":0,"enemies":"Maw","floor":48,"turns":7},{"damage":11,"enemies":"Time Eater","floor":50,"turns":13}],"seed_played":"6053911227933926591","potions_obtained":[{"floor":6.0,"key":"Poison Potion"},{"floor":10.0,"key":"Strength Potion"},{"floor":14.0,"key":"EssenceOfSteel"},{"floor":22.0,"key":"AttackPotion"},{"floor":27.0,"key":"Swift Potion"},{"floor":31.0,"key":"Block Potion"},{"floor":33.0,"key":"Dexterity Potion"},{"floor":42,"key":"Poison Potion"},{"floor":48,"key":"SteroidPotion"}],"is_trial":false,"path_per_floor":["M","?","M","?","?","E","R","$","T","M","$","R","T","E","R","B",null,"M","?","$","?","?","R","E","R","T","M","$","$","M","M","R","B",null,"M","?","?","?","M","R","$","M","T","M","$","M","$","M","R","B"],"character_chosen":"DEFECT","items_purchased":["Blizzard","Self Repair","Go for the Eyes+1","Defragment","Letter Opener"],"campfire_rested":0,"item_purchase_floors":[8,8,20,41,41],"current_hp_per_floor":[68,57,57,57,57,58,58,58,58,66,66,66,66,56,56,53,73,80,80,80,74,62,62,50,50,50,58,58,58,68,78,78,61,80,82,82,73,73,80,80,80,57,57,74,74,89,89,92,92,97],"gold":28,"neow_bonus":"THREE_ENEMY_KILL","is_prod":false,"is_daily":false,"chose_seed":false,"campfire_upgraded":8,"win_rate":0,"timestamp":1539010920,"path_taken":["M","?","M","?","?","E","R","$","T","M","?","R","?","E","R","BOSS","M","?","$","?","?","R","E","R","T","M","?","$","?","?","R","BOSS","M","?","?","?","M","R","?","?","T","?","$","M","$","?","R","BOSS"],"build_version":"2018-10-04v2","purchased_purges":8,"victory":true,"max_hp_per_floor":[75,75,75,75,75,76,76,76,76,77,77,77,77,78,78,79,79,80,80,80,80,81,81,82,82,82,83,83,83,84,85,85,86,86,87,87,102,102,103,103,103,104,104,105,105,106,106,107,107,108],"card_choices":[{"not_picked":["Melter","Ball Lightning"],"picked":"Turbo","floor":1.0},{"not_picked":["Auto Shields","Storm"],"picked":"BootSequence","floor":3.0},{"not_picked":["Amplify","Reinforced Body"],"picked":"Glacier","floor":6.0},{"not_picked":["Hello World","Tempest"],"picked":"Cold Snap","floor":10.0},{"not_picked":["Lockon","Beam Cell","Turbo"],"picked":"SKIP","floor":14.0},{"not_picked":["All For One","Electrodynamics"],"picked":"Biased Cognition","floor":16.0},{"not_picked":["Scrape","Hologram","Gash"],"picked":"SKIP","floor":18.0},{"not_picked":["Beam Cell+1","Turbo"],"picked":"Conserve Battery","floor":22.0},{"not_picked":["Coolheaded","Redo+1"],"picked":"Consume","floor":24.0},{"not_picked":["Storm","Steam+1","BootSequence"],"picked":"SKIP","floor":27.0},{"not_picked":["Streamline+1","Beam Cell+1"],"picked":"Seek","floor":30.0},{"not_picked":["Reinforced Body","Streamline+1","Tempest"],"picked":"SKIP","floor":31.0},{"not_picked":["Electrodynamics","Biased Cognition"],"picked":"Meteor Strike+1","floor":33.0},{"not_picked":["Conserve Battery+1","Steam+1"],"picked":"Coolheaded+1","floor":35.0},{"not_picked":["Steam","Storm+1"],"picked":"Echo Form","floor":37},{"not_picked":["Recycle","Coolheaded","Redo"],"picked":"SKIP","floor":39},{"not_picked":["Ball Lightning+1","Chaos"],"picked":"Loop","floor":42},{"not_picked":["Barrage+1","Leap"],"picked":"Undo+1","floor":44},{"not_picked":["Streamline+1","Steam Power","Stack+1"],"picked":"SKIP","floor":46},{"not_picked":["Go for the Eyes+1","Static Discharge+1"],"picked":"Capacitor+1","floor":48}],"player_experience":243201,"relics_obtained":[{"floor":6.0,"key":"Pocketwatch"},{"floor":9.0,"key":"Oddly Smooth Stone"},{"floor":13.0,"key":"Blood Vial"},{"floor":14.0,"key":"Orichalcum"},{"floor":22.0,"key":"Red Mask"},{"floor":24.0,"key":"Ancient Tea Set"},{"floor":26.0,"key":"Smiling Mask"},{"floor":37,"key":"Mango"},{"floor":43,"key":"Pantograph"}],"event_choices":[{"event_name":"World of Goop","player_choice":"Gather Gold","floor":2.0,"damage_taken":0.0},{"event_name":"Living Wall","player_choice":"Change","floor":4.0,"damage_taken":0.0},{"event_name":"FaceTrader","player_choice":"Trade","floor":5.0,"damage_taken":0.0},{"event_name":"WeMeetAgain","player_choice":"Potion","floor":19.0,"damage_taken":0.0},{"event_name":"Nest","player_choice":"Joined the Cult","floor":21.0,"damage_taken":0.0},{"event_name":"Masked Bandits","player_choice":"Fought Bandits","floor":22.0,"damage_taken":0.0},{"event_name":"Match and Keep!","player_choice":"2 cards matched","floor":36,"damage_taken":0},{"event_name":"MindBloom","player_choice":"Fight","floor":37,"damage_taken":0},{"event_name":"Tomb of Lord Red Mask","player_choice":"Wore Mask","floor":38,"damage_taken":0}],"is_beta":false,"boss_relics":[{"not_picked":["Lizard Tail","Busted Crown"],"picked":"Coffee Dripper"},{"not_picked":["Orrery","Cursed Key"],"picked":"Runic Dome"}],"items_purged_floors":[8,11,20,28,29,41,45,47],"is_endless":false,"potions_floor_spawned":[6,10,14,22,27,31,33,42,48],"ascension_level":10}