{"gold_per_floor":[115,128,138,152,56,88,88,105,105,117,129,141,169,212,224,341,353,380,307,290,317,329],"floor_reached":22,"playtime":2510,"items_purged":[],"score":208,"play_id":"cd3fbcf3-8d27-4137-be51-1a4afab30efc","local_time":"20190709052615","is_ascension_mode":true,"campfire_choices":[{"data":"Wild Strike","floor":7,"key":"SMITH"},{"data":"Carnage","floor":12,"key":"SMITH"},{"data":"Wild Strike","floor":15,"key":"SMITH"}],"neow_cost":"NONE","seed_source_timestamp":764375263602831,"circlet_count":0,"master_deck":["Strike_R","Strike_R","Strike_R","Strike_R","Strike_R","Defend_R","Defend_R","Defend_R","Defend_R","Bash","Heavy Blade","Iron Wave","Wild Strike+1","Seeing Red","Blind","Wild Strike+1","Carnage+1","Metallicize","True Grit","Barricade","Wild Strike","Shrug It Off","Shrug It Off+1"],"relics":["Black Blood","Blood Vial","MawBank","Gambling Chip","Oddly Smooth Stone","Matryoshka"],"potions_floor_usage":[16,16,16,16,16],"damage_taken":[{"damage":3,"enemies":"2 Louse","floor":1,"turns":4},{"damage":7,"enemies":"Jaw Worm","floor":2,"turns":5},{"damage":5,"enemies":"Small Slimes","floor":3,"turns":3},{"damage":0,"enemies":"Red Slaver","floor":4,"turns":5},{"damage":26,"enemies":"Gremlin Nob","floor":6,"turns":5},{"damage":4,"enemies":"3 Louse","floor":8,"turns":3},{"damage":5,"enemies":"Lots of Slimes","floor":13,"turns":4},{"damage":21,"enemies":"3 Sentries","floor":14,"turns":6},{"damage":39,"enemies":"The Guardian","floor":16,"turns":11},{"damage":36,"enemies":"Spheric Guardian","floor":18,"turns":6},{"damage":22,"enemies":"2 Thieves","floor":20,"turns":5},{"damage":37,"enemies":"Centurion and Healer","floor":21,"turns":12},{"damage":34,"enemies":"Chosen and Byrds","floor":22,"turns":7}],"seed_played":"8436048728926243798","potions_obtained":[{"floor":1,"key":"EntropicBrew"},{"floor":3,"key":"Dexterity Potion"},{"floor":13,"key":"Weak Potion"},{"floor":21,"key":"SteroidPotion"}],"is_trial":false,"path_per_floor":["M","M","M","M","$","E","R","M","T","?","T","R","M","E","R","B",null,"M","?","M","M","M"],"character_chosen":"IRONCLAD","items_purchased":["Blind"],"campfire_rested":0,"item_purchase_floors":[5],"current_hp_per_floor":[88,87,88,88,88,68,68,72,72,77,77,77,80,67,67,36,93,67,67,57,32,0],"gold":329,"neow_bonus":"TEN_PERCENT_HP_BONUS","is_prod":false,"is_daily":false,"chose_seed":false,"campfire_upgraded":3,"win_rate":0,"timestamp":1562667975,"path_taken":["M","M","M","M","$","E","R","M","T","?","?","R","M","E","R","BOSS","M","?","M","M","M"],"build_version":"2019-07-05","purchased_purges":0,"victory":false,"max_hp_per_floor":[88,88,88,88,88,88,88,88,88,93,93,93,93,93,93,93,93,93,93,93,93,93],"card_choices":[{"not_picked":["Hemokinesis","Blood for Blood"],"picked":"Heavy Blade","floor":1},{"not_picked":["Thunderclap","Shockwave"],"picked":"Iron Wave","floor":2},{"not_picked":["Reckless Charge","Armaments"],"picked":"Wild Strike","floor":3},{"not_picked":["Anger","Sword Boomerang"],"picked":"Seeing Red","floor":4},{"not_picked":["Evolve","Fiend Fire"],"picked":"Wild Strike","floor":6},{"not_picked":["Pommel Strike","Body Slam"],"picked":"Carnage","floor":8},{"not_picked":["Burning Pact","Iron Wave"],"picked":"Metallicize","floor":13},{"not_picked":["Reckless Charge","Burning Pact"],"picked":"True Grit","floor":14},{"not_picked":["Juggernaut","Fiend Fire"],"picked":"Barricade","floor":16},{"not_picked":["Spot Weakness","Body Slam"],"picked":"Wild Strike","floor":18},{"not_picked":["Clothesline","Iron Wave"],"picked":"Shrug It Off","floor":20},{"not_picked":["Wild Strike","Intimidate"],"picked":"Shrug It Off+1","floor":21}],"player_experience":90970,"relics_obtained":[{"floor":6,"key":"Blood Vial"},{"floor":9,"key":"MawBank"},{"floor":11,"key":"Gambling Chip"},{"floor":14,"key":"Oddly Smooth Stone"}],"event_choices":[{"damage_healed":0,"gold_gain":0,"player_choice":"Donut","damage_taken":0,"max_hp_gain":5,"max_hp_loss":0,"event_name":"Big Fish","floor":10,"gold_loss":0},{"damage_healed":0,"gold_gain":0,"player_choice":"Obtained Relic","damage_taken":0,"relics_obtained":["Matryoshka"],"max_hp_gain":0,"max_hp_loss":0,"event_name":"Addict","floor":19,"gold_loss":85}],"is_beta":false,"boss_relics":[{"not_picked":["Coffee Dripper","Astrolabe"],"picked":"Black Blood"}],"items_purged_floors":[],"is_endless":false,"potions_floor_spawned":[1,3,13,14,21],"killed_by":"Chosen and Byrds","ascension_level":1}