{"gold_per_floor":[110,124,144,69,69,104,123,123,149,149,58,70,104,204,204,302,302,312,323,353,110,123,123,134,151,176,176,196,39,39,39,39,140,140,152,52,62,62,73,73,173,192,216,316,316,328,347,363,363,363],"floor_reached":50,"playtime":5241,"items_purged":["Strike_R","Defend_R"],"score":481,"play_id":"552b5d9b-0def-49dc-a56b-295178a633fe","local_time":"20190808174213","is_ascension_mode":false,"campfire_choices":[{"floor":15.0,"key":"REST"},{"floor":23.0,"key":"REST"},{"data":"Demon Form","floor":30.0,"key":"SMITH"},{"floor":32.0,"key":"REST"},{"data":"Offering","floor":40.0,"key":"SMITH"},{"floor":45.0,"key":"REST"},{"floor":49,"key":"REST"}],"neow_cost":"NONE","seed_source_timestamp":0,"circlet_count":0,"master_deck":["Defend_R","Defend_R","Defend_R","Bash","Body Slam","Searing Blow","Seeing Red","Heavy Blade","Second Wind","Uppercut","Warcry","Demon Form+1","Combust","Offering+1","Rage+1","Pommel Strike","Thunderclap+1","Flex","Bludgeon","Corruption","Entrench","Flame Barrier","Clash+1","Limit Break","Whirlwind","Flex+1","Seeing Red+1"],"special_seed":0,"relics":["Burning Blood","Thread and Needle","Pocketwatch","Vajra","Charon\u0027s Ashes","Empty Cage","Red Mask","Strawberry","Red Skull","Runic Pyramid","Magic Flower","Pen Nib"],"potions_floor_usage":[],"damage_taken":[{"damage":8.0,"enemies":"2 Louse","floor":1.0,"turns":3.0},{"damage":12.0,"enemies":"Jaw Worm","floor":2.0,"turns":5.0},{"damage":9.0,"enemies":"Small Slimes","floor":3.0,"turns":5.0},{"damage":48.0,"enemies":"Gremlin Nob","floor":6.0,"turns":5.0},{"damage":14.0,"enemies":"2 Fungi Beasts","floor":7.0,"turns":4.0},{"damage":8.0,"enemies":"Looter","floor":12.0,"turns":3.0},{"damage":20.0,"enemies":"3 Sentries","floor":13.0,"turns":5.0},{"damage":12.0,"enemies":"Hexaghost","floor":16.0,"turns":9.0},{"damage":23.0,"enemies":"Spheric Guardian","floor":18.0,"turns":4.0},{"damage":9.0,"enemies":"Chosen","floor":19.0,"turns":2.0},{"damage":26.0,"enemies":"Masked Bandits","floor":20.0,"turns":4.0},{"damage":17.0,"enemies":"Snake Plant","floor":22.0,"turns":2.0},{"damage":8.0,"enemies":"Centurion and Healer","floor":24.0,"turns":3.0},{"damage":16.0,"enemies":"3 Cultists","floor":25.0,"turns":3.0},{"damage":5.0,"enemies":"Colosseum Slavers","floor":27.0,"turns":3.0},{"damage":0.0,"enemies":"Snake Plant","floor":28.0,"turns":3.0},{"damage":38.0,"enemies":"Automaton","floor":33.0,"turns":6.0},{"damage":47.0,"enemies":"3 Shapes","floor":35.0,"turns":3.0},{"damage":9.0,"enemies":"Orb Walker","floor":37.0,"turns":2.0},{"damage":7.0,"enemies":"Sphere and 2 Shapes","floor":39.0,"turns":3.0},{"damage":15.0,"enemies":"Mind Bloom Boss Battle","floor":41.0,"turns":5.0},{"damage":38.0,"enemies":"Transient","floor":42.0,"turns":5.0},{"damage":24.0,"enemies":"Jaw Worm Horde","floor":46.0,"turns":4.0},{"damage":6.0,"enemies":"Sphere and 2 Shapes","floor":47.0,"turns":3.0},{"damage":8,"enemies":"Transient","floor":48,"turns":5},{"damage":67,"enemies":"Time Eater","floor":50,"turns":4}],"seed_played":"-4101705306505462913","potions_obtained":[{"floor":2.0,"key":"Weak Potion"},{"floor":3.0,"key":"AttackPotion"},{"floor":13.0,"key":"EssenceOfSteel"},{"floor":16.0,"key":"LiquidBronze"},{"floor":20.0,"key":"SpeedPotion"},{"floor":33.0,"key":"Dexterity Potion"},{"floor":42.0,"key":"FearPotion"},{"floor":47,"key":"Weak Potion"}],"is_trial":false,"path_per_floor":["M","M","M","$","?","E","M","T","T","?","$","M","E","?","R","B",null,"M","M","?","$","M","R","M","M","T","?","M","$","R","?","R","B",null,"M","$","M","?","M","R","?","M","T","?","R","M","M","M","R","B"],"character_chosen":"IRONCLAD","items_purchased":["Uppercut","Warcry","Flex","Bludgeon","Corruption","Red Skull"],"campfire_rested":5,"item_purchase_floors":[11,11,21,21,21,29],"current_hp_per_floor":[78,72,69,69,74,32,24,24,24,24,24,22,8,8,33,27,85,68,65,45,45,34,59,57,47,54,55,61,61,61,43,72,40,97,56,56,53,53,52,52,43,14,14,14,43,28,31,32,61,0],"gold":363,"neow_bonus":"REMOVE_CARD","is_prod":false,"is_daily":false,"chose_seed":false,"campfire_upgraded":2,"win_rate":0.0,"timestamp":1565307733,"path_taken":["M","M","M","$","?","E","M","?","T","?","$","M","E","?","R","BOSS","M","?","?","$","M","R","M","M","T","?","M","$","R","?","R","BOSS","M","$","M","?","M","R","?","M","T","?","R","?","M","M","R","BOSS"],"build_version":"2019-07-17","purchased_purges":2,"victory":false,"max_hp_per_floor":[80,80,80,80,85,85,85,85,85,85,85,85,85,85,85,85,85,85,85,85,85,85,85,85,85,92,92,92,92,92,97,97,97,97,97,97,97,97,97,97,97,97,97,97,97,97,97,97,97,97],"card_choices":[{"not_picked":["Dual Wield","True Grit"],"picked":"Body Slam","floor":1.0},{"not_picked":["Searing Blow","Power Through","Pummel"],"picked":"SKIP","floor":2.0},{"not_picked":["Havoc","Body Slam"],"picked":"Searing Blow","floor":3.0},{"not_picked":["Sentinel","Reckless Charge"],"picked":"Seeing Red","floor":6.0},{"not_picked":["Sever Soul","Armaments"],"picked":"Heavy Blade","floor":7.0},{"not_picked":["Anger","Cleave"],"picked":"Demon Form","floor":12.0},{"not_picked":["Anger","Immolate"],"picked":"Combust","floor":13.0},{"not_picked":["Dark Embrace","Brutality"],"picked":"Offering","floor":16.0},{"not_picked":["Wild Strike","Body Slam+1"],"picked":"Rage+1","floor":18.0},{"not_picked":["Perfected Strike","Infernal Blade"],"picked":"Pommel Strike","floor":19.0},{"not_picked":["Warcry+1","Iron Wave+1"],"picked":"Thunderclap+1","floor":20.0},{"not_picked":["Twin Strike","Heavy Blade+1"],"picked":"Entrench","floor":22.0},{"not_picked":["Headbutt","Power Through"],"picked":"Flame Barrier","floor":24.0},{"not_picked":["Clothesline+1","Wild Strike"],"picked":"Clash+1","floor":25.0},{"not_picked":["Sword Boomerang+1","Cleave+1","Pommel Strike"],"picked":"SKIP","floor":28.0},{"not_picked":["Impervious","Demon Form"],"picked":"Limit Break","floor":33.0},{"not_picked":["Wild Strike","Reckless Charge"],"picked":"Whirlwind","floor":35.0},{"not_picked":["Anger","Clash+1"],"picked":"Flex+1","floor":37.0},{"not_picked":["Metallicize+1","Clash+1","Anger+1"],"picked":"SKIP","floor":39.0},{"not_picked":["Wild Strike+1","Body Slam+1"],"picked":"Seeing Red+1","floor":42.0},{"not_picked":["Iron Wave+1","Offering","Seeing Red+1"],"picked":"SKIP","floor":46.0},{"not_picked":["Iron Wave","Pummel","Warcry"],"picked":"SKIP","floor":47},{"not_picked":["Battle Trance+1","Armaments","Entrench"],"picked":"SKIP","floor":48}],"player_experience":62027,"relics_obtained":[{"floor":6.0,"key":"Thread and Needle"},{"floor":8.0,"key":"Pocketwatch"},{"floor":9.0,"key":"Vajra"},{"floor":13.0,"key":"Charon\u0027s Ashes"},{"floor":20.0,"key":"Red Mask"},{"floor":26.0,"key":"Strawberry"},{"floor":41.0,"key":"Magic Flower"},{"floor":43.0,"key":"Pen Nib"}],"event_choices":[{"damage_healed":0.0,"max_hp_gain":5.0,"max_hp_loss":0.0,"gold_gain":0.0,"event_name":"Big Fish","player_choice":"Donut","floor":5.0,"gold_loss":0.0,"damage_taken":0.0},{"damage_healed":0.0,"max_hp_gain":0.0,"max_hp_loss":0.0,"gold_gain":0.0,"cards_transformed":["Strike_R"],"event_name":"Living Wall","player_choice":"Change","floor":10.0,"gold_loss":0.0,"damage_taken":0.0,"cards_obtained":["Second Wind"]},{"damage_healed":0.0,"max_hp_gain":0.0,"max_hp_loss":0.0,"gold_gain":100.0,"event_name":"Wheel of Change","player_choice":"Gold","floor":14.0,"gold_loss":0.0,"damage_taken":0.0},{"damage_healed":0.0,"max_hp_gain":0.0,"max_hp_loss":0.0,"gold_gain":0.0,"event_name":"Masked Bandits","player_choice":"Fought Bandits","floor":20.0,"gold_loss":0.0,"damage_taken":0.0},{"damage_healed":0.0,"max_hp_gain":0.0,"max_hp_loss":0.0,"gold_gain":0.0,"event_name":"Colosseum","player_choice":"Fight","floor":27.0,"gold_loss":0.0,"damage_taken":0.0},{"damage_healed":0.0,"max_hp_gain":0.0,"max_hp_loss":0.0,"gold_gain":0.0,"event_name":"Colosseum","player_choice":"Fled From Nobs","floor":27.0,"gold_loss":0.0,"damage_taken":0.0},{"damage_healed":0.0,"max_hp_gain":5.0,"max_hp_loss":0.0,"gold_gain":0.0,"event_name":"Forgotten Altar","player_choice":"Shed Blood","floor":31.0,"gold_loss":0.0,"damage_taken":23.0},{"damage_healed":0.0,"max_hp_gain":0.0,"max_hp_loss":0.0,"gold_gain":0.0,"event_name":"Mysterious Sphere","player_choice":"Ignored","floor":38.0,"gold_loss":0.0,"damage_taken":0.0},{"damage_healed":0.0,"max_hp_gain":0.0,"max_hp_loss":0.0,"gold_gain":0.0,"event_name":"MindBloom","player_choice":"Fight","floor":41.0,"gold_loss":0.0,"damage_taken":0.0},{"damage_healed":0.0,"max_hp_gain":0.0,"max_hp_loss":0.0,"gold_gain":100.0,"event_name":"Golden Shrine","player_choice":"Pray","floor":44.0,"gold_loss":0.0,"damage_taken":0.0}],"is_beta":false,"boss_relics":[{"not_picked":["Ectoplasm","Coffee Dripper"],"picked":"Empty Cage"},{"not_picked":["Tiny House","Cursed Key"],"picked":"Runic Pyramid"}],"items_purged_floors":[4,36],"is_endless":false,"potions_floor_spawned":[2,3,13,16,20,22,24,33,37,39,42,47],"killed_by":"Time Eater","ascension_level":0}