{"gold_per_floor":[360,378,378,392,410,410,426,426,426,93,112,112,112,175,175,249,249,269,284,313,329,329,329,329,203,304,304,318,318,332,346,346,419,419,431,446,48,148,163,198,198,198,198,210,210,210,210,90,90,90,90,90,90,1,29,29],"floor_reached":57,"playtime":2548,"items_purged":["Strike_G","Strike_G","Strike_G","Strike_G"],"score":2629,"play_id":"5db153c5-f9a5-4189-9d16-0380f0cadc2b","local_time":"20181231144145","is_ascension_mode":true,"campfire_choices":[{"data":"Deadly Poison","floor":6.0,"key":"SMITH"},{"data":"Neutralize","floor":8.0,"key":"SMITH"},{"data":"Deadly Poison","floor":12.0,"key":"SMITH"},{"data":"Well Laid Plans","floor":15.0,"key":"SMITH"},{"data":"Corpse Explosion","floor":23.0,"key":"SMITH"},{"data":"Catalyst","floor":27.0,"key":"SMITH"},{"data":"Footwork","floor":29.0,"key":"SMITH"},{"data":"Acrobatics","floor":32.0,"key":"SMITH"},{"data":"Tactician","floor":42.0,"key":"SMITH"},{"data":"Burst","floor":45.0,"key":"SMITH"},{"floor":47.0,"key":"RECALL"},{"data":"Leg Sweep","floor":49.0,"key":"SMITH"},{"data":"Leg Sweep","floor":53.0,"key":"SMITH"}],"neow_cost":"TEN_PERCENT_HP_LOSS","seed_source_timestamp":10092213510910,"circlet_count":0,"master_deck":["AscendersBane","Defend_G","Defend_G","Defend_G","Defend_G","Defend_G","Survivor","Neutralize+1","Dagger Throw","Deadly Poison+1","Well Laid Plans+1","Deadly Poison+1","Leg Sweep+1","Tactician+1","Corpse Explosion+1","Footwork+1","Noxious Fumes+1","Catalyst+1","Acrobatics+1","Leg Sweep+1","Burst+1","PiercingWail"],"special_seed":0,"relics":["Ring of the Snake","Shuriken","Anchor","Matryoshka","Coffee Dripper","Red Mask","Tiny Chest","Paper Crane","Busted Crown","Singing Bowl","Calipers","The Courier","Dream Catcher","Bag of Marbles"],"potions_floor_usage":[56],"damage_taken":[{"damage":4.0,"enemies":"Small Slimes","floor":1.0,"turns":4.0},{"damage":4.0,"enemies":"2 Louse","floor":2.0,"turns":4.0},{"damage":7.0,"enemies":"Jaw Worm","floor":4.0,"turns":6.0},{"damage":2.0,"enemies":"Large Slime","floor":5.0,"turns":8.0},{"damage":3.0,"enemies":"Blue Slaver","floor":7.0,"turns":4.0},{"damage":0.0,"enemies":"2 Fungi Beasts","floor":11.0,"turns":4.0},{"damage":6.0,"enemies":"Lagavulin Event","floor":14.0,"turns":5.0},{"damage":23.0,"enemies":"Hexaghost","floor":16.0,"turns":11.0},{"damage":1.0,"enemies":"Shell Parasite","floor":18.0,"turns":6.0},{"damage":0.0,"enemies":"2 Thieves","floor":19.0,"turns":4.0},{"damage":24.0,"enemies":"Masked Bandits","floor":20.0,"turns":3.0},{"damage":0.0,"enemies":"Snake Plant","floor":21.0,"turns":4.0},{"damage":0.0,"enemies":"Sentry and Sphere","floor":28.0,"turns":4.0},{"damage":0.0,"enemies":"Shelled Parasite and Fungi","floor":30.0,"turns":3.0},{"damage":0.0,"enemies":"Centurion and Healer","floor":31.0,"turns":3.0},{"damage":22.0,"enemies":"Collector","floor":33.0,"turns":9.0},{"damage":0.0,"enemies":"3 Darklings","floor":35.0,"turns":3.0},{"damage":0.0,"enemies":"Orb Walker","floor":36.0,"turns":4.0},{"damage":0.0,"enemies":"Mind Bloom Boss Battle","floor":38.0,"turns":3.0},{"damage":0.0,"enemies":"Sphere and 2 Shapes","floor":39.0,"turns":4.0},{"damage":8.0,"enemies":"Nemesis","floor":40.0,"turns":9.0},{"damage":0.0,"enemies":"Jaw Worm Horde","floor":44.0,"turns":3.0},{"damage":15.0,"enemies":"Time Eater","floor":50.0,"turns":7.0},{"damage":20.0,"enemies":"Awakened One","floor":51.0,"turns":12.0},{"damage":26.0,"enemies":"Shield and Spear","floor":55.0,"turns":3.0},{"damage":62,"enemies":"The Heart","floor":56,"turns":9}],"seed_played":"9157760540230678404","potions_obtained":[{"floor":4.0,"key":"Block Potion"},{"floor":5.0,"key":"SteroidPotion"},{"floor":11.0,"key":"Regen Potion"},{"floor":21.0,"key":"Regen Potion"},{"floor":36.0,"key":"Regen Potion"},{"floor":39.0,"key":"Ancient Potion"}],"is_trial":false,"path_per_floor":["M","M","?","M","M","R","M","R","T","$","M","R","?","?","R","B",null,"M","M","?","M","?","R","?","$","T","R","M","R","M","M","R","B",null,"M","M","$","?","M","M","E","?","R","T","M","R","?","R","$","R","B","B",null,"R","$","E","B",null],"character_chosen":"THE_SILENT","items_purchased":["Well Laid Plans","Anchor","Deadly Poison","Acrobatics","Singing Bowl","FairyPotion"],"campfire_rested":0,"item_purchase_floors":[10,10,10,25,37,54],"current_hp_per_floor":[55,51,51,44,42,42,39,39,39,39,39,39,39,33,33,10,48,60,60,36,36,36,36,36,36,36,36,36,36,48,48,48,26,52,52,52,52,54,64,58,58,58,58,60,60,56,56,56,56,41,21,61,61,61,37,7],"gold":29,"neow_bonus":"TWO_FIFTY_GOLD","is_prod":false,"is_daily":false,"chose_seed":false,"campfire_upgraded":12,"win_rate":0,"timestamp":1546238505,"path_taken":["M","M","?","M","M","R","M","R","T","$","M","R","?","?","R","BOSS","M","M","?","M","?","R","?","?","T","R","M","R","M","M","R","BOSS","M","M","$","?","M","E","?","R","T","M","R","?","R","$","R","BOSS","BOSS","R","$","E","BOSS"],"build_version":"2018-12-20","purchased_purges":4,"victory":true,"max_hp_per_floor":[60,60,60,60,60,60,60,60,60,60,60,60,60,60,60,60,60,60,60,60,60,60,60,60,60,60,60,60,60,60,60,60,60,60,60,60,60,62,64,66,66,66,66,68,68,74,74,74,74,74,74,74,74,74,76,76],"card_choices":[{"not_picked":["Underhanded Strike","Quick Slash","Prepared"],"picked":"SKIP","floor":1.0},{"not_picked":["Underhanded Strike","Expertise"],"picked":"Dagger Throw","floor":2.0},{"not_picked":["Backflip","Quick Slash"],"picked":"Deadly Poison","floor":4.0},{"not_picked":["Quick Slash","Riddle With Holes","Expertise"],"picked":"SKIP","floor":5.0},{"not_picked":["Blade Dance","Backstab","Phantasmal Killer"],"picked":"SKIP","floor":7.0},{"not_picked":["Prepared","Cloak And Dagger"],"picked":"Leg Sweep","floor":11.0},{"not_picked":["Acrobatics","Blade Dance"],"picked":"Tactician","floor":14.0},{"not_picked":["Phantasmal Killer","Storm of Steel"],"picked":"Corpse Explosion","floor":16.0},{"not_picked":["Flechettes","Flying Knee","Infinite Blades"],"picked":"SKIP","floor":18.0},{"not_picked":["Backflip","Slice"],"picked":"Footwork","floor":19.0},{"not_picked":["Underhanded Strike","Flying Knee"],"picked":"Acrobatics+1","floor":20.0},{"not_picked":["Riddle With Holes","Underhanded Strike"],"picked":"Noxious Fumes+1","floor":21.0},{"not_picked":["Terror","Prepared"],"picked":"Leg Sweep","floor":28.0},{"not_picked":["Deflect","Dodge and Roll","Cloak And Dagger"],"picked":"SKIP","floor":30.0},{"not_picked":["Blade Dance","Prepared","Poisoned Stab"],"picked":"SKIP","floor":31.0},{"not_picked":["Corpse Explosion","Glass Knife"],"picked":"Burst","floor":33.0},{"not_picked":["Quick Slash"],"picked":"SKIP","floor":35.0},{"not_picked":[],"picked":"PiercingWail","floor":36.0},{"not_picked":["Escape Plan+1"],"picked":"Singing Bowl","floor":38.0},{"not_picked":["Poisoned Stab"],"picked":"Singing Bowl","floor":39.0},{"not_picked":["Caltrops"],"picked":"Singing Bowl","floor":40.0},{"not_picked":["Prepared"],"picked":"Singing Bowl","floor":44.0},{"not_picked":["Secret Weapon"],"picked":"Singing Bowl","floor":46.0},{"not_picked":["Transmutation"],"picked":"Singing Bowl","floor":46.0},{"not_picked":["Discovery"],"picked":"Singing Bowl","floor":46.0},{"not_picked":["Underhanded Strike+1"],"picked":"Singing Bowl","floor":55.0}],"player_experience":1618138,"relics_obtained":[{"floor":9.0,"key":"Shuriken"},{"floor":14.0,"key":"Matryoshka"},{"floor":20.0,"key":"Red Mask"},{"floor":26.0,"key":"Tiny Chest"},{"floor":26.0,"key":"Paper Crane"},{"floor":38.0,"key":"Calipers"},{"floor":40.0,"key":"The Courier"},{"floor":43.0,"key":"Dream Catcher"},{"floor":55.0,"key":"Bag of Marbles"}],"event_choices":[{"cards_removed":["Strike_G"],"damage_healed":0.0,"max_hp_gain":0.0,"max_hp_loss":0.0,"gold_gain":0.0,"event_name":"Living Wall","player_choice":"Forget","floor":3.0,"gold_loss":0.0,"damage_taken":0.0},{"damage_healed":0.0,"max_hp_gain":0.0,"max_hp_loss":0.0,"gold_gain":0.0,"event_name":"Liars Game","player_choice":"Ignored","floor":13.0,"gold_loss":0.0,"damage_taken":0.0},{"damage_healed":0.0,"max_hp_gain":0.0,"max_hp_loss":0.0,"gold_gain":30.0,"event_name":"Dead Adventurer","player_choice":"Searched \u00273\u0027 times","floor":14.0,"gold_loss":0.0,"damage_taken":0.0},{"damage_healed":0.0,"max_hp_gain":0.0,"max_hp_loss":0.0,"gold_gain":0.0,"event_name":"Masked Bandits","player_choice":"Fought Bandits","floor":20.0,"gold_loss":0.0,"damage_taken":0.0},{"damage_healed":0.0,"max_hp_gain":0.0,"max_hp_loss":0.0,"gold_gain":0.0,"event_name":"The Mausoleum","player_choice":"Ignored","floor":22.0,"gold_loss":0.0,"damage_taken":0.0},{"damage_healed":0.0,"max_hp_gain":0.0,"max_hp_loss":0.0,"gold_gain":0.0,"event_name":"The Library","player_choice":"Read","floor":24.0,"gold_loss":0.0,"damage_taken":0.0,"cards_obtained":["Catalyst"]},{"damage_healed":0.0,"max_hp_gain":0.0,"max_hp_loss":0.0,"gold_gain":0.0,"event_name":"MindBloom","player_choice":"Fight","floor":38.0,"gold_loss":0.0,"damage_taken":0.0},{"cards_removed":["Acrobatics"],"damage_healed":0.0,"max_hp_gain":0.0,"max_hp_loss":0.0,"gold_gain":0.0,"event_name":"Falling","player_choice":"Removed Skill","floor":41.0,"gold_loss":0.0,"damage_taken":0.0},{"damage_healed":0.0,"max_hp_gain":0.0,"max_hp_loss":0.0,"gold_gain":0.0,"event_name":"SensoryStone","player_choice":"Memory 3","floor":46.0,"gold_loss":0.0,"damage_taken":10.0}],"is_beta":false,"boss_relics":[{"not_picked":["Philosopher\u0027s Stone","Calling Bell"],"picked":"Coffee Dripper"},{"not_picked":["Cursed Key","Tiny House"],"picked":"Busted Crown"}],"items_purged_floors":[10,25,37,48],"is_endless":false,"potions_floor_spawned":[4,5,11,14,21,28,36,38,39,44,55],"ascension_level":20}