{"gold_per_floor":[117,117,67,242,263,263,85,98,125,25,43,43,66,89,89,217,217,235,235,110,126,251,251,272,272,272,306,66,165,165,179,179,310,310,325,185,185,208,208,208,247,268,268,312,164,164,164,187,187,187],"floor_reached":51,"playtime":1260,"items_purged":["Doubt","Defend_R","Defend_R","Strike_R","Defend_R","Strike_R"],"score":1096,"play_id":"037bdefa-9960-4899-984b-033132acc369","local_time":"20181009174417","is_ascension_mode":true,"campfire_choices":[{"data":"Inflame","floor":6,"key":"SMITH"},{"data":"Sword Boomerang","floor":12,"key":"SMITH"},{"data":"Flex","floor":15,"key":"SMITH"},{"data":"Limit Break","floor":23,"key":"SMITH"},{"data":"Feed","floor":25,"key":"SMITH"},{"data":"Limit Break","floor":32,"key":"SMITH"},{"data":"Flex","floor":40,"key":"SMITH"},{"data":"1","floor":46,"key":"LIFT"},{"data":"2","floor":49,"key":"LIFT"}],"neow_cost":"NONE","seed_source_timestamp":24671964947812,"circlet_count":0,"master_deck":["Strike_R","Strike_R","Strike_R","Bash","Inflame+1","Sword Boomerang+1","Flash of Steel","Cleave","Feed+1","Flex+1","Limit Break+1","Whirlwind+1","Ghostly","Ghostly","Ghostly","Ghostly","Ghostly","Inflame+1","Limit Break+1","Reaper","Flex+1","Inflame"],"relics":["Burning Blood","Golden Idol","Red Skull","Cursed Key","Magic Flower","The Courier","Vajra","Sozu","Shovel","Girya","MawBank"],"potions_floor_usage":[27,50,50,50],"damage_taken":[{"damage":8,"enemies":"2 Louse","floor":1,"turns":4},{"damage":8,"enemies":"Small Slimes","floor":5,"turns":4},{"damage":7,"enemies":"Jaw Worm","floor":8,"turns":2},{"damage":8,"enemies":"Blue Slaver","floor":11,"turns":2},{"damage":18,"enemies":"3 Louse","floor":13,"turns":3},{"damage":25,"enemies":"Exordium Thugs","floor":14,"turns":3},{"damage":37,"enemies":"The Guardian","floor":16,"turns":5},{"damage":17,"enemies":"2 Thieves","floor":18,"turns":2},{"damage":1,"enemies":"Spheric Guardian","floor":21,"turns":3},{"damage":6,"enemies":"Colosseum Slavers","floor":22,"turns":5},{"damage":6,"enemies":"Colosseum Nobs","floor":22,"turns":7},{"damage":2,"enemies":"Centurion and Healer","floor":24,"turns":5},{"damage":9,"enemies":"Slavers","floor":27,"turns":5},{"damage":3,"enemies":"Snake Plant","floor":31,"turns":3},{"damage":40,"enemies":"Automaton","floor":33,"turns":6},{"damage":6,"enemies":"3 Shapes","floor":35,"turns":2},{"damage":1,"enemies":"Orb Walker","floor":38,"turns":2},{"damage":0,"enemies":"Mind Bloom Boss Battle","floor":39,"turns":6},{"damage":3,"enemies":"Nemesis","floor":41,"turns":3},{"damage":3,"enemies":"Transient","floor":42,"turns":5},{"damage":1,"enemies":"Giant Head","floor":44,"turns":5},{"damage":4,"enemies":"Reptomancer","floor":48,"turns":3},{"damage":0,"enemies":"Donu and Deca","floor":50,"turns":6}],"seed_played":"-7324446591321124737","potions_obtained":[{"floor":11,"key":"GamblersBrew"},{"floor":14,"key":"SkillPotion"},{"floor":18,"key":"Weak Potion"},{"floor":22,"key":"PowerPotion"},{"floor":31,"key":"Dexterity Potion"}],"is_trial":false,"path_per_floor":["M","?","?","?","M","R","$","M","T","$","M","R","M","M","R","B",null,"M","?","$","M","?","R","M","R","T","E","$","?","?","M","R","B",null,"M","$","?","M","?","R","E","M","T","E","$","R","?","M","R","B"],"character_chosen":"IRONCLAD","items_purchased":["Flash of Steel","Limit Break"],"campfire_rested":0,"item_purchase_floors":[7,28],"current_hp_per_floor":[70,70,70,70,68,68,68,67,67,67,65,65,56,40,40,9,62,54,41,41,44,50,50,53,53,53,57,57,57,57,61,61,36,58,67,67,67,69,73,73,73,73,73,73,73,73,73,73,73,77],"gold":187,"neow_bonus":"THREE_CARDS","is_prod":false,"is_daily":false,"chose_seed":false,"campfire_upgraded":7,"win_rate":0,"timestamp":1539078257,"path_taken":["M","?","?","?","M","R","$","M","T","?","M","R","M","?","R","BOSS","M","?","$","M","?","R","M","R","T","E","$","?","?","M","R","BOSS","M","$","?","M","?","R","E","M","T","E","?","R","?","M","R","BOSS"],"build_version":"2018-10-04v2","purchased_purges":6,"victory":true,"max_hp_per_floor":[80,74,74,74,74,74,74,74,74,74,74,74,77,80,80,80,80,83,41,41,44,50,50,53,53,53,57,57,57,57,61,61,65,65,69,69,69,69,73,73,73,73,73,73,73,73,73,73,73,77],"card_choices":[{"not_picked":["Armaments","Havoc"],"picked":"Inflame","floor":1},{"not_picked":["Shrug It Off","Heavy Blade"],"picked":"Sword Boomerang","floor":5},{"not_picked":["Shrug It Off","Burning Pact"],"picked":"Cleave","floor":8},{"not_picked":["Pommel Strike","Heavy Blade"],"picked":"Feed","floor":11},{"not_picked":["Anger","Sword Boomerang"],"picked":"Flex","floor":13},{"not_picked":["Iron Wave","Rage","Pommel Strike"],"picked":"SKIP","floor":14},{"not_picked":["Reaper","Barricade"],"picked":"Limit Break","floor":16},{"not_picked":["Metallicize","Entrench+1"],"picked":"Whirlwind+1","floor":18},{"not_picked":["Wild Strike","Thunderclap+1"],"picked":"Inflame+1","floor":21},{"not_picked":["Clothesline","True Grit+1","Seeing Red"],"picked":"SKIP","floor":24},{"not_picked":["Cleave","Feel No Pain","Havoc"],"picked":"SKIP","floor":27},{"not_picked":["Rampage","Sword Boomerang","Wild Strike"],"picked":"SKIP","floor":31},{"not_picked":["Bludgeon","Juggernaut"],"picked":"Reaper","floor":33},{"not_picked":["Pommel Strike","Sword Boomerang+1","Perfected Strike+1"],"picked":"SKIP","floor":35},{"not_picked":["Power Through","Anger","Shrug It Off"],"picked":"SKIP","floor":38},{"not_picked":["Whirlwind","Fire Breathing","Ghostly Armor"],"picked":"SKIP","floor":41},{"not_picked":["Flex+1","Shrug It Off","Clothesline+1"],"picked":"SKIP","floor":42},{"not_picked":["Sentinel","True Grit+1","Heavy Blade"],"picked":"SKIP","floor":44},{"not_picked":["Uppercut","Havoc+1"],"picked":"Inflame","floor":48}],"player_experience":47262,"relics_obtained":[{"floor":9,"key":"Red Skull"},{"floor":22,"key":"Magic Flower"},{"floor":22,"key":"The Courier"},{"floor":27,"key":"Vajra"},{"floor":39,"key":"Shovel"},{"floor":41,"key":"Girya"},{"floor":44,"key":"MawBank"}],"event_choices":[{"event_name":"Golden Idol","player_choice":"Lose Max HP","floor":2,"damage_taken":0},{"event_name":"The Cleric","player_choice":"Card Removal","floor":3,"damage_taken":0},{"event_name":"Liars Game","player_choice":"agreed","floor":4,"damage_taken":0},{"event_name":"Ghosts","player_choice":"Became a Ghost","floor":19,"damage_taken":0},{"event_name":"Colosseum","player_choice":"Fight","floor":22,"damage_taken":0},{"event_name":"Colosseum","player_choice":"Fought Nobs","floor":22,"damage_taken":0},{"event_name":"Nest","player_choice":"Stole From Cult","floor":29,"damage_taken":0},{"event_name":"Vampires","player_choice":"Ignored","floor":30,"damage_taken":0},{"event_name":"Match and Keep!","player_choice":"1 cards matched","floor":37,"damage_taken":0},{"event_name":"MindBloom","player_choice":"Fight","floor":39,"damage_taken":0},{"event_name":"Mysterious Sphere","player_choice":"Ignore","floor":47,"damage_taken":0}],"is_beta":false,"boss_relics":[{"not_picked":["Runic Dome","Black Blood"],"picked":"Cursed Key"},{"not_picked":["Fusion Hammer","Black Star"],"picked":"Sozu"}],"items_purged_floors":[7,10,20,28,36,45],"is_endless":false,"potions_floor_spawned":[11,14,18,22,31,39,44],"ascension_level":7}