{"gold_per_floor":[369,444,444,458,9,9,38,38,38,48,48,68,68,79,79,152,152,162,87,2,20,20],"floor_reached":22,"playtime":482,"items_purged":["Strike_R"],"score":368,"play_id":"4c527ded-26bc-4514-af59-01cf26e2f353","local_time":"20190806233819","is_ascension_mode":true,"campfire_choices":[{"data":"Spot Weakness","floor":6.0,"key":"SMITH"},{"data":"Bash","floor":11.0,"key":"SMITH"},{"data":"Carnage","floor":13.0,"key":"SMITH"},{"data":"True Grit","floor":15.0,"key":"SMITH"}],"neow_cost":"TEN_PERCENT_HP_LOSS","seed_source_timestamp":40856834665786,"circlet_count":0,"master_deck":["AscendersBane","Strike_R","Strike_R","Strike_R","Defend_R","Defend_R","Defend_R","Defend_R","Bash+1","Body Slam+1","Power Through","Spot Weakness+1","Shrug It Off+1","Carnage+1","True Grit+1","Immolate"],"special_seed":0,"relics":["Burning Blood","Membership Card","Gremlin Horn","PreservedInsect","Art of War","Runic Cube","Mummified Hand"],"potions_floor_usage":[],"damage_taken":[{"damage":4.0,"enemies":"2 Louse","floor":1.0,"turns":3.0},{"damage":4.0,"enemies":"Small Slimes","floor":4.0,"turns":4.0},{"damage":46.0,"enemies":"Lagavulin","floor":7.0,"turns":9.0},{"damage":1.0,"enemies":"Cultist","floor":10.0,"turns":5.0},{"damage":10.0,"enemies":"Blue Slaver","floor":12.0,"turns":3.0},{"damage":11.0,"enemies":"Lots of Slimes","floor":14.0,"turns":6.0},{"damage":29.0,"enemies":"Hexaghost","floor":16.0,"turns":8.0},{"damage":32,"enemies":"Spheric Guardian","floor":18,"turns":8},{"damage":13,"enemies":"2 Thieves","floor":21,"turns":4},{"damage":16,"enemies":"Shelled Parasite and Fungi","floor":22,"turns":3}],"seed_played":"6263305495087408995","potions_obtained":[{"floor":7.0,"key":"EntropicBrew"},{"floor":12.0,"key":"Regen Potion"},{"floor":16.0,"key":"Fruit Juice"},{"floor":21,"key":"SteroidPotion"}],"is_trial":false,"path_per_floor":["M","?","?","M","$","R","E","?","T","M","R","M","R","M","R","B",null,"M","?","?","M","M"],"character_chosen":"IRONCLAD","items_purchased":["Membership Card","Spot Weakness","Gremlin Horn","Shrug It Off"],"campfire_rested":0,"item_purchase_floors":[5,5,5,5],"current_hp_per_floor":[68,57,57,59,59,59,19,19,19,24,24,20,20,30,30,27,62,36,36,36,29,13],"gold":20,"neow_bonus":"TWO_FIFTY_GOLD","is_prod":false,"is_daily":false,"chose_seed":false,"campfire_upgraded":4,"win_rate":0,"timestamp":1565102299,"path_taken":["M","?","?","?","$","R","E","?","T","?","R","M","R","M","R","BOSS","M","?","?","M","M"],"build_version":"2019-07-17","purchased_purges":1,"victory":false,"max_hp_per_floor":[68,68,68,68,68,68,68,68,68,68,68,68,68,68,68,73,73,73,73,73,73,73],"card_choices":[{"not_picked":["Wild Strike","Perfected Strike"],"picked":"Body Slam","floor":1.0},{"not_picked":["Wild Strike","Rage"],"picked":"Power Through","floor":4.0},{"not_picked":["Cleave","Reckless Charge","Bloodletting"],"picked":"SKIP","floor":7.0},{"not_picked":["Clothesline","Anger","Bloodletting"],"picked":"SKIP","floor":10.0},{"not_picked":["Iron Wave","Sword Boomerang"],"picked":"Carnage","floor":12.0},{"not_picked":["Body Slam","Sentinel"],"picked":"True Grit","floor":14.0},{"not_picked":["Juggernaut","Barricade"],"picked":"Immolate","floor":16.0},{"not_picked":["Thunderclap","Inflame","Warcry"],"picked":"SKIP","floor":18},{"not_picked":["Searing Blow+1","Fire Breathing","Cleave"],"picked":"SKIP","floor":21}],"player_experience":783479,"relics_obtained":[{"floor":7.0,"key":"PreservedInsect"},{"floor":9.0,"key":"Art of War"}],"event_choices":[{"damage_healed":0.0,"max_hp_gain":0.0,"max_hp_loss":0.0,"gold_gain":75.0,"event_name":"World of Goop","player_choice":"Gather Gold","floor":2.0,"gold_loss":0.0,"damage_taken":11.0},{"damage_healed":0.0,"max_hp_gain":0.0,"max_hp_loss":0.0,"gold_gain":0.0,"event_name":"Upgrade Shrine","player_choice":"Upgraded","floor":3.0,"gold_loss":0.0,"damage_taken":0.0,"cards_upgraded":["Body Slam"]},{"damage_healed":0.0,"max_hp_gain":0.0,"max_hp_loss":0.0,"gold_gain":0.0,"event_name":"Accursed Blacksmith","player_choice":"Forge","floor":8.0,"gold_loss":0.0,"damage_taken":0.0,"cards_upgraded":["Shrug It Off"]},{"cards_removed":["Strike_R"],"damage_healed":0,"gold_gain":0,"player_choice":"Gave Gold","damage_taken":0,"max_hp_gain":0,"max_hp_loss":0,"event_name":"Beggar","floor":19,"gold_loss":75},{"damage_healed":0,"gold_gain":0,"player_choice":"Obtained Relic","damage_taken":0,"relics_obtained":["Mummified Hand"],"max_hp_gain":0,"max_hp_loss":0,"event_name":"Addict","floor":20,"gold_loss":85}],"is_beta":false,"boss_relics":[{"not_picked":["Tiny House","White Beast Statue"],"picked":"Runic Cube"}],"items_purged_floors":[5],"is_endless":false,"potions_floor_spawned":[7,12,16,21],"killed_by":"Shelled Parasite and Fungi","ascension_level":20}