{"gold_per_floor":[113,38,38,38,38,63,63,90,114,39,39,50,50],"floor_reached":13,"playtime":160,"items_purged":["Strike_B"],"score":278,"play_id":"5a977211-16d6-4c9b-9ddb-062a7db5e6f9","local_time":"20181120135138","is_ascension_mode":true,"campfire_choices":[{"data":"Zap","floor":7,"key":"SMITH"},{"data":"Buffer","floor":11,"key":"SMITH"}],"neow_cost":"NONE","seed_source_timestamp":1738908231304213,"circlet_count":0,"master_deck":["AscendersBane","Strike_B","Strike_B","Defend_B","Defend_B","Defend_B","Defend_B","Zap+1","Dualcast","Hologram","Buffer+1","Self Repair"],"relics":["Cracked Core","NeowsBlessing","Girya","Dodecahedron","Shuriken","Blood Vial"],"potions_floor_usage":[],"damage_taken":[{"damage":0,"enemies":"Small Slimes","floor":1,"turns":1},{"damage":0,"enemies":"3 Sentries","floor":6,"turns":1},{"damage":0,"enemies":"Lagavulin","floor":8,"turns":1},{"damage":0,"enemies":"2 Louse","floor":12,"turns":3},{"damage":68,"enemies":"Gremlin Nob","floor":13,"turns":5}],"seed_played":"-4823559572899027950","potions_obtained":[{"floor":1,"key":"Strength Potion"},{"floor":8,"key":"SmokeBomb"}],"is_trial":false,"path_per_floor":["M","?","?","?","$","E","R","E","T","$","R","M","E"],"character_chosen":"DEFECT","items_purchased":[],"campfire_rested":0,"item_purchase_floors":[],"current_hp_per_floor":[64,64,38,43,43,43,43,43,43,43,43,45,0],"gold":50,"neow_bonus":"THREE_ENEMY_KILL","is_prod":false,"is_daily":false,"chose_seed":false,"campfire_upgraded":2,"win_rate":0,"timestamp":1542693098,"path_taken":["M","?","?","?","$","E","R","E","T","$","R","M","E"],"build_version":"2018-11-15","purchased_purges":1,"victory":false,"max_hp_per_floor":[71,71,71,76,76,76,76,76,76,76,76,76,76],"card_choices":[{"not_picked":["Steam Power","Stack","Double Energy"],"picked":"SKIP","floor":1},{"not_picked":["Biased Cognition","Storm"],"picked":"Hologram","floor":6},{"not_picked":["Barrage","Loop"],"picked":"Buffer","floor":8},{"not_picked":["Rebound","Aggregate"],"picked":"Self Repair","floor":12}],"player_experience":573892,"relics_obtained":[{"floor":6,"key":"Dodecahedron"},{"floor":8,"key":"Shuriken"},{"floor":9,"key":"Blood Vial"}],"event_choices":[{"cards_removed":["Strike_B"],"damage_healed":0,"gold_gain":0,"player_choice":"Card Removal","damage_taken":0,"max_hp_gain":0,"max_hp_loss":0,"event_name":"The Cleric","floor":2,"gold_loss":75},{"damage_healed":0,"gold_gain":0,"player_choice":"Success","damage_taken":26,"relics_obtained":["Girya"],"max_hp_gain":0,"max_hp_loss":0,"event_name":"Scrap Ooze","floor":3,"gold_loss":0},{"damage_healed":0,"gold_gain":0,"player_choice":"Donut","damage_taken":0,"max_hp_gain":5,"max_hp_loss":0,"event_name":"Big Fish","floor":4,"gold_loss":0}],"is_beta":true,"boss_relics":[],"items_purged_floors":[10],"is_endless":false,"potions_floor_spawned":[1,8],"killed_by":"Gremlin Nob","ascension_level":20}