{"path_per_floor":["M","M","?","$","M","R","E","M","T","R","?","M","?","M","R","B",null,"M","$","?","M","$","R","M","R","T","E","T","M"],"character_chosen":"DEFECT","items_purchased":["Thread and Needle"],"gold_per_floor":[367,378,378,78,94,94,125,135,161,161,161,175,175,187,187,291,291,302,227,227,238,138,138,156,156,238,269,292,302,302],"floor_reached":30,"campfire_rested":3,"playtime":1486,"current_hp_per_floor":[31,30,15,15,15,37,33,33,33,55,55,46,46,35,57,51,75,67,67,51,47,47,47,40,40,40,42,42,14,0],"items_purged":["Defend_B","Defend_B"],"gold":302,"score":250,"play_id":"77653196-d7ee-4f2e-be76-33f81e267d28","local_time":"20180428224721","is_prod":false,"is_daily":false,"chose_seed":false,"is_ascension_mode":false,"campfire_upgraded":2,"timestamp":1524948441,"path_taken":["M","M","?","$","M","R","E","M","T","R","?","?","?","M","R","BOSS","M","$","?","M","$","R","?","R","T","E","?","M","E"],"build_version":"2018-04-27v3","seed_source_timestamp":44914154721208,"purchased_purges":2,"victory":false,"master_deck":["Strike_B","Strike_B","Strike_B+1","Strike_B","Defend_B+1","Zap","Dualcast+1","Go for the Eyes","Rainbow","Redo","Conserve Battery","Double Energy","Blaster","Thunder Strike","Madness+1","Storm","Creative AI","Skim","Chaos+1","FTL","Self Repair","Static Discharge+1"],"max_hp_per_floor":[75,75,75,75,75,75,75,75,75,75,75,75,75,75,75,75,75,75,75,75,75,75,75,75,75,75,82,82,82,82],"relics":["Cracked Core","Thread and Needle","War Paint","Ancient Tea Set","Sozu","Nilry\u0027s Codex","Matryoshka","Strawberry","Pantograph","Bag of Marbles"],"card_choices":[{"not_picked":["Capacitor","Leap"],"picked":"Go for the Eyes","floor":1},{"not_picked":["Leap","Streamline"],"picked":"Rainbow","floor":2},{"not_picked":["Skim","Coolheaded"],"picked":"Redo","floor":7},{"not_picked":["Sweeping Beam","Force Field"],"picked":"Conserve Battery","floor":8},{"not_picked":["Axe Kick","Chaos"],"picked":"Blaster","floor":12},{"not_picked":["Stack","Impulse"],"picked":"Storm","floor":14},{"not_picked":["Fission","Rainbow"],"picked":"Creative AI","floor":16},{"not_picked":["Barrage","Turbo"],"picked":"Skim","floor":18},{"not_picked":["Coolheaded","Rebound"],"picked":"Chaos","floor":21},{"not_picked":["Go for the Eyes","Cold Snap"],"picked":"FTL","floor":24},{"not_picked":["Heatsinks","Sweeping Beam"],"picked":"Self Repair","floor":27},{"not_picked":["Ball Lightning","Capacitor"],"picked":"Static Discharge","floor":29}],"player_experience":15208,"potions_floor_usage":[7,8,24,27,27],"damage_taken":[{"damage":7,"enemies":"Small Slimes","floor":1,"turns":3},{"damage":1,"enemies":"2 Louse","floor":2,"turns":2},{"damage":0,"enemies":"Cultist","floor":5,"turns":3},{"damage":4,"enemies":"Gremlin Nob","floor":7,"turns":4},{"damage":0,"enemies":"2 Fungi Beasts","floor":8,"turns":2},{"damage":9,"enemies":"Exordium Thugs","floor":12,"turns":5},{"damage":11,"enemies":"3 Louse","floor":14,"turns":4},{"damage":6,"enemies":"Slime Boss","floor":16,"turns":5},{"damage":8,"enemies":"2 Thieves","floor":18,"turns":3},{"damage":4,"enemies":"3 Byrds","floor":21,"turns":4},{"damage":7,"enemies":"Snake Plant","floor":24,"turns":4},{"damage":14,"enemies":"Gremlin Leader","floor":27,"turns":6},{"damage":35,"enemies":"Slaver and Parasite","floor":29,"turns":5},{"damage":27,"enemies":"Book of Stabbing","floor":30,"turns":3}],"event_choices":[{"event_name":"Shining Light","player_choice":"Entered Light","floor":3,"damage_taken":0},{"event_name":"Transmorgrifier","player_choice":"Transform","floor":11,"damage_taken":0},{"event_name":"Match and Keep!","player_choice":"2 cards matched","floor":13,"damage_taken":0},{"event_name":"Cursed Tome","player_choice":"Obtained Book","floor":20,"damage_taken":0}],"boss_relics":[{"not_picked":["Snecko Eye","Ectoplasm"],"picked":"Sozu"}],"potions_floor_spawned":[5,7,8,14,16,21,24,29],"seed_played":"4839353724833810705","killed_by":"Book of Stabbing","ascension_level":0,"is_trial":false}