{"gold_per_floor":[116,128,178,193,207,207,235,253,253,273,273,283,297,0,0,0],"floor_reached":16,"playtime":485,"items_purged":["Strike_G"],"score":208,"play_id":"4ddbe084-c5f4-46e3-a043-d8a75fd2fb91","local_time":"20181120233449","is_ascension_mode":true,"campfire_choices":[{"data":"Deadly Poison","floor":6.0,"key":"SMITH"},{"data":"Well Laid Plans","floor":15,"key":"SMITH"}],"neow_cost":"NONE","seed_source_timestamp":17048414773497,"circlet_count":0,"master_deck":["AscendersBane","Defend_G","Defend_G","Defend_G","Defend_G","Defend_G","Strike_G","Strike_G","Strike_G","Strike_G","Survivor","Neutralize","Acrobatics","Deadly Poison+1","Well Laid Plans+1","Reflex","Prepared","Corpse Explosion","Prepared","Acrobatics"],"special_seed":0,"relics":["Ring of the Snake","NeowsBlessing","Anchor","Sundial","Odd Mushroom","Happy Flower"],"potions_floor_usage":[13],"damage_taken":[{"damage":0.0,"enemies":"Cultist","floor":1.0,"turns":1.0},{"damage":0.0,"enemies":"2 Louse","floor":2.0,"turns":1.0},{"damage":0.0,"enemies":"Jaw Worm","floor":4.0,"turns":1.0},{"damage":6.0,"enemies":"3 Louse","floor":5.0,"turns":4.0},{"damage":24.0,"enemies":"Lagavulin","floor":7.0,"turns":10.0},{"damage":15.0,"enemies":"Lots of Slimes","floor":8.0,"turns":5.0},{"damage":6.0,"enemies":"The Mushroom Lair","floor":10.0,"turns":6.0},{"damage":0.0,"enemies":"2 Fungi Beasts","floor":12.0,"turns":6.0},{"damage":3,"enemies":"3 Louse","floor":13,"turns":2},{"damage":0,"enemies":"Slime Boss","floor":16,"turns":3}],"seed_played":"5164909364236581206","potions_obtained":[{"floor":1.0,"key":"SteroidPotion"},{"floor":5.0,"key":"LiquidBronze"},{"floor":8.0,"key":"Energy Potion"},{"floor":10.0,"key":"Block Potion"},{"floor":12.0,"key":"Energy Potion"}],"is_trial":false,"path_per_floor":["M","M","?","M","M","R","E","M","T","?","?","M","M","$","R","B"],"character_chosen":"THE_SILENT","items_purchased":["Happy Flower","Acrobatics"],"campfire_rested":0,"item_purchase_floors":[14,14],"current_hp_per_floor":[59,59,59,59,53,53,29,14,14,8,8,8,5,5,5,5],"gold":0,"neow_bonus":"THREE_ENEMY_KILL","is_prod":false,"is_daily":false,"chose_seed":false,"campfire_upgraded":2,"win_rate":0,"timestamp":1542728089,"path_taken":["M","?","?","?","M","R","E","M","T","?","?","M","M","$","R","BOSS"],"build_version":"2018-11-15","purchased_purges":1,"victory":false,"max_hp_per_floor":[66,66,66,66,66,66,66,66,66,66,66,66,66,66,66,66],"card_choices":[{"not_picked":["Catalyst","Expertise"],"picked":"Acrobatics","floor":1.0},{"not_picked":["Predator","Cloak And Dagger"],"picked":"Deadly Poison","floor":2.0},{"not_picked":["PiercingWail","Dodge and Roll","Expertise"],"picked":"SKIP","floor":4.0},{"not_picked":["Dodge and Roll","Quick Slash"],"picked":"Well Laid Plans","floor":5.0},{"not_picked":["Backflip","Poisoned Stab"],"picked":"Reflex","floor":7.0},{"not_picked":["Dash","Setup"],"picked":"Prepared","floor":8.0},{"not_picked":["Setup","Finisher"],"picked":"Corpse Explosion","floor":12.0},{"not_picked":["PiercingWail","Dagger Spray"],"picked":"Prepared","floor":13}],"player_experience":1127870,"relics_obtained":[{"floor":7.0,"key":"Anchor"},{"floor":9.0,"key":"Sundial"},{"floor":10.0,"key":"Odd Mushroom"}],"event_choices":[{"damage_healed":0.0,"max_hp_gain":0.0,"max_hp_loss":0.0,"gold_gain":50.0,"event_name":"Golden Shrine","player_choice":"Pray","floor":3.0,"gold_loss":0.0,"damage_taken":0.0},{"damage_healed":0.0,"max_hp_gain":0.0,"max_hp_loss":0.0,"gold_gain":0.0,"event_name":"Mushrooms","player_choice":"Fought Mushrooms","floor":10.0,"gold_loss":0.0,"damage_taken":0.0},{"damage_healed":0.0,"max_hp_gain":0.0,"max_hp_loss":0.0,"gold_gain":0.0,"event_name":"Dead Adventurer","player_choice":"Searched \u00270\u0027 times","floor":11.0,"gold_loss":0.0,"damage_taken":0.0},{"damage_healed":0.0,"max_hp_gain":0.0,"max_hp_loss":0.0,"gold_gain":0.0,"event_name":"Dead Adventurer","player_choice":"Searched \u00270\u0027 times","floor":11.0,"gold_loss":0.0,"damage_taken":0.0}],"is_beta":true,"boss_relics":[],"items_purged_floors":[14],"is_endless":false,"potions_floor_spawned":[1,5,8,10,12],"killed_by":"Slime Boss","ascension_level":20}