{"gold_per_floor":[110,129,129,129,54,54,108,108,108,108,147,147,187,201,201,291,291,304,304,145,169,69,69],"floor_reached":23,"playtime":504,"items_purged":["Strike_B","Strike_B"],"score":390,"play_id":"41dac682-16c3-4bdd-8cee-f2ed51c1f68f","local_time":"20181012162720","is_ascension_mode":true,"campfire_choices":[{"data":"Zap","floor":6.0,"key":"SMITH"},{"data":"Go for the Eyes","floor":8.0,"key":"SMITH"},{"data":"1","floor":10.0,"key":"LIFT"},{"data":"2","floor":12.0,"key":"LIFT"},{"floor":15.0,"key":"REST"}],"neow_cost":"TEN_PERCENT_HP_LOSS","seed_source_timestamp":146352205185038,"circlet_count":0,"master_deck":["Strike_B+1","Defend_B","Defend_B","Zap+1","Dualcast+1","AscendersBane","Go for the Eyes+1","Conserve Battery","Seek","Streamline","Ball Lightning","All For One","Gash+1","Beam Cell","FTL","BootSequence"],"special_seed":0,"relics":["Cracked Core","Golden Idol","Tiny Chest","Girya","Ginger","Bottled Lightning","Sozu"],"potions_floor_usage":[],"damage_taken":[{"damage":7.0,"enemies":"Jaw Worm","floor":1.0,"turns":3.0},{"damage":0.0,"enemies":"2 Louse","floor":2.0,"turns":2.0},{"damage":25.0,"enemies":"3 Sentries","floor":11.0,"turns":7.0},{"damage":8.0,"enemies":"Lagavulin","floor":13.0,"turns":6.0},{"damage":0.0,"enemies":"Small Slimes","floor":14.0,"turns":2.0},{"damage":17.0,"enemies":"The Guardian","floor":16.0,"turns":8.0},{"damage":0,"enemies":"Chosen","floor":18,"turns":3},{"damage":15,"enemies":"Shell Parasite","floor":21,"turns":2},{"damage":33,"enemies":"Slavers","floor":23,"turns":2}],"seed_played":"8637076924833360167","potions_obtained":[{"floor":1.0,"key":"Dexterity Potion"},{"floor":2.0,"key":"GamblersBrew"},{"floor":14.0,"key":"Ancient Potion"}],"is_trial":false,"path_per_floor":["M","M","?","?","?","R","T","R","T","R","E","R","E","M","R","B",null,"M","?","$","M","$"],"character_chosen":"DEFECT","items_purchased":["FTL"],"campfire_rested":1,"item_purchase_floors":[20],"current_hp_per_floor":[57,57,38,38,38,38,38,38,38,38,13,13,5,5,22,5,45,45,45,45,30,30,0],"gold":69,"neow_bonus":"REMOVE_TWO","is_prod":false,"is_daily":false,"chose_seed":false,"campfire_upgraded":2,"win_rate":0,"timestamp":1539332840,"path_taken":["M","M","?","?","?","R","?","R","T","R","E","R","E","M","R","BOSS","M","?","$","M","$","E"],"build_version":"2018-10-11","purchased_purges":2,"victory":false,"max_hp_per_floor":[64,64,64,58,58,58,58,58,58,58,58,58,58,58,58,58,58,58,58,58,58,58,58],"card_choices":[{"not_picked":["Loop","Aggregate"],"picked":"Go for the Eyes","floor":1.0},{"not_picked":["Turbo","Steam"],"picked":"Conserve Battery","floor":2.0},{"not_picked":["Auto Shields","Leap"],"picked":"Seek","floor":11.0},{"not_picked":["Chaos","Steam"],"picked":"Streamline","floor":13.0},{"not_picked":["Capacitor","Reprogram"],"picked":"Ball Lightning","floor":14.0},{"not_picked":["Amplify","Hyperbeam"],"picked":"All For One","floor":16.0},{"not_picked":["Tempest","Coolheaded"],"picked":"Gash+1","floor":18},{"not_picked":["Coolheaded","Steam"],"picked":"BootSequence","floor":21}],"player_experience":312626,"relics_obtained":[{"floor":7.0,"key":"Tiny Chest"},{"floor":9.0,"key":"Girya"},{"floor":11.0,"key":"Ginger"},{"floor":13.0,"key":"Bottled Lightning"}],"event_choices":[{"event_name":"Shining Light","player_choice":"Entered Light","floor":3.0,"damage_taken":0.0},{"event_name":"Golden Idol","player_choice":"Lose Max HP","floor":4.0,"damage_taken":0.0},{"event_name":"The Cleric","player_choice":"Card Removal","floor":5.0,"damage_taken":0.0},{"event_name":"The Library","player_choice":"Read","floor":19,"damage_taken":0}],"is_beta":false,"boss_relics":[{"not_picked":["Busted Crown","Astrolabe"],"picked":"Sozu"}],"items_purged_floors":[20,22],"is_endless":false,"potions_floor_spawned":[1,2,14,21],"killed_by":"Slavers","ascension_level":20}