{"gold_per_floor":[368,381,166,166,166,166,91,91,138,138,138,151,187,203,203,301,301,320,118,118],"floor_reached":20,"playtime":588,"items_purged":["Strike_B","Strike_B"],"score":340,"play_id":"01e0a589-72a9-4871-828b-b51178d426f2","local_time":"20190118223754","is_ascension_mode":true,"campfire_choices":[{"data":"Sunder","floor":6.0,"key":"SMITH"},{"data":"Dualcast","floor":8.0,"key":"SMITH"},{"data":"Self Repair","floor":11.0,"key":"SMITH"},{"data":"Darkness","floor":15.0,"key":"SMITH"}],"neow_cost":"TEN_PERCENT_HP_LOSS","seed_source_timestamp":38280454281230,"circlet_count":0,"master_deck":["AscendersBane","Strike_B","Defend_B+1","Defend_B+1","Defend_B","Defend_B","Zap+1","Dualcast+1","Sunder+1","Self Repair+1","Flash of Steel","Darkness+1","Fission","Deep Breath"],"special_seed":0,"relics":["Cracked Core","Golden Idol","Centennial Puzzle","War Paint","Nuclear Battery"],"potions_floor_usage":[18],"damage_taken":[{"damage":7.0,"enemies":"Jaw Worm","floor":1.0,"turns":4.0},{"damage":2.0,"enemies":"Small Slimes","floor":2.0,"turns":4.0},{"damage":0.0,"enemies":"2 Louse","floor":12.0,"turns":2.0},{"damage":15.0,"enemies":"3 Sentries","floor":13.0,"turns":5.0},{"damage":6.0,"enemies":"Red Slaver","floor":14.0,"turns":2.0},{"damage":32.0,"enemies":"Slime Boss","floor":16.0,"turns":7.0},{"damage":16,"enemies":"Shell Parasite","floor":18,"turns":3},{"damage":0,"enemies":"3 Byrds","floor":20,"turns":2}],"seed_played":"8799613328398983515","potions_obtained":[{"floor":13.0,"key":"Regen Potion"},{"floor":14.0,"key":"Ancient Potion"}],"is_trial":false,"path_per_floor":["M","M","$","?","?","R","?","R","T","?","R","M","E","M","R","B",null,"M","$","M"],"character_chosen":"DEFECT","items_purchased":["Self Repair","Flash of Steel","Deep Breath"],"campfire_rested":0,"item_purchase_floors":[3,3,19],"current_hp_per_floor":[57,55,55,55,55,55,55,55,55,55,55,58,53,57,57,35,52,55,55,55],"gold":118,"neow_bonus":"TWO_FIFTY_GOLD","is_prod":false,"is_daily":false,"chose_seed":false,"campfire_upgraded":4,"win_rate":0,"timestamp":1547822274,"path_taken":["M","M","$","?","?","R","?","R","T","?","R","M","E","M","R","BOSS","M","$","M"],"build_version":"2019-01-17","purchased_purges":2,"victory":false,"max_hp_per_floor":[64,64,64,64,58,58,58,58,58,58,58,58,58,58,58,58,58,58,58,58],"card_choices":[{"not_picked":["Ball Lightning","Cold Snap"],"picked":"Sunder","floor":1.0},{"not_picked":["Go for the Eyes","Turbo","Ball Lightning"],"picked":"SKIP","floor":2.0},{"not_picked":["Barrage","Hello World","Ball Lightning"],"picked":"SKIP","floor":12.0},{"not_picked":["Go for the Eyes","Rebound","Barrage"],"picked":"SKIP","floor":13.0},{"not_picked":["Streamline","Storm"],"picked":"Darkness","floor":14.0},{"not_picked":["Seek","Rainbow"],"picked":"Fission","floor":16.0},{"not_picked":["Barrage+1","Cold Snap","Doom and Gloom+1"],"picked":"SKIP","floor":18}],"player_experience":2018006,"relics_obtained":[{"floor":9.0,"key":"Centennial Puzzle"},{"floor":13.0,"key":"War Paint"}],"event_choices":[{"damage_healed":0.0,"max_hp_gain":0.0,"max_hp_loss":0.0,"gold_gain":0.0,"event_name":"Scrap Ooze","player_choice":"Fled","floor":4.0,"gold_loss":0.0,"damage_taken":0.0},{"damage_healed":0.0,"max_hp_gain":0.0,"max_hp_loss":6.0,"gold_gain":0.0,"event_name":"Golden Idol","player_choice":"Lose Max HP","floor":5.0,"gold_loss":0.0,"damage_taken":0.0,"relics_obtained":["Golden Idol"]},{"cards_removed":["Strike_B"],"damage_healed":0.0,"max_hp_gain":0.0,"max_hp_loss":0.0,"gold_gain":0.0,"event_name":"The Cleric","player_choice":"Card Removal","floor":7.0,"gold_loss":75.0,"damage_taken":0.0},{"damage_healed":0.0,"max_hp_gain":0.0,"max_hp_loss":0.0,"gold_gain":0.0,"event_name":"Upgrade Shrine","player_choice":"Upgraded","floor":10.0,"gold_loss":0.0,"damage_taken":0.0,"cards_upgraded":["Zap"]}],"is_beta":false,"boss_relics":[{"not_picked":["Tiny House","White Beast Statue"],"picked":"Nuclear Battery"}],"items_purged_floors":[3,19],"is_endless":false,"potions_floor_spawned":[13,14],"killed_by":"3 Byrds","ascension_level":20}