{"gold_per_floor":[119,136,136,161,86,86,105,105,131,171,171,192,212,112,112,242,242,263,287,301,317,336,336,336,185,212,212,212,232,232],"floor_reached":30,"playtime":1437,"items_purged":["Injury","Defend_G"],"score":234,"play_id":"d11caea9-6eeb-4f33-87fd-19ca2aee380a","local_time":"20180706061334","is_ascension_mode":false,"campfire_choices":[{"data":"Neutralize","floor":6,"key":"SMITH"},{"data":"Storm of Steel","floor":8,"key":"SMITH"},{"floor":15,"key":"REST"},{"floor":23,"key":"REST"},{"floor":27,"key":"REST"},{"data":"Die Die Die","floor":30,"key":"SMITH"}],"neow_cost":"NONE","seed_source_timestamp":57711000997471,"circlet_count":0,"master_deck":["Defend_G+1","Defend_G+1","Defend_G+1","Defend_G+1","Strike_G+1","Strike_G+1","Strike_G+1","Strike_G+1","Strike_G+1","Survivor","Neutralize+1","Storm of Steel+1","Blade Dance","Well Laid Plans","Choke","Leg Sweep","Cloak And Dagger","Infinite Blades","Die Die Die+1","Malaise+1","Footwork","Expertise+1","Backflip","Writhe"],"relics":["Ring of the Snake","Golden Idol","Vajra","Happy Flower","CultistMask","Philosopher\u0027s Stone","Art of War","Bag of Marbles","Blood Vial"],"potions_floor_usage":[21,22,22],"damage_taken":[{"damage":0,"enemies":"Small Slimes","floor":1,"turns":4},{"damage":6,"enemies":"Jaw Worm","floor":2,"turns":5},{"damage":1,"enemies":"2 Louse","floor":4,"turns":2},{"damage":0,"enemies":"Large Slime","floor":7,"turns":6},{"damage":26,"enemies":"Lagavulin","floor":10,"turns":5},{"damage":5,"enemies":"Lots of Slimes","floor":12,"turns":4},{"damage":0,"enemies":"Blue Slaver","floor":13,"turns":2},{"damage":52,"enemies":"The Guardian","floor":16,"turns":11},{"damage":14,"enemies":"2 Thieves","floor":18,"turns":3},{"damage":2,"enemies":"Chosen","floor":19,"turns":7},{"damage":11,"enemies":"Snecko","floor":20,"turns":4},{"damage":9,"enemies":"3 Cultists","floor":21,"turns":4},{"damage":20,"enemies":"Cultist and Chosen","floor":22,"turns":5},{"damage":56,"enemies":"Snake Plant","floor":29,"turns":5}],"seed_played":"-1154934365431919121","potions_obtained":[{"floor":1,"key":"SneckoOil"},{"floor":4,"key":"Explosive Potion"},{"floor":7,"key":"PowerPotion"},{"floor":12,"key":"Swift Potion"},{"floor":22,"key":"EssenceOfSteel"},{"floor":29,"key":"Regen Potion"}],"is_trial":false,"path_per_floor":["M","M","?","M","$","R","M","R","T","E","?","M","M","$","R","B",null,"M","M","M","M","M","R","?","$","T","R","?","M"],"character_chosen":"THE_SILENT","items_purchased":["Art of War"],"campfire_rested":3,"item_purchase_floors":[25],"current_hp_per_floor":[70,64,64,63,63,63,63,63,63,37,37,32,32,32,53,1,70,56,54,43,34,14,35,35,35,35,56,56,2,2],"gold":232,"neow_bonus":"ONE_RANDOM_RARE_CARD","is_prod":false,"is_daily":false,"chose_seed":false,"campfire_upgraded":3,"win_rate":0,"timestamp":1530850414,"path_taken":["M","M","?","M","$","R","M","R","T","E","?","M","M","$","R","BOSS","M","M","M","M","M","R","?","$","T","R","?","?","R"],"build_version":"2018-07-05","purchased_purges":2,"victory":false,"max_hp_per_floor":[70,70,70,70,70,70,70,70,70,70,70,70,70,70,70,70,70,70,70,70,70,70,70,70,70,70,70,70,70,70],"card_choices":[{"not_picked":["Catalyst","Concentrate"],"picked":"Blade Dance","floor":1},{"not_picked":["Finisher","Crippling Poison","Prepared"],"picked":"SKIP","floor":2},{"not_picked":["Blur","Expertise"],"picked":"Well Laid Plans","floor":4},{"not_picked":["Slice","Deadly Poison"],"picked":"Choke","floor":7},{"not_picked":["Dagger Throw","Sucker Punch"],"picked":"Leg Sweep","floor":10},{"not_picked":["Tactician","Sucker Punch"],"picked":"Cloak And Dagger","floor":12},{"not_picked":["Cloak And Dagger","Dagger Throw"],"picked":"Infinite Blades","floor":13},{"not_picked":["Corpse Explosion","Night Terror"],"picked":"Die Die Die","floor":16},{"not_picked":["Sucker Punch","Deadly Poison"],"picked":"Malaise+1","floor":18},{"not_picked":["Flechettes","Dagger Spray+1"],"picked":"Footwork","floor":19},{"not_picked":["Cloak And Dagger","Malaise","Backflip"],"picked":"SKIP","floor":20},{"not_picked":["Dodge and Roll","Sucker Punch"],"picked":"Expertise+1","floor":21},{"not_picked":["All Out Attack","Malaise"],"picked":"Backflip","floor":22},{"not_picked":["Well Laid Plans+1","Blur","Prepared"],"picked":"SKIP","floor":29}],"player_experience":307055,"relics_obtained":[{"floor":9,"key":"Vajra"},{"floor":10,"key":"Happy Flower"},{"floor":26,"key":"Bag of Marbles"}],"event_choices":[{"event_name":"Golden Idol","player_choice":"Take Wound","floor":3,"damage_taken":0},{"event_name":"FaceTrader","player_choice":"Trade","floor":11,"damage_taken":0},{"event_name":"Back to Basics","player_choice":"Simplicity","floor":24,"damage_taken":0},{"event_name":"The Mausoleum","player_choice":"Yes","floor":28,"damage_taken":0}],"boss_relics":[{"not_picked":["Eternal Feather","Calling Bell"],"picked":"Philosopher\u0027s Stone"}],"items_purged_floors":[5,14],"is_endless":false,"potions_floor_spawned":[1,4,7,12,19,22,29],"ascension_level":0}