{"gold_per_floor":[110,110,110,35,53,53,80,80,80,105,118,18,0,25,25,123,123,143,157,157,32,48,48],"floor_reached":23,"playtime":670,"items_purged":["Inflame+1","Strike_R","Strike_R"],"score":311,"play_id":"ec9e690e-67c2-49da-a94c-cd096f0a639e","local_time":"20180921220948","is_ascension_mode":true,"campfire_choices":[{"data":"Rampage","floor":6.0,"key":"SMITH"},{"data":"Shrug It Off","floor":8.0,"key":"SMITH"},{"floor":15.0,"key":"REST"}],"neow_cost":"TEN_PERCENT_HP_LOSS","seed_source_timestamp":0,"circlet_count":0,"master_deck":["Strike_R","Strike_R","Defend_R","Defend_R","Bash+1","AscendersBane","Clash","Shrug It Off+1","Rampage+1","Limit Break"],"special_seed":0,"relics":["Burning Blood","Bottled Lightning","Self Forming Clay","Darkstone Periapt","Gremlin Horn","Sozu"],"potions_floor_usage":[],"damage_taken":[{"damage":7.0,"enemies":"Small Slimes","floor":1.0,"turns":3.0},{"damage":11.0,"enemies":"Jaw Worm","floor":5.0,"turns":3.0},{"damage":15.0,"enemies":"Lagavulin","floor":7.0,"turns":5.0},{"damage":26.0,"enemies":"3 Sentries","floor":10.0,"turns":8.0},{"damage":3.0,"enemies":"2 Louse","floor":11.0,"turns":2.0},{"damage":12.0,"enemies":"Gremlin Nob","floor":14.0,"turns":4.0},{"damage":25.0,"enemies":"The Guardian","floor":16.0,"turns":8.0},{"damage":1.0,"enemies":"Chosen","floor":18.0,"turns":4.0},{"damage":16.0,"enemies":"Shell Parasite","floor":19.0,"turns":4.0},{"damage":20,"enemies":"Colosseum Slavers","floor":20,"turns":4},{"damage":27,"enemies":"Shelled Parasite and Fungi","floor":22,"turns":5},{"damage":0,"enemies":"Book of Stabbing","floor":23,"turns":1}],"seed_played":"2242453096854677185","potions_obtained":[{"floor":10.0,"key":"GamblersBrew"},{"floor":11.0,"key":"Weak Potion"},{"floor":16.0,"key":"Ancient Potion"}],"is_trial":false,"path_per_floor":["M","?","?","$","M","R","E","R","T","E","M","$","?","E","R","B",null,"M","M","?","$","M"],"character_chosen":"IRONCLAD","items_purchased":[],"campfire_rested":1,"item_purchase_floors":[],"current_hp_per_floor":[71,57,57,57,52,52,43,43,43,23,26,26,26,20,41,22,60,65,55,41,41,20,20],"gold":48,"neow_bonus":"TRANSFORM_TWO_CARDS","is_prod":false,"is_daily":false,"chose_seed":false,"campfire_upgraded":2,"win_rate":0,"timestamp":1537538988,"path_taken":["M","?","?","$","M","R","E","R","T","E","M","$","?","E","R","BOSS","M","M","?","$","M","E"],"build_version":"2018-09-20","purchased_purges":3,"victory":false,"max_hp_per_floor":[72,72,72,72,72,72,72,72,72,72,72,72,72,72,72,72,72,72,72,72,72,72,72],"card_choices":[{"not_picked":["Spot Weakness","Warcry"],"picked":"Shrug It Off","floor":1.0},{"not_picked":["Sever Soul","Heavy Blade"],"picked":"Rampage","floor":5.0},{"not_picked":["Second Wind","Dual Wield","Iron Wave"],"picked":"SKIP","floor":7.0},{"not_picked":["Armaments","Dropkick","Flame Barrier"],"picked":"SKIP","floor":10.0},{"not_picked":["Body Slam","Rampage","Carnage"],"picked":"SKIP","floor":11.0},{"not_picked":["Iron Wave","Blood for Blood","Rupture"],"picked":"SKIP","floor":14.0},{"not_picked":["Bludgeon","Fiend Fire"],"picked":"Limit Break","floor":16.0},{"not_picked":["Clothesline+1","Twin Strike+1","Body Slam"],"picked":"SKIP","floor":18.0},{"not_picked":["Twin Strike","True Grit+1","Armaments+1"],"picked":"SKIP","floor":19.0},{"not_picked":["Pummel+1","Combust","Juggernaut"],"picked":"SKIP","floor":22}],"player_experience":73865,"relics_obtained":[{"floor":7.0,"key":"Bottled Lightning"},{"floor":9.0,"key":"Self Forming Clay"},{"floor":10.0,"key":"Darkstone Periapt"},{"floor":14.0,"key":"Gremlin Horn"}],"event_choices":[{"event_name":"Shining Light","player_choice":"Entered Light","floor":2.0,"damage_taken":0.0},{"event_name":"Living Wall","player_choice":"Forget","floor":3.0,"damage_taken":0.0},{"event_name":"World of Goop","player_choice":"Left","floor":13.0,"damage_taken":0.0},{"event_name":"Colosseum","player_choice":"Fight","floor":20,"damage_taken":0},{"event_name":"Colosseum","player_choice":"Fled From Nobs","floor":20,"damage_taken":0}],"is_beta":false,"boss_relics":[{"not_picked":["Philosopher\u0027s Stone","Coffee Dripper"],"picked":"Sozu"}],"items_purged_floors":[4,12,21],"is_endless":false,"potions_floor_spawned":[10,11,16,18],"killed_by":"Book of Stabbing","ascension_level":10}