{"gold_per_floor":[111,130,130,142,160,185,185,195,195,205,205,238,26,60,60,158,158,181,181,17,42,66,66,106,106,160,160,100,114,127,170,170,261,261,285,152,166,185,185,219,219,259,259,259,196,196,219,144,144,144,144,144,144,12,51,51],"floor_reached":56,"playtime":3389,"items_purged":["Strike_G","Dagger Throw","Backflip","All Out Attack","Dagger Throw"],"score":2480,"play_id":"e26d3e52-acaa-4842-8d39-751ad2fe19a2","local_time":"20190318113316","is_ascension_mode":true,"campfire_choices":[{"data":"Deadly Poison","floor":7.0,"key":"SMITH"},{"data":"Catalyst","floor":15.0,"key":"SMITH"},{"data":"Flechettes","floor":23.0,"key":"SMITH"},{"data":"Reflex","floor":25.0,"key":"SMITH"},{"data":"Neutralize","floor":27.0,"key":"SMITH"},{"data":"Footwork","floor":32.0,"key":"SMITH"},{"data":"Grand Finale","floor":41.0,"key":"SMITH"},{"data":"Survivor","floor":44.0,"key":"SMITH"},{"floor":46.0,"key":"RECALL"},{"data":"Venomology","floor":49.0,"key":"SMITH"},{"data":"Dash","floor":53.0,"key":"SMITH"}],"neow_cost":"NONE","seed_source_timestamp":0,"circlet_count":0,"master_deck":["AscendersBane","Survivor+1","Neutralize+1","Deadly Poison+1","PiercingWail","Flechettes+1","Dash+1","Catalyst+1","Venomology+1","Storm of Steel+1","PiercingWail+1","Bane+1","Noxious Fumes","Reflex+1","Blur+1","Backflip+1","Footwork+1","Eviscerate","Endless Agony","Infinite Blades","Grand Finale+1","Acrobatics+1","Catalyst+1","Concentrate+1"],"special_seed":0,"relics":["Runic Pyramid","StoneCalendar","Matryoshka","Golden Idol","Nunchaku","Membership Card","Sundial","Astrolabe","Gambling Chip","Kunai","Toxic Egg 2","Art of War","Snake Skull","Pandora\u0027s Box","Bag of Preparation","Pear","FossilizedHelix","Question Card","Oddly Smooth Stone"],"potions_floor_usage":[56,56],"damage_taken":[{"damage":0.0,"enemies":"2 Louse","floor":1.0,"turns":3.0},{"damage":0.0,"enemies":"Small Slimes","floor":2.0,"turns":4.0},{"damage":0.0,"enemies":"Jaw Worm","floor":4.0,"turns":5.0},{"damage":0.0,"enemies":"Exordium Wildlife","floor":5.0,"turns":3.0},{"damage":20.0,"enemies":"Lagavulin","floor":6.0,"turns":12.0},{"damage":0.0,"enemies":"Blue Slaver","floor":8.0,"turns":5.0},{"damage":0.0,"enemies":"2 Fungi Beasts","floor":10.0,"turns":4.0},{"damage":1.0,"enemies":"3 Sentries","floor":12.0,"turns":7.0},{"damage":7.0,"enemies":"Gremlin Nob","floor":14.0,"turns":4.0},{"damage":0.0,"enemies":"Hexaghost","floor":16.0,"turns":9.0},{"damage":3.0,"enemies":"Shell Parasite","floor":18.0,"turns":6.0},{"damage":5.0,"enemies":"Chosen","floor":21.0,"turns":5.0},{"damage":2.0,"enemies":"3 Cultists","floor":22.0,"turns":4.0},{"damage":14.0,"enemies":"Book of Stabbing","floor":24.0,"turns":6.0},{"damage":4.0,"enemies":"Centurion and Healer","floor":29.0,"turns":6.0},{"damage":0.0,"enemies":"Shelled Parasite and Fungi","floor":30.0,"turns":7.0},{"damage":0.0,"enemies":"Gremlin Leader","floor":31.0,"turns":6.0},{"damage":0.0,"enemies":"Champ","floor":33.0,"turns":13.0},{"damage":0.0,"enemies":"3 Shapes","floor":35.0,"turns":6.0},{"damage":4.0,"enemies":"Orb Walker","floor":37.0,"turns":5.0},{"damage":0.0,"enemies":"4 Shapes","floor":38.0,"turns":7.0},{"damage":0.0,"enemies":"Giant Head","floor":40.0,"turns":6.0},{"damage":0.0,"enemies":"Reptomancer","floor":42.0,"turns":5.0},{"damage":0.0,"enemies":"Maw","floor":47.0,"turns":7.0},{"damage":0.0,"enemies":"Awakened One","floor":50.0,"turns":14.0},{"damage":38.0,"enemies":"Time Eater","floor":51.0,"turns":14.0},{"damage":50.0,"enemies":"Shield and Spear","floor":55.0,"turns":8.0},{"damage":29,"enemies":"The Heart","floor":56,"turns":5}],"seed_played":"-8142492478477651787","potions_obtained":[{"floor":1.0,"key":"SkillPotion"},{"floor":2.0,"key":"Regen Potion"},{"floor":10.0,"key":"Explosive Potion"},{"floor":12.0,"key":"Strength Potion"},{"floor":21.0,"key":"Fire Potion"}],"is_trial":false,"path_per_floor":["M","M","?","M","M","E","R","M","T","M","?","E","$","E","R","B",null,"M","?","$","M","M","R","E","R","T","R","$","M","M","E","R","B",null,"M","$","M","M","?","E","R","E","T","R","$","R","M","$","R","B","B",null,"R","$","E","B"],"character_chosen":"THE_SILENT","items_purchased":["Membership Card","Gambling Chip","Blur+1","Bag of Preparation","Catalyst+1"],"campfire_rested":0,"item_purchase_floors":[13,20,28,36,54],"current_hp_per_floor":[59,59,39,39,39,34,34,34,34,34,34,33,33,26,26,26,52,49,49,49,44,42,42,43,43,43,43,43,39,39,39,39,39,55,55,55,51,51,51,61,61,61,61,61,61,61,61,61,61,61,23,56,56,56,6,0],"gold":51,"neow_bonus":"BOSS_RELIC","is_prod":false,"is_daily":false,"chose_seed":false,"campfire_upgraded":10,"win_rate":0,"timestamp":1552879996,"path_taken":["M","M","?","M","M","E","R","M","T","M","?","E","$","E","R","BOSS","M","?","$","M","M","R","E","R","T","R","$","M","M","E","R","BOSS","M","$","M","M","?","E","R","E","T","R","$","R","M","$","R","BOSS","BOSS","R","$","E","BOSS"],"build_version":"2019-01-23","purchased_purges":5,"victory":false,"max_hp_per_floor":[66,66,66,66,66,66,66,66,66,66,60,60,60,60,60,60,60,60,60,60,60,60,60,60,60,60,60,60,60,60,60,60,60,60,60,60,60,60,57,67,67,67,67,67,67,67,67,67,67,67,67,67,67,67,67,67],"card_choices":[{"not_picked":["Endless Agony","Slice"],"picked":"Deadly Poison","floor":1.0},{"not_picked":["Dodge and Roll","PiercingWail","Underhanded Strike"],"picked":"SKIP","floor":2.0},{"not_picked":["Dodge and Roll","Underhanded Strike"],"picked":"PiercingWail","floor":2.0},{"not_picked":["Poisoned Stab","Dagger Spray"],"picked":"Backflip","floor":4.0},{"not_picked":["Accuracy","Dagger Throw","Distraction"],"picked":"SKIP","floor":5.0},{"not_picked":["Accuracy","Distraction"],"picked":"Dagger Throw","floor":5.0},{"not_picked":["Choke","Sucker Punch","Quick Slash"],"picked":"SKIP","floor":6.0},{"not_picked":["Endless Agony","Flying Knee","Storm of Steel"],"picked":"SKIP","floor":8.0},{"not_picked":["All Out Attack","Deadly Poison"],"picked":"Flechettes","floor":10.0},{"not_picked":["Dash","Prepared","Deadly Poison"],"picked":"SKIP","floor":12.0},{"not_picked":["Prepared","Deadly Poison"],"picked":"Dash","floor":12.0},{"not_picked":["Acrobatics","Night Terror"],"picked":"Catalyst","floor":14.0},{"not_picked":["Die Die Die","Unload"],"picked":"Venomology","floor":16.0},{"not_picked":["Well Laid Plans","Dagger Throw","Escape Plan"],"picked":"SKIP","floor":18.0},{"not_picked":["Outmaneuver","Accuracy","Poisoned Stab"],"picked":"SKIP","floor":21.0},{"not_picked":["Crippling Poison","Slice+1","Noxious Fumes"],"picked":"SKIP","floor":22.0},{"not_picked":["Crippling Poison","Slice+1"],"picked":"Noxious Fumes","floor":22.0},{"not_picked":["Bane+1","Outmaneuver"],"picked":"Reflex","floor":24.0},{"not_picked":["Backflip+1","Outmaneuver+1","Slice"],"picked":"SKIP","floor":29.0},{"not_picked":["Outmaneuver+1","Slice"],"picked":"Backflip+1","floor":29.0},{"not_picked":["Acrobatics+1","Backflip+1"],"picked":"Footwork","floor":30.0},{"not_picked":["Slice","Dodge and Roll+1","Masterful Stab"],"picked":"SKIP","floor":31.0},{"not_picked":["Bane","Quick Slash"],"picked":"Acrobatics+1","floor":35.0},{"not_picked":["Choke","Grand Finale","Finisher+1"],"picked":"SKIP","floor":37.0},{"not_picked":["Poisoned Stab","Noxious Fumes+1","Expertise+1"],"picked":"SKIP","floor":38.0},{"not_picked":["Quick Slash+1","Backflip+1","All Out Attack"],"picked":"SKIP","floor":40.0},{"not_picked":["Quick Slash+1","Backflip+1","All Out Attack"],"picked":"SKIP","floor":40.0},{"not_picked":["A Thousand Cuts","Accuracy","PiercingWail+1"],"picked":"SKIP","floor":42.0},{"not_picked":["Sucker Punch+1","Underhanded Strike","Footwork","Dodge and Roll+1"],"picked":"SKIP","floor":47.0},{"not_picked":["Underhanded Strike","All Out Attack","Flying Knee"],"picked":"Concentrate+1","floor":55.0}],"player_experience":3673703,"relics_obtained":[{"floor":6.0,"key":"StoneCalendar"},{"floor":9.0,"key":"Matryoshka"},{"floor":12.0,"key":"Nunchaku"},{"floor":14.0,"key":"Sundial"},{"floor":24.0,"key":"Kunai"},{"floor":26.0,"key":"Toxic Egg 2"},{"floor":26.0,"key":"Art of War"},{"floor":31.0,"key":"Snake Skull"},{"floor":40.0,"key":"Pear"},{"floor":42.0,"key":"FossilizedHelix"},{"floor":43.0,"key":"Question Card"},{"floor":55.0,"key":"Oddly Smooth Stone"}],"event_choices":[{"damage_healed":0.0,"max_hp_gain":0.0,"max_hp_loss":0.0,"gold_gain":0.0,"event_name":"Shining Light","player_choice":"Entered Light","floor":3.0,"gold_loss":0.0,"damage_taken":20.0,"cards_upgraded":["Defend_G","Defend_G"]},{"damage_healed":0.0,"max_hp_gain":0.0,"max_hp_loss":6.0,"gold_gain":0.0,"event_name":"Golden Idol","player_choice":"Lose Max HP","floor":11.0,"gold_loss":0.0,"damage_taken":0.0,"relics_obtained":["Golden Idol"]},{"damage_healed":0.0,"max_hp_gain":0.0,"max_hp_loss":0.0,"gold_gain":0.0,"event_name":"Vampires","player_choice":"Ignored","floor":19.0,"gold_loss":0.0,"damage_taken":0.0},{"damage_healed":0.0,"max_hp_gain":0.0,"max_hp_loss":3.0,"gold_gain":0.0,"event_name":"Winding Halls","player_choice":"Max HP","floor":39.0,"gold_loss":0.0,"damage_taken":0.0}],"is_beta":false,"boss_relics":[{"not_picked":["Busted Crown","Runic Dome"],"picked":"Astrolabe"},{"not_picked":["WristBlade","Snecko Eye"],"picked":"Pandora\u0027s Box"}],"items_purged_floors":[28,36,45,48,54],"is_endless":false,"potions_floor_spawned":[1,2,10,12,21,24,30,31,35,37,38],"killed_by":"The Heart","ascension_level":20}