{"gold_per_floor":[111,111,261,261,285,285,27,27,27,27,27,67,67,88,88,187,187,210,0,23,37,37,73,73,73,121,121,141,161,161,179,179,268,268,292,306,91,115,115,115,155,155,202,46,60,84,1,1,1,1,1,1,1,1,45,45],"floor_reached":56,"playtime":1885,"items_purged":["Strike_B","Strike_B+1"],"score":2007,"play_id":"1248d660-5ad7-48f0-bb69-9b69dd292e4e","local_time":"20190329053113","is_ascension_mode":true,"campfire_choices":[{"data":"Defragment","floor":6.0,"key":"SMITH"},{"data":"Defragment","floor":8.0,"key":"SMITH"},{"data":"Zap","floor":10.0,"key":"SMITH"},{"floor":15.0,"key":"REST"},{"data":"Loop","floor":25.0,"key":"SMITH"},{"data":"Capacitor","floor":30.0,"key":"SMITH"},{"data":"Fission","floor":32.0,"key":"SMITH"},{"data":"Hologram","floor":40.0,"key":"SMITH"},{"floor":49.0,"key":"RECALL"},{"data":"Impatience","floor":53.0,"key":"SMITH"}],"neow_cost":"NONE","seed_source_timestamp":62489553705888,"circlet_count":0,"master_deck":["AscendersBane","Defend_B+1","Defend_B+1","Defend_B+1","Defend_B+1","Zap+1","Dualcast+1","Defragment+1","FTL+1","Defragment+1","Ball Lightning+1","Reinforced Body+1","Rainbow+1","Loop+1","Capacitor+1","Cold Snap+1","Echo Form+1","Reinforced Body+1","Fission+1","Turbo+1","Multi-Cast+1","Chaos+1","Hologram+1","Capacitor+1","Double Energy+1","Impatience+1"],"special_seed":0,"relics":["Cracked Core","Boot","Golden Idol","Pear","DataDisk","Unceasing Top","Turnip","Empty Cage","Chemical X","Pen Nib","Bronze Scales","Busted Crown","Bag of Preparation","Mark of the Bloom","Ancient Tea Set","Centennial Puzzle"],"potions_floor_usage":[56],"damage_taken":[{"damage":5.0,"enemies":"Small Slimes","floor":1.0,"turns":3.0},{"damage":1.0,"enemies":"2 Louse","floor":5.0,"turns":2.0},{"damage":20.0,"enemies":"Lagavulin","floor":12.0,"turns":6.0},{"damage":12.0,"enemies":"Jaw Worm","floor":14.0,"turns":3.0},{"damage":19.0,"enemies":"The Guardian","floor":16.0,"turns":8.0},{"damage":18.0,"enemies":"2 Thieves","floor":18.0,"turns":4.0},{"damage":13.0,"enemies":"Spheric Guardian","floor":20.0,"turns":4.0},{"damage":6.0,"enemies":"Cultist and Chosen","floor":21.0,"turns":7.0},{"damage":7.0,"enemies":"Gremlin Leader","floor":23.0,"turns":8.0},{"damage":5.0,"enemies":"Centurion and Healer","floor":28.0,"turns":6.0},{"damage":10.0,"enemies":"Shelled Parasite and Fungi","floor":29.0,"turns":6.0},{"damage":4.0,"enemies":"3 Cultists","floor":31.0,"turns":5.0},{"damage":0.0,"enemies":"Champ","floor":33.0,"turns":8.0},{"damage":1.0,"enemies":"Orb Walker","floor":35.0,"turns":2.0},{"damage":13.0,"enemies":"3 Shapes","floor":36.0,"turns":4.0},{"damage":9.0,"enemies":"Spire Growth","floor":38.0,"turns":6.0},{"damage":0.0,"enemies":"Nemesis","floor":41.0,"turns":5.0},{"damage":0.0,"enemies":"Maw","floor":45.0,"turns":6.0},{"damage":0.0,"enemies":"Donu and Deca","floor":50.0,"turns":7.0},{"damage":4.0,"enemies":"Awakened One","floor":51.0,"turns":8.0},{"damage":1.0,"enemies":"Shield and Spear","floor":55.0,"turns":5.0},{"damage":8,"enemies":"The Heart","floor":56,"turns":3}],"seed_played":"-6359414451130388182","potions_obtained":[{"floor":1.0,"key":"Explosive Potion"},{"floor":12.0,"key":"PowerPotion"},{"floor":14.0,"key":"PowerPotion"},{"floor":20.0,"key":"Fire Potion"},{"floor":21.0,"key":"Block Potion"},{"floor":28.0,"key":"Regen Potion"},{"floor":31.0,"key":"Fruit Juice"},{"floor":38.0,"key":"SkillPotion"},{"floor":45.0,"key":"Fruit Juice"}],"is_trial":false,"path_per_floor":["M","?","?","?","M","R","$","R","T","R","$","E","?","M","R","B",null,"M","$","M","M","?","E","$","R","T","?","M","M","R","M","R","B",null,"M","M","$","M","?","R","E","?","T","$","M","T","$","?","R","B","B",null,"R","$","E","B"],"character_chosen":"DEFECT","items_purchased":["DataDisk","Defragment","Chemical X","Hologram","Capacitor","Block Potion","GamblersBrew"],"campfire_rested":1,"item_purchase_floors":[7,7,19,37,37,44,47],"current_hp_per_floor":[59,59,59,43,42,42,42,42,42,42,42,22,22,10,32,13,59,41,41,28,22,22,15,15,15,15,15,10,15,15,16,16,16,63,62,49,49,40,40,40,40,40,40,40,40,40,40,35,35,35,31,31,31,31,30,22],"gold":45,"neow_bonus":"RANDOM_COMMON_RELIC","is_prod":false,"is_daily":false,"chose_seed":false,"campfire_upgraded":8,"win_rate":0,"timestamp":1553808673,"path_taken":["M","?","?","?","M","R","$","R","T","R","?","E","?","M","R","BOSS","M","$","M","M","?","E","?","R","T","?","M","?","R","M","R","BOSS","M","?","$","M","?","R","E","?","T","$","?","?","?","?","R","BOSS","BOSS","R","$","E","BOSS"],"build_version":"2019-01-23","purchased_purges":2,"victory":false,"max_hp_per_floor":[71,64,64,74,74,74,74,74,74,74,74,74,74,74,74,74,74,74,74,74,74,74,74,74,74,74,74,74,74,74,79,79,79,79,79,79,79,79,79,79,79,79,79,79,79,79,84,84,84,84,84,84,84,84,84,84],"card_choices":[{"not_picked":["Go for the Eyes","Conserve Battery"],"picked":"Defragment","floor":1.0},{"not_picked":["Beam Cell","Aggregate"],"picked":"FTL","floor":5.0},{"not_picked":["Go for the Eyes","Hyperbeam"],"picked":"Ball Lightning","floor":12.0},{"not_picked":["Sweeping Beam","Compile Driver"],"picked":"Reinforced Body","floor":14.0},{"not_picked":["Thunder Strike","Reboot"],"picked":"Rainbow","floor":16.0},{"not_picked":["Ball Lightning","Barrage"],"picked":"Loop","floor":18.0},{"not_picked":["Coolheaded","Streamline"],"picked":"Capacitor","floor":20.0},{"not_picked":["Beam Cell","Melter"],"picked":"Cold Snap","floor":21.0},{"not_picked":["Skim","Sunder"],"picked":"Reinforced Body","floor":23.0},{"not_picked":["Coolheaded+1","Sweeping Beam"],"picked":"Fission","floor":28.0},{"not_picked":["Blizzard","Storm+1"],"picked":"Turbo+1","floor":29.0},{"not_picked":["Stack","Leap","Gash"],"picked":"SKIP","floor":31.0},{"not_picked":["Creative AI","All For One"],"picked":"Multi-Cast","floor":33.0},{"not_picked":["Steam+1"],"picked":"SKIP","floor":35.0},{"not_picked":[],"picked":"Chaos","floor":36.0},{"not_picked":["Go for the Eyes"],"picked":"SKIP","floor":38.0},{"not_picked":["Gash"],"picked":"SKIP","floor":41.0},{"not_picked":[],"picked":"Double Energy+1","floor":45.0},{"not_picked":[],"picked":"Impatience","floor":48.0},{"not_picked":["Stack+1"],"picked":"SKIP","floor":55.0}],"player_experience":3931744,"relics_obtained":[{"floor":9.0,"key":"Unceasing Top"},{"floor":12.0,"key":"Turnip"},{"floor":23.0,"key":"Pen Nib"},{"floor":26.0,"key":"Bronze Scales"},{"floor":41.0,"key":"Bag of Preparation"},{"floor":46.0,"key":"Ancient Tea Set"},{"floor":55.0,"key":"Centennial Puzzle"}],"event_choices":[{"damage_healed":0.0,"max_hp_gain":0.0,"max_hp_loss":7.0,"gold_gain":0.0,"event_name":"Golden Idol","player_choice":"Lose Max HP","floor":2.0,"gold_loss":0.0,"damage_taken":0.0,"relics_obtained":["Golden Idol"]},{"damage_healed":0.0,"max_hp_gain":0.0,"max_hp_loss":0.0,"gold_gain":150.0,"event_name":"Liars Game","player_choice":"AGREE","floor":3.0,"gold_loss":0.0,"damage_taken":0.0,"cards_obtained":["Doubt"]},{"damage_healed":0.0,"max_hp_gain":0.0,"max_hp_loss":0.0,"gold_gain":0.0,"event_name":"Scrap Ooze","player_choice":"Success","floor":4.0,"gold_loss":0.0,"damage_taken":26.0,"relics_obtained":["Pear"]},{"damage_healed":0.0,"max_hp_gain":0.0,"max_hp_loss":0.0,"gold_gain":0.0,"event_name":"Shining Light","player_choice":"Ignored","floor":13.0,"gold_loss":0.0,"damage_taken":0.0},{"damage_healed":0.0,"max_hp_gain":0.0,"max_hp_loss":0.0,"gold_gain":0.0,"cards_transformed":["Strike_B"],"event_name":"Transmorgrifier","player_choice":"Transformed","floor":22.0,"gold_loss":0.0,"damage_taken":0.0,"cards_obtained":["Echo Form"]},{"damage_healed":0.0,"max_hp_gain":0.0,"max_hp_loss":0.0,"gold_gain":0.0,"event_name":"Vampires","player_choice":"Ignored","floor":27.0,"gold_loss":0.0,"damage_taken":0.0},{"damage_healed":0.0,"max_hp_gain":0.0,"max_hp_loss":0.0,"gold_gain":0.0,"event_name":"Mysterious Sphere","player_choice":"Ignored","floor":39.0,"gold_loss":0.0,"damage_taken":0.0},{"damage_healed":0.0,"max_hp_gain":0.0,"max_hp_loss":0.0,"gold_gain":0.0,"event_name":"MindBloom","player_choice":"Upgrade","floor":42.0,"gold_loss":0.0,"damage_taken":0.0,"cards_upgraded":["Strike_B","Defend_B","Defend_B","Defend_B","Defend_B","Dualcast","FTL","Ball Lightning","Reinforced Body","Rainbow","Cold Snap","Echo Form","Reinforced Body","Multi-Cast","Chaos","Capacitor"],"relics_obtained":["Mark of the Bloom"]},{"damage_healed":0.0,"max_hp_gain":0.0,"max_hp_loss":0.0,"gold_gain":0.0,"event_name":"SensoryStone","player_choice":"Memory 2","floor":48.0,"gold_loss":0.0,"damage_taken":5.0}],"is_beta":false,"boss_relics":[{"not_picked":["Nuclear Battery","Black Star"],"picked":"Empty Cage"},{"not_picked":["Orrery","Eternal Feather"],"picked":"Busted Crown"}],"items_purged_floors":[37,44],"is_endless":false,"potions_floor_spawned":[1,12,14,16,20,21,28,31,38,45],"killed_by":"The Heart","ascension_level":20}