{"gold_per_floor":[115,131,147,162,48,48,78,78,78,91,91,91,52,83,83,155,155,172,92,36,47,47,47,73,73,120,120,138,138,150,166,166,166],"floor_reached":33,"playtime":1372,"items_purged":["Strike_B"],"score":550,"play_id":"e15d0856-5fb0-4784-b836-89c8d8825aec","local_time":"20190210095718","is_ascension_mode":true,"campfire_choices":[{"data":"Defragment","floor":6.0,"key":"SMITH"},{"data":"Dualcast","floor":8.0,"key":"SMITH"},{"data":"Coolheaded","floor":11.0,"key":"SMITH"},{"data":"Loop","floor":15.0,"key":"SMITH"},{"data":"Biased Cognition","floor":23.0,"key":"SMITH"},{"data":"Zap","floor":27.0,"key":"SMITH"},{"data":"Ghostly","floor":29.0,"key":"SMITH"},{"data":"Consume","floor":32.0,"key":"SMITH"}],"neow_cost":"NONE","seed_source_timestamp":3529623141581,"circlet_count":0,"master_deck":["AscendersBane","Strike_B+1","Strike_B+1","Defend_B","Defend_B","Zap+1","Dualcast+1","Coolheaded+1","Defragment+1","Undo","Double Energy","Rip and Tear","Amplify","Double Energy","Loop+1","Genetic Algorithm","Biased Cognition+1","Conserve Battery","Ghostly","Ghostly+1","Ghostly","Seek","Leap","Reinforced Body","Reprogram+1","Consume+1","Heatsinks"],"special_seed":0,"relics":["Cracked Core","Whetstone","Girya","Question Card","Blue Candle","Inserter","Kunai","Potion Belt"],"potions_floor_usage":[33],"damage_taken":[{"damage":0.0,"enemies":"2 Louse","floor":1.0,"turns":2.0},{"damage":0.0,"enemies":"Cultist","floor":2.0,"turns":4.0},{"damage":4.0,"enemies":"Small Slimes","floor":3.0,"turns":3.0},{"damage":0.0,"enemies":"2 Fungi Beasts","floor":4.0,"turns":3.0},{"damage":17.0,"enemies":"3 Sentries","floor":7.0,"turns":9.0},{"damage":0.0,"enemies":"Exordium Wildlife","floor":10.0,"turns":2.0},{"damage":6.0,"enemies":"Gremlin Nob","floor":14.0,"turns":3.0},{"damage":26.0,"enemies":"Slime Boss","floor":16.0,"turns":8.0},{"damage":0.0,"enemies":"Chosen","floor":18.0,"turns":3.0},{"damage":22.0,"enemies":"2 Thieves","floor":19.0,"turns":4.0},{"damage":19.0,"enemies":"Centurion and Healer","floor":21.0,"turns":9.0},{"damage":11.0,"enemies":"Gremlin Leader","floor":24.0,"turns":7.0},{"damage":0.0,"enemies":"Snecko","floor":28.0,"turns":12.0},{"damage":0.0,"enemies":"Cultist and Chosen","floor":30.0,"turns":5.0},{"damage":2.0,"enemies":"Shelled Parasite and Fungi","floor":31.0,"turns":5.0},{"damage":14,"enemies":"Collector","floor":33,"turns":3}],"seed_played":"-6731779153241125446","potions_obtained":[{"floor":2.0,"key":"Fire Potion"},{"floor":14.0,"key":"Ancient Potion"},{"floor":16.0,"key":"Dexterity Potion"},{"floor":18.0,"key":"Regen Potion"},{"floor":24.0,"key":"FearPotion"},{"floor":30.0,"key":"SkillPotion"}],"is_trial":false,"path_per_floor":["M","M","M","M","$","R","E","R","T","M","R","?","$","E","R","B",null,"M","M","$","M","?","R","E","?","T","R","M","R","M","M","R","B"],"character_chosen":"DEFECT","items_purchased":["Rip and Tear","Loop","AttackPotion"],"campfire_rested":0,"item_purchase_floors":[5,13,20],"current_hp_per_floor":[64,64,60,60,60,60,43,43,43,43,43,43,43,37,37,11,56,56,48,48,29,29,29,18,18,18,18,18,18,18,16,16,2],"gold":166,"neow_bonus":"RANDOM_COMMON_RELIC","is_prod":false,"is_daily":false,"chose_seed":false,"campfire_upgraded":8,"win_rate":0,"timestamp":1549763838,"path_taken":["M","M","M","M","$","R","E","R","T","M","R","?","?","E","R","BOSS","M","M","$","M","?","R","E","?","T","R","M","R","M","M","R","BOSS"],"build_version":"2019-01-23","purchased_purges":1,"victory":false,"max_hp_per_floor":[71,71,71,71,71,71,71,71,71,71,71,71,71,71,71,71,71,71,71,71,71,35,35,35,35,35,35,35,35,35,35,35,35],"card_choices":[{"not_picked":["Sweeping Beam","Barrage"],"picked":"Coolheaded","floor":1.0},{"not_picked":["Redo","Streamline"],"picked":"Defragment","floor":2.0},{"not_picked":["White Noise","Redo"],"picked":"Undo","floor":3.0},{"not_picked":["Gash","Hologram"],"picked":"Double Energy","floor":4.0},{"not_picked":["Rip and Tear","Rebound"],"picked":"Amplify","floor":7.0},{"not_picked":["Steam","Cold Snap","Coolheaded"],"picked":"Double Energy","floor":10.0},{"not_picked":["Rebound","Streamline","Cold Snap"],"picked":"Genetic Algorithm","floor":14.0},{"not_picked":["Thunder Strike","Hyperbeam","Meteor Strike"],"picked":"Biased Cognition","floor":16.0},{"not_picked":["Fusion","Blizzard","Sweeping Beam+1","Reprogram"],"picked":"SKIP","floor":18.0},{"not_picked":["Barrage","Cold Snap","Doom and Gloom"],"picked":"Conserve Battery","floor":19.0},{"not_picked":["Cold Snap","Streamline","Gash","Compile Driver+1"],"picked":"SKIP","floor":21.0},{"not_picked":["Streamline","Hello World","Leap"],"picked":"Seek","floor":24.0},{"not_picked":["Hologram","Heatsinks","Streamline"],"picked":"Reprogram+1","floor":28.0},{"not_picked":["Sweeping Beam","Coolheaded+1","Conserve Battery"],"picked":"Consume","floor":30.0},{"not_picked":["Loop","Hologram","Force Field"],"picked":"Heatsinks","floor":31.0}],"player_experience":2560274,"relics_obtained":[{"floor":7.0,"key":"Girya"},{"floor":9.0,"key":"Question Card"},{"floor":14.0,"key":"Blue Candle"},{"floor":24.0,"key":"Kunai"},{"floor":26.0,"key":"Potion Belt"}],"event_choices":[{"cards_removed":["Strike_B"],"damage_healed":0.0,"max_hp_gain":0.0,"max_hp_loss":0.0,"gold_gain":0.0,"event_name":"Purifier","player_choice":"Purged","floor":12.0,"gold_loss":0.0,"damage_taken":0.0},{"damage_healed":0.0,"max_hp_gain":0.0,"max_hp_loss":36.0,"gold_gain":0.0,"event_name":"Ghosts","player_choice":"Became a Ghost","floor":22.0,"gold_loss":0.0,"damage_taken":0.0,"cards_obtained":["Ghostly","Ghostly","Ghostly"]},{"damage_healed":0.0,"max_hp_gain":0.0,"max_hp_loss":0.0,"gold_gain":0.0,"cards_transformed":["Defend_B","Defend_B"],"event_name":"Drug Dealer","player_choice":"Became Test Subject","floor":25.0,"gold_loss":0.0,"damage_taken":0.0,"cards_obtained":["Leap","Reinforced Body"]}],"is_beta":false,"boss_relics":[{"not_picked":["Fusion Hammer","Philosopher\u0027s Stone"],"picked":"Inserter"}],"items_purged_floors":[5],"is_endless":false,"potions_floor_spawned":[2,14,16,18,24,30],"killed_by":"Collector","ascension_level":20}