{"gold_per_floor":[112,112,37,37,112,112,137,137,137,148,148,48,75,88,88,162,162,175,0,0,20,33,33,33,33,33,68,68,94,94,19,19,94,94,108,125,125,225,225,225,236,236,236,271,146,146,166,500,500,500,500,500,29,54,54],"floor_reached":55,"playtime":1792,"items_purged":["Strike_B","Defend_B","Defend_B","Defend_B"],"score":1377,"play_id":"970eded1-a3f1-493a-954b-5f1dab5f165a","local_time":"20181217155229","is_ascension_mode":true,"campfire_choices":[{"data":"Biased Cognition","floor":6.0,"key":"SMITH"},{"data":"Loop","floor":8.0,"key":"SMITH"},{"floor":11.0,"key":"REST"},{"data":"Zap","floor":15.0,"key":"SMITH"},{"data":"Defragment","floor":23.0,"key":"SMITH"},{"floor":28.0,"key":"REST"},{"floor":30.0,"key":"REST"},{"floor":32.0,"key":"REST"},{"floor":40.0,"key":"RECALL"},{"floor":42.0,"key":"REST"},{"floor":49.0,"key":"REST"},{"floor":52.0,"key":"REST"}],"neow_cost":"NONE","seed_source_timestamp":11916408093546,"circlet_count":0,"master_deck":["AscendersBane","Strike_B","Defend_B","Zap+1","Dualcast","Biased Cognition+1","Loop+1","Melter","Hologram","Reboot","Electrodynamics","Ball Lightning","Defragment+1","Defragment","Go for the Eyes+1","Echo Form","Self Repair","Coolheaded+1"],"special_seed":0,"relics":["Cracked Core","Bronze Scales","Ancient Tea Set","Black Star","Cables","Singing Bowl","Gambling Chip","Anchor","Kunai","Fusion Hammer","Unceasing Top","Dodecahedron","Bag of Preparation","Blood Vial","Thread and Needle","Old Coin","Emotion Chip","Centennial Puzzle","Ornamental Fan"],"potions_floor_usage":[55,55],"damage_taken":[{"damage":0.0,"enemies":"Small Slimes","floor":1.0,"turns":2.0},{"damage":27.0,"enemies":"Gremlin Nob","floor":7.0,"turns":4.0},{"damage":12.0,"enemies":"Jaw Worm","floor":10.0,"turns":2.0},{"damage":19.0,"enemies":"3 Sentries","floor":13.0,"turns":6.0},{"damage":1.0,"enemies":"2 Louse","floor":14.0,"turns":2.0},{"damage":6.0,"enemies":"The Guardian","floor":16.0,"turns":8.0},{"damage":20.0,"enemies":"Shell Parasite","floor":18.0,"turns":4.0},{"damage":0.0,"enemies":"Spheric Guardian","floor":21.0,"turns":2.0},{"damage":10.0,"enemies":"Snecko","floor":22.0,"turns":4.0},{"damage":0.0,"enemies":"Book of Stabbing","floor":24.0,"turns":1.0},{"damage":25.0,"enemies":"Gremlin Leader","floor":27.0,"turns":4.0},{"damage":27.0,"enemies":"Slavers","floor":29.0,"turns":2.0},{"damage":38.0,"enemies":"Automaton","floor":33.0,"turns":6.0},{"damage":12.0,"enemies":"3 Darklings","floor":35.0,"turns":3.0},{"damage":13.0,"enemies":"Orb Walker","floor":36.0,"turns":3.0},{"damage":5.0,"enemies":"Mind Bloom Boss Battle","floor":38.0,"turns":6.0},{"damage":18.0,"enemies":"4 Shapes","floor":41.0,"turns":3.0},{"damage":30.0,"enemies":"Giant Head","floor":44.0,"turns":8.0},{"damage":9.0,"enemies":"Maw","floor":47.0,"turns":6.0},{"damage":32.0,"enemies":"Nemesis","floor":48.0,"turns":7.0},{"damage":58.0,"enemies":"Donu and Deca","floor":50.0,"turns":4.0},{"damage":25.0,"enemies":"Shield and Spear","floor":54.0,"turns":4.0},{"damage":105,"enemies":"The Heart","floor":55,"turns":3}],"seed_played":"4145603659313888297","potions_obtained":[{"floor":1.0,"key":"Energy Potion"},{"floor":21.0,"key":"SmokeBomb"},{"floor":22.0,"key":"Poison Potion"},{"floor":36.0,"key":"LiquidBronze"},{"floor":47.0,"key":"LiquidBronze"}],"is_trial":false,"path_per_floor":["M","?","$","?","?","R","E","R","T","M","R","$","E","M","R","B",null,"M","?","?","M","M","R","E","?","T","E","R","E","R","?","R","B",null,"M","M","?","?","?","R","M","R","T","E","$","$","M","E","R","B",null,"R","$","E","B"],"character_chosen":"DEFECT","items_purchased":["Emotion Chip"],"campfire_rested":7,"item_purchase_floors":[53],"current_hp_per_floor":[64,69,69,69,58,58,31,31,31,19,41,41,22,21,21,15,61,41,41,41,41,31,31,31,31,31,6,28,1,23,23,45,7,59,47,48,48,52,52,52,50,72,72,58,58,58,67,53,77,35,70,82,82,59,0],"gold":54,"neow_bonus":"ONE_RANDOM_RARE_CARD","is_prod":false,"is_daily":false,"chose_seed":false,"campfire_upgraded":4,"win_rate":0,"timestamp":1545033149,"path_taken":["M","?","$","?","?","R","E","R","T","M","R","?","E","M","R","BOSS","M","?","?","M","M","R","E","?","T","E","R","E","R","?","R","BOSS","M","M","?","?","?","R","M","R","T","E","?","$","M","E","R","BOSS","R","$","E","BOSS"],"build_version":"2018-12-13","purchased_purges":4,"victory":false,"max_hp_per_floor":[71,76,76,76,76,76,76,76,76,76,76,76,76,76,76,76,76,76,76,76,76,76,76,76,76,76,76,76,76,76,76,76,76,76,76,76,72,74,74,74,76,76,76,78,78,78,80,82,82,82,82,82,82,84,84],"card_choices":[{"not_picked":["Genetic Algorithm","Leap"],"picked":"Loop","floor":1.0},{"not_picked":["Turbo","Sunder","Go for the Eyes"],"picked":"SKIP","floor":7.0},{"not_picked":["Tempest","BootSequence"],"picked":"Coolheaded","floor":10.0},{"not_picked":["Cold Snap","Gash"],"picked":"Hologram","floor":13.0},{"not_picked":["Compile Driver","Reprogram"],"picked":"Reboot","floor":14.0},{"not_picked":["Rainbow","Meteor Strike"],"picked":"Electrodynamics","floor":16.0},{"not_picked":["Leap","Beam Cell"],"picked":"Ball Lightning","floor":18.0},{"not_picked":["Aggregate","Gash+1","Sweeping Beam+1"],"picked":"SKIP","floor":21.0},{"not_picked":["Cold Snap","Glacier"],"picked":"Defragment","floor":22.0},{"not_picked":["Hello World","Genetic Algorithm"],"picked":"Defragment","floor":27.0},{"not_picked":["Genetic Algorithm+1","Streamline"],"picked":"Go for the Eyes+1","floor":29.0},{"not_picked":["Buffer","Reboot"],"picked":"Echo Form","floor":33.0},{"not_picked":["Undo","Streamline+1"],"picked":"Self Repair","floor":35.0},{"not_picked":["Leap","Ball Lightning"],"picked":"Coolheaded+1","floor":36.0},{"not_picked":["Turbo","Gash","Conserve Battery"],"picked":"Singing Bowl","floor":38.0},{"not_picked":["Rebound","Ball Lightning","Cold Snap"],"picked":"Singing Bowl","floor":41.0},{"not_picked":["Aggregate","Turbo","Gash"],"picked":"Singing Bowl","floor":44.0},{"not_picked":["Compile Driver","Heatsinks+1","Turbo"],"picked":"Singing Bowl","floor":47.0},{"not_picked":["Static Discharge","Amplify","Gash"],"picked":"Singing Bowl","floor":48.0},{"not_picked":["Leap","Auto Shields+1","BootSequence+1"],"picked":"Singing Bowl","floor":54.0}],"player_experience":1311252,"relics_obtained":[{"floor":7.0,"key":"Bronze Scales"},{"floor":13.0,"key":"Ancient Tea Set"},{"floor":26.0,"key":"Cables"},{"floor":27.0,"key":"Singing Bowl"},{"floor":27.0,"key":"Gambling Chip"},{"floor":29.0,"key":"Anchor"},{"floor":29.0,"key":"Kunai"},{"floor":38.0,"key":"Unceasing Top"},{"floor":43.0,"key":"Dodecahedron"},{"floor":44.0,"key":"Bag of Preparation"},{"floor":44.0,"key":"Blood Vial"},{"floor":48.0,"key":"Thread and Needle"},{"floor":48.0,"key":"Old Coin"},{"floor":54.0,"key":"Centennial Puzzle"},{"floor":54.0,"key":"Ornamental Fan"}],"event_choices":[{"damage_healed":0.0,"max_hp_gain":5.0,"max_hp_loss":0.0,"gold_gain":0.0,"event_name":"Big Fish","player_choice":"Donut","floor":2.0,"gold_loss":0.0,"damage_taken":0.0},{"damage_healed":0.0,"max_hp_gain":0.0,"max_hp_loss":0.0,"gold_gain":0.0,"cards_transformed":["Strike_B"],"event_name":"Living Wall","player_choice":"Change","floor":4.0,"gold_loss":0.0,"damage_taken":0.0,"cards_obtained":["Melter"]},{"damage_healed":0.0,"max_hp_gain":0.0,"max_hp_loss":0.0,"gold_gain":75.0,"event_name":"World of Goop","player_choice":"Gather Gold","floor":5.0,"gold_loss":0.0,"damage_taken":11.0},{"damage_healed":0.0,"max_hp_gain":0.0,"max_hp_loss":0.0,"gold_gain":0.0,"event_name":"Masked Bandits","player_choice":"Paid Fearfully","floor":19.0,"gold_loss":175.0,"damage_taken":0.0},{"damage_healed":0.0,"max_hp_gain":0.0,"max_hp_loss":0.0,"gold_gain":0.0,"event_name":"Vampires","player_choice":"Ignored","floor":25.0,"gold_loss":0.0,"damage_taken":0.0},{"cards_removed":["Strike_B"],"damage_healed":0.0,"max_hp_gain":0.0,"max_hp_loss":0.0,"gold_gain":0.0,"event_name":"Beggar","player_choice":"Gave Gold","floor":31.0,"gold_loss":75.0,"damage_taken":0.0},{"damage_healed":0.0,"max_hp_gain":0.0,"max_hp_loss":4.0,"gold_gain":0.0,"event_name":"Winding Halls","player_choice":"Max HP","floor":37.0,"gold_loss":0.0,"damage_taken":0.0},{"damage_healed":0.0,"max_hp_gain":0.0,"max_hp_loss":0.0,"gold_gain":0.0,"event_name":"MindBloom","player_choice":"Fight","floor":38.0,"gold_loss":0.0,"damage_taken":0.0},{"cards_removed":["Coolheaded"],"damage_healed":0.0,"max_hp_gain":0.0,"max_hp_loss":0.0,"gold_gain":0.0,"event_name":"Falling","player_choice":"Removed Skill","floor":39.0,"gold_loss":0.0,"damage_taken":0.0}],"is_beta":false,"boss_relics":[{"not_picked":["Orrery","Ectoplasm"],"picked":"Black Star"},{"not_picked":["Empty Cage","Snecko Eye"],"picked":"Fusion Hammer"}],"items_purged_floors":[3,12,45,53],"is_endless":false,"potions_floor_spawned":[1,21,22,36,47,48],"killed_by":"The Heart","ascension_level":16}