{"gold_per_floor":[110,110,125,7,20,20,32,32,58,58,58],"floor_reached":11,"playtime":324,"items_purged":["Strike_B"],"score":126,"play_id":"77c28203-a21c-4f6b-984f-82fb2ee8d234","local_time":"20190101011315","is_ascension_mode":true,"campfire_choices":[{"data":"Defragment","floor":6,"key":"SMITH"},{"data":"Coolheaded","floor":10,"key":"SMITH"}],"neow_cost":"NONE","seed_source_timestamp":50946926664620,"circlet_count":0,"master_deck":["AscendersBane","Strike_B+1","Strike_B","Strike_B","Defend_B+1","Defend_B+1","Defend_B","Defend_B","Zap","Dualcast","Coolheaded+1","Defragment+1","Gash","Chill+1"],"relics":["Black Star","War Paint"],"potions_floor_usage":[],"damage_taken":[{"damage":4,"enemies":"Jaw Worm","floor":1,"turns":6},{"damage":8,"enemies":"Small Slimes","floor":3,"turns":5},{"damage":6,"enemies":"2 Louse","floor":5,"turns":5},{"damage":7,"enemies":"Large Slime","floor":7,"turns":9},{"damage":0,"enemies":"Gremlin Gang","floor":11,"turns":3}],"seed_played":"-1180237789869180260","potions_obtained":[{"floor":5,"key":"Weak Potion"},{"floor":7,"key":"SpeedPotion"}],"is_trial":false,"path_per_floor":["M","?","M","$","M","R","M","?","T","R","M"],"character_chosen":"DEFECT","items_purchased":["Defragment"],"campfire_rested":0,"item_purchase_floors":[4],"current_hp_per_floor":[60,65,57,57,51,51,44,21,21,21,21],"gold":58,"neow_bonus":"BOSS_RELIC","is_prod":false,"is_daily":false,"chose_seed":false,"campfire_upgraded":2,"win_rate":0,"timestamp":1546276395,"path_taken":["M","?","M","$","M","R","M","?","T","R","M"],"build_version":"2018-12-20","purchased_purges":1,"victory":false,"max_hp_per_floor":[71,76,76,76,76,76,76,76,76,76,76],"card_choices":[{"not_picked":["Leap","Auto Shields"],"picked":"Coolheaded","floor":1},{"not_picked":["Barrage","Cold Snap","Rebound"],"picked":"SKIP","floor":3},{"not_picked":["Go for the Eyes","Lockon"],"picked":"Gash","floor":5},{"not_picked":["Compile Driver","Beam Cell"],"picked":"Chill","floor":7}],"player_experience":1630340,"relics_obtained":[{"floor":9,"key":"War Paint"}],"event_choices":[{"damage_healed":0,"gold_gain":0,"player_choice":"Donut","damage_taken":0,"max_hp_gain":5,"max_hp_loss":0,"event_name":"Big Fish","floor":2,"gold_loss":0},{"damage_healed":0,"gold_gain":0,"player_choice":"Entered Light","damage_taken":23,"max_hp_gain":0,"max_hp_loss":0,"event_name":"Shining Light","floor":8,"gold_loss":0,"cards_upgraded":["Defend_B","Strike_B"]}],"is_beta":false,"boss_relics":[],"items_purged_floors":[4],"is_endless":false,"potions_floor_spawned":[5,7],"killed_by":"Gremlin Gang","ascension_level":20}