{"gold_per_floor":[114,130,305,305,45,71,71,91,117,117,148,148,178,194,194,293,293,311,148,148,148,158,158,190,9,9,9,19,19,19,19,19,119,119,134,134,148,148,168,198,215,215,215,233,233,245,257,267,267,267],"floor_reached":50,"playtime":3558,"items_purged":["Doubt"],"score":873,"play_id":"637bd0d5-ff31-4008-8e10-0374f00ac444","local_time":"20190728000616","is_ascension_mode":true,"campfire_choices":[{"data":"Mind Blast","floor":7,"key":"SMITH"},{"data":"Flame Barrier","floor":10,"key":"SMITH"},{"data":"Fiend Fire","floor":12,"key":"SMITH"},{"data":"True Grit","floor":15,"key":"SMITH"},{"data":"Flame Barrier","floor":23,"key":"SMITH"},{"floor":27,"key":"DIG"},{"floor":29,"key":"DIG"},{"floor":32,"key":"REST"},{"floor":42,"key":"DIG"},{"floor":45,"key":"DIG"},{"floor":49,"key":"DIG"}],"neow_cost":"NONE","seed_source_timestamp":642814178395762,"circlet_count":0,"master_deck":["Defend_R","Defend_R","Defend_R","Defend_R","Bash","Clash+1","True Grit+1","Heavy Blade","Flame Barrier+1","Mind Blast+1","Headbutt","Shrug It Off","Reaper","Fiend Fire+1","Uppercut","Demon Form","Headbutt+1","Sentinel","Flame Barrier+1","Wild Strike","Bite","Bite","Bite","Bite","Bite","Ghostly","Ghostly","Ghostly","Ghostly","Ghostly","Uppercut+1","Shrug It Off","Impervious","Entrench+1","Offering","Shrug It Off","True Grit+1","True Grit+1","Shockwave+1","Pommel Strike+1","Thunderclap+1","Twin Strike","Flame Barrier+1","Headbutt+1"],"relics":["Burning Blood","Ancient Tea Set","Lantern","Anchor","Thread and Needle","Mark of Pain","Shovel","Vajra","Darkstone Periapt","Strawberry","Enchiridion","Sozu","Potion Belt","Blood Vial","Unceasing Top","Paper Frog","Incense Burner"],"potions_floor_usage":[6,33,33,33,33,41,50],"damage_taken":[{"damage":0,"enemies":"2 Louse","floor":1,"turns":2},{"damage":5,"enemies":"Small Slimes","floor":2,"turns":3},{"damage":30,"enemies":"Gremlin Nob","floor":6,"turns":5},{"damage":10,"enemies":"Cultist","floor":8,"turns":4},{"damage":20,"enemies":"3 Sentries","floor":11,"turns":10},{"damage":0,"enemies":"3 Louse","floor":14,"turns":2},{"damage":41,"enemies":"The Guardian","floor":16,"turns":11},{"damage":0,"enemies":"Chosen","floor":18,"turns":4},{"damage":3,"enemies":"3 Byrds","floor":22,"turns":7},{"damage":13,"enemies":"Book of Stabbing","floor":24,"turns":4},{"damage":0,"enemies":"Snecko","floor":28,"turns":5},{"damage":0,"enemies":"Collector","floor":33,"turns":8},{"damage":6,"enemies":"Orb Walker","floor":35,"turns":3},{"damage":0,"enemies":"3 Shapes","floor":37,"turns":3},{"damage":0,"enemies":"Jaw Worm Horde","floor":39,"turns":4},{"damage":13,"enemies":"Reptomancer","floor":40,"turns":4},{"damage":13,"enemies":"Sphere and 2 Shapes","floor":41,"turns":5},{"damage":6,"enemies":"Writhing Mass","floor":44,"turns":7},{"damage":1,"enemies":"Maw","floor":46,"turns":5},{"damage":14,"enemies":"Spire Growth","floor":47,"turns":3},{"damage":1,"enemies":"Transient","floor":48,"turns":5},{"damage":44,"enemies":"Awakened One","floor":50,"turns":11}],"seed_played":"2142958132861177344","potions_obtained":[{"floor":2,"key":"Weak Potion"},{"floor":16,"key":"EntropicBrew"},{"floor":22,"key":"GamblersBrew"},{"floor":28,"key":"SteroidPotion"}],"is_trial":false,"path_per_floor":["M","M","?","?","$","E","R","M","T","R","E","R","?","M","R","B",null,"M","$","?","?","M","R","E","$","T","R","M","R","?","$","R","B",null,"M","?","M","?","M","E","M","R","T","M","R","M","M","M","R","B"],"character_chosen":"IRONCLAD","items_purchased":["Flame Barrier","Mind Blast","Headbutt","Sentinel","Flame Barrier","Wild Strike","Impervious","Feel No Pain"],"campfire_rested":1,"item_purchase_floors":[5,5,5,19,19,19,25,25],"current_hp_per_floor":[78,79,79,79,79,55,55,51,51,51,49,49,49,55,55,20,65,71,71,56,28,28,28,21,21,21,21,28,35,19,19,29,35,35,35,35,35,35,35,28,34,34,34,35,35,35,27,35,35,0],"gold":267,"neow_bonus":"TRANSFORM_CARD","is_prod":false,"is_daily":false,"chose_seed":false,"campfire_upgraded":5,"win_rate":0,"timestamp":1564290376,"path_taken":["M","M","?","?","$","E","R","?","T","R","E","R","?","M","R","BOSS","M","$","?","?","M","R","E","$","T","R","M","R","?","?","R","BOSS","M","?","M","?","M","E","?","R","T","M","R","M","M","M","R","BOSS"],"build_version":"2019-07-17","purchased_purges":1,"victory":false,"max_hp_per_floor":[80,80,80,80,80,80,80,80,80,80,80,80,80,80,80,80,80,80,80,56,28,28,28,28,28,28,28,28,35,35,35,35,35,35,35,35,35,35,35,35,35,35,35,35,35,35,35,35,35,35],"card_choices":[{"not_picked":["Bloodletting","Blood for Blood"],"picked":"True Grit","floor":1},{"not_picked":["Wild Strike","Thunderclap"],"picked":"Heavy Blade","floor":2},{"not_picked":["Clothesline","Twin Strike"],"picked":"Shrug It Off","floor":6},{"not_picked":["Clash","Clothesline"],"picked":"Reaper","floor":8},{"not_picked":["Warcry","Rupture"],"picked":"Fiend Fire","floor":11},{"not_picked":["Armaments","Clash"],"picked":"Uppercut","floor":14},{"not_picked":["Juggernaut","Impervious"],"picked":"Demon Form","floor":16},{"not_picked":["Infernal Blade","Body Slam"],"picked":"Headbutt+1","floor":18},{"not_picked":["Searing Blow+1","Pommel Strike"],"picked":"Uppercut+1","floor":22},{"not_picked":["Reckless Charge+1","Armaments"],"picked":"Shrug It Off","floor":24},{"not_picked":["Infernal Blade","Bloodletting"],"picked":"Entrench+1","floor":28},{"not_picked":["Dark Embrace","Reaper"],"picked":"Offering","floor":33},{"not_picked":["Disarm","Heavy Blade"],"picked":"Shrug It Off","floor":35},{"not_picked":["Clash+1","Blood for Blood"],"picked":"True Grit+1","floor":37},{"not_picked":["Rampage+1","Spot Weakness"],"picked":"True Grit+1","floor":39},{"not_picked":["True Grit+1","Twin Strike+1"],"picked":"Shockwave+1","floor":40},{"not_picked":["Armaments+1","Flame Barrier+1"],"picked":"Pommel Strike+1","floor":41},{"not_picked":["Infernal Blade","Blood for Blood+1"],"picked":"Thunderclap+1","floor":44},{"not_picked":["Hemokinesis","True Grit"],"picked":"Twin Strike","floor":46},{"not_picked":["Pommel Strike","Power Through"],"picked":"Flame Barrier+1","floor":47},{"not_picked":["Shockwave","Searing Blow+1"],"picked":"Headbutt+1","floor":48}],"player_experience":354983,"relics_obtained":[{"floor":6,"key":"Ancient Tea Set"},{"floor":9,"key":"Lantern"},{"floor":11,"key":"Anchor"},{"floor":24,"key":"Shovel"},{"floor":26,"key":"Vajra"},{"floor":27,"key":"Darkstone Periapt"},{"floor":29,"key":"Strawberry"},{"floor":30,"key":"Enchiridion"},{"floor":40,"key":"Potion Belt"},{"floor":42,"key":"Blood Vial"},{"floor":43,"key":"Unceasing Top"},{"floor":45,"key":"Paper Frog"},{"floor":49,"key":"Incense Burner"}],"event_choices":[{"damage_healed":0,"gold_gain":175,"player_choice":"AGREE","damage_taken":0,"max_hp_gain":0,"max_hp_loss":0,"event_name":"Liars Game","floor":3,"gold_loss":0,"cards_obtained":["Doubt"]},{"damage_healed":0,"gold_gain":0,"player_choice":"Forge","damage_taken":0,"max_hp_gain":0,"max_hp_loss":0,"event_name":"Accursed Blacksmith","floor":4,"gold_loss":0,"cards_upgraded":["Clash"]},{"damage_healed":0,"gold_gain":30,"player_choice":"Searched \u00272\u0027 times","damage_taken":0,"relics_obtained":["Thread and Needle"],"max_hp_gain":0,"max_hp_loss":0,"event_name":"Dead Adventurer","floor":13,"gold_loss":0},{"damage_healed":0,"gold_gain":0,"player_choice":"Became a vampire","damage_taken":0,"max_hp_gain":0,"max_hp_loss":24,"event_name":"Vampires","floor":20,"gold_loss":0,"cards_obtained":["Bite","Bite","Bite","Bite","Bite"]},{"damage_healed":0,"gold_gain":0,"player_choice":"Became a Ghost","damage_taken":0,"max_hp_gain":0,"max_hp_loss":28,"event_name":"Ghosts","floor":21,"gold_loss":0,"cards_obtained":["Ghostly","Ghostly","Ghostly","Ghostly","Ghostly"]},{"damage_healed":0,"gold_gain":0,"player_choice":"Obtained Book","damage_taken":16,"max_hp_gain":0,"max_hp_loss":0,"event_name":"Cursed Tome","floor":30,"gold_loss":0},{"cards_removed":["Feel No Pain"],"damage_healed":0,"gold_gain":0,"player_choice":"Removed Power","damage_taken":0,"max_hp_gain":0,"max_hp_loss":0,"event_name":"Falling","floor":36,"gold_loss":0},{"damage_healed":0,"gold_gain":0,"player_choice":"Ignored","damage_taken":0,"max_hp_gain":0,"max_hp_loss":0,"event_name":"Purifier","floor":38,"gold_loss":0}],"is_beta":false,"boss_relics":[{"not_picked":["Astrolabe","Philosopher\u0027s Stone"],"picked":"Mark of Pain"},{"not_picked":["Black Star","Snecko Eye"],"picked":"Sozu"}],"items_purged_floors":[5],"is_endless":false,"potions_floor_spawned":[2,16,22,28,40,41,46,48],"killed_by":"Awakened One","ascension_level":9}