{"gold_per_floor":[115,130,146,146,196,228,228,260,309,325,325,339,421,5,5,83,83,93,108,8,19,19,19,50,100,100,100,117,7,7],"floor_reached":30,"playtime":694,"items_purged":["Strike_B","Strike_B"],"score":516,"play_id":"d2b46c18-35bb-47ac-8cd1-59b0b103f073","local_time":"20190226234110","is_ascension_mode":true,"campfire_choices":[{"data":"Doom and Gloom","floor":7,"key":"SMITH"},{"data":"Loop","floor":15,"key":"SMITH"},{"data":"Recycle","floor":23,"key":"SMITH"},{"data":"Seek","floor":27,"key":"SMITH"}],"neow_cost":"NONE","seed_source_timestamp":790875790534555,"circlet_count":0,"master_deck":["AscendersBane","Defend_B","Defend_B","Defend_B","Defend_B","Zap","Dualcast","Doom and Gloom+1","Hologram","Ball Lightning","Steam","Loop+1","Conserve Battery","Cold Snap+1","Buffer","Recycle+1","White Noise","Seek+1","Chill+1"],"relics":["Cracked Core","NeowsBlessing","Letter Opener","Art of War","Anchor","Pen Nib","Pantograph","Torii","Coffee Dripper","Bag of Marbles","Orichalcum"],"potions_floor_usage":[8],"damage_taken":[{"damage":0,"enemies":"Cultist","floor":1,"turns":1},{"damage":0,"enemies":"Jaw Worm","floor":2,"turns":1},{"damage":0,"enemies":"Small Slimes","floor":3,"turns":1},{"damage":25,"enemies":"Lagavulin","floor":6,"turns":6},{"damage":11,"enemies":"Gremlin Nob","floor":8,"turns":3},{"damage":0,"enemies":"Blue Slaver","floor":10,"turns":3},{"damage":0,"enemies":"Gremlin Gang","floor":12,"turns":3},{"damage":25,"enemies":"The Guardian","floor":16,"turns":10},{"damage":2,"enemies":"3 Byrds","floor":18,"turns":4},{"damage":0,"enemies":"Chosen","floor":19,"turns":5},{"damage":31,"enemies":"Centurion and Healer","floor":21,"turns":9},{"damage":19,"enemies":"Gremlin Leader","floor":24,"turns":6},{"damage":6,"enemies":"Snecko","floor":28,"turns":6},{"damage":0,"enemies":"3 Cultists","floor":30,"turns":3}],"seed_played":"2510176160798594146","potions_obtained":[{"floor":6,"key":"Poison Potion"},{"floor":8,"key":"SpeedPotion"},{"floor":10,"key":"LiquidBronze"}],"is_trial":false,"path_per_floor":["M","M","M","?","?","E","R","E","T","M","?","M","T","$","R","B",null,"M","M","$","M","?","R","E","?","T","R","M","?","M"],"character_chosen":"DEFECT","items_purchased":["Torii"],"campfire_rested":0,"item_purchase_floors":[14],"current_hp_per_floor":[64,64,64,53,53,28,28,17,17,17,40,40,40,40,40,40,63,61,61,61,30,30,30,11,11,11,11,5,5,5],"gold":7,"neow_bonus":"THREE_ENEMY_KILL","is_prod":false,"is_daily":false,"chose_seed":false,"campfire_upgraded":4,"win_rate":0,"timestamp":1551195670,"path_taken":["M","?","M","?","?","E","R","E","T","?","?","M","?","$","R","BOSS","M","M","$","?","?","R","E","?","T","R","M","?","?"],"build_version":"2019-01-23","purchased_purges":2,"victory":false,"max_hp_per_floor":[71,71,71,71,71,71,71,71,71,71,71,71,71,71,71,71,71,71,71,71,71,71,71,71,71,71,71,71,71,71],"card_choices":[{"not_picked":["Leap","Rebound"],"picked":"Doom and Gloom","floor":1},{"not_picked":["Streamline","Chill"],"picked":"Hologram","floor":2},{"not_picked":["Stack","Darkness"],"picked":"Ball Lightning","floor":3},{"not_picked":["Hologram","Compile Driver"],"picked":"Steam","floor":6},{"not_picked":["Leap","Consume"],"picked":"Loop","floor":8},{"not_picked":["Go for the Eyes","Creative AI"],"picked":"Conserve Battery","floor":10},{"not_picked":["Stack","Sunder"],"picked":"Cold Snap","floor":12},{"not_picked":["Multi-Cast","Amplify"],"picked":"Buffer","floor":16},{"not_picked":["Steam","Genetic Algorithm"],"picked":"Recycle","floor":18},{"not_picked":["Steam","Streamline","Barrage"],"picked":"SKIP","floor":19},{"not_picked":["Recycle","Cold Snap"],"picked":"White Noise","floor":21},{"not_picked":["Static Discharge","FTL"],"picked":"Seek","floor":24},{"not_picked":["Leap","Turbo"],"picked":"Chill+1","floor":28}],"player_experience":1011316,"relics_obtained":[{"floor":6,"key":"Art of War"},{"floor":8,"key":"Anchor"},{"floor":9,"key":"Pen Nib"},{"floor":13,"key":"Pantograph"},{"floor":24,"key":"Bag of Marbles"},{"floor":26,"key":"Orichalcum"}],"event_choices":[{"damage_healed":0,"gold_gain":0,"player_choice":"Success","damage_taken":11,"relics_obtained":["Letter Opener"],"max_hp_gain":0,"max_hp_loss":0,"event_name":"Scrap Ooze","floor":4,"gold_loss":0},{"damage_healed":0,"gold_gain":50,"player_choice":"Pray","damage_taken":0,"max_hp_gain":0,"max_hp_loss":0,"event_name":"Golden Shrine","floor":5,"gold_loss":0},{"damage_healed":23,"gold_gain":0,"player_choice":"Banana","damage_taken":0,"max_hp_gain":0,"max_hp_loss":0,"event_name":"Big Fish","floor":11,"gold_loss":0},{"cards_removed":["Strike_B"],"damage_healed":0,"gold_gain":0,"player_choice":"Elegance","damage_taken":0,"max_hp_gain":0,"max_hp_loss":0,"event_name":"Back to Basics","floor":22,"gold_loss":0},{"damage_healed":0,"gold_gain":50,"player_choice":"Stole From Cult","damage_taken":0,"max_hp_gain":0,"max_hp_loss":0,"event_name":"Nest","floor":25,"gold_loss":0},{"cards_removed":["Strike_B"],"damage_healed":0,"gold_gain":0,"player_choice":"Upgrade and Remove","damage_taken":0,"max_hp_gain":0,"max_hp_loss":0,"event_name":"Designer","floor":29,"gold_loss":110,"cards_upgraded":["Cold Snap"]}],"is_beta":false,"boss_relics":[{"not_picked":["White Beast Statue","Lizard Tail"],"picked":"Coffee Dripper"}],"items_purged_floors":[14,20],"is_endless":false,"potions_floor_spawned":[6,8,10,12,24],"killed_by":"3 Cultists","ascension_level":20}