{"gold_per_floor":[113,124,135,135,143,166,166,190,190,203,217,245,245,258,258,323,323,335,335,335,61,61,91,104,118,139,167,7,7,16,25,25,91,91,105,115,52,52,2,27,27,57,80,92,92,92,92,121,121,121,121,121,121,6,32,32],"floor_reached":57,"playtime":3081,"items_purged":["Strike_G","Strike_G"],"score":3661,"play_id":"8316a9b4-4042-477d-bf0c-228f6bf59735","local_time":"20190129191510","is_ascension_mode":true,"campfire_choices":[{"data":"Catalyst","floor":7.0,"key":"SMITH"},{"data":"Well Laid Plans","floor":13.0,"key":"SMITH"},{"data":"Cloak And Dagger","floor":15.0,"key":"SMITH"},{"data":"Tactician","floor":29.0,"key":"SMITH"},{"data":"Catalyst","floor":32.0,"key":"SMITH"},{"data":"Burst","floor":41.0,"key":"SMITH"},{"floor":46.0,"key":"RECALL"},{"floor":49.0,"key":"REST"},{"floor":53.0,"key":"REST"}],"neow_cost":"NONE","seed_source_timestamp":28520824616682,"circlet_count":0,"master_deck":["AscendersBane","Defend_G+1","Defend_G+1","Defend_G+1","Defend_G+1","Defend_G+1","Survivor+1","Neutralize+1","Cloak And Dagger+1","Well Laid Plans+1","Bouncing Flask+1","Noxious Fumes+1","Catalyst+1","Leg Sweep+1","Footwork+1","Envenom+1","Backflip+1","After Image+1","Blur+1","Finisher+1","Tactician+1","Purity+1","PiercingWail+1","Catalyst+1","Burst+1","After Image+1","Impatience+1","Calculated Gamble+1","Blade Dance+1","Impatience+1","Calculated Gamble+1"],"special_seed":0,"relics":["Ring of the Snake","AscMod:CursedBank","AscMod:StarOfAscension","NeowsBlessing","Letter Opener","Shuriken","Tough Bandages","Runic Pyramid","theJungle:BirthdayCakeSlice","Membership Card","Calipers","Snake Skull","Ancient Tea Set","Medical Kit","Philosopher\u0027s Stone","Tingsha","Regal Pillow","Art of War","Mark of the Bloom","Pantograph","DollysMirror","Bronze Scales"],"potions_floor_usage":[56],"damage_taken":[{"damage":0.0,"enemies":"2 Louse","floor":1.0,"turns":1.0},{"damage":0.0,"enemies":"Cultist","floor":2.0,"turns":1.0},{"damage":0.0,"enemies":"Jaw Worm","floor":3.0,"turns":1.0},{"damage":2.0,"enemies":"2 Fungi Beasts","floor":5.0,"turns":4.0},{"damage":16.0,"enemies":"Lagavulin","floor":6.0,"turns":6.0},{"damage":5.0,"enemies":"Gremlin Nob","floor":8.0,"turns":3.0},{"damage":7.0,"enemies":"Exordium Wildlife","floor":10.0,"turns":5.0},{"damage":0.0,"enemies":"Looter","floor":11.0,"turns":4.0},{"damage":0.0,"enemies":"3 Sentries","floor":12.0,"turns":9.0},{"damage":0.0,"enemies":"Red Slaver","floor":14.0,"turns":3.0},{"damage":0.0,"enemies":"Hexaghost","floor":16.0,"turns":10.0},{"damage":0.0,"enemies":"theJungle:GiantWrat","floor":18.0,"turns":5.0},{"damage":20.0,"enemies":"theJungle:Cassacara","floor":23.0,"turns":9.0},{"damage":0.0,"enemies":"Shell Parasite","floor":24.0,"turns":7.0},{"damage":0.0,"enemies":"theJungle:Snecko_Cultist_And_Trap","floor":25.0,"turns":10.0},{"damage":6.0,"enemies":"theJungle:MamaSnecko","floor":27.0,"turns":7.0},{"damage":0.0,"enemies":"theJungle:2_Snecko_Cultists","floor":30.0,"turns":5.0},{"damage":0.0,"enemies":"theJungle:2_Flameangoes","floor":31.0,"turns":8.0},{"damage":0.0,"enemies":"theJungle:QueenSpyder","floor":33.0,"turns":3.0},{"damage":1.0,"enemies":"3 Darklings","floor":35.0,"turns":6.0},{"damage":3.0,"enemies":"Orb Walker","floor":36.0,"turns":4.0},{"damage":0.0,"enemies":"Giant Head","floor":40.0,"turns":6.0},{"damage":0.0,"enemies":"Nemesis","floor":42.0,"turns":7.0},{"damage":2.0,"enemies":"4 Shapes","floor":44.0,"turns":5.0},{"damage":0.0,"enemies":"Giant Head","floor":48.0,"turns":4.0},{"damage":0.0,"enemies":"Time Eater","floor":50.0,"turns":7.0},{"damage":0.0,"enemies":"Donu and Deca","floor":51.0,"turns":7.0},{"damage":0.0,"enemies":"Shield and Spear","floor":55.0,"turns":7.0},{"damage":18,"enemies":"The Heart","floor":56,"turns":6}],"seed_played":"-4828255096453048880","potions_obtained":[{"floor":2.0,"key":"Fruit Juice"},{"floor":8.0,"key":"LiquidBronze"},{"floor":10.0,"key":"SkillPotion"},{"floor":12.0,"key":"Block Potion"},{"floor":14.0,"key":"Ancient Potion"},{"floor":16.0,"key":"GhostInAJar"},{"floor":24.0,"key":"Explosive Potion"},{"floor":30.0,"key":"Ancient Potion"},{"floor":36.0,"key":"GamblersBrew"}],"is_trial":false,"path_per_floor":["M","M","M","?","M","E","R","E","T","M","M","E","R","M","R","B",null,"M","?","?","$","?","E","M","M","T","E","$","R","M","M","R","B",null,"M","M","$","?","$","E","R","E","T","M","?","R","?","E","R","B","B",null,"R","$","E","B",null],"character_chosen":"THE_SILENT","items_purchased":["Membership Card","Medical Kit","Purity","Impatience","DollysMirror"],"campfire_rested":2,"item_purchase_floors":[21,28,28,39,54],"current_hp_per_floor":[59,59,59,59,57,41,41,36,36,33,33,33,33,33,33,33,56,56,60,45,45,45,25,25,25,25,19,19,19,19,19,19,19,53,52,49,49,49,49,49,49,49,49,47,47,47,47,47,47,47,47,47,47,47,47,29],"gold":32,"neow_bonus":"THREE_ENEMY_KILL","is_prod":false,"is_daily":false,"chose_seed":false,"campfire_upgraded":6,"win_rate":0,"timestamp":1548760510,"path_taken":["M","M","M","?","M","E","R","E","T","?","M","E","R","M","R","BOSS","M","?","?","?","?","E","M","M","T","E","$","R","M","?","R","BOSS","M","M","$","?","$","E","R","E","T","?","?","R","?","E","R","BOSS","BOSS","R","$","E","BOSS"],"build_version":"2019-01-23","purchased_purges":2,"victory":true,"max_hp_per_floor":[66,66,66,66,66,66,66,66,66,71,71,71,71,71,71,71,71,71,76,76,76,76,76,76,76,76,76,76,76,76,76,76,76,76,76,76,76,76,76,76,76,76,76,76,76,76,72,72,72,72,72,72,72,72,72,72],"card_choices":[{"not_picked":["Backflip","Slice"],"picked":"Cloak And Dagger","floor":1.0},{"not_picked":["Poisoned Stab","Choke"],"picked":"Well Laid Plans","floor":2.0},{"not_picked":["Cloak And Dagger","Backstab"],"picked":"Bouncing Flask","floor":3.0},{"not_picked":["All Out Attack","Finisher"],"picked":"Noxious Fumes","floor":5.0},{"not_picked":["Slice","Bouncing Flask"],"picked":"Catalyst","floor":6.0},{"not_picked":["Sucker Punch","Slice","Dagger Throw"],"picked":"SKIP","floor":8.0},{"not_picked":["Prepared","Escape Plan"],"picked":"Leg Sweep","floor":10.0},{"not_picked":["Deflect","PiercingWail"],"picked":"Footwork","floor":11.0},{"not_picked":["Deadly Poison","Prepared"],"picked":"Envenom","floor":12.0},{"not_picked":["Reflex","Dagger Spray"],"picked":"Backflip","floor":14.0},{"not_picked":["Burst","Grand Finale"],"picked":"After Image","floor":16.0},{"not_picked":["Terror","Riddle With Holes"],"picked":"Blur","floor":18.0},{"not_picked":["Deadly Poison","Poisoned Stab"],"picked":"Tactician","floor":23.0},{"not_picked":["Slice","Underhanded Strike","Skewer"],"picked":"SKIP","floor":24.0},{"not_picked":["Underhanded Strike","Bane+1","Slice"],"picked":"SKIP","floor":25.0},{"not_picked":["Caltrops","Deadly Poison","Masterful Stab"],"picked":"SKIP","floor":27.0},{"not_picked":["Quick Slash","Flying Knee"],"picked":"PiercingWail+1","floor":30.0},{"not_picked":["Flechettes","Dodge and Roll"],"picked":"Catalyst","floor":31.0},{"not_picked":["Die Die Die","Wraith Form v2"],"picked":"Burst","floor":33.0},{"not_picked":["Deadly Poison","Outmaneuver","Dagger Throw"],"picked":"SKIP","floor":35.0},{"not_picked":["Blade Dance+1","Deadly Poison","Flying Knee"],"picked":"SKIP","floor":36.0},{"not_picked":["A Thousand Cuts","Riddle With Holes","Deflect"],"picked":"SKIP","floor":40.0},{"not_picked":["Backstab+1","Deflect"],"picked":"Calculated Gamble","floor":42.0},{"not_picked":["Bane","Quick Slash"],"picked":"Blade Dance+1","floor":44.0},{"not_picked":["Endless Agony","Sucker Punch","Deadly Poison"],"picked":"SKIP","floor":48.0},{"not_picked":["Deadly Poison","Slice"],"picked":"Calculated Gamble+1","floor":55.0}],"player_experience":2381054,"relics_obtained":[{"floor":6.0,"key":"Letter Opener"},{"floor":8.0,"key":"Shuriken"},{"floor":12.0,"key":"Tough Bandages"},{"floor":23.0,"key":"Calipers"},{"floor":26.0,"key":"Snake Skull"},{"floor":27.0,"key":"Ancient Tea Set"},{"floor":40.0,"key":"Tingsha"},{"floor":42.0,"key":"Regal Pillow"},{"floor":43.0,"key":"Art of War"},{"floor":48.0,"key":"Pantograph"},{"floor":55.0,"key":"Bronze Scales"}],"event_choices":[{"cards_removed":["Strike_G"],"damage_healed":0.0,"max_hp_gain":0.0,"max_hp_loss":0.0,"gold_gain":0.0,"event_name":"Bonfire Elementals","player_choice":"Offered Basic","floor":4.0,"gold_loss":0.0,"damage_taken":0.0},{"damage_healed":0.0,"max_hp_gain":0.0,"max_hp_loss":0.0,"gold_gain":0.0,"cards_transformed":["Strike_G"],"event_name":"Transmorgrifier","player_choice":"Transformed","floor":22.0,"gold_loss":0.0,"damage_taken":0.0,"cards_obtained":["Finisher"]},{"damage_healed":0.0,"max_hp_gain":0.0,"max_hp_loss":0.0,"gold_gain":0.0,"event_name":"Duplicator","player_choice":"Copied","floor":38.0,"gold_loss":0.0,"damage_taken":0.0,"cards_obtained":["After Image"]},{"damage_healed":0.0,"max_hp_gain":0.0,"max_hp_loss":0.0,"gold_gain":0.0,"event_name":"MindBloom","player_choice":"Upgrade","floor":45.0,"gold_loss":0.0,"damage_taken":0.0,"cards_upgraded":["Defend_G","Defend_G","Defend_G","Defend_G","Defend_G","Survivor","Neutralize","Bouncing Flask","Noxious Fumes","Leg Sweep","Footwork","Envenom","Backflip","After Image","Blur","Finisher","Purity","After Image","Impatience","Calculated Gamble"],"relics_obtained":["Mark of the Bloom"]},{"damage_healed":0.0,"max_hp_gain":0.0,"max_hp_loss":4.0,"gold_gain":0.0,"event_name":"Winding Halls","player_choice":"Max HP","floor":47.0,"gold_loss":0.0,"damage_taken":0.0}],"is_beta":false,"boss_relics":[{"not_picked":["Runic Dome","Ectoplasm"],"picked":"Runic Pyramid"},{"not_picked":["Snecko Eye","Pandora\u0027s Box"],"picked":"Philosopher\u0027s Stone"}],"items_purged_floors":[21,37],"is_endless":false,"potions_floor_spawned":[2,8,10,12,14,16,24,25,30,35,36,44],"ascension_level":23}