{"gold_per_floor":[16,16,30,43,63,63,83,83,83,111,111,137,157,157],"floor_reached":14,"playtime":502,"items_purged":[],"score":254,"play_id":"0d5a3156-8e90-498f-8319-548141195a3f","local_time":"20190412172100","is_ascension_mode":true,"campfire_choices":[{"data":"Bouncing Flask","floor":6.0,"key":"SMITH"},{"data":"Deadly Poison","floor":8.0,"key":"SMITH"}],"neow_cost":"NO_GOLD","seed_source_timestamp":2467589455946,"circlet_count":0,"master_deck":["AscendersBane","Defend_G","Defend_G","Defend_G","Defend_G","Strike_G","Strike_G","Strike_G","Strike_G","Survivor+1","Neutralize+1","Deadly Poison+1","Bouncing Flask+1","Backflip","Burst"],"special_seed":0,"relics":["Ring of the Snake","Question Card","Molten Egg 2","Gremlin Horn","Oddly Smooth Stone"],"potions_floor_usage":[],"damage_taken":[{"damage":0.0,"enemies":"Cultist","floor":1.0,"turns":4.0},{"damage":0.0,"enemies":"Jaw Worm","floor":3.0,"turns":3.0},{"damage":2.0,"enemies":"2 Louse","floor":4.0,"turns":4.0},{"damage":6.0,"enemies":"Exordium Wildlife","floor":5.0,"turns":6.0},{"damage":3.0,"enemies":"Looter","floor":7.0,"turns":3.0},{"damage":20.0,"enemies":"Lagavulin","floor":10.0,"turns":7.0},{"damage":0.0,"enemies":"3 Sentries","floor":12.0,"turns":7.0},{"damage":0,"enemies":"Red Slaver","floor":13,"turns":3},{"damage":18,"enemies":"Gremlin Nob","floor":14,"turns":3}],"seed_played":"-5687086434120779706","potions_obtained":[{"floor":1.0,"key":"SneckoOil"},{"floor":3.0,"key":"Poison Potion"},{"floor":7.0,"key":"AttackPotion"},{"floor":12.0,"key":"Explosive Potion"}],"is_trial":false,"path_per_floor":["M","?","M","M","M","R","M","R","T","E","?","E","M","E"],"character_chosen":"THE_SILENT","items_purchased":[],"campfire_rested":0,"item_purchase_floors":[],"current_hp_per_floor":[59,39,39,37,31,31,28,28,28,8,8,8,8,0],"gold":157,"neow_bonus":"TRANSFORM_TWO_CARDS","is_prod":false,"is_daily":false,"chose_seed":false,"campfire_upgraded":2,"win_rate":0,"timestamp":1555060860,"path_taken":["M","?","M","M","M","R","M","R","T","E","?","E","M","E"],"build_version":"2019-01-23","purchased_purges":0,"victory":false,"max_hp_per_floor":[66,66,66,66,66,66,66,66,66,66,66,66,66,66],"card_choices":[{"not_picked":["Expertise","Riddle With Holes","Flechettes"],"picked":"SKIP","floor":1.0},{"not_picked":["Blade Dance","Outmaneuver"],"picked":"Bouncing Flask","floor":3.0},{"not_picked":["Outmaneuver","Masterful Stab","Setup"],"picked":"SKIP","floor":4.0},{"not_picked":["All Out Attack","Acrobatics"],"picked":"Backflip","floor":5.0},{"not_picked":["Dagger Spray","Acrobatics","Prepared"],"picked":"SKIP","floor":7.0},{"not_picked":["Backflip","Flying Knee","Flechettes"],"picked":"Burst","floor":10.0},{"not_picked":["Cloak And Dagger","Riddle With Holes+1","Quick Slash+1","Finisher+1"],"picked":"SKIP","floor":12.0},{"not_picked":["Choke+1","Eviscerate+1","Dagger Throw+1","Backflip"],"picked":"SKIP","floor":13}],"player_experience":4236055,"relics_obtained":[{"floor":9.0,"key":"Question Card"},{"floor":10.0,"key":"Molten Egg 2"},{"floor":12.0,"key":"Oddly Smooth Stone"}],"event_choices":[{"damage_healed":0.0,"max_hp_gain":0.0,"max_hp_loss":0.0,"gold_gain":0.0,"event_name":"Shining Light","player_choice":"Entered Light","floor":2.0,"gold_loss":0.0,"damage_taken":20.0,"cards_upgraded":["Survivor","Neutralize"]},{"cards_removed":["PiercingWail"],"damage_healed":0.0,"max_hp_gain":0.0,"max_hp_loss":0.0,"gold_gain":0.0,"event_name":"WeMeetAgain","player_choice":"Gave Card","floor":11.0,"gold_loss":0.0,"damage_taken":0.0,"relics_obtained":["Gremlin Horn"]}],"is_beta":false,"boss_relics":[],"items_purged_floors":[],"is_endless":false,"potions_floor_spawned":[1,3,7,12],"killed_by":"Gremlin Nob","ascension_level":20}