{"gold_per_floor":[112,262,262,187,0,0,30,30,30,40,40,115,148,162,162,239,239,251,266,266,16,16,16],"floor_reached":23,"playtime":560,"items_purged":[],"score":490,"play_id":"3ff929b7-7d73-4156-9c33-e8f762a22edb","local_time":"20190121115107","is_ascension_mode":true,"campfire_choices":[{"data":"The Bomb","floor":6.0,"key":"SMITH"},{"data":"Ghostly Armor","floor":8.0,"key":"SMITH"},{"data":"Shrug It Off","floor":11.0,"key":"SMITH"},{"data":"Evolve","floor":15.0,"key":"SMITH"}],"neow_cost":"NONE","seed_source_timestamp":3174604877097,"circlet_count":0,"master_deck":["AscendersBane","Strike_R","Strike_R","Strike_R","Strike_R","Strike_R","Defend_R","Defend_R","Defend_R","Defend_R","Bash","Ghostly Armor+1","The Bomb+1","Shrug It Off+1","Evolve+1","Reaper","Pain","Flex"],"special_seed":0,"relics":["Burning Blood","NeowsBlessing","Magic Flower","Red Skull","Mummified Hand","Pocketwatch","Runic Pyramid","WarpedTongs","Medical Kit"],"potions_floor_usage":[],"damage_taken":[{"damage":0.0,"enemies":"2 Louse","floor":1.0,"turns":1.0},{"damage":0.0,"enemies":"3 Sentries","floor":7.0,"turns":2.0},{"damage":0.0,"enemies":"Small Slimes","floor":10.0,"turns":1.0},{"damage":0.0,"enemies":"Gremlin Nob","floor":13.0,"turns":3.0},{"damage":2.0,"enemies":"Jaw Worm","floor":14.0,"turns":4.0},{"damage":49.0,"enemies":"Hexaghost","floor":16.0,"turns":9.0},{"damage":32.0,"enemies":"2 Thieves","floor":18.0,"turns":4.0},{"damage":18.0,"enemies":"3 Byrds","floor":19.0,"turns":3.0},{"damage":66,"enemies":"Book of Stabbing","floor":23,"turns":4}],"seed_played":"-3678753799215598532","potions_obtained":[{"floor":10.0,"key":"Poison Potion"},{"floor":16.0,"key":"SpeedPotion"},{"floor":18.0,"key":"LiquidBronze"}],"is_trial":false,"path_per_floor":["M","?","?","?","$","R","E","R","T","M","R","?","E","M","R","B",null,"M","M","?","$","?","E"],"character_chosen":"IRONCLAD","items_purchased":["The Bomb","Medical Kit","Flex"],"campfire_rested":0,"item_purchase_floors":[5,21,21],"current_hp_per_floor":[74,74,39,39,39,39,48,48,48,57,57,46,55,62,62,22,62,60,60,60,60,60,0],"gold":16,"neow_bonus":"THREE_ENEMY_KILL","is_prod":false,"is_daily":false,"chose_seed":false,"campfire_upgraded":4,"win_rate":0,"timestamp":1548042667,"path_taken":["M","?","?","?","?","R","E","R","T","M","R","?","E","M","R","BOSS","M","M","?","?","?","E"],"build_version":"2019-01-17v2","purchased_purges":0,"victory":false,"max_hp_per_floor":[75,75,75,75,75,75,75,75,75,75,75,75,75,75,75,75,75,75,75,75,75,75,75],"card_choices":[{"not_picked":["Twin Strike","Warcry"],"picked":"Ghostly Armor","floor":1.0},{"not_picked":["Seeing Red","Flex","Clothesline"],"picked":"SKIP","floor":7.0},{"not_picked":["Cleave","Inflame"],"picked":"Shrug It Off","floor":10.0},{"not_picked":["Anger","Hemokinesis"],"picked":"Evolve","floor":13.0},{"not_picked":["Blood for Blood","Reckless Charge","Clash"],"picked":"SKIP","floor":14.0},{"not_picked":["Double Tap","Offering"],"picked":"Reaper","floor":16.0},{"not_picked":["Perfected Strike","Wild Strike","Hemokinesis+1"],"picked":"SKIP","floor":18.0},{"not_picked":["Headbutt","Anger","Perfected Strike"],"picked":"SKIP","floor":19.0}],"player_experience":2096994,"relics_obtained":[{"floor":7.0,"key":"Red Skull"},{"floor":9.0,"key":"Mummified Hand"},{"floor":13.0,"key":"Pocketwatch"}],"event_choices":[{"damage_healed":0.0,"max_hp_gain":0.0,"max_hp_loss":0.0,"gold_gain":150.0,"event_name":"Liars Game","player_choice":"AGREE","floor":2.0,"gold_loss":0.0,"damage_taken":0.0,"cards_obtained":["Doubt"]},{"damage_healed":0.0,"max_hp_gain":0.0,"max_hp_loss":0.0,"gold_gain":0.0,"event_name":"Scrap Ooze","player_choice":"Success","floor":3.0,"gold_loss":0.0,"damage_taken":35.0,"relics_obtained":["Magic Flower"]},{"cards_removed":["Doubt"],"damage_healed":0.0,"max_hp_gain":0.0,"max_hp_loss":0.0,"gold_gain":0.0,"event_name":"The Cleric","player_choice":"Card Removal","floor":4.0,"gold_loss":75.0,"damage_taken":0.0},{"damage_healed":0.0,"max_hp_gain":0.0,"max_hp_loss":0.0,"gold_gain":75.0,"event_name":"World of Goop","player_choice":"Gather Gold","floor":12.0,"gold_loss":0.0,"damage_taken":11.0},{"damage_healed":0.0,"max_hp_gain":0.0,"max_hp_loss":0.0,"gold_gain":0.0,"event_name":"Accursed Blacksmith","player_choice":"Rummage","floor":20.0,"gold_loss":0.0,"damage_taken":0.0,"relics_obtained":["WarpedTongs"],"cards_obtained":["Pain"]},{"damage_healed":0.0,"max_hp_gain":0.0,"max_hp_loss":0.0,"gold_gain":0.0,"event_name":"Beggar","player_choice":"Ignored","floor":22.0,"gold_loss":0.0,"damage_taken":0.0}],"is_beta":false,"boss_relics":[{"not_picked":["Philosopher\u0027s Stone","Black Blood"],"picked":"Runic Pyramid"}],"items_purged_floors":[],"is_endless":false,"potions_floor_spawned":[10,16,18],"killed_by":"Book of Stabbing","ascension_level":20}