{"gold_per_floor":[115,2,2,2,2,2,19,19,19,19,32,59,73,173,173,271,271,281,292,0,0,0,0,20,36,36,36,56,56,156,174,174,269,269,289,309,309,324,324,324,343,343,416,416,430,449,73,173,173,173],"floor_reached":51,"playtime":850,"items_purged":["Injury","Strike_G","Strike_G"],"score":672,"play_id":"9cf74262-3d0e-4f3d-9657-bda40e9d650c","local_time":"20181016132417","is_ascension_mode":false,"campfire_choices":[{"data":"Noxious Fumes","floor":6,"key":"SMITH"},{"data":"Well Laid Plans","floor":8,"key":"SMITH"},{"data":"Corpse Explosion","floor":10,"key":"SMITH"},{"data":"Catalyst","floor":15,"key":"SMITH"},{"data":"Footwork","floor":23,"key":"SMITH"},{"data":"Burst","floor":27,"key":"SMITH"},{"data":"Deadly Poison","floor":29,"key":"SMITH"},{"data":"Neutralize","floor":32,"key":"SMITH"},{"data":"Night Terror","floor":40,"key":"SMITH"},{"data":"Survivor","floor":42,"key":"SMITH"},{"data":"Defend_G","floor":44,"key":"SMITH"},{"data":"Defend_G","floor":49,"key":"SMITH"}],"neow_cost":"CURSE","seed_source_timestamp":19711384511671,"circlet_count":0,"master_deck":["Defend_G+1","Defend_G+1","Defend_G","Defend_G+1","Defend_G+1","Strike_G","Survivor+1","Neutralize+1","Corpse Explosion+1","Noxious Fumes+1","Well Laid Plans+1","Catalyst+1","Burst+1","Footwork+1","Catalyst+1","Deadly Poison+1","Deadly Poison+1","Night Terror+1","Footwork+1"],"relics":["Ring of the Snake","Matryoshka","Bag of Preparation","Runic Dome","DollysMirror","Strawberry","Darkstone Periapt","Lizard Tail","Ancient Tea Set","Bottled Lightning","Potion Belt"],"potions_floor_usage":[17,50,50,50,50],"damage_taken":[{"damage":0,"enemies":"Small Slimes","floor":1,"turns":2},{"damage":0,"enemies":"Cultist","floor":7,"turns":4},{"damage":0,"enemies":"Jaw Worm","floor":11,"turns":3},{"damage":2,"enemies":"3 Sentries","floor":12,"turns":4},{"damage":5,"enemies":"Looter","floor":13,"turns":3},{"damage":32,"enemies":"Hexaghost","floor":16,"turns":6},{"damage":0,"enemies":"Spheric Guardian","floor":18,"turns":4},{"damage":0,"enemies":"3 Byrds","floor":19,"turns":1},{"damage":11,"enemies":"Sentry and Sphere","floor":24,"turns":4},{"damage":0,"enemies":"Centurion and Healer","floor":25,"turns":1},{"damage":2,"enemies":"Cultist and Chosen","floor":28,"turns":2},{"damage":0,"enemies":"Snecko","floor":31,"turns":2},{"damage":16,"enemies":"Champ","floor":33,"turns":2},{"damage":0,"enemies":"Orb Walker","floor":35,"turns":3},{"damage":0,"enemies":"3 Darklings","floor":36,"turns":1},{"damage":10,"enemies":"Spire Growth","floor":38,"turns":2},{"damage":0,"enemies":"Sphere and 2 Shapes","floor":41,"turns":3},{"damage":0,"enemies":"Maw","floor":45,"turns":2},{"damage":2,"enemies":"Spire Growth","floor":46,"turns":3},{"damage":50,"enemies":"Awakened One","floor":50,"turns":6}],"seed_played":"-3210955607204956980","potions_obtained":[{"floor":12,"key":"SteroidPotion"},{"floor":13,"key":"Weak Potion"},{"floor":16,"key":"Fruit Juice"},{"floor":19,"key":"Ancient Potion"},{"floor":24,"key":"GhostInAJar"},{"floor":25,"key":"Poison Potion"}],"is_trial":false,"path_per_floor":["M","$","?","?","?","R","M","R","T","R","M","E","M","?","R","B",null,"M","M","$","?","?","R","M","M","T","R","M","R","?","M","R","B",null,"M","M","?","M","?","R","M","R","T","R","M","M","$","?","R","B"],"character_chosen":"THE_SILENT","items_purchased":["Noxious Fumes","DollysMirror","Potion Belt","Dexterity Potion","SteroidPotion"],"campfire_rested":0,"item_purchase_floors":[2,20,47,47,47],"current_hp_per_floor":[70,70,70,56,56,56,56,56,56,56,56,54,49,49,49,17,75,75,75,75,75,75,75,64,64,71,71,69,69,69,69,69,53,82,82,82,82,72,72,72,72,72,72,72,72,70,70,70,70,20],"gold":173,"neow_bonus":"THREE_RARE_CARDS","is_prod":false,"is_daily":false,"chose_seed":false,"campfire_upgraded":12,"win_rate":0,"timestamp":1539667457,"path_taken":["M","$","?","?","?","R","M","R","T","R","M","E","M","?","R","BOSS","M","M","$","?","?","R","M","M","T","R","M","R","?","M","R","BOSS","M","M","?","M","?","R","M","R","T","R","M","M","$","?","R","BOSS"],"build_version":"2018-10-11","purchased_purges":3,"victory":true,"max_hp_per_floor":[70,70,70,70,70,70,70,70,70,70,70,70,70,70,70,70,75,75,75,75,75,75,75,75,75,82,82,82,82,82,82,82,82,82,82,82,82,82,78,78,78,78,78,78,78,78,78,78,78,78],"card_choices":[{"not_picked":["After Image","Phantasmal Killer"],"picked":"Corpse Explosion","floor":0},{"not_picked":["Flechettes","Underhanded Strike","Poisoned Stab"],"picked":"SKIP","floor":1},{"not_picked":["Sucker Punch","Setup"],"picked":"Well Laid Plans","floor":7},{"not_picked":["PiercingWail","Dodge and Roll","Bane"],"picked":"SKIP","floor":11},{"not_picked":["Quick Slash","Tools of the Trade"],"picked":"Catalyst","floor":12},{"not_picked":["Prepared","Quick Slash","Masterful Stab"],"picked":"SKIP","floor":13},{"not_picked":["Envenom","Bullet Time"],"picked":"Burst","floor":16},{"not_picked":["Quick Slash+1","Flying Knee+1","Prepared"],"picked":"SKIP","floor":18},{"not_picked":["Poisoned Stab","Deflect"],"picked":"Footwork","floor":19},{"not_picked":["Sucker Punch","Blade Dance+1","Riddle With Holes"],"picked":"SKIP","floor":24},{"not_picked":["Prepared","Poisoned Stab","Backstab"],"picked":"SKIP","floor":25},{"not_picked":["Flying Knee","Sucker Punch"],"picked":"Deadly Poison","floor":28},{"not_picked":["Slice","Venomology"],"picked":"Deadly Poison+1","floor":31},{"not_picked":["Corpse Explosion","A Thousand Cuts"],"picked":"Night Terror","floor":33},{"not_picked":["Acrobatics+1","Sucker Punch+1","Riddle With Holes+1"],"picked":"SKIP","floor":35},{"not_picked":["Cloak And Dagger","Accuracy+1","Poisoned Stab+1"],"picked":"SKIP","floor":36},{"not_picked":["Terror+1","Cloak And Dagger","Escape Plan"],"picked":"SKIP","floor":38},{"not_picked":["Endless Agony+1","Sucker Punch","Dagger Throw+1"],"picked":"SKIP","floor":41},{"not_picked":["Underhanded Strike+1","Reflex+1","Quick Slash"],"picked":"SKIP","floor":45},{"not_picked":["Masterful Stab+1","Poisoned Stab"],"picked":"Footwork+1","floor":46}],"player_experience":246936,"relics_obtained":[{"floor":9,"key":"Matryoshka"},{"floor":12,"key":"Bag of Preparation"},{"floor":26,"key":"Strawberry"},{"floor":26,"key":"Darkstone Periapt"},{"floor":43,"key":"Ancient Tea Set"},{"floor":43,"key":"Bottled Lightning"}],"event_choices":[{"event_name":"WeMeetAgain","player_choice":"Attack","floor":3,"damage_taken":0},{"event_name":"Shining Light","player_choice":"Entered Light","floor":4,"damage_taken":0},{"event_name":"Bonfire Elementals","player_choice":"BASIC","floor":5,"damage_taken":0},{"event_name":"Wheel of Change","player_choice":"Gold","floor":14,"damage_taken":0},{"event_name":"Beggar","player_choice":"Ignored","floor":21,"damage_taken":0},{"event_name":"Back to Basics","player_choice":"Elegance","floor":22,"damage_taken":0},{"event_name":"Golden Shrine","player_choice":"Pray","floor":30,"damage_taken":0},{"event_name":"Tomb of Lord Red Mask","player_choice":"Ignored","floor":37,"damage_taken":0},{"event_name":"Winding Halls","player_choice":"Max HP","floor":39,"damage_taken":0},{"event_name":"Golden Shrine","player_choice":"Pray","floor":48,"damage_taken":0}],"is_beta":false,"boss_relics":[{"not_picked":["Busted Crown","Ectoplasm"],"picked":"Runic Dome"},{"not_picked":["Philosopher\u0027s Stone","Eternal Feather"],"picked":"Lizard Tail"}],"items_purged_floors":[2,20,47],"is_endless":false,"potions_floor_spawned":[12,13,16,19,24,25,36,46],"ascension_level":0}