{"gold_per_floor":[115,115,142,142,142,142,153,153,153,184,72,72,72,88,88,159,159,171,171,10,0,24,55,55,67,93,93,123,137,137,84,84,159,159,175,275,295,195,195,220,220,220,247,273,273,299,299,174,174,174,174,174,174,24,59,59],"floor_reached":57,"playtime":3883,"items_purged":["Pain","Strike_G","Strike_G","Strike_G"],"score":3207,"play_id":"6bbe559d-5e08-427c-9c46-e0c9952ea919","local_time":"20190219231428","is_ascension_mode":true,"campfire_choices":[{"data":"Noxious Fumes","floor":6.0,"key":"SMITH"},{"data":"Footwork","floor":8.0,"key":"SMITH"},{"data":"Well Laid Plans","floor":12.0,"key":"SMITH"},{"data":"Neutralize","floor":15.0,"key":"SMITH"},{"data":"Bouncing Flask","floor":24.0,"key":"SMITH"},{"data":"Acrobatics","floor":27.0,"key":"SMITH"},{"data":"Calculated Gamble","floor":30.0,"key":"SMITH"},{"floor":32.0,"key":"RECALL"},{"data":"Burst","floor":41.0,"key":"SMITH"},{"data":"Apotheosis","floor":45.0,"key":"SMITH"},{"data":"Backflip","floor":49.0,"key":"SMITH"},{"data":"Adrenaline","floor":53.0,"key":"SMITH"}],"neow_cost":"CURSE","seed_source_timestamp":49874514665518,"circlet_count":0,"master_deck":["AscendersBane","Defend_G","Defend_G","Defend_G+1","Defend_G","Defend_G","Survivor","Neutralize+1","Adrenaline+1","Noxious Fumes+1","Footwork+1","Well Laid Plans+1","Bouncing Flask+1","Acrobatics+1","Calculated Gamble+1","Backflip+1","Burst+1","PiercingWail+1","Impatience+1","Apotheosis+1"],"special_seed":0,"relics":["Ring of the Snake","Potion Belt","WarpedTongs","Ice Cream","Letter Opener","Velvet Choker","Gambling Chip","Bag of Preparation","Oddly Smooth Stone","Du-Vu Doll","Lantern","Gremlin Horn","Coffee Dripper","Nunchaku","Incense Burner","War Paint","Vajra","Snake Skull"],"potions_floor_usage":[56,56,56],"damage_taken":[{"damage":7.0,"enemies":"Small Slimes","floor":1.0,"turns":4.0},{"damage":3.0,"enemies":"Jaw Worm","floor":7.0,"turns":4.0},{"damage":7.0,"enemies":"Lagavulin","floor":10.0,"turns":8.0},{"damage":0.0,"enemies":"2 Louse","floor":14.0,"turns":3.0},{"damage":3.0,"enemies":"Hexaghost","floor":16.0,"turns":12.0},{"damage":0.0,"enemies":"Shell Parasite","floor":18.0,"turns":8.0},{"damage":0.0,"enemies":"Gremlin Leader","floor":23.0,"turns":11.0},{"damage":1.0,"enemies":"2 Thieves","floor":25.0,"turns":4.0},{"damage":0.0,"enemies":"Book of Stabbing","floor":28.0,"turns":7.0},{"damage":0.0,"enemies":"Snecko","floor":29.0,"turns":5.0},{"damage":0.0,"enemies":"Collector","floor":33.0,"turns":8.0},{"damage":0.0,"enemies":"3 Darklings","floor":35.0,"turns":5.0},{"damage":0.0,"enemies":"Mind Bloom Boss Battle","floor":36.0,"turns":8.0},{"damage":0.0,"enemies":"3 Shapes","floor":37.0,"turns":5.0},{"damage":0.0,"enemies":"Giant Head","floor":40.0,"turns":8.0},{"damage":13.0,"enemies":"Reptomancer","floor":44.0,"turns":7.0},{"damage":0.0,"enemies":"Nemesis","floor":46.0,"turns":9.0},{"damage":15.0,"enemies":"Time Eater","floor":50.0,"turns":16.0},{"damage":0.0,"enemies":"Donu and Deca","floor":51.0,"turns":12.0},{"damage":24.0,"enemies":"Shield and Spear","floor":55.0,"turns":10.0},{"damage":19,"enemies":"The Heart","floor":56,"turns":11}],"seed_played":"4197697277649213738","potions_obtained":[{"floor":1.0,"key":"Fire Potion"},{"floor":16.0,"key":"PowerPotion"},{"floor":23.0,"key":"GamblersBrew"},{"floor":29.0,"key":"Poison Potion"},{"floor":35.0,"key":"SteroidPotion"},{"floor":37.0,"key":"Weak Potion"}],"is_trial":false,"path_per_floor":["M","?","T","?","?","R","M","R","T","E","$","R","$","M","R","B",null,"M","?","$","?","T","E","R","M","T","R","E","M","R","$","R","B",null,"M","?","M","$","?","E","R","?","T","E","R","E","?","$","R","B","B",null,"R","$","E","B",null],"character_chosen":"THE_SILENT","items_purchased":["Well Laid Plans","Bag of Preparation","Backflip"],"campfire_rested":0,"item_purchase_floors":[11,20,31],"current_hp_per_floor":[52,45,45,45,45,45,42,42,42,35,35,35,35,35,35,32,55,55,55,55,55,55,55,55,54,54,54,54,54,54,54,54,54,61,61,61,61,61,61,61,61,51,51,38,38,38,38,38,38,23,23,51,51,51,27,8],"gold":59,"neow_bonus":"THREE_RARE_CARDS","is_prod":false,"is_daily":false,"chose_seed":false,"campfire_upgraded":11,"win_rate":0,"timestamp":1550589268,"path_taken":["M","?","?","?","?","R","?","R","T","E","?","R","$","M","R","BOSS","M","?","?","?","?","E","R","M","T","R","E","?","R","$","R","BOSS","M","?","M","$","?","E","R","?","T","E","R","E","?","$","R","BOSS","BOSS","R","$","E","BOSS"],"build_version":"2019-01-23","purchased_purges":4,"victory":true,"max_hp_per_floor":[66,63,63,63,63,63,63,63,63,63,63,63,63,63,63,63,63,63,63,63,63,63,63,63,63,63,63,63,63,63,63,63,63,63,63,63,63,63,63,63,63,63,63,63,63,63,60,60,60,60,60,60,60,60,60,60],"card_choices":[{"not_picked":["Doppelganger","Bullet Time"],"picked":"Adrenaline","floor":0.0},{"not_picked":["Leg Sweep","Slice"],"picked":"Noxious Fumes","floor":1.0},{"not_picked":["Prepared","Accuracy","Predator"],"picked":"SKIP","floor":7.0},{"not_picked":["Outmaneuver","Cloak And Dagger","Masterful Stab"],"picked":"SKIP","floor":10.0},{"not_picked":["Dagger Spray","Dodge and Roll","Skewer"],"picked":"SKIP","floor":14.0},{"not_picked":["PiercingWail","Crippling Poison","Noxious Fumes"],"picked":"SKIP","floor":18.0},{"not_picked":["PiercingWail","Calculated Gamble"],"picked":"Bouncing Flask","floor":23.0},{"not_picked":["Cloak And Dagger","Noxious Fumes"],"picked":"Acrobatics","floor":25.0},{"not_picked":["Distraction","Eviscerate"],"picked":"Calculated Gamble","floor":28.0},{"not_picked":["Slice","Finisher","Outmaneuver"],"picked":"SKIP","floor":29.0},{"not_picked":["After Image","Tools of the Trade"],"picked":"Burst","floor":33.0},{"not_picked":["Sucker Punch","Noxious Fumes","Quick Slash"],"picked":"SKIP","floor":35.0},{"not_picked":["Distraction","Skewer"],"picked":"PiercingWail+1","floor":36.0},{"not_picked":["Bane+1","Setup","Blade Dance"],"picked":"SKIP","floor":37.0},{"not_picked":["Riddle With Holes+1","Underhanded Strike","Caltrops"],"picked":"SKIP","floor":40.0},{"not_picked":["Good Instincts","Deep Breath"],"picked":"Impatience","floor":42.0},{"not_picked":["Madness","Discovery"],"picked":"Apotheosis","floor":42.0},{"not_picked":["Dagger Throw+1","Cloak And Dagger","Bane+1"],"picked":"SKIP","floor":44.0},{"not_picked":["Prepared","Backstab","Dagger Spray+1"],"picked":"SKIP","floor":46.0},{"not_picked":["Terror","Underhanded Strike","Grand Finale"],"picked":"SKIP","floor":55.0}],"player_experience":2974702,"relics_obtained":[{"floor":3.0,"key":"Potion Belt"},{"floor":9.0,"key":"Ice Cream"},{"floor":10.0,"key":"Letter Opener"},{"floor":19.0,"key":"Gambling Chip"},{"floor":22.0,"key":"Oddly Smooth Stone"},{"floor":23.0,"key":"Du-Vu Doll"},{"floor":26.0,"key":"Lantern"},{"floor":28.0,"key":"Gremlin Horn"},{"floor":36.0,"key":"Nunchaku"},{"floor":40.0,"key":"Incense Burner"},{"floor":44.0,"key":"War Paint"},{"floor":46.0,"key":"Vajra"},{"floor":55.0,"key":"Snake Skull"}],"event_choices":[{"cards_removed":["Parasite"],"damage_healed":0.0,"max_hp_gain":0.0,"max_hp_loss":0.0,"gold_gain":0.0,"event_name":"Golden Wing","player_choice":"Card Removal","floor":2.0,"gold_loss":0.0,"damage_taken":7.0},{"damage_healed":0.0,"max_hp_gain":0.0,"max_hp_loss":0.0,"gold_gain":0.0,"cards_transformed":["Strike_G"],"event_name":"Living Wall","player_choice":"Change","floor":4.0,"gold_loss":0.0,"damage_taken":0.0,"cards_obtained":["Footwork"]},{"damage_healed":0.0,"max_hp_gain":0.0,"max_hp_loss":0.0,"gold_gain":0.0,"event_name":"Accursed Blacksmith","player_choice":"Rummage","floor":5.0,"gold_loss":0.0,"damage_taken":0.0,"relics_obtained":["WarpedTongs"],"cards_obtained":["Pain"]},{"damage_healed":0.0,"max_hp_gain":0.0,"max_hp_loss":0.0,"gold_gain":0.0,"event_name":"Wheel of Change","player_choice":"Relic","floor":19.0,"gold_loss":0.0,"damage_taken":0.0},{"damage_healed":0.0,"max_hp_gain":0.0,"max_hp_loss":0.0,"gold_gain":0.0,"event_name":"Masked Bandits","player_choice":"Paid Fearfully","floor":21.0,"gold_loss":10.0,"damage_taken":0.0},{"damage_healed":0.0,"max_hp_gain":0.0,"max_hp_loss":0.0,"gold_gain":0.0,"event_name":"MindBloom","player_choice":"Fight","floor":36.0,"gold_loss":0.0,"damage_taken":0.0},{"cards_removed":["Strike_G"],"damage_healed":0.0,"max_hp_gain":0.0,"max_hp_loss":0.0,"gold_gain":0.0,"event_name":"Falling","player_choice":"Removed Attack","floor":39.0,"gold_loss":0.0,"damage_taken":0.0},{"damage_healed":0.0,"max_hp_gain":0.0,"max_hp_loss":0.0,"gold_gain":0.0,"event_name":"SensoryStone","player_choice":"Memory 3","floor":42.0,"gold_loss":0.0,"damage_taken":10.0},{"damage_healed":0.0,"max_hp_gain":0.0,"max_hp_loss":3.0,"gold_gain":0.0,"event_name":"Winding Halls","player_choice":"Max HP","floor":47.0,"gold_loss":0.0,"damage_taken":0.0}],"is_beta":false,"boss_relics":[{"not_picked":["Sozu","Snecko Eye"],"picked":"Velvet Choker"},{"not_picked":["Black Star","Astrolabe"],"picked":"Coffee Dripper"}],"items_purged_floors":[11,38,48,54],"is_endless":false,"potions_floor_spawned":[1,16,23,29,35,37,40],"ascension_level":20}