{"gold_per_floor":[15,25,25,38,58,58,69,95,120,120,134,59,59,78,78,150,150,162,172,26,26,26,26,36,46,46,46,60,60,110,110],"floor_reached":31,"playtime":1466,"items_purged":["Strike_B"],"score":478,"play_id":"5162ef1c-5188-416c-8702-59ab4c76e005","local_time":"20190115223028","is_ascension_mode":true,"campfire_choices":[{"data":"Consume","floor":6.0,"key":"SMITH"},{"data":"Creative AI","floor":13.0,"key":"SMITH"},{"data":"Loop","floor":15.0,"key":"SMITH"},{"data":"Reinforced Body","floor":23.0,"key":"SMITH"},{"data":"Panacea","floor":27.0,"key":"SMITH"}],"neow_cost":"NO_GOLD","seed_source_timestamp":37748211347909,"circlet_count":0,"master_deck":["AscendersBane","Strike_B","Defend_B","Defend_B","Defend_B","Defend_B","Zap","Dualcast","Self Repair","Consume+1","Rip and Tear","Streamline","Loop+1","Creative AI+1","White Noise","Cold Snap","Electrodynamics","Undo","Reinforced Body+1","Panacea+1","Recycle","Turbo+1","Coolheaded"],"special_seed":0,"relics":["Cracked Core","Pen Nib","Nuclear Battery","Centennial Puzzle"],"potions_floor_usage":[31,31],"damage_taken":[{"damage":2.0,"enemies":"Jaw Worm","floor":1.0,"turns":4.0},{"damage":2.0,"enemies":"2 Louse","floor":2.0,"turns":4.0},{"damage":2.0,"enemies":"Cultist","floor":4.0,"turns":4.0},{"damage":1.0,"enemies":"Exordium Wildlife","floor":5.0,"turns":3.0},{"damage":8.0,"enemies":"2 Fungi Beasts","floor":7.0,"turns":4.0},{"damage":8.0,"enemies":"Gremlin Nob","floor":8.0,"turns":3.0},{"damage":7.0,"enemies":"Looter","floor":11.0,"turns":4.0},{"damage":10.0,"enemies":"3 Louse","floor":14.0,"turns":4.0},{"damage":28.0,"enemies":"Slime Boss","floor":16.0,"turns":7.0},{"damage":17.0,"enemies":"Spheric Guardian","floor":18.0,"turns":7.0},{"damage":26.0,"enemies":"3 Byrds","floor":19.0,"turns":3.0},{"damage":0.0,"enemies":"Snecko","floor":24.0,"turns":7.0},{"damage":18.0,"enemies":"Snake Plant","floor":25.0,"turns":9.0},{"damage":33.0,"enemies":"Centurion and Healer","floor":28.0,"turns":7.0},{"damage":22.0,"enemies":"Colosseum Slavers","floor":29.0,"turns":2.0},{"damage":18,"enemies":"Gremlin Leader","floor":31,"turns":4}],"seed_played":"9199387765712892428","potions_obtained":[{"floor":2.0,"key":"AttackPotion"},{"floor":5.0,"key":"Poison Potion"},{"floor":11.0,"key":"Regen Potion"},{"floor":18.0,"key":"EssenceOfSteel"},{"floor":25.0,"key":"PowerPotion"}],"is_trial":false,"path_per_floor":["M","M","?","M","M","R","M","E","T","?","M","$","R","M","R","B",null,"M","M","$","?","?","R","M","M","T","R","M","?","?","E"],"character_chosen":"DEFECT","items_purchased":["Panacea","Recycle"],"campfire_rested":0,"item_purchase_floors":[20,20],"current_hp_per_floor":[62,67,72,76,76,76,68,60,60,60,60,60,60,57,57,36,66,70,51,51,51,51,51,58,54,54,54,28,13,13,0],"gold":110,"neow_bonus":"REMOVE_TWO","is_prod":false,"is_daily":false,"chose_seed":false,"campfire_upgraded":5,"win_rate":0,"timestamp":1547562628,"path_taken":["M","M","?","M","M","R","M","E","T","?","M","$","R","?","R","BOSS","M","M","$","?","?","R","M","M","T","R","M","?","?","E"],"build_version":"2019-01-10","purchased_purges":1,"victory":false,"max_hp_per_floor":[71,71,76,76,76,76,76,76,76,76,76,76,76,76,76,76,76,76,76,76,76,76,76,76,76,76,76,76,76,76,76],"card_choices":[{"not_picked":["Cold Snap","Barrage"],"picked":"Self Repair","floor":1.0},{"not_picked":["Cold Snap","Aggregate"],"picked":"Consume","floor":2.0},{"not_picked":["Heatsinks","Turbo","Compile Driver"],"picked":"SKIP","floor":4.0},{"not_picked":["Heatsinks","Turbo","Compile Driver"],"picked":"SKIP","floor":4.0},{"not_picked":["Barrage","Reprogram"],"picked":"Rip and Tear","floor":5.0},{"not_picked":["Cold Snap","Steam"],"picked":"Streamline","floor":7.0},{"not_picked":["Conserve Battery","Coolheaded"],"picked":"Loop","floor":8.0},{"not_picked":["Cold Snap","Hello World","Skim"],"picked":"SKIP","floor":11.0},{"not_picked":["Hello World","Skim"],"picked":"Cold Snap","floor":11.0},{"not_picked":["Scrape","Consume","BootSequence"],"picked":"SKIP","floor":14.0},{"not_picked":["Amplify","Reboot"],"picked":"Electrodynamics","floor":16.0},{"not_picked":["Coolheaded","Beam Cell"],"picked":"Undo","floor":18.0},{"not_picked":["Cold Snap+1","Blizzard"],"picked":"Reinforced Body","floor":19.0},{"not_picked":["Ball Lightning","Leap+1","Melter"],"picked":"SKIP","floor":24.0},{"not_picked":["Beam Cell","Steam"],"picked":"Turbo+1","floor":25.0},{"not_picked":["Tempest","Reprogram"],"picked":"Coolheaded","floor":28.0}],"player_experience":2062625,"relics_obtained":[{"floor":8.0,"key":"Pen Nib"},{"floor":26.0,"key":"Centennial Puzzle"}],"event_choices":[{"damage_healed":0.0,"max_hp_gain":5.0,"max_hp_loss":0.0,"gold_gain":0.0,"event_name":"Big Fish","player_choice":"Donut","floor":3.0,"gold_loss":0.0,"damage_taken":0.0},{"damage_healed":0.0,"max_hp_gain":0.0,"max_hp_loss":0.0,"gold_gain":0.0,"event_name":"Match and Keep!","player_choice":"2 cards matched","floor":10.0,"gold_loss":0.0,"damage_taken":0.0,"cards_obtained":["Creative AI","White Noise"]},{"damage_healed":0.0,"max_hp_gain":0.0,"max_hp_loss":0.0,"gold_gain":0.0,"event_name":"Beggar","player_choice":"Ignored","floor":21.0,"gold_loss":0.0,"damage_taken":0.0},{"damage_healed":0.0,"max_hp_gain":0.0,"max_hp_loss":0.0,"gold_gain":0.0,"event_name":"The Mausoleum","player_choice":"Ignored","floor":22.0,"gold_loss":0.0,"damage_taken":0.0},{"damage_healed":0.0,"max_hp_gain":0.0,"max_hp_loss":0.0,"gold_gain":0.0,"event_name":"Colosseum","player_choice":"Fight","floor":29.0,"gold_loss":0.0,"damage_taken":0.0},{"damage_healed":0.0,"max_hp_gain":0.0,"max_hp_loss":0.0,"gold_gain":0.0,"event_name":"Colosseum","player_choice":"Fled From Nobs","floor":29.0,"gold_loss":0.0,"damage_taken":0.0},{"damage_healed":0.0,"max_hp_gain":0.0,"max_hp_loss":0.0,"gold_gain":50.0,"event_name":"Nest","player_choice":"Stole From Cult","floor":30.0,"gold_loss":0.0,"damage_taken":0.0}],"is_beta":false,"boss_relics":[{"not_picked":["Astrolabe","Tiny House"],"picked":"Nuclear Battery"}],"items_purged_floors":[12],"is_endless":false,"potions_floor_spawned":[2,5,7,11,18,25,29],"killed_by":"Gremlin Leader","ascension_level":20}