{"gold_per_floor":[368,383,222,236,236,261,261,295,295,324,324,341,341,360,360,432,432,443,422,422,437,451,451,451,451,478,491,491,274,306,406,406,481,481,496,271,281,281,292,292,319,319,319,319,46,61,96,114,114,114,114,114,114,1,29,29],"floor_reached":57,"playtime":3399,"items_purged":["Regret","Strike_G","Poisoned Stab","Bane"],"score":3275,"play_id":"86461101-4485-4081-9eab-1c619dd8e176","local_time":"20190210191226","is_ascension_mode":true,"campfire_choices":[{"floor":7.0,"key":"REST"},{"data":"Well Laid Plans","floor":11.0,"key":"SMITH"},{"data":"Neutralize","floor":13.0,"key":"SMITH"},{"data":"Bouncing Flask","floor":15.0,"key":"SMITH"},{"data":"Ghostly","floor":23.0,"key":"SMITH"},{"data":"Night Terror","floor":25.0,"key":"SMITH"},{"data":"Noxious Fumes","floor":28.0,"key":"SMITH"},{"data":"Acrobatics","floor":32.0,"key":"SMITH"},{"data":"Wraith Form v2","floor":40.0,"key":"SMITH"},{"data":"Well Laid Plans","floor":42.0,"key":"SMITH"},{"data":"Ghostly","floor":44.0,"key":"SMITH"},{"floor":49.0,"key":"RECALL"},{"data":"Ghostly","floor":53,"key":"SMITH"}],"neow_cost":"CURSE","seed_source_timestamp":34944111621113,"circlet_count":0,"master_deck":["AscendersBane","Survivor","Neutralize+1","Poisoned Stab","Dagger Throw","Well Laid Plans+1","Bouncing Flask+1","After Image","Footwork","Deflect","Calculated Gamble+1","Acrobatics+1","Ghostly+1","Ghostly+1","Ghostly+1","Night Terror+1","Noxious Fumes+1","Deadly Poison+1","Adrenaline+1","Deflect+1","A Thousand Cuts","Deadly Poison+1","Burst+1","Die Die Die","Wraith Form v2+1","Reflex+1","Accuracy","Blur+1","Well Laid Plans+1","Concentrate+1","Prepared+1","Reflex+1","Catalyst+1","Wraith Form v2+1","Backflip+1","Well Laid Plans+1","Concentrate+1","Footwork+1"],"special_seed":0,"relics":["Ring of the Snake","Snake Skull","Blue Candle","Mango","Omamori","Girya","Sozu","Smiling Mask","War Paint","Prayer Wheel","Unceasing Top","Toxic Egg 2","Pandora\u0027s Box","Gremlin Horn","ClockworkSouvenir","Frozen Egg 2","Boot"],"potions_floor_usage":[56],"damage_taken":[{"damage":9.0,"enemies":"2 Louse","floor":1.0,"turns":5.0},{"damage":5.0,"enemies":"Small Slimes","floor":2.0,"turns":4.0},{"damage":0.0,"enemies":"Cultist","floor":4.0,"turns":3.0},{"damage":37.0,"enemies":"3 Sentries","floor":6.0,"turns":11.0},{"damage":8.0,"enemies":"Gremlin Nob","floor":8.0,"turns":3.0},{"damage":8.0,"enemies":"3 Sentries","floor":10.0,"turns":10.0},{"damage":6.0,"enemies":"Looter","floor":12.0,"turns":3.0},{"damage":1.0,"enemies":"Blue Slaver","floor":14.0,"turns":5.0},{"damage":1.0,"enemies":"Hexaghost","floor":16.0,"turns":8.0},{"damage":2.0,"enemies":"Spheric Guardian","floor":18.0,"turns":5.0},{"damage":15.0,"enemies":"2 Thieves","floor":19.0,"turns":4.0},{"damage":4.0,"enemies":"Snecko","floor":21.0,"turns":5.0},{"damage":0.0,"enemies":"Snake Plant","floor":22.0,"turns":3.0},{"damage":0.0,"enemies":"3 Cultists","floor":27.0,"turns":5.0},{"damage":5.0,"enemies":"Gremlin Leader","floor":30.0,"turns":9.0},{"damage":0.0,"enemies":"Colosseum Slavers","floor":31.0,"turns":1.0},{"damage":12.0,"enemies":"Colosseum Nobs","floor":31.0,"turns":8.0},{"damage":0.0,"enemies":"Automaton","floor":33.0,"turns":10.0},{"damage":2.0,"enemies":"Orb Walker","floor":35.0,"turns":4.0},{"damage":0.0,"enemies":"3 Shapes","floor":37.0,"turns":3.0},{"damage":0.0,"enemies":"Writhing Mass","floor":39.0,"turns":5.0},{"damage":0.0,"enemies":"Nemesis","floor":41.0,"turns":7.0},{"damage":0.0,"enemies":"Spire Growth","floor":46.0,"turns":5.0},{"damage":0.0,"enemies":"Giant Head","floor":47.0,"turns":6.0},{"damage":0.0,"enemies":"3 Darklings","floor":48.0,"turns":4.0},{"damage":0,"enemies":"Time Eater","floor":50,"turns":5},{"damage":24,"enemies":"Donu and Deca","floor":51,"turns":6},{"damage":0,"enemies":"Shield and Spear","floor":55,"turns":7},{"damage":31,"enemies":"The Heart","floor":56,"turns":4}],"seed_played":"-8315624711589046899","potions_obtained":[{"floor":1.0,"key":"EssenceOfSteel"},{"floor":6.0,"key":"SteroidPotion"},{"floor":12.0,"key":"Regen Potion"},{"floor":16.0,"key":"SmokeBomb"}],"is_trial":false,"path_per_floor":["M","M","$","M","?","E","R","E","T","E","R","M","R","M","R","B",null,"M","M","?","M","M","R","?","R","T","M","R","$","E","?","R","B",null,"M","$","M","?","M","R","E","R","T","R","$","M","E","M","R","B","B",null,"R","$","E","B",null],"character_chosen":"THE_SILENT","items_purchased":["Well Laid Plans","War Paint","Well Laid Plans","Concentrate+1","ClockworkSouvenir","Concentrate+1","Footwork+1"],"campfire_rested":1,"item_purchase_floors":[3,29,36,36,45,54,54],"current_hp_per_floor":[50,45,45,45,40,3,22,28,28,20,20,14,14,13,13,12,63,61,46,40,36,36,36,36,36,36,36,36,36,31,19,19,19,35,33,33,33,31,31,31,31,31,31,31,31,31,31,31,31,31,7,32,32,32,32,15],"gold":29,"neow_bonus":"TWO_FIFTY_GOLD","is_prod":false,"is_daily":false,"chose_seed":false,"campfire_upgraded":11,"win_rate":0,"timestamp":1549797146,"path_taken":["M","M","$","M","?","E","R","E","T","E","R","M","R","M","R","BOSS","M","M","?","M","M","R","?","R","T","M","R","$","E","?","R","BOSS","M","$","M","?","M","R","E","R","T","R","$","?","E","M","R","BOSS","BOSS","R","$","E","BOSS"],"build_version":"2019-01-23","purchased_purges":4,"victory":true,"max_hp_per_floor":[66,66,66,66,66,66,66,80,80,80,80,80,80,80,80,80,80,80,80,40,40,40,40,40,40,40,40,40,40,40,40,40,40,40,40,40,40,40,40,40,40,40,40,40,40,40,40,40,40,40,40,40,40,40,40,40],"card_choices":[{"not_picked":["Prepared","Skewer"],"picked":"Poisoned Stab","floor":1.0},{"not_picked":["Outmaneuver","Underhanded Strike"],"picked":"Dagger Throw","floor":2.0},{"not_picked":["Blur","Slice"],"picked":"Bane","floor":4.0},{"not_picked":["Choke","Slice"],"picked":"Bouncing Flask","floor":6.0},{"not_picked":["Dodge and Roll","Acrobatics"],"picked":"After Image","floor":8.0},{"not_picked":["Dash","Deadly Poison"],"picked":"Footwork","floor":10.0},{"not_picked":["PiercingWail","Bane","Deflect"],"picked":"SKIP","floor":12.0},{"not_picked":["PiercingWail","Bane"],"picked":"Deflect","floor":12.0},{"not_picked":["Backflip","Quick Slash"],"picked":"Calculated Gamble","floor":14.0},{"not_picked":["Choke","Flying Knee","Deflect"],"picked":"SKIP","floor":18.0},{"not_picked":["Sucker Punch","Prepared"],"picked":"Acrobatics","floor":19.0},{"not_picked":["Poisoned Stab","Acrobatics"],"picked":"Night Terror","floor":21.0},{"not_picked":["Masterful Stab","Infinite Blades","PiercingWail"],"picked":"SKIP","floor":22.0},{"not_picked":["Deflect","Dodge and Roll","All Out Attack"],"picked":"SKIP","floor":27.0},{"not_picked":["Backstab","Dagger Throw","Masterful Stab"],"picked":"SKIP","floor":30.0},{"not_picked":["Outmaneuver","Terror"],"picked":"Deadly Poison","floor":31.0},{"not_picked":["Phantasmal Killer+1","Venomology+1"],"picked":"Adrenaline+1","floor":33.0},{"not_picked":["PiercingWail+1","Dagger Spray"],"picked":"Blur+1","floor":35.0},{"not_picked":["Slice","Accuracy","Finisher"],"picked":"SKIP","floor":35.0},{"not_picked":["Distraction+1","Flying Knee"],"picked":"Prepared+1","floor":37.0},{"not_picked":["Slice","Bane+1","All Out Attack+1"],"picked":"SKIP","floor":37.0},{"not_picked":["Quick Slash","A Thousand Cuts","Deadly Poison+1"],"picked":"SKIP","floor":39.0},{"not_picked":["Distraction+1","Deadly Poison+1","All Out Attack"],"picked":"SKIP","floor":39.0},{"not_picked":["Bane+1","Escape Plan+1"],"picked":"Reflex+1","floor":41.0},{"not_picked":["Sucker Punch","Cloak And Dagger+1"],"picked":"Catalyst+1","floor":46.0},{"not_picked":["Quick Slash+1","Dodge and Roll+1","Bane"],"picked":"SKIP","floor":46.0},{"not_picked":["Calculated Gamble+1","Masterful Stab"],"picked":"Wraith Form v2","floor":47.0},{"not_picked":["Distraction+1","Dodge and Roll+1"],"picked":"Backflip+1","floor":48.0},{"not_picked":["Blade Dance+1","PiercingWail+1"],"picked":"Well Laid Plans+1","floor":48.0},{"not_picked":["Terror+1","Dodge and Roll+1","Storm of Steel+1"],"picked":"SKIP","floor":55}],"player_experience":2583467,"relics_obtained":[{"floor":6.0,"key":"Blue Candle"},{"floor":8.0,"key":"Mango"},{"floor":9.0,"key":"Omamori"},{"floor":10.0,"key":"Girya"},{"floor":26.0,"key":"Smiling Mask"},{"floor":30.0,"key":"Prayer Wheel"},{"floor":31.0,"key":"Unceasing Top"},{"floor":31.0,"key":"Toxic Egg 2"},{"floor":41.0,"key":"Gremlin Horn"},{"floor":47.0,"key":"Frozen Egg 2"},{"floor":55,"key":"Boot"}],"event_choices":[{"damage_healed":0.0,"max_hp_gain":0.0,"max_hp_loss":0.0,"gold_gain":0.0,"event_name":"Scrap Ooze","player_choice":"Success","floor":5.0,"gold_loss":0.0,"damage_taken":5.0,"relics_obtained":["Snake Skull"]},{"damage_healed":0.0,"max_hp_gain":0.0,"max_hp_loss":40.0,"gold_gain":0.0,"event_name":"Ghosts","player_choice":"Became a Ghost","floor":20.0,"gold_loss":0.0,"damage_taken":0.0,"cards_obtained":["Ghostly","Ghostly","Ghostly"]},{"damage_healed":0.0,"max_hp_gain":0.0,"max_hp_loss":0.0,"gold_gain":0.0,"event_name":"The Library","player_choice":"Read","floor":24.0,"gold_loss":0.0,"damage_taken":0.0,"cards_obtained":["Noxious Fumes"]},{"damage_healed":0.0,"max_hp_gain":0.0,"max_hp_loss":0.0,"gold_gain":0.0,"event_name":"Colosseum","player_choice":"Fight","floor":31.0,"gold_loss":0.0,"damage_taken":0.0},{"damage_healed":0.0,"max_hp_gain":0.0,"max_hp_loss":0.0,"gold_gain":0.0,"event_name":"Colosseum","player_choice":"Fought Nobs","floor":31.0,"gold_loss":0.0,"damage_taken":0.0},{"damage_healed":0.0,"max_hp_gain":0.0,"max_hp_loss":0.0,"gold_gain":0.0,"event_name":"The Woman in Blue","player_choice":"Bought 0 Potions","floor":38.0,"gold_loss":0.0,"damage_taken":0.0}],"is_beta":false,"boss_relics":[{"not_picked":["Black Star","Ectoplasm"],"picked":"Sozu"},{"not_picked":["Tiny House","Philosopher\u0027s Stone"],"picked":"Pandora\u0027s Box"}],"items_purged_floors":[3,29,36,45],"is_endless":false,"potions_floor_spawned":[1,6,12,16,19,31,33,39,46,48,55],"ascension_level":20}