{"gold_per_floor":[114,125,125,137,152,152,185,197],"floor_reached":8,"playtime":387,"items_purged":[],"score":116,"play_id":"e28aba01-7e4d-4f86-9392-bfa51f8b31fb","local_time":"20190207171134","is_ascension_mode":true,"campfire_choices":[{"data":"Deadly Poison","floor":6,"key":"SMITH"}],"neow_cost":"NONE","seed_source_timestamp":0,"circlet_count":0,"master_deck":["AscendersBane","Defend_G","Defend_G","Defend_G","Defend_G","Defend_G","Strike_G","Strike_G","Strike_G","Survivor","Neutralize","Terror","Blade Dance","Footwork","Deadly Poison+1"],"special_seed":0,"relics":["Ring of the Snake","MawBank"],"potions_floor_usage":[7],"damage_taken":[{"damage":0,"enemies":"2 Louse","floor":1,"turns":3},{"damage":0,"enemies":"Jaw Worm","floor":2,"turns":4},{"damage":0,"enemies":"Cultist","floor":4,"turns":3},{"damage":0,"enemies":"Exordium Wildlife","floor":5,"turns":4},{"damage":31,"enemies":"3 Sentries","floor":7,"turns":14},{"damage":15,"enemies":"The Mushroom Lair","floor":8,"turns":4}],"seed_played":"-372053437442803216","potions_obtained":[{"floor":1,"key":"Fire Potion"},{"floor":4,"key":"Swift Potion"},{"floor":7,"key":"Swift Potion"}],"is_trial":false,"path_per_floor":["M","M","?","M","M","R","E","?"],"character_chosen":"THE_SILENT","items_purchased":[],"campfire_rested":0,"item_purchase_floors":[],"current_hp_per_floor":[59,59,59,59,59,59,28,13],"gold":197,"neow_bonus":"REMOVE_CARD","is_prod":false,"is_daily":false,"chose_seed":false,"campfire_upgraded":1,"win_rate":0,"timestamp":1549530694,"path_taken":["M","M","?","M","M","R","E","?"],"build_version":"2019-02-06","purchased_purges":0,"victory":false,"max_hp_per_floor":[66,66,66,66,66,66,66,66],"card_choices":[{"not_picked":["Leg Sweep","Tactician"],"picked":"Terror","floor":1},{"not_picked":["Distraction","Deadly Poison","Prepared"],"picked":"SKIP","floor":2},{"not_picked":["Tactician","Catalyst"],"picked":"Footwork","floor":4},{"not_picked":["Quick Slash","Dodge and Roll"],"picked":"Deadly Poison","floor":5},{"not_picked":["Prepared","Dodge and Roll","Sucker Punch"],"picked":"SKIP","floor":7}],"player_experience":1433810,"relics_obtained":[{"floor":7,"key":"MawBank"}],"event_choices":[{"damage_healed":0,"gold_gain":0,"cards_transformed":["Strike_G"],"player_choice":"Change","damage_taken":0,"max_hp_gain":0,"max_hp_loss":0,"event_name":"Living Wall","floor":3,"gold_loss":0,"cards_obtained":["Blade Dance"]},{"damage_healed":0,"gold_gain":0,"player_choice":"Fought Mushrooms","damage_taken":0,"max_hp_gain":0,"max_hp_loss":0,"event_name":"Mushrooms","floor":8,"gold_loss":0}],"is_beta":true,"boss_relics":[],"items_purged_floors":[],"is_endless":false,"potions_floor_spawned":[1,4,7],"killed_by":"The Mushroom Lair","ascension_level":20}