{"gold_per_floor":[113,113,128,128,141,173,196,196,220,220,236,248,248,264,264,359,359,372,297,308,223,223,223,251,79,79,92,104,121,134,134],"floor_reached":31,"playtime":1186,"items_purged":["Strike_B","Strike_B"],"score":259,"play_id":"2de34cdc-cd1b-4575-9b9e-71f57bb558bd","local_time":"20190102011312","is_ascension_mode":false,"campfire_choices":[{"floor":8.0,"key":"RECALL"},{"data":"Fission","floor":10.0,"key":"SMITH"},{"floor":15.0,"key":"REST"},{"floor":23,"key":"REST"}],"neow_cost":"NONE","seed_source_timestamp":43226540322680,"circlet_count":0,"master_deck":["Strike_B","Defend_B","Defend_B","Defend_B","Defend_B+1","Zap+1","Dualcast","Turbo+1","White Noise","Fission+1","Tempest","Meteor Strike","Capacitor","Fusion","Defragment","Static Discharge+1"],"special_seed":0,"relics":["Cracked Core","NeowsBlessing","War Paint","Ancient Tea Set","Sozu","PreservedInsect","Bronze Scales","Bottled Lightning"],"potions_floor_usage":[18],"damage_taken":[{"damage":0.0,"enemies":"Jaw Worm","floor":1.0,"turns":1.0},{"damage":0.0,"enemies":"Cultist","floor":3.0,"turns":1.0},{"damage":0.0,"enemies":"Small Slimes","floor":5.0,"turns":1.0},{"damage":27.0,"enemies":"Lagavulin","floor":6.0,"turns":10.0},{"damage":18.0,"enemies":"Exordium Wildlife","floor":11.0,"turns":5.0},{"damage":0.0,"enemies":"Lots of Slimes","floor":12.0,"turns":1.0},{"damage":2.0,"enemies":"Large Slime","floor":14.0,"turns":5.0},{"damage":48.0,"enemies":"Slime Boss","floor":16.0,"turns":8.0},{"damage":15,"enemies":"2 Thieves","floor":18,"turns":2},{"damage":2,"enemies":"Chosen","floor":20,"turns":4},{"damage":7,"enemies":"Slavers","floor":24,"turns":2},{"damage":18,"enemies":"Snake Plant","floor":27,"turns":3},{"damage":5,"enemies":"Chosen and Byrds","floor":28,"turns":4},{"damage":21,"enemies":"Sentry and Sphere","floor":29,"turns":5},{"damage":12,"enemies":"Snecko","floor":30,"turns":3},{"damage":13,"enemies":"3 Cultists","floor":31,"turns":3}],"seed_played":"-5307221704661531711","potions_obtained":[{"floor":5.0,"key":"SteroidPotion"},{"floor":6.0,"key":"Explosive Potion"},{"floor":13.0,"key":"GamblersBrew"},{"floor":13.0,"key":"Energy Potion"},{"floor":16.0,"key":"Ancient Potion"}],"is_trial":false,"path_per_floor":["M","?","M","?","M","E","T","R","T","R","M","M","?","M","R","B",null,"M","$","M","?","?","R","E","$","T","M","M","M","M","M"],"character_chosen":"DEFECT","items_purchased":["Fusion"],"campfire_rested":2,"item_purchase_floors":[25],"current_hp_per_floor":[75,75,75,75,75,48,48,48,48,48,30,30,30,28,50,2,75,60,60,58,58,44,68,61,61,61,43,38,17,5,0],"gold":134,"neow_bonus":"THREE_ENEMY_KILL","is_prod":false,"is_daily":false,"chose_seed":false,"campfire_upgraded":1,"win_rate":0,"timestamp":1546387992,"path_taken":["M","?","?","?","M","E","?","R","T","R","?","M","?","?","R","BOSS","M","$","M","?","?","R","E","?","T","M","M","M","M","M"],"build_version":"2018-12-20","purchased_purges":2,"victory":false,"max_hp_per_floor":[75,75,75,75,75,75,75,75,75,75,75,75,75,75,75,75,75,75,75,75,75,80,80,80,80,80,80,80,80,80,80],"card_choices":[{"not_picked":["Sweeping Beam","Force Field","BootSequence"],"picked":"SKIP","floor":1.0},{"not_picked":["Barrage","Rebound"],"picked":"Turbo","floor":3.0},{"not_picked":["Barrage","Doom and Gloom"],"picked":"White Noise","floor":5.0},{"not_picked":["Rebound","Glacier"],"picked":"Fission","floor":6.0},{"not_picked":["Consume","Redo"],"picked":"Tempest","floor":11.0},{"not_picked":["Go for the Eyes","Coolheaded","Compile Driver"],"picked":"SKIP","floor":12.0},{"not_picked":["Conserve Battery","Skim","Leap"],"picked":"SKIP","floor":14.0},{"not_picked":["Hyperbeam","Buffer"],"picked":"Meteor Strike","floor":16.0},{"not_picked":["Ball Lightning","Steam Power+1","Beam Cell"],"picked":"SKIP","floor":18},{"not_picked":["Loop+1","Undo","Rip and Tear+1"],"picked":"SKIP","floor":20},{"not_picked":["Auto Shields","Melter"],"picked":"Capacitor","floor":24},{"not_picked":["White Noise+1","Skim"],"picked":"Defragment","floor":27},{"not_picked":["Cold Snap","Conserve Battery","Leap"],"picked":"SKIP","floor":28},{"not_picked":["Barrage","Gash"],"picked":"Static Discharge+1","floor":29},{"not_picked":["Recycle+1","Go for the Eyes+1","Rebound"],"picked":"SKIP","floor":30}],"player_experience":375843,"relics_obtained":[{"floor":6.0,"key":"War Paint"},{"floor":9.0,"key":"Ancient Tea Set"},{"floor":24,"key":"Bronze Scales"},{"floor":26,"key":"Bottled Lightning"}],"event_choices":[{"damage_healed":0.0,"max_hp_gain":0.0,"max_hp_loss":0.0,"gold_gain":0.0,"event_name":"Accursed Blacksmith","player_choice":"Forge","floor":2.0,"gold_loss":0.0,"damage_taken":0.0,"cards_upgraded":["Zap"]},{"cards_removed":["Strike_B"],"damage_healed":0.0,"max_hp_gain":0.0,"max_hp_loss":0.0,"gold_gain":0.0,"event_name":"Living Wall","player_choice":"Forget","floor":4.0,"gold_loss":0.0,"damage_taken":0.0},{"damage_healed":0.0,"max_hp_gain":0.0,"max_hp_loss":0.0,"gold_gain":0.0,"event_name":"Lab","player_choice":"Got Potions","floor":13.0,"gold_loss":0.0,"damage_taken":0.0},{"damage_healed":0,"gold_gain":0,"player_choice":"Obtained Relic","damage_taken":0,"relics_obtained":["PreservedInsect"],"max_hp_gain":0,"max_hp_loss":0,"event_name":"Addict","floor":21,"gold_loss":85},{"damage_healed":0,"gold_gain":0,"player_choice":"Shed Blood","damage_taken":19,"max_hp_gain":5,"max_hp_loss":0,"event_name":"Forgotten Altar","floor":22,"gold_loss":0}],"is_beta":false,"boss_relics":[{"not_picked":["Inserter","Snecko Eye"],"picked":"Sozu"}],"items_purged_floors":[19,25],"is_endless":false,"potions_floor_spawned":[5,6,14,16,20,28,29,30],"killed_by":"3 Cultists","ascension_level":0}