{"gold_per_floor":[115,125,145,159,179,179,206,156,156,225,225,165,53,73,73,150,150,164,164,181,195,195,195,213,228,228,239,252,202,252,118,118,194,194,209,225,175,0,0,31,31,59,108,119,132,157,210,210,210,210,210,210,210,37,71,71],"floor_reached":57,"playtime":3036,"items_purged":["Strike_G","Strike_G","Strike_G","Defend_G","Deadly Poison"],"score":3363,"play_id":"9b4436c4-2cd4-4297-9014-de430c7d475f","local_time":"20190114002313","is_ascension_mode":true,"campfire_choices":[{"data":"Prepared","floor":6.0,"key":"SMITH"},{"data":"Malaise","floor":11.0,"key":"SMITH"},{"data":"Neutralize","floor":15.0,"key":"SMITH"},{"data":"Tactician","floor":23.0,"key":"SMITH"},{"data":"Deep Breath","floor":32.0,"key":"SMITH"},{"data":"Grand Finale","floor":41.0,"key":"SMITH"},{"floor":49.0,"key":"RECALL"},{"data":"Backflip","floor":53.0,"key":"SMITH"}],"neow_cost":"TEN_PERCENT_HP_LOSS","seed_source_timestamp":23811387102279,"circlet_count":0,"master_deck":["AscendersBane","Defend_G","Defend_G","Defend_G","Defend_G","Survivor","Neutralize+1","Grand Finale+1","Prepared+1","Backflip+1","Tactician+1","Adrenaline","Escape Plan","Acrobatics+1","Deep Breath+1"],"special_seed":0,"relics":["Ring of the Snake","Smiling Mask","The Courier","Runic Pyramid","Frozen Egg 2","Black Star","Red Mask","Kunai","Meat on the Bone","Snake Skull","Mummified Hand","Pen Nib","Turnip","Tingsha","TheAbacus","Pantograph","Vajra"],"potions_floor_usage":[56,56],"damage_taken":[{"damage":7.0,"enemies":"Cultist","floor":1.0,"turns":5.0},{"damage":0.0,"enemies":"2 Louse","floor":2.0,"turns":4.0},{"damage":12.0,"enemies":"Jaw Worm","floor":3.0,"turns":4.0},{"damage":23.0,"enemies":"Exordium Thugs","floor":4.0,"turns":7.0},{"damage":0.0,"enemies":"Red Slaver","floor":5.0,"turns":5.0},{"damage":10.0,"enemies":"Lagavulin","floor":7.0,"turns":8.0},{"damage":1.0,"enemies":"Looter","floor":12.0,"turns":5.0},{"damage":0.0,"enemies":"2 Fungi Beasts","floor":14.0,"turns":4.0},{"damage":0.0,"enemies":"The Guardian","floor":16.0,"turns":11.0},{"damage":2.0,"enemies":"3 Byrds","floor":18.0,"turns":2.0},{"damage":0.0,"enemies":"Chosen","floor":20.0,"turns":7.0},{"damage":0.0,"enemies":"Centurion and Healer","floor":21.0,"turns":3.0},{"damage":0.0,"enemies":"Snake Plant","floor":24.0,"turns":3.0},{"damage":22.0,"enemies":"Chosen and Byrds","floor":25.0,"turns":5.0},{"damage":0.0,"enemies":"Centurion and Healer","floor":27.0,"turns":3.0},{"damage":0.0,"enemies":"Sentry and Sphere","floor":28.0,"turns":1.0},{"damage":0.0,"enemies":"Champ","floor":33.0,"turns":2.0},{"damage":5.0,"enemies":"3 Darklings","floor":35.0,"turns":2.0},{"damage":0.0,"enemies":"Orb Walker","floor":36.0,"turns":1.0},{"damage":0.0,"enemies":"Giant Head","floor":40.0,"turns":1.0},{"damage":3.0,"enemies":"Nemesis","floor":42.0,"turns":3.0},{"damage":0.0,"enemies":"Transient","floor":44.0,"turns":3.0},{"damage":0.0,"enemies":"Writhing Mass","floor":45.0,"turns":2.0},{"damage":0.0,"enemies":"Giant Head","floor":46.0,"turns":2.0},{"damage":5.0,"enemies":"2 Orb Walkers","floor":47.0,"turns":2.0},{"damage":0.0,"enemies":"Time Eater","floor":50.0,"turns":3.0},{"damage":0.0,"enemies":"Awakened One","floor":51.0,"turns":2.0},{"damage":0.0,"enemies":"Shield and Spear","floor":55.0,"turns":1.0},{"damage":5,"enemies":"The Heart","floor":56,"turns":5}],"seed_played":"-8570468142732321536","potions_obtained":[{"floor":1.0,"key":"Regen Potion"},{"floor":2.0,"key":"Fire Potion"},{"floor":16.0,"key":"Block Potion"},{"floor":19.0,"key":"FearPotion"},{"floor":35.0,"key":"GamblersBrew"}],"is_trial":false,"path_per_floor":["M","M","M","M","M","R","E","$","T","?","R","M","$","M","R","B",null,"M","?","M","M","?","R","M","M","T","M","M","$","?","$","R","B",null,"M","M","$","?","?","E","R","E","T","M","M","E","?","?","R","B","B",null,"R","$","E","B",null],"character_chosen":"THE_SILENT","items_purchased":["Adrenaline","Deep Breath","TheAbacus"],"campfire_rested":0,"item_purchase_floors":[13,31,54],"current_hp_per_floor":[52,52,40,17,17,17,7,7,7,7,7,6,6,6,6,21,50,48,48,48,48,48,48,48,26,26,26,26,26,26,26,26,26,52,47,47,47,47,47,47,47,44,44,44,44,44,39,39,39,39,39,55,55,55,55,55],"gold":71,"neow_bonus":"TRANSFORM_TWO_CARDS","is_prod":false,"is_daily":false,"chose_seed":false,"campfire_upgraded":7,"win_rate":0,"timestamp":1547396593,"path_taken":["M","M","M","M","?","R","E","$","T","?","R","M","?","M","R","BOSS","M","?","?","M","?","R","M","?","T","M","M","$","?","$","R","BOSS","M","M","$","?","?","E","R","E","T","M","M","E","?","?","R","BOSS","BOSS","R","$","E","BOSS"],"build_version":"2019-01-10","purchased_purges":5,"victory":true,"max_hp_per_floor":[60,60,60,60,60,60,60,60,60,60,60,60,60,60,60,60,60,60,60,60,60,60,60,60,60,60,60,60,60,60,60,60,60,60,60,60,60,60,60,60,60,60,60,60,60,60,60,60,60,60,60,60,60,60,60,60],"card_choices":[{"not_picked":["Dash","Slice"],"picked":"Prepared","floor":1.0},{"not_picked":["Outmaneuver","Sucker Punch"],"picked":"Backflip","floor":2.0},{"not_picked":["Deadly Poison","Blade Dance"],"picked":"Tactician","floor":3.0},{"not_picked":["Quick Slash","Dodge and Roll"],"picked":"Malaise","floor":4.0},{"not_picked":["Riddle With Holes","Bane","Dodge and Roll"],"picked":"SKIP","floor":5.0},{"not_picked":["Infinite Blades","Predator","Sucker Punch"],"picked":"SKIP","floor":7.0},{"not_picked":["Leg Sweep","Tactician","Dagger Throw"],"picked":"SKIP","floor":12.0},{"not_picked":["Bouncing Flask","Burst"],"picked":"Escape Plan","floor":14.0},{"not_picked":["Deadly Poison","Blade Dance","Dagger Spray"],"picked":"SKIP","floor":18.0},{"not_picked":["Deflect","Well Laid Plans","Bane"],"picked":"SKIP","floor":20.0},{"not_picked":["Blade Dance","Distraction"],"picked":"Acrobatics+1","floor":21.0},{"not_picked":["Deadly Poison+1","Wraith Form v2","Dash+1"],"picked":"SKIP","floor":24.0},{"not_picked":["Underhanded Strike","Distraction","Quick Slash"],"picked":"SKIP","floor":25.0},{"not_picked":["Quick Slash","Dash","Blur"],"picked":"SKIP","floor":27.0},{"not_picked":["Quick Slash","Dash","Blur"],"picked":"SKIP","floor":27.0},{"not_picked":["Dodge and Roll","PiercingWail","Underhanded Strike"],"picked":"SKIP","floor":28.0},{"not_picked":["Prepared","Dagger Throw","Heel Hook"],"picked":"SKIP","floor":35.0},{"not_picked":["Riddle With Holes","Choke","Tactician"],"picked":"SKIP","floor":36.0},{"not_picked":["Backflip+1","Dagger Spray+1","Cloak And Dagger+1"],"picked":"SKIP","floor":40.0},{"not_picked":["Slice","Flechettes","All Out Attack"],"picked":"SKIP","floor":42.0},{"not_picked":["Caltrops+1","Cloak And Dagger+1","Dash+1"],"picked":"SKIP","floor":44.0},{"not_picked":["Flechettes","Masterful Stab","Dagger Spray+1"],"picked":"SKIP","floor":45.0},{"not_picked":["Accuracy+1","Deflect","Backflip"],"picked":"SKIP","floor":46.0},{"not_picked":["Sucker Punch","Heel Hook+1","Acrobatics+1"],"picked":"SKIP","floor":55.0},{"not_picked":["Sucker Punch","Heel Hook+1","Acrobatics+1"],"picked":"SKIP","floor":55.0}],"player_experience":1273463,"relics_obtained":[{"floor":7.0,"key":"Smiling Mask"},{"floor":9.0,"key":"The Courier"},{"floor":26.0,"key":"Frozen Egg 2"},{"floor":40.0,"key":"Kunai"},{"floor":40.0,"key":"Meat on the Bone"},{"floor":42.0,"key":"Snake Skull"},{"floor":42.0,"key":"Mummified Hand"},{"floor":46.0,"key":"Pen Nib"},{"floor":46.0,"key":"Turnip"},{"floor":47.0,"key":"Tingsha"},{"floor":55.0,"key":"Pantograph"},{"floor":55.0,"key":"Vajra"}],"event_choices":[{"damage_healed":0.0,"max_hp_gain":0.0,"max_hp_loss":0.0,"gold_gain":69.0,"event_name":"Golden Wing","player_choice":"Gained Gold","floor":10.0,"gold_loss":0.0,"damage_taken":0.0},{"damage_healed":0.0,"max_hp_gain":0.0,"max_hp_loss":0.0,"gold_gain":0.0,"event_name":"Lab","player_choice":"Got Potions","floor":19.0,"gold_loss":0.0,"damage_taken":0.0},{"damage_healed":0.0,"max_hp_gain":0.0,"max_hp_loss":0.0,"gold_gain":0.0,"event_name":"Duplicator","player_choice":"Ignored","floor":22.0,"gold_loss":0.0,"damage_taken":0.0},{"damage_healed":0.0,"max_hp_gain":0.0,"max_hp_loss":0.0,"gold_gain":50.0,"event_name":"Golden Shrine","player_choice":"Pray","floor":30.0,"gold_loss":0.0,"damage_taken":0.0},{"damage_healed":0.0,"max_hp_gain":0.0,"max_hp_loss":0.0,"gold_gain":0.0,"event_name":"Tomb of Lord Red Mask","player_choice":"Paid","floor":38.0,"gold_loss":175.0,"damage_taken":0.0,"relics_obtained":["Red Mask"]},{"damage_healed":0.0,"max_hp_gain":0.0,"max_hp_loss":0.0,"gold_gain":0.0,"event_name":"SensoryStone","player_choice":"Memory 1","floor":39.0,"gold_loss":0.0,"damage_taken":0.0},{"damage_healed":0.0,"max_hp_gain":0.0,"max_hp_loss":0.0,"gold_gain":0.0,"event_name":"Mysterious Sphere","player_choice":"Fight","floor":47.0,"gold_loss":0.0,"damage_taken":0.0},{"cards_removed":["Malaise"],"damage_healed":0.0,"max_hp_gain":0.0,"max_hp_loss":0.0,"gold_gain":0.0,"event_name":"Falling","player_choice":"Removed Skill","floor":48.0,"gold_loss":0.0,"damage_taken":0.0}],"is_beta":true,"boss_relics":[{"not_picked":["WristBlade","Fusion Hammer"],"picked":"Runic Pyramid"},{"not_picked":["Calling Bell","Velvet Choker"],"picked":"Black Star"}],"items_purged_floors":[8,13,29,31,37],"is_endless":false,"potions_floor_spawned":[1,2,16,20,21,27,33,35,36,44,45,47],"ascension_level":20}