{"gold_per_floor":[114,35,55,55,55,55,76,91,116,139,64,64,64,84,84,84],"floor_reached":16,"playtime":409,"items_purged":["Strike_B"],"score":184,"play_id":"3f58c69a-a79b-4d0f-ac60-23d783c570f5","local_time":"20190106171938","is_ascension_mode":true,"campfire_choices":[{"data":"Loop","floor":6.0,"key":"SMITH"},{"data":"Defragment","floor":12.0,"key":"SMITH"},{"data":"Consume","floor":15,"key":"SMITH"}],"neow_cost":"NONE","seed_source_timestamp":21258027869822,"circlet_count":0,"master_deck":["AscendersBane","Strike_B","Strike_B","Strike_B","Defend_B","Defend_B","Defend_B","Defend_B","Zap","Dualcast","Self Repair","Loop+1","Fusion","Glacier","Defragment+1","Consume+1"],"special_seed":0,"relics":["Runic Dome","Golden Idol","Vajra","Blood Vial"],"potions_floor_usage":[],"damage_taken":[{"damage":11.0,"enemies":"Small Slimes","floor":1.0,"turns":3.0},{"damage":7.0,"enemies":"Jaw Worm","floor":3.0,"turns":4.0},{"damage":2.0,"enemies":"Cultist","floor":7.0,"turns":4.0},{"damage":26.0,"enemies":"3 Louse","floor":8.0,"turns":5.0},{"damage":3.0,"enemies":"Exordium Wildlife","floor":10.0,"turns":4.0},{"damage":20,"enemies":"Gremlin Gang","floor":14,"turns":7},{"damage":24,"enemies":"Slime Boss","floor":16,"turns":4}],"seed_played":"-7141204192873417203","potions_obtained":[{"floor":3.0,"key":"Dexterity Potion"},{"floor":7.0,"key":"Strength Potion"}],"is_trial":false,"path_per_floor":["M","$","M","?","?","R","M","M","T","M","$","R","?","M","R","B"],"character_chosen":"DEFECT","items_purchased":["Self Repair"],"campfire_rested":0,"item_purchase_floors":[2],"current_hp_per_floor":[53,53,53,53,53,53,58,39,39,45,45,45,45,34,34,12],"gold":84,"neow_bonus":"BOSS_RELIC","is_prod":false,"is_daily":false,"chose_seed":false,"campfire_upgraded":3,"win_rate":0,"timestamp":1546766378,"path_taken":["M","$","M","?","?","R","M","M","T","?","$","R","?","M","R","BOSS"],"build_version":"2019-01-03v4","purchased_purges":1,"victory":false,"max_hp_per_floor":[71,71,71,64,64,64,64,64,64,64,64,64,64,64,64,64],"card_choices":[{"not_picked":["Steam","Barrage","Static Discharge"],"picked":"SKIP","floor":1.0},{"not_picked":["Hologram","Redo"],"picked":"Loop","floor":3.0},{"not_picked":["Skim","Tempest"],"picked":"Fusion","floor":7.0},{"not_picked":["Streamline","Conserve Battery"],"picked":"Glacier","floor":8.0},{"not_picked":["Leap","Blizzard"],"picked":"Defragment","floor":10.0},{"not_picked":["Redo","Sweeping Beam"],"picked":"Consume","floor":14}],"player_experience":1784397,"relics_obtained":[{"floor":5.0,"key":"Vajra"},{"floor":9.0,"key":"Blood Vial"}],"event_choices":[{"damage_healed":0.0,"max_hp_gain":0.0,"max_hp_loss":7.0,"gold_gain":0.0,"event_name":"Golden Idol","player_choice":"Lose Max HP","floor":4.0,"gold_loss":0.0,"damage_taken":0.0,"relics_obtained":["Golden Idol"]},{"damage_healed":0.0,"max_hp_gain":0.0,"max_hp_loss":0.0,"gold_gain":0.0,"event_name":"Wheel of Change","player_choice":"Relic","floor":5.0,"gold_loss":0.0,"damage_taken":0.0},{"damage_healed":0,"gold_gain":0,"player_choice":"Fled","damage_taken":0,"max_hp_gain":0,"max_hp_loss":0,"event_name":"Scrap Ooze","floor":13,"gold_loss":0}],"is_beta":false,"boss_relics":[],"items_purged_floors":[11],"is_endless":false,"potions_floor_spawned":[3,7],"killed_by":"Slime Boss","ascension_level":20}