{"gold_per_floor":[365,365,365,380,391,426,351,276,276,276,276],"floor_reached":11,"playtime":198,"items_purged":["Strike_B"],"score":142,"play_id":"437a89e2-63b1-470b-ae25-49b851074422","local_time":"20181119191302","is_ascension_mode":true,"campfire_choices":[{"data":"Zap","floor":10,"key":"SMITH"}],"neow_cost":"PERCENT_DAMAGE","seed_source_timestamp":1671756619851524,"circlet_count":0,"master_deck":["AscendersBane","Strike_B","Defend_B","Defend_B","Defend_B","Defend_B","Zap+1","Dualcast","Ball Lightning"],"relics":["Cracked Core","Mercury Hourglass","Potion Belt"],"potions_floor_usage":[6],"damage_taken":[{"damage":1,"enemies":"2 Louse","floor":1,"turns":2},{"damage":4,"enemies":"Small Slimes","floor":4,"turns":3},{"damage":1,"enemies":"Cultist","floor":5,"turns":3},{"damage":31,"enemies":"Gremlin Nob","floor":6,"turns":4},{"damage":3,"enemies":"Lots of Slimes","floor":11,"turns":2}],"seed_played":"-8523605591816443134","potions_obtained":[{"floor":1,"key":"SkillPotion"},{"floor":5,"key":"Dexterity Potion"}],"is_trial":false,"path_per_floor":["M","?","?","M","M","E","?","$","T","R","M"],"character_chosen":"DEFECT","items_purchased":[],"campfire_rested":0,"item_purchase_floors":[],"current_hp_per_floor":[45,50,43,39,38,7,7,7,7,7,4],"gold":276,"neow_bonus":"TWO_FIFTY_GOLD","is_prod":false,"is_daily":false,"chose_seed":false,"campfire_upgraded":1,"win_rate":0,"timestamp":1542625982,"path_taken":["M","?","?","M","M","E","?","$","T","R","M"],"build_version":"2018-11-15","purchased_purges":1,"victory":false,"max_hp_per_floor":[71,76,76,76,76,76,76,76,76,76,76],"card_choices":[{"not_picked":["Doom and Gloom","Go for the Eyes","Conserve Battery"],"picked":"SKIP","floor":1},{"not_picked":["Steam Power","Auto Shields"],"picked":"Ball Lightning","floor":4},{"not_picked":["Cold Snap","Sweeping Beam","Undo"],"picked":"SKIP","floor":5},{"not_picked":["Rebound","Storm","Sunder"],"picked":"SKIP","floor":6}],"player_experience":562281,"relics_obtained":[{"floor":6,"key":"Mercury Hourglass"},{"floor":9,"key":"Potion Belt"}],"event_choices":[{"damage_healed":0,"gold_gain":0,"player_choice":"Donut","damage_taken":0,"max_hp_gain":5,"max_hp_loss":0,"event_name":"Big Fish","floor":2,"gold_loss":0},{"cards_removed":["Strike_B"],"damage_healed":0,"gold_gain":0,"player_choice":"Card Removal","damage_taken":7,"max_hp_gain":0,"max_hp_loss":0,"event_name":"Golden Wing","floor":3,"gold_loss":0},{"cards_removed":["Strike_B"],"damage_healed":0,"gold_gain":0,"player_choice":"Card Removal","damage_taken":0,"max_hp_gain":0,"max_hp_loss":0,"event_name":"The Cleric","floor":7,"gold_loss":75}],"is_beta":true,"boss_relics":[],"items_purged_floors":[8],"is_endless":false,"potions_floor_spawned":[1,5],"killed_by":"Lots of Slimes","ascension_level":20}