{"gold_per_floor":[111,124,141,158,158,192,207,207],"floor_reached":8,"playtime":248,"items_purged":[],"score":120,"play_id":"8dedb88e-379b-410a-86a4-ab1af33c1f47","local_time":"20190223210343","is_ascension_mode":true,"campfire_choices":[],"neow_cost":"NONE","seed_source_timestamp":522676717772564,"circlet_count":0,"master_deck":["AscendersBane","Strike_B","Strike_B","Strike_B","Strike_B","Defend_B","Defend_B","Defend_B","Defend_B","Zap","Dualcast","Capacitor","Ball Lightning","Coolheaded","Amplify+1","Tempest+1"],"relics":["Cracked Core","NeowsBlessing","CultistMask","Toxic Egg 2"],"potions_floor_usage":[4,8],"damage_taken":[{"damage":0,"enemies":"Jaw Worm","floor":1,"turns":1},{"damage":0,"enemies":"Cultist","floor":2,"turns":1},{"damage":0,"enemies":"Small Slimes","floor":3,"turns":1},{"damage":4,"enemies":"Red Slaver","floor":4,"turns":2},{"damage":36,"enemies":"3 Sentries","floor":6,"turns":9},{"damage":9,"enemies":"Looter","floor":7,"turns":4},{"damage":16,"enemies":"Large Slime","floor":8,"turns":5}],"seed_played":"5897819079106682474","potions_obtained":[{"floor":2,"key":"Fire Potion"},{"floor":3,"key":"Poison Potion"}],"is_trial":false,"path_per_floor":["M","M","M","M","?","E","M","M"],"character_chosen":"DEFECT","items_purchased":[],"campfire_rested":0,"item_purchase_floors":[],"current_hp_per_floor":[64,64,64,60,60,24,15,0],"gold":207,"neow_bonus":"THREE_ENEMY_KILL","is_prod":false,"is_daily":false,"chose_seed":false,"campfire_upgraded":0,"win_rate":0,"timestamp":1550927023,"path_taken":["M","M","M","M","?","E","M","M"],"build_version":"2019-01-23","purchased_purges":0,"victory":false,"max_hp_per_floor":[71,71,71,71,71,71,71,71],"card_choices":[{"not_picked":["Leap","Loop"],"picked":"Capacitor","floor":1},{"not_picked":["Coolheaded","Stack"],"picked":"Ball Lightning","floor":2},{"not_picked":["Rip and Tear","Redo","Static Discharge"],"picked":"SKIP","floor":3},{"not_picked":["Fusion","Genetic Algorithm"],"picked":"Coolheaded","floor":4},{"not_picked":["Rebound","Barrage"],"picked":"Amplify","floor":6},{"not_picked":["Genetic Algorithm+1","Ball Lightning"],"picked":"Tempest+1","floor":7}],"player_experience":946688,"relics_obtained":[{"floor":6,"key":"Toxic Egg 2"}],"event_choices":[{"damage_healed":0,"gold_gain":0,"player_choice":"Trade","damage_taken":0,"relics_obtained":["CultistMask"],"max_hp_gain":0,"max_hp_loss":0,"event_name":"FaceTrader","floor":5,"gold_loss":0}],"is_beta":false,"boss_relics":[],"items_purged_floors":[],"is_endless":false,"potions_floor_spawned":[2,3],"killed_by":"Large Slime","ascension_level":20}