{"gold_per_floor":[116,132,57,57,82,82,107,107,107,165,165,194,194,215,215,291,291,308,308,308,208,224,237,237,237],"floor_reached":25,"playtime":856,"items_purged":["Strike_G","Strike_G"],"score":480,"play_id":"b8f24a2b-8cd6-446a-adf4-ca583a0c64d2","local_time":"20190218215801","is_ascension_mode":true,"campfire_choices":[{"data":"Deadly Poison","floor":6.0,"key":"SMITH"},{"data":"Neutralize","floor":8.0,"key":"SMITH"},{"data":"Footwork","floor":11.0,"key":"SMITH"},{"data":"Blur","floor":13.0,"key":"SMITH"},{"data":"Survivor","floor":15.0,"key":"SMITH"},{"data":"Expertise","floor":24.0,"key":"SMITH"}],"neow_cost":"NONE","seed_source_timestamp":49469062467362,"circlet_count":0,"master_deck":["AscendersBane","Defend_G","Defend_G","Defend_G","Defend_G","Defend_G","Strike_G","Survivor+1","Neutralize+1","Footwork+1","Deadly Poison+1","Blur+1","Caltrops+1","Grand Finale","Expertise+1","Backflip","Backflip"],"special_seed":0,"relics":["Ring of the Snake","NeowsBlessing","Pen Nib","Paper Crane","Tiny Chest","Frozen Egg 2","Odd Mushroom","Orrery"],"potions_floor_usage":[25,25],"damage_taken":[{"damage":0.0,"enemies":"2 Louse","floor":1.0,"turns":1.0},{"damage":0.0,"enemies":"Jaw Worm","floor":2.0,"turns":1.0},{"damage":0.0,"enemies":"3 Sentries","floor":7.0,"turns":1.0},{"damage":5.0,"enemies":"Lagavulin","floor":10.0,"turns":11.0},{"damage":12.0,"enemies":"3 Sentries","floor":12.0,"turns":17.0},{"damage":9.0,"enemies":"The Mushroom Lair","floor":14.0,"turns":6.0},{"damage":9.0,"enemies":"Hexaghost","floor":16.0,"turns":10.0},{"damage":8.0,"enemies":"Shell Parasite","floor":18.0,"turns":4.0},{"damage":1.0,"enemies":"Chosen","floor":22.0,"turns":7.0},{"damage":5.0,"enemies":"Snake Plant","floor":23.0,"turns":6.0},{"damage":49,"enemies":"Slavers","floor":25,"turns":9}],"seed_played":"-600462663768026252","potions_obtained":[{"floor":7.0,"key":"SteroidPotion"},{"floor":10.0,"key":"LiquidBronze"},{"floor":16.0,"key":"GhostInAJar"},{"floor":23.0,"key":"SkillPotion"}],"is_trial":false,"path_per_floor":["M","M","$","?","T","R","E","R","T","E","R","E","R","?","R","B",null,"M","?","?","$","M","M","R","E"],"character_chosen":"THE_SILENT","items_purchased":[],"campfire_rested":0,"item_purchase_floors":[],"current_hp_per_floor":[59,59,59,59,59,59,59,59,59,54,54,42,42,33,33,24,56,48,48,48,48,47,42,42,0],"gold":237,"neow_bonus":"THREE_ENEMY_KILL","is_prod":false,"is_daily":false,"chose_seed":false,"campfire_upgraded":6,"win_rate":0,"timestamp":1550498281,"path_taken":["M","M","$","?","?","R","E","R","T","E","R","E","R","?","R","BOSS","M","?","?","$","M","?","R","E"],"build_version":"2019-01-23","purchased_purges":2,"victory":false,"max_hp_per_floor":[66,66,66,66,66,66,66,66,66,66,66,66,66,66,66,66,66,66,66,66,66,66,66,66,66],"card_choices":[{"not_picked":["Prepared","Slice"],"picked":"Footwork","floor":1.0},{"not_picked":["Blur","Escape Plan"],"picked":"Deadly Poison","floor":2.0},{"not_picked":["Poisoned Stab","All Out Attack","PiercingWail"],"picked":"SKIP","floor":7.0},{"not_picked":["Heel Hook","Accuracy","Bane"],"picked":"SKIP","floor":10.0},{"not_picked":["Outmaneuver","Phantasmal Killer"],"picked":"Caltrops","floor":12.0},{"not_picked":["Night Terror","Storm of Steel"],"picked":"Grand Finale","floor":16.0},{"not_picked":["Deflect","Blur"],"picked":"Expertise","floor":17.0},{"not_picked":["Dagger Spray","Underhanded Strike"],"picked":"Backflip","floor":17.0},{"not_picked":["Setup","Underhanded Strike"],"picked":"Backflip","floor":17.0},{"not_picked":["Poisoned Stab","All Out Attack+1","Underhanded Strike+1"],"picked":"SKIP","floor":18.0},{"not_picked":["Bane","Accuracy+1","Setup"],"picked":"SKIP","floor":22.0},{"not_picked":["Crippling Poison","Deflect","PiercingWail"],"picked":"SKIP","floor":23.0}],"player_experience":2923755,"relics_obtained":[{"floor":7.0,"key":"Pen Nib"},{"floor":9.0,"key":"Paper Crane"},{"floor":10.0,"key":"Tiny Chest"},{"floor":12.0,"key":"Frozen Egg 2"},{"floor":14.0,"key":"Odd Mushroom"}],"event_choices":[{"damage_healed":0.0,"max_hp_gain":0.0,"max_hp_loss":0.0,"gold_gain":0.0,"cards_transformed":["Strike_G"],"event_name":"Living Wall","player_choice":"Change","floor":4.0,"gold_loss":0.0,"damage_taken":0.0,"cards_obtained":["Blur"]},{"damage_healed":0.0,"max_hp_gain":0.0,"max_hp_loss":0.0,"gold_gain":0.0,"event_name":"Mushrooms","player_choice":"Fought Mushrooms","floor":14.0,"gold_loss":0.0,"damage_taken":0.0},{"damage_healed":0.0,"max_hp_gain":0.0,"max_hp_loss":0.0,"gold_gain":0.0,"event_name":"Vampires","player_choice":"Ignored","floor":19.0,"gold_loss":0.0,"damage_taken":0.0},{"cards_removed":["Strike_G"],"damage_healed":0.0,"max_hp_gain":0.0,"max_hp_loss":0.0,"gold_gain":0.0,"event_name":"Bonfire Elementals","player_choice":"Offered Basic","floor":20.0,"gold_loss":0.0,"damage_taken":0.0}],"is_beta":false,"boss_relics":[{"not_picked":["Black Star","Tiny House"],"picked":"Orrery"}],"items_purged_floors":[3,21],"is_endless":false,"potions_floor_spawned":[7,10,16,18,23],"killed_by":"Slavers","ascension_level":20}