{"gold_per_floor":[109,109,69,79,91,91,120,135,160,193,193,243,259,219,219,298,298,308,30,65,65,80,80,111,9,32,32,51,76,76,108,108,185,185,199,216,78,78,97,97,17,17,40,66,86,86,121,137,137,137,137,137,9,35,35],"floor_reached":56,"playtime":4060,"items_purged":["Riddle With Holes","Deflect"],"score":2382,"play_id":"118ccba3-9564-481d-9936-19d81bd9bd7a","local_time":"20190528124027","is_ascension_mode":true,"campfire_choices":[{"floor":6.0,"key":"REST"},{"floor":11.0,"key":"REST"},{"floor":15.0,"key":"REST"},{"floor":23.0,"key":"REST"},{"floor":27.0,"key":"REST"},{"data":"After Image","floor":32.0,"key":"SMITH"},{"data":"A Thousand Cuts","floor":40.0,"key":"SMITH"},{"data":"Wraith Form v2","floor":42.0,"key":"SMITH"},{"data":"Wraith Form v2","floor":46.0,"key":"SMITH"},{"floor":49.0,"key":"RECALL"},{"data":"Wraith Form v2","floor":52,"key":"SMITH"}],"neow_cost":"NONE","seed_source_timestamp":4139937433447,"circlet_count":0,"master_deck":["AscendersBane","Survivor","Neutralize","Dagger Spray","Corpse Explosion","After Image","PiercingWail","Noxious Fumes","Dagger Throw","After Image+1","Dodge and Roll","Doppelganger","Burst","Wraith Form v2+1","Phantasmal Killer","Escape Plan","Skewer","Poisoned Stab","Dodge and Roll","Noxious Fumes+1","Blur","Escape Plan","Well Laid Plans","Escape Plan","Dodge and Roll","A Thousand Cuts+1","After Image","Backflip","Wraith Form v2+1","Wraith Form v2+1","PiercingWail","Acrobatics+1","PiercingWail","Noxious Fumes","Caltrops"],"special_seed":0,"relics":["Ring of the Snake","Ancient Tea Set","Oddly Smooth Stone","Strawberry","The Courier","Pandora\u0027s Box","Tiny Chest","Lantern","Red Mask","Thread and Needle","Snake Skull","Pear","Omamori","Snecko Eye","Happy Flower","Molten Egg 2","Orichalcum","Centennial Puzzle"],"potions_floor_usage":[50,54,55],"damage_taken":[{"damage":2.0,"enemies":"Cultist","floor":1.0,"turns":5.0},{"damage":7.0,"enemies":"Small Slimes","floor":4.0,"turns":3.0},{"damage":0.0,"enemies":"2 Louse","floor":5.0,"turns":3.0},{"damage":36.0,"enemies":"Gremlin Nob","floor":7.0,"turns":4.0},{"damage":7.0,"enemies":"Red Slaver","floor":8.0,"turns":6.0},{"damage":28.0,"enemies":"3 Sentries","floor":10.0,"turns":12.0},{"damage":4.0,"enemies":"Large Slime","floor":13.0,"turns":8.0},{"damage":7.0,"enemies":"Looter","floor":14.0,"turns":4.0},{"damage":26.0,"enemies":"Slime Boss","floor":16.0,"turns":10.0},{"damage":16.0,"enemies":"2 Thieves","floor":18.0,"turns":4.0},{"damage":16.0,"enemies":"Masked Bandits","floor":20.0,"turns":4.0},{"damage":25.0,"enemies":"3 Byrds","floor":22.0,"turns":4.0},{"damage":15.0,"enemies":"Gremlin Leader","floor":24.0,"turns":7.0},{"damage":0.0,"enemies":"Snake Plant","floor":28.0,"turns":4.0},{"damage":16.0,"enemies":"Book of Stabbing","floor":29.0,"turns":7.0},{"damage":0.0,"enemies":"Slavers","floor":31.0,"turns":4.0},{"damage":0.0,"enemies":"Automaton","floor":33.0,"turns":11.0},{"damage":0.0,"enemies":"3 Shapes","floor":35.0,"turns":5.0},{"damage":8.0,"enemies":"Orb Walker","floor":36.0,"turns":6.0},{"damage":0.0,"enemies":"3 Darklings","floor":39.0,"turns":4.0},{"damage":18.0,"enemies":"Nemesis","floor":44.0,"turns":9.0},{"damage":3.0,"enemies":"4 Shapes","floor":45.0,"turns":3.0},{"damage":0.0,"enemies":"Giant Head","floor":47.0,"turns":11.0},{"damage":0.0,"enemies":"Sphere and 2 Shapes","floor":48.0,"turns":6.0},{"damage":12,"enemies":"Time Eater","floor":50,"turns":16},{"damage":0,"enemies":"Shield and Spear","floor":54,"turns":9},{"damage":36,"enemies":"The Heart","floor":55,"turns":12}],"seed_played":"6913851499407473154","potions_obtained":[{"floor":3.0,"key":"SteroidPotion"},{"floor":3.0,"key":"Energy Potion"},{"floor":5.0,"key":"Poison Potion"},{"floor":8.0,"key":"GhostInAJar"},{"floor":10.0,"key":"Explosive Potion"},{"floor":13.0,"key":"Energy Potion"},{"floor":16.0,"key":"Fire Potion"},{"floor":22.0,"key":"GamblersBrew"},{"floor":24.0,"key":"Regen Potion"},{"floor":28.0,"key":"GhostInAJar"},{"floor":30.0,"key":"AttackPotion"},{"floor":33.0,"key":"GamblersBrew"},{"floor":48.0,"key":"GhostInAJar"},{"floor":54,"key":"FearPotion"}],"is_trial":false,"path_per_floor":["M","?","?","M","M","R","E","M","T","E","R","?","M","M","R","B",null,"M","$","?","?","M","R","E","$","T","R","M","E","?","E","R","B",null,"M","M","$","?","M","R","$","R","T","E","M","R","E","M","R","B",null,"R","$","E","B",null],"character_chosen":"THE_SILENT","items_purchased":["Tiny Chest","Lantern","Well Laid Plans","Escape Plan","Happy Flower","Noxious Fumes","Caltrops"],"campfire_rested":5,"item_purchase_floors":[19,19,25,25,37,53,53],"current_hp_per_floor":[63,52,52,45,45,66,30,23,30,2,25,25,21,14,37,11,62,46,46,30,30,5,28,13,13,13,36,48,42,42,42,42,42,77,77,69,69,69,69,69,69,69,69,51,48,48,48,48,48,36,76,76,76,76,40],"gold":35,"neow_bonus":"TEN_PERCENT_HP_BONUS","is_prod":false,"is_daily":false,"chose_seed":false,"campfire_upgraded":5,"win_rate":0,"timestamp":1559040027,"path_taken":["M","?","?","?","M","R","E","?","T","E","R","?","?","M","R","BOSS","M","$","?","?","M","R","E","?","T","R","M","E","?","E","R","BOSS","M","M","?","?","?","R","?","R","T","E","M","R","E","M","R","BOSS","R","$","E","BOSS"],"build_version":"2019-01-23","purchased_purges":2,"victory":true,"max_hp_per_floor":[72,72,72,72,72,72,72,72,79,79,79,79,79,79,79,79,79,79,79,79,79,79,79,79,79,79,79,79,89,89,89,89,89,89,89,89,89,89,89,89,89,89,89,89,89,89,89,89,89,89,89,89,89,89,89],"card_choices":[{"not_picked":["Flechettes","Flying Knee"],"picked":"Dagger Spray","floor":1.0},{"not_picked":["Dagger Spray","Caltrops"],"picked":"Deflect","floor":4.0},{"not_picked":["Expertise","PiercingWail"],"picked":"Corpse Explosion","floor":5.0},{"not_picked":["Poisoned Stab","Backstab"],"picked":"After Image","floor":7.0},{"not_picked":["Heel Hook","Outmaneuver","Underhanded Strike"],"picked":"SKIP","floor":8.0},{"not_picked":["Riddle With Holes","Eviscerate"],"picked":"PiercingWail","floor":10.0},{"not_picked":["Backstab","Quick Slash"],"picked":"Noxious Fumes","floor":13.0},{"not_picked":["Outmaneuver","PiercingWail"],"picked":"Dagger Throw","floor":14.0},{"not_picked":["Doppelganger","Bullet Time"],"picked":"After Image","floor":16.0},{"not_picked":["Outmaneuver","Blade Dance+1"],"picked":"Dodge and Roll","floor":18.0},{"not_picked":["Reflex","Bane+1"],"picked":"Noxious Fumes+1","floor":20.0},{"not_picked":["Leg Sweep","Slice"],"picked":"Blur","floor":22.0},{"not_picked":["Leg Sweep","Caltrops+1"],"picked":"Escape Plan","floor":24.0},{"not_picked":["Bane+1","Venomology"],"picked":"Dodge and Roll","floor":28.0},{"not_picked":["Flechettes","Blade Dance+1"],"picked":"A Thousand Cuts","floor":29.0},{"not_picked":["Dash","Bouncing Flask+1","Riddle With Holes"],"picked":"SKIP","floor":31.0},{"not_picked":["Doppelganger","A Thousand Cuts"],"picked":"After Image","floor":33.0},{"not_picked":["Bane","Prepared+1"],"picked":"Backflip","floor":35.0},{"not_picked":["Noxious Fumes","Blade Dance","Bane"],"picked":"SKIP","floor":36.0},{"not_picked":["Dagger Throw","Underhanded Strike"],"picked":"Wraith Form v2","floor":39.0},{"not_picked":["Grand Finale","Dagger Throw+1","Finisher"],"picked":"SKIP","floor":44.0},{"not_picked":["Dagger Throw+1","Sucker Punch+1","PiercingWail"],"picked":"SKIP","floor":45.0},{"not_picked":["Dagger Throw+1","Sucker Punch+1"],"picked":"PiercingWail","floor":45.0},{"not_picked":["Slice+1","Dagger Spray+1"],"picked":"Acrobatics+1","floor":47.0},{"not_picked":["All Out Attack+1","Footwork"],"picked":"PiercingWail","floor":48.0},{"not_picked":["Quick Slash+1","Distraction+1","Tactician"],"picked":"SKIP","floor":54}],"player_experience":600676,"relics_obtained":[{"floor":7.0,"key":"Oddly Smooth Stone"},{"floor":9.0,"key":"Strawberry"},{"floor":10.0,"key":"The Courier"},{"floor":20.0,"key":"Red Mask"},{"floor":24.0,"key":"Thread and Needle"},{"floor":26.0,"key":"Snake Skull"},{"floor":29.0,"key":"Pear"},{"floor":31.0,"key":"Omamori"},{"floor":44.0,"key":"Molten Egg 2"},{"floor":47.0,"key":"Orichalcum"},{"floor":54,"key":"Centennial Puzzle"}],"event_choices":[{"damage_healed":0.0,"max_hp_gain":0.0,"max_hp_loss":0.0,"gold_gain":0.0,"event_name":"Scrap Ooze","player_choice":"Success","floor":2.0,"gold_loss":0.0,"damage_taken":11.0,"relics_obtained":["Ancient Tea Set"]},{"damage_healed":0.0,"max_hp_gain":0.0,"max_hp_loss":0.0,"gold_gain":0.0,"event_name":"The Woman in Blue","player_choice":"Bought 3 Potions","floor":3.0,"gold_loss":0.0,"damage_taken":0.0},{"damage_healed":0.0,"max_hp_gain":0.0,"max_hp_loss":0.0,"gold_gain":50.0,"event_name":"Golden Shrine","player_choice":"Pray","floor":12.0,"gold_loss":0.0,"damage_taken":0.0},{"damage_healed":0.0,"max_hp_gain":0.0,"max_hp_loss":0.0,"gold_gain":0.0,"event_name":"Masked Bandits","player_choice":"Fought Bandits","floor":20.0,"gold_loss":0.0,"damage_taken":0.0},{"cards_removed":["Accuracy"],"damage_healed":0.0,"max_hp_gain":0.0,"max_hp_loss":0.0,"gold_gain":0.0,"event_name":"Back to Basics","player_choice":"Elegance","floor":21.0,"gold_loss":0.0,"damage_taken":0.0},{"damage_healed":0.0,"max_hp_gain":0.0,"max_hp_loss":0.0,"gold_gain":0.0,"event_name":"Lab","player_choice":"Got Potions","floor":30.0,"gold_loss":0.0,"damage_taken":0.0},{"damage_healed":0.0,"max_hp_gain":0.0,"max_hp_loss":0.0,"gold_gain":0.0,"event_name":"Duplicator","player_choice":"Copied","floor":38.0,"gold_loss":0.0,"damage_taken":0.0,"cards_obtained":["Wraith Form v2"]}],"is_beta":false,"boss_relics":[{"not_picked":["White Beast Statue","Runic Dome"],"picked":"Pandora\u0027s Box"},{"not_picked":["Cursed Key","WristBlade"],"picked":"Snecko Eye"}],"items_purged_floors":[19,41],"is_endless":false,"potions_floor_spawned":[5,8,10,13,16,22,24,28,33,44,48,54],"ascension_level":18}