{"gold_per_floor":[118,193,193,274,274,306,318,347,385,38,38],"floor_reached":11,"playtime":142,"items_purged":[],"score":208,"play_id":"2e0540c4-1407-4657-b072-ca10026b9799","local_time":"20190302164030","is_ascension_mode":true,"campfire_choices":[],"neow_cost":"NONE","seed_source_timestamp":177157970766327,"circlet_count":0,"master_deck":["AscendersBane","Strike_B","Strike_B","Strike_B","Strike_B","Defend_B","Defend_B","Defend_B+1","Defend_B","Zap","Dualcast+1","Coolheaded","Barrage","Turbo","Capacitor+1","Recycle"],"special_seed":0,"relics":["Cracked Core","NeowsBlessing","Tiny Chest","Sundial","Frozen Egg 2","MawBank","Meat on the Bone"],"potions_floor_usage":[11],"damage_taken":[{"damage":0.0,"enemies":"Small Slimes","floor":1.0,"turns":1.0},{"damage":0.0,"enemies":"3 Sentries","floor":6.0,"turns":1.0},{"damage":0.0,"enemies":"Jaw Worm","floor":7.0,"turns":1.0},{"damage":31.0,"enemies":"Gremlin Nob","floor":8.0,"turns":4.0},{"damage":10,"enemies":"Lagavulin","floor":11,"turns":4}],"seed_played":"2016453301104576790","potions_obtained":[{"floor":1.0,"key":"AttackPotion"},{"floor":7.0,"key":"Weak Potion"},{"floor":8.0,"key":"SteroidPotion"}],"is_trial":false,"path_per_floor":["M","?","?","T","T","E","M","E","T","$","E"],"character_chosen":"DEFECT","items_purchased":["Meat on the Bone","Recycle"],"campfire_rested":0,"item_purchase_floors":[10,10],"current_hp_per_floor":[64,53,32,32,32,32,32,1,1,1,0],"gold":38,"neow_bonus":"THREE_ENEMY_KILL","is_prod":false,"is_daily":false,"chose_seed":false,"campfire_upgraded":0,"win_rate":0,"timestamp":1551516030,"path_taken":["M","?","?","?","?","E","M","E","T","$","E"],"build_version":"2019-01-23","purchased_purges":0,"victory":false,"max_hp_per_floor":[71,71,71,71,71,71,71,71,71,71,71],"card_choices":[{"not_picked":["Recycle","Hello World"],"picked":"Coolheaded","floor":1.0},{"not_picked":["Lockon","Streamline"],"picked":"Barrage","floor":6.0},{"not_picked":["Compile Driver","Sweeping Beam"],"picked":"Turbo","floor":7.0},{"not_picked":["Doom and Gloom","Heatsinks+1"],"picked":"Capacitor+1","floor":8.0}],"player_experience":1072437,"relics_obtained":[{"floor":4.0,"key":"Tiny Chest"},{"floor":5.0,"key":"Sundial"},{"floor":6.0,"key":"Frozen Egg 2"},{"floor":8.0,"key":"MawBank"}],"event_choices":[{"damage_healed":0.0,"max_hp_gain":0.0,"max_hp_loss":0.0,"gold_gain":75.0,"event_name":"World of Goop","player_choice":"Gather Gold","floor":2.0,"gold_loss":0.0,"damage_taken":11.0},{"damage_healed":0.0,"max_hp_gain":0.0,"max_hp_loss":0.0,"gold_gain":0.0,"event_name":"Shining Light","player_choice":"Entered Light","floor":3.0,"gold_loss":0.0,"damage_taken":21.0,"cards_upgraded":["Defend_B","Dualcast"]}],"is_beta":false,"boss_relics":[],"items_purged_floors":[],"is_endless":false,"potions_floor_spawned":[1,7,8],"killed_by":"Lagavulin","ascension_level":20}