{"gold_per_floor":[109,34,34,34,52,52,67,67,67,67,92,92,106,6,6,129,129,150,75,75,88,88,88,124,124],"floor_reached":25,"playtime":656,"items_purged":["Defend_R","Strike_R"],"score":324,"play_id":"68172e76-f6ef-49e2-8e2a-6f0825df83dc","local_time":"20181010124627","is_ascension_mode":true,"campfire_choices":[{"data":"Uppercut","floor":6,"key":"SMITH"},{"data":"Strike_R","floor":8,"key":"SMITH"},{"data":"Strike_R","floor":10,"key":"SMITH"},{"data":"Rampage","floor":15,"key":"SMITH"},{"data":"Fiend Fire","floor":23,"key":"SMITH"}],"neow_cost":"NONE","seed_source_timestamp":15907085730822,"circlet_count":0,"master_deck":["Strike_R+1","Strike_R+1","Defend_R","AscendersBane","Uppercut+1","Rampage+1","Fire Breathing+1","Twin Strike+1","Hemokinesis+1","Fiend Fire+1","Double Tap"],"relics":["Burning Blood","Golden Idol","Self Forming Clay","Astrolabe","Blue Candle"],"potions_floor_usage":[18,24,25],"damage_taken":[{"damage":7,"enemies":"Jaw Worm","floor":1,"turns":3},{"damage":11,"enemies":"Small Slimes","floor":5,"turns":4},{"damage":0,"enemies":"2 Louse","floor":7,"turns":2},{"damage":0,"enemies":"Large Slime","floor":11,"turns":5},{"damage":3,"enemies":"Exordium Wildlife","floor":13,"turns":3},{"damage":55,"enemies":"Slime Boss","floor":16,"turns":12},{"damage":10,"enemies":"Chosen","floor":18,"turns":3},{"damage":23,"enemies":"2 Thieves","floor":21,"turns":3},{"damage":25,"enemies":"Gremlin Leader","floor":24,"turns":4},{"damage":26,"enemies":"Shelled Parasite and Fungi","floor":25,"turns":2}],"seed_played":"-6225754272617532863","potions_obtained":[{"floor":13,"key":"Fire Potion"},{"floor":16,"key":"SneckoOil"},{"floor":18,"key":"EntropicBrew"}],"is_trial":false,"path_per_floor":["M","$","?","?","M","R","M","R","T","R","M","?","M","$","R","B",null,"M","?","$","M","$","R","E"],"character_chosen":"IRONCLAD","items_purchased":[],"campfire_rested":0,"item_purchase_floors":[],"current_hp_per_floor":[71,71,71,71,66,66,72,72,72,72,74,74,74,74,74,25,62,58,58,58,41,41,41,22,0],"gold":124,"neow_bonus":"THREE_CARDS","is_prod":false,"is_daily":false,"chose_seed":false,"campfire_upgraded":5,"win_rate":0,"timestamp":1539146787,"path_taken":["M","$","?","?","?","R","M","R","T","R","M","?","M","?","R","BOSS","M","?","$","M","$","R","E","?"],"build_version":"2018-10-04v2","purchased_purges":2,"victory":false,"max_hp_per_floor":[80,80,80,74,74,74,74,74,74,74,74,74,74,74,74,74,74,74,74,74,74,74,74,74,74],"card_choices":[{"not_picked":["Headbutt","Wild Strike","Clothesline"],"picked":"SKIP","floor":1},{"not_picked":["Body Slam","Sever Soul"],"picked":"Uppercut","floor":5},{"not_picked":["Heavy Blade","Clothesline","Feel No Pain"],"picked":"SKIP","floor":7},{"not_picked":["True Grit","Clothesline","Flex"],"picked":"SKIP","floor":11},{"not_picked":["Burning Pact","Heavy Blade"],"picked":"Rampage","floor":13},{"not_picked":["Armaments+1","Body Slam","Iron Wave"],"picked":"SKIP","floor":18},{"not_picked":["Uppercut","Cleave"],"picked":"Fiend Fire","floor":21},{"not_picked":["Entrench","Inflame"],"picked":"Double Tap","floor":24}],"player_experience":82393,"relics_obtained":[{"floor":9,"key":"Self Forming Clay"},{"floor":24,"key":"Blue Candle"}],"event_choices":[{"event_name":"Liars Game","player_choice":"disagreed","floor":3,"damage_taken":0},{"event_name":"Golden Idol","player_choice":"Lose Max HP","floor":4,"damage_taken":0},{"event_name":"Bonfire Elementals","player_choice":"BASIC","floor":12,"damage_taken":0},{"event_name":"Beggar","player_choice":"Gave Gold","floor":19,"damage_taken":0}],"is_beta":false,"boss_relics":[{"not_picked":["Fusion Hammer","Ectoplasm"],"picked":"Astrolabe"}],"items_purged_floors":[2,14],"is_endless":false,"potions_floor_spawned":[13,16,18],"killed_by":"Shelled Parasite and Fungi","ascension_level":11}