{"gold_per_floor":[110,110,35,35,55,55,67,17,17,17,17,35,49,49,49,150,150,164,79,79,90,90,90,106,106,106,121,121,121,140,155,155,257,257,271,98,98,116,116,116,116,149,149,182,57,74,87,134,134,134],"floor_reached":51,"playtime":1418,"items_purged":["Strike_G","Strike_G","Strike_G+1"],"score":820,"play_id":"3c6746bc-f4be-46db-b4c8-c38001ccfb2c","local_time":"20181124134853","is_ascension_mode":false,"campfire_choices":[{"data":"Deadly Poison","floor":6,"key":"SMITH"},{"data":"Neutralize","floor":11,"key":"SMITH"},{"data":"Backflip","floor":15,"key":"SMITH"},{"data":"Catalyst","floor":23,"key":"SMITH"},{"data":"Corpse Explosion","floor":25,"key":"SMITH"},{"data":"Ghostly","floor":29,"key":"SMITH"},{"data":"Ghostly","floor":32,"key":"SMITH"},{"floor":40,"key":"RECALL"},{"floor":49,"key":"REST"}],"neow_cost":"NONE","seed_source_timestamp":14874050924131,"circlet_count":0,"master_deck":["Defend_G+1","Defend_G+1","Defend_G+1","Defend_G+1","Survivor+1","Neutralize+1","Deadly Poison+1","Backflip+1","Corpse Explosion+1","Catalyst+1","Ghostly+1","Ghostly+1","Ghostly+1","Ghostly+1","Ghostly+1","Corpse Explosion+1","Footwork+1","Acrobatics+1"],"special_seed":0,"relics":["Ring of the Snake","Art of War","Sozu","Lantern","Nloth\u0027s Gift","Philosopher\u0027s Stone","Mark of the Bloom","Ninja Scroll","Matryoshka","Strawberry","Du-Vu Doll"],"potions_floor_usage":[16,16,50],"damage_taken":[{"damage":1.0,"enemies":"2 Louse","floor":1.0,"turns":3.0},{"damage":3,"enemies":"Small Slimes","floor":5,"turns":5},{"damage":0,"enemies":"Cultist","floor":7,"turns":4},{"damage":0,"enemies":"3 Louse","floor":12,"turns":4},{"damage":0,"enemies":"Exordium Wildlife","floor":13,"turns":4},{"damage":10,"enemies":"Slime Boss","floor":16,"turns":8},{"damage":0,"enemies":"2 Thieves","floor":18,"turns":4},{"damage":0,"enemies":"Shell Parasite","floor":21,"turns":5},{"damage":0,"enemies":"Shelled Parasite and Fungi","floor":24,"turns":5},{"damage":1,"enemies":"Cultist and Chosen","floor":27,"turns":4},{"damage":0,"enemies":"Snake Plant","floor":30,"turns":3},{"damage":0,"enemies":"Shelled Parasite and Fungi","floor":31,"turns":4},{"damage":16,"enemies":"Champ","floor":33,"turns":9},{"damage":0,"enemies":"3 Shapes","floor":35,"turns":2},{"damage":0,"enemies":"Orb Walker","floor":38,"turns":4},{"damage":0,"enemies":"Nemesis","floor":42,"turns":7},{"damage":0,"enemies":"Giant Head","floor":44,"turns":8},{"damage":0,"enemies":"Transient","floor":46,"turns":5},{"damage":0,"enemies":"Jaw Worm Horde","floor":47,"turns":1},{"damage":4,"enemies":"2 Orb Walkers","floor":48,"turns":4},{"damage":14,"enemies":"Awakened One","floor":50,"turns":17}],"seed_played":"-630993099224863970","potions_obtained":[{"floor":7,"key":"Fire Potion"},{"floor":10,"key":"Fire Potion"},{"floor":10,"key":"PowerPotion"},{"floor":16,"key":"AttackPotion"}],"is_trial":false,"path_per_floor":["M","?","$","?","M","R","M","?","T","?","R","M","M","$","R","B",null,"M","?","?","M","$","R","M","R","T","M","?","R","M","M","R","B",null,"M","$","?","M","?","R","$","E","T","E","$","M","M","?","R","B",null],"character_chosen":"THE_SILENT","items_purchased":["Footwork"],"campfire_rested":1,"item_purchase_floors":[36],"current_hp_per_floor":[69,69,69,69,66,66,66,66,66,66,66,66,66,66,66,56,70,70,70,35,35,35,35,35,35,35,34,34,34,34,34,34,18,35,35,35,35,35,33,33,33,33,33,33,33,33,33,29,29,15],"gold":134,"neow_bonus":"REMOVE_CARD","is_prod":false,"is_daily":false,"chose_seed":false,"campfire_upgraded":7,"win_rate":0,"timestamp":1543038533,"path_taken":["M","?","$","?","M","R","M","?","T","?","R","?","M","$","R","BOSS","M","?","?","M","$","R","M","R","T","M","?","R","?","?","R","BOSS","M","$","?","M","?","R","$","E","T","E","?","?","M","?","R","BOSS"],"build_version":"2018-11-15","purchased_purges":3,"victory":true,"max_hp_per_floor":[70,70,70,70,70,70,70,70,70,70,70,70,70,70,70,70,70,70,70,35,35,35,35,35,35,35,35,35,35,35,35,35,35,35,35,35,35,35,33,33,33,33,33,40,40,40,40,40,40,40],"card_choices":[{"not_picked":["Prepared","Outmaneuver"],"picked":"Deadly Poison","floor":1.0},{"not_picked":["Underhanded Strike","Prepared"],"picked":"Backflip","floor":5},{"not_picked":["Poisoned Stab","Slice","Dash"],"picked":"SKIP","floor":7},{"not_picked":["Underhanded Strike","Dagger Throw","Flechettes"],"picked":"SKIP","floor":12},{"not_picked":["Predator","Deflect","Poisoned Stab"],"picked":"SKIP","floor":13},{"not_picked":["Bullet Time","Tools of the Trade"],"picked":"Corpse Explosion","floor":16},{"not_picked":["Slice","Cloak And Dagger+1"],"picked":"Catalyst","floor":18},{"not_picked":["Caltrops","PiercingWail+1","Deadly Poison"],"picked":"SKIP","floor":21},{"not_picked":["Flechettes","Eviscerate","Dagger Spray"],"picked":"SKIP","floor":24},{"not_picked":["Tactician","Slice","Eviscerate"],"picked":"SKIP","floor":27},{"not_picked":["Outmaneuver","Deadly Poison","Sucker Punch"],"picked":"SKIP","floor":30},{"not_picked":["Setup","Poisoned Stab","Blade Dance+1"],"picked":"SKIP","floor":31},{"not_picked":["Unload","Glass Knife"],"picked":"Corpse Explosion","floor":33},{"not_picked":["Sucker Punch+1","Expertise+1","Dagger Throw"],"picked":"SKIP","floor":35},{"not_picked":["Tactician","Bane+1","Poisoned Stab"],"picked":"SKIP","floor":38},{"not_picked":["PiercingWail","Phantasmal Killer","Bane+1"],"picked":"SKIP","floor":42},{"not_picked":["Bullet Time","Expertise+1"],"picked":"Acrobatics+1","floor":44},{"not_picked":["Dagger Throw","Dodge and Roll","Phantasmal Killer"],"picked":"SKIP","floor":46},{"not_picked":["Bane+1","Dash+1","Blade Dance+1"],"picked":"SKIP","floor":47}],"player_experience":1141947,"relics_obtained":[{"floor":9,"key":"Art of War"},{"floor":26,"key":"Juzu Bracelet"},{"floor":42,"key":"Ninja Scroll"},{"floor":43,"key":"Matryoshka"},{"floor":44,"key":"Strawberry"},{"floor":48,"key":"Du-Vu Doll"}],"event_choices":[{"cards_removed":["Strike_G"],"damage_healed":0,"gold_gain":0,"player_choice":"Forget","damage_taken":0,"max_hp_gain":0,"max_hp_loss":0,"event_name":"Living Wall","floor":2,"gold_loss":0},{"damage_healed":0,"gold_gain":0,"player_choice":"Ignored","damage_taken":0,"max_hp_gain":0,"max_hp_loss":0,"event_name":"Liars Game","floor":4,"gold_loss":0},{"cards_removed":["Defend_G"],"damage_healed":0,"gold_gain":0,"player_choice":"Card Removal","damage_taken":0,"max_hp_gain":0,"max_hp_loss":0,"event_name":"The Cleric","floor":8,"gold_loss":50},{"damage_healed":0,"gold_gain":0,"player_choice":"Got Potions","damage_taken":0,"max_hp_gain":0,"max_hp_loss":0,"event_name":"Lab","floor":10,"gold_loss":0},{"damage_healed":0,"gold_gain":0,"player_choice":"Obtained Relic","damage_taken":0,"relics_obtained":["Lantern"],"max_hp_gain":0,"max_hp_loss":0,"event_name":"Addict","floor":19,"gold_loss":85},{"damage_healed":0,"gold_gain":0,"player_choice":"Became a Ghost","damage_taken":0,"max_hp_gain":0,"max_hp_loss":35,"event_name":"Ghosts","floor":20,"gold_loss":0,"cards_obtained":["Ghostly","Ghostly","Ghostly","Ghostly","Ghostly"]},{"damage_healed":0,"gold_gain":0,"player_choice":"Traded Relic","damage_taken":0,"relics_obtained":["Nloth\u0027s Gift"],"max_hp_gain":0,"max_hp_loss":0,"event_name":"N\u0027loth","floor":28,"relics_lost":["Juzu Bracelet"],"gold_loss":0},{"damage_healed":0,"gold_gain":0,"player_choice":"Upgrade","damage_taken":0,"relics_obtained":["Mark of the Bloom"],"max_hp_gain":0,"max_hp_loss":0,"event_name":"MindBloom","floor":37,"gold_loss":0,"cards_upgraded":["Defend_G","Defend_G","Defend_G","Defend_G","Strike_G","Survivor","Ghostly","Ghostly","Ghostly","Corpse Explosion","Footwork"]},{"damage_healed":0,"gold_gain":0,"player_choice":"Max HP","damage_taken":0,"max_hp_gain":0,"max_hp_loss":2,"event_name":"Winding Halls","floor":39,"gold_loss":0},{"damage_healed":0,"gold_gain":0,"player_choice":"Fight","damage_taken":0,"max_hp_gain":0,"max_hp_loss":0,"event_name":"Mysterious Sphere","floor":48,"gold_loss":0}],"is_beta":false,"boss_relics":[{"not_picked":["Ring of the Serpent","Ectoplasm"],"picked":"Sozu"},{"not_picked":["Lizard Tail","Fusion Hammer"],"picked":"Philosopher\u0027s Stone"}],"items_purged_floors":[3,36,45],"is_endless":false,"potions_floor_spawned":[7,12,13,16,18,30,31,42,44,48],"ascension_level":0}