{"path_per_floor":["M","$","?","M","?","?","E","R","T","E","?","M","R","E","R","B",null,"M","M","?","$","?","?","M","$","T","M","?","M","R","M","R"],"character_chosen":"THE_SILENT","items_purchased":[],"gold_per_floor":[118,43,43,63,63,63,102,102,153,184,253,267,267,302,302,427,427,452,466,391,291,206,206,231,106,178,196,196,216,216,232,232],"floor_reached":33,"campfire_rested":1,"playtime":1556,"current_hp_per_floor":[70,70,53,53,53,53,36,36,36,26,31,43,43,40,40,14,70,70,56,56,56,56,56,56,56,56,53,37,37,37,37,58],"items_purged":["Defend_G","Defend_G","Defend_G"],"gold":232,"score":263,"play_id":"c7e4bdf1-3dc0-46c8-b042-3e9825725248","is_prod":false,"is_daily":false,"is_ascension_mode":false,"campfire_upgraded":4,"path_taken":["M","$","?","M","?","?","E","R","T","E","?","M","R","E","R","BOSS","M","M","?","$","?","?","?","?","T","M","?","?","R","M","R","BOSS"],"build_version":"2018-02-15-PROD1","purchased_purges":3,"victory":false,"master_deck":["Strike_G","Strike_G","Strike_G","Survivor+1","Neutralize+1","Riddle With Holes+1","Dash+1","After Image+1","Dodge and Roll+1","Storm of Steel+1","PiercingWail+1","Prepared+1"],"max_hp_per_floor":[70,70,70,70,70,70,70,70,70,70,70,70,70,70,70,70,70,70,70,70,70,70,70,70,70,70,70,70,70,70,70,70],"relics":["The Specimen","Golden Idol","Meat on the Bone","Toolbox","Prayer Wheel","Vajra","Ornamental Fan","Molten Egg 2","Astrolabe","Bag of Marbles","Letter Opener","Enchiridion"],"card_choices":[{"not_picked":["Quick Slash","Slice"],"picked":"Riddle With Holes"},{"not_picked":["Backflip","Caltrops"],"picked":"Dash"},{"not_picked":["Die Die Die","Night Terror"],"picked":"After Image"},{"not_picked":["Acrobatics","Dagger Throw"],"picked":"Prepared"}],"player_experience":120217,"potions_floor_usage":[14,14,14,19,33],"damage_taken":[{"damage":0.0,"enemies":"Jaw Worm","floor":1.0,"turns":6.0},{"damage":0.0,"enemies":"Small Slimes","floor":4.0,"turns":3.0},{"damage":29.0,"enemies":"Lagavulin","floor":7.0,"turns":6.0},{"damage":22.0,"enemies":"Gremlin Nob","floor":10.0,"turns":5.0},{"damage":7,"enemies":"Gremlin Nob","floor":11,"turns":3},{"damage":0,"enemies":"2 Louse","floor":12,"turns":1},{"damage":15,"enemies":"3 Sentries","floor":14,"turns":7},{"damage":38,"enemies":"The Guardian","floor":16,"turns":12},{"damage":0,"enemies":"Shell Parasite","floor":18,"turns":7},{"damage":14,"enemies":"Spheric Guardian","floor":19,"turns":8},{"damage":0,"enemies":"Snecko","floor":24,"turns":3},{"damage":3,"enemies":"3 Cultists","floor":27,"turns":6},{"damage":0,"enemies":"Snake Plant","floor":29,"turns":5},{"damage":0,"enemies":"Snecko","floor":31,"turns":3},{"damage":103,"enemies":"Automaton","floor":33,"turns":12}],"event_choices":[{"event_name":"Golden Idol","player_choice":"Take Damage","floor":3.0,"damage_taken":0.0},{"event_name":"Big Fish","player_choice":"Box","floor":5.0,"damage_taken":0.0},{"event_name":"Fountain of Cleansing","player_choice":"Removed Curse","floor":6.0,"damage_taken":0.0},{"event_name":"Dead Adventurer","player_choice":"Searched \u00273\u0027 times","floor":11,"damage_taken":0},{"event_name":"Beggar","player_choice":"Gave Gold","floor":20,"damage_taken":0},{"event_name":"Addict","player_choice":"Obtained Relic","floor":22,"damage_taken":0},{"event_name":"The Woman in Blue","player_choice":"Bought 0 Potions","floor":23,"damage_taken":0},{"event_name":"Cursed Tome","player_choice":"Obtained Book","floor":28,"damage_taken":0}],"boss_relics":[{"not_picked":["Calling Bell","Black Star"],"picked":"Astrolabe"}],"potions_floor_spawned":[4,10,11,12,16,19,27],"seed_played":"-6598777839178224423","killed_by":"Automaton","ascension_level":0,"is_trial":false}