{"gold_per_floor":[116,116,132,28,45,71,81,147,147,173,173,189,264,290,290,369,369,388,404,404],"floor_reached":20,"playtime":697,"items_purged":[],"score":388,"play_id":"74e66b00-2d6c-4e7c-9c9f-7d189a612dcc","local_time":"20190218143106","is_ascension_mode":true,"campfire_choices":[{"data":"Sunder","floor":11,"key":"SMITH"},{"data":"Consume","floor":15,"key":"SMITH"}],"neow_cost":"NONE","seed_source_timestamp":66300707080921,"circlet_count":0,"master_deck":["AscendersBane","Zap","Dualcast","Sunder+1","Buffer","Coolheaded","Cold Snap","Blizzard","Hologram","Consume+1","Reinforced Body","Ball Lightning","Seek","Turbo","Reinforced Body","Cold Snap","Lockon","Double Energy","Hello World","Hyperbeam","Stack","Conserve Battery"],"relics":["Cracked Core","NeowsBlessing","Emotion Chip","Darkstone Periapt","Cables","Pear","Pandora\u0027s Box"],"potions_floor_usage":[6,7,14,20],"damage_taken":[{"damage":0,"enemies":"Jaw Worm","floor":1,"turns":1},{"damage":0,"enemies":"Cultist","floor":3,"turns":1},{"damage":0,"enemies":"2 Louse","floor":5,"turns":1},{"damage":22,"enemies":"3 Sentries","floor":6,"turns":8},{"damage":0,"enemies":"2 Fungi Beasts","floor":7,"turns":3},{"damage":11,"enemies":"Lagavulin","floor":10,"turns":8},{"damage":6,"enemies":"Exordium Thugs","floor":12,"turns":2},{"damage":9,"enemies":"3 Sentries","floor":14,"turns":6},{"damage":12,"enemies":"The Guardian","floor":16,"turns":10},{"damage":6,"enemies":"3 Byrds","floor":18,"turns":3},{"damage":22,"enemies":"2 Thieves","floor":19,"turns":3},{"damage":1,"enemies":"Colosseum Slavers","floor":20,"turns":4},{"damage":83,"enemies":"Colosseum Nobs","floor":20,"turns":5}],"seed_played":"1427719935201581887","potions_obtained":[{"floor":1,"key":"PowerPotion"},{"floor":7,"key":"Fruit Juice"},{"floor":10,"key":"EssenceOfSteel"},{"floor":14,"key":"FairyPotion"},{"floor":16,"key":"Weak Potion"},{"floor":19,"key":"Swift Potion"}],"is_trial":false,"path_per_floor":["M","?","M","$","M","E","M","?","T","E","R","M","?","E","R","B",null,"M","M","?"],"character_chosen":"DEFECT","items_purchased":["Coolheaded","Cold Snap"],"campfire_rested":0,"item_purchase_floors":[4,4],"current_hp_per_floor":[64,64,64,64,64,42,47,47,47,36,36,30,19,20,20,8,67,61,39,0],"gold":404,"neow_bonus":"THREE_ENEMY_KILL","is_prod":false,"is_daily":false,"chose_seed":false,"campfire_upgraded":2,"win_rate":0,"timestamp":1550471466,"path_taken":["M","?","?","?","M","E","M","?","T","E","R","M","?","E","R","BOSS","M","M","?"],"build_version":"2019-01-23","purchased_purges":0,"victory":false,"max_hp_per_floor":[71,71,71,71,71,71,76,76,76,76,76,76,76,86,86,86,86,86,86,86],"card_choices":[{"not_picked":["Redo","Steam"],"picked":"Sunder","floor":1},{"not_picked":["Barrage","Gash"],"picked":"Buffer","floor":3},{"not_picked":["Redo","Sweeping Beam"],"picked":"Blizzard","floor":5},{"not_picked":["Auto Shields","Hologram","Reprogram"],"picked":"SKIP","floor":6},{"not_picked":["Auto Shields","Reprogram"],"picked":"Hologram","floor":6},{"not_picked":["White Noise","Aggregate"],"picked":"Consume","floor":7},{"not_picked":["Compile Driver","Defragment"],"picked":"Reinforced Body","floor":10},{"not_picked":["Blizzard","Static Discharge","Rebound"],"picked":"SKIP","floor":12},{"not_picked":["Amplify","Melter"],"picked":"Ball Lightning","floor":14},{"not_picked":["Fission","Creative AI"],"picked":"Seek","floor":16},{"not_picked":["Rebound","Go for the Eyes"],"picked":"Stack","floor":18},{"not_picked":["Doom and Gloom","Double Energy"],"picked":"Conserve Battery","floor":19}],"player_experience":816676,"relics_obtained":[{"floor":6,"key":"Emotion Chip"},{"floor":9,"key":"Darkstone Periapt"},{"floor":10,"key":"Cables"},{"floor":14,"key":"Pear"}],"event_choices":[{"cards_removed":["Strike_B"],"damage_healed":0,"gold_gain":0,"player_choice":"Purged","damage_taken":0,"max_hp_gain":0,"max_hp_loss":0,"event_name":"Purifier","floor":2,"gold_loss":0},{"damage_healed":0,"gold_gain":66,"player_choice":"Gained Gold","damage_taken":0,"max_hp_gain":0,"max_hp_loss":0,"event_name":"Golden Wing","floor":8,"gold_loss":0},{"damage_healed":0,"gold_gain":75,"player_choice":"Gather Gold","damage_taken":11,"max_hp_gain":0,"max_hp_loss":0,"event_name":"World of Goop","floor":13,"gold_loss":0},{"damage_healed":0,"gold_gain":0,"player_choice":"Fight","damage_taken":0,"max_hp_gain":0,"max_hp_loss":0,"event_name":"Colosseum","floor":20,"gold_loss":0},{"damage_healed":0,"gold_gain":0,"player_choice":"Fought Nobs","damage_taken":0,"max_hp_gain":0,"max_hp_loss":0,"event_name":"Colosseum","floor":20,"gold_loss":0}],"is_beta":false,"boss_relics":[{"not_picked":["Velvet Choker","Cursed Key"],"picked":"Pandora\u0027s Box"}],"items_purged_floors":[],"is_endless":false,"potions_floor_spawned":[1,7,10,14,16,19,20],"killed_by":"Colosseum Nobs","ascension_level":20}