{"gold_per_floor":[112,127,157,157,68,102,102,116,139,139,139,139,139,168,168,246,246,260,270,11,30,30,30,62,62,62,82,115,115,129,160,160,239,239,256,256,267,267,283,311,311,341,341,357,77,122,133,153,153,153,153,153,153,25,60,60],"floor_reached":57,"playtime":3675,"items_purged":["Strike_G","Strike_G"],"score":3356,"play_id":"4b981d71-83e3-49a4-b1f4-d4f3a5d8e0c9","local_time":"20190514085549","is_ascension_mode":true,"campfire_choices":[{"data":"Neutralize","floor":7.0,"key":"SMITH"},{"data":"Masterful Stab","floor":10.0,"key":"SMITH"},{"data":"Trip","floor":15.0,"key":"SMITH"},{"data":"Malaise","floor":23.0,"key":"SMITH"},{"floor":25.0,"key":"RECALL"},{"data":"Cloak And Dagger","floor":32.0,"key":"SMITH"},{"data":"Blade Dance","floor":41.0,"key":"SMITH"},{"data":"Burst","floor":49.0,"key":"SMITH"},{"floor":53.0,"key":"DIG"}],"neow_cost":"PERCENT_DAMAGE","seed_source_timestamp":0,"circlet_count":0,"master_deck":["AscendersBane","Defend_G","Defend_G","Defend_G","Defend_G","Defend_G","Strike_G+1","Strike_G","Survivor","Neutralize+1","Dagger Throw+1","Masterful Stab+1","Trip+1","Die Die Die","Heel Hook","Malaise+1","Backflip","PiercingWail+1","Well Laid Plans+1","Backflip","Cloak And Dagger+1","Blade Dance+1","After Image+1","Distraction+1","Distraction+1","Burst+1","Blur+1","Backflip","Blur","Terror","Blade Dance","Well Laid Plans+1"],"special_seed":0,"relics":["Ring of the Snake","Du-Vu Doll","Tiny Chest","Pen Nib","Whetstone","Frozen Egg 2","Question Card","Kunai","White Beast Statue","Potion Belt","Letter Opener","Ornamental Fan","Omamori","Dead Branch","Coffee Dripper","The Courier","Smiling Mask","OrangePellets","Shovel","Pear","Bag of Preparation"],"potions_floor_usage":[56,56,56,56],"damage_taken":[{"damage":0.0,"enemies":"Small Slimes","floor":1.0,"turns":4.0},{"damage":0.0,"enemies":"2 Louse","floor":2.0,"turns":3.0},{"damage":16.0,"enemies":"Lagavulin","floor":6.0,"turns":8.0},{"damage":0.0,"enemies":"Cultist","floor":8.0,"turns":2.0},{"damage":0.0,"enemies":"Gremlin Nob","floor":14.0,"turns":2.0},{"damage":4.0,"enemies":"Hexaghost","floor":16.0,"turns":9.0},{"damage":14.0,"enemies":"3 Byrds","floor":18.0,"turns":4.0},{"damage":1.0,"enemies":"Shell Parasite","floor":19.0,"turns":4.0},{"damage":0.0,"enemies":"Centurion and Healer","floor":21.0,"turns":4.0},{"damage":3.0,"enemies":"Slavers","floor":24.0,"turns":7.0},{"damage":2.0,"enemies":"Shelled Parasite and Fungi","floor":27.0,"turns":4.0},{"damage":0.0,"enemies":"Gremlin Leader","floor":28.0,"turns":7.0},{"damage":13.0,"enemies":"Sentry and Sphere","floor":30.0,"turns":6.0},{"damage":0.0,"enemies":"Book of Stabbing","floor":31.0,"turns":7.0},{"damage":0.0,"enemies":"Champ","floor":33.0,"turns":14.0},{"damage":0.0,"enemies":"3 Darklings","floor":35.0,"turns":5.0},{"damage":0.0,"enemies":"3 Shapes","floor":37.0,"turns":4.0},{"damage":0.0,"enemies":"Maw","floor":39.0,"turns":7.0},{"damage":0.0,"enemies":"Nemesis","floor":40.0,"turns":7.0},{"damage":0.0,"enemies":"Giant Head","floor":42.0,"turns":5.0},{"damage":0.0,"enemies":"Transient","floor":44.0,"turns":6.0},{"damage":0.0,"enemies":"2 Orb Walkers","floor":46.0,"turns":3.0},{"damage":0.0,"enemies":"Sphere and 2 Shapes","floor":47.0,"turns":3.0},{"damage":0.0,"enemies":"4 Shapes","floor":48.0,"turns":5.0},{"damage":0.0,"enemies":"Time Eater","floor":50.0,"turns":18.0},{"damage":0.0,"enemies":"Donu and Deca","floor":51.0,"turns":8.0},{"damage":0.0,"enemies":"Shield and Spear","floor":55.0,"turns":5.0},{"damage":0,"enemies":"The Heart","floor":56,"turns":10}],"seed_played":"4943730410498197113","potions_obtained":[{"floor":2.0,"key":"FairyPotion"},{"floor":8.0,"key":"Dexterity Potion"},{"floor":18.0,"key":"EssenceOfSteel"},{"floor":19.0,"key":"GhostInAJar"},{"floor":21.0,"key":"Block Potion"},{"floor":24.0,"key":"EntropicBrew"},{"floor":27.0,"key":"Swift Potion"},{"floor":28.0,"key":"SpeedPotion"},{"floor":30.0,"key":"EntropicBrew"},{"floor":31.0,"key":"SkillPotion"},{"floor":33.0,"key":"SpeedPotion"},{"floor":35.0,"key":"AttackPotion"},{"floor":37.0,"key":"Fire Potion"},{"floor":39.0,"key":"FearPotion"},{"floor":40.0,"key":"PowerPotion"},{"floor":42.0,"key":"SpeedPotion"},{"floor":46.0,"key":"Fire Potion"},{"floor":47.0,"key":"Ancient Potion"},{"floor":48.0,"key":"GamblersBrew"},{"floor":55.0,"key":"Strength Potion"}],"is_trial":false,"path_per_floor":["M","M","?","?","$","E","R","M","T","R","?","T","T","E","R","B",null,"M","M","$","M","$","R","E","R","T","M","E","?","M","E","R","B",null,"M","?","M","?","M","E","R","E","T","M","$","?","M","M","R","B","B",null,"R","$","E","B",null],"character_chosen":"THE_SILENT","items_purchased":["Trip","Well Laid Plans+1","Potion Belt","OrangePellets","Blur","Terror","Blade Dance"],"campfire_rested":0,"item_purchase_floors":[5,20,20,45,45,54,54],"current_hp_per_floor":[44,44,39,44,44,28,28,28,28,28,21,21,21,21,21,17,58,44,43,43,43,43,43,40,40,40,38,38,38,25,25,25,25,60,60,60,60,60,60,60,60,60,60,60,60,60,60,60,60,60,60,68,78,78,78,78],"gold":60,"neow_bonus":"ONE_RARE_RELIC","is_prod":false,"is_daily":false,"chose_seed":false,"campfire_upgraded":7,"win_rate":0,"timestamp":1557795349,"path_taken":["M","M","?","?","$","E","R","M","T","R","?","?","?","E","R","BOSS","M","?","$","M","$","R","E","R","T","?","E","?","M","E","R","BOSS","M","?","M","?","M","E","R","E","T","M","$","?","M","M","R","BOSS","BOSS","R","$","E","BOSS"],"build_version":"2019-01-23","purchased_purges":2,"victory":true,"max_hp_per_floor":[66,66,66,71,71,71,71,71,71,71,71,71,71,71,71,71,71,71,71,71,71,71,71,71,71,71,71,71,71,71,71,71,71,71,71,71,71,71,71,71,71,71,71,71,71,71,71,71,71,71,71,71,81,81,81,81],"card_choices":[{"not_picked":["Deflect","Dodge and Roll"],"picked":"Dagger Throw","floor":1.0},{"not_picked":["Outmaneuver","Backflip"],"picked":"Masterful Stab","floor":2.0},{"not_picked":["Eviscerate","Catalyst"],"picked":"Die Die Die","floor":6.0},{"not_picked":["PiercingWail","Deflect","Sucker Punch"],"picked":"SKIP","floor":8.0},{"not_picked":["Acrobatics","Quick Slash","All Out Attack"],"picked":"Heel Hook","floor":14.0},{"not_picked":["Phantasmal Killer","Envenom+1","Burst"],"picked":"Malaise","floor":16.0},{"not_picked":["Noxious Fumes+1","Sucker Punch","Catalyst"],"picked":"Backflip","floor":18.0},{"not_picked":["Skewer","Underhanded Strike","Endless Agony"],"picked":"PiercingWail+1","floor":19.0},{"not_picked":["Skewer","Predator","Outmaneuver","Backstab"],"picked":"SKIP","floor":21.0},{"not_picked":["Slice","Finisher+1","Caltrops+1"],"picked":"Backflip","floor":24.0},{"not_picked":["Deflect","Bane","Backflip"],"picked":"Endless Agony","floor":27.0},{"not_picked":["Predator","Acrobatics","Outmaneuver","Caltrops+1"],"picked":"SKIP","floor":28.0},{"not_picked":["Poisoned Stab","Dodge and Roll","Acrobatics","Dagger Throw"],"picked":"SKIP","floor":30.0},{"not_picked":["Crippling Poison+1","Poisoned Stab+1","Caltrops+1"],"picked":"Blade Dance","floor":31.0},{"not_picked":["Doppelganger","Wraith Form v2+1","Tools of the Trade+1"],"picked":"After Image+1","floor":33.0},{"not_picked":["Blade Dance","Dagger Spray","Dodge and Roll"],"picked":"Distraction+1","floor":35.0},{"not_picked":["Crippling Poison","Riddle With Holes","Deadly Poison"],"picked":"Distraction+1","floor":37.0},{"not_picked":["Bane","Dagger Spray","Blur"],"picked":"Burst","floor":39.0},{"not_picked":["Prepared","Noxious Fumes+1","Slice+1","Dagger Throw"],"picked":"SKIP","floor":40.0},{"not_picked":["Slice","Acrobatics+1","Flechettes"],"picked":"Blur+1","floor":42.0},{"not_picked":["Catalyst","Expertise","Riddle With Holes"],"picked":"Backflip","floor":44.0},{"not_picked":["Flying Knee","Flechettes+1","Catalyst","Dodge and Roll"],"picked":"SKIP","floor":47.0},{"not_picked":["Dodge and Roll","Heel Hook","PiercingWail","Dagger Throw"],"picked":"SKIP","floor":48.0},{"not_picked":["Venomology","Backflip+1","Doppelganger"],"picked":"Well Laid Plans+1","floor":55.0}],"player_experience":4733293,"relics_obtained":[{"floor":6.0,"key":"Pen Nib"},{"floor":9.0,"key":"Whetstone"},{"floor":12.0,"key":"Frozen Egg 2"},{"floor":13.0,"key":"Question Card"},{"floor":14.0,"key":"Kunai"},{"floor":24.0,"key":"Letter Opener"},{"floor":26.0,"key":"Ornamental Fan"},{"floor":28.0,"key":"Omamori"},{"floor":31.0,"key":"Dead Branch"},{"floor":40.0,"key":"The Courier"},{"floor":42.0,"key":"Smiling Mask"},{"floor":46.0,"key":"Shovel"},{"floor":53.0,"key":"Pear"},{"floor":55.0,"key":"Bag of Preparation"}],"event_choices":[{"damage_healed":0.0,"max_hp_gain":0.0,"max_hp_loss":0.0,"gold_gain":0.0,"event_name":"Scrap Ooze","player_choice":"Success","floor":3.0,"gold_loss":0.0,"damage_taken":5.0,"relics_obtained":["Tiny Chest"]},{"damage_healed":0.0,"max_hp_gain":5.0,"max_hp_loss":0.0,"gold_gain":0.0,"event_name":"Big Fish","player_choice":"Donut","floor":4.0,"gold_loss":0.0,"damage_taken":0.0},{"cards_removed":["Strike_G"],"damage_healed":0.0,"max_hp_gain":0.0,"max_hp_loss":0.0,"gold_gain":0.0,"event_name":"Golden Wing","player_choice":"Card Removal","floor":11.0,"gold_loss":0.0,"damage_taken":7.0},{"damage_healed":0.0,"max_hp_gain":0.0,"max_hp_loss":0.0,"gold_gain":0.0,"event_name":"The Library","player_choice":"Read","floor":29.0,"gold_loss":0.0,"damage_taken":0.0,"cards_obtained":["Cloak And Dagger"]},{"cards_removed":["Endless Agony"],"damage_healed":0.0,"max_hp_gain":0.0,"max_hp_loss":0.0,"gold_gain":0.0,"event_name":"Falling","player_choice":"Removed Attack","floor":36.0,"gold_loss":0.0,"damage_taken":0.0},{"damage_healed":0.0,"max_hp_gain":0.0,"max_hp_loss":0.0,"gold_gain":0.0,"event_name":"Tomb of Lord Red Mask","player_choice":"Ignored","floor":38.0,"gold_loss":0.0,"damage_taken":0.0},{"damage_healed":0.0,"max_hp_gain":0.0,"max_hp_loss":0.0,"gold_gain":0.0,"event_name":"Mysterious Sphere","player_choice":"Fight","floor":46.0,"gold_loss":0.0,"damage_taken":0.0}],"is_beta":false,"boss_relics":[{"not_picked":["Ectoplasm","HoveringKite"],"picked":"White Beast Statue"},{"not_picked":["Sozu","Empty Cage"],"picked":"Coffee Dripper"}],"items_purged_floors":[45,54],"is_endless":false,"potions_floor_spawned":[2,8,18,19,21,24,27,28,30,31,33,35,37,39,40,42,44,46,47,48,55],"ascension_level":20}