{"gold_per_floor":[11,11,21,21,36,36,0,31,57,57,69,10,40,58,58,58],"floor_reached":16,"playtime":350,"items_purged":[],"score":200,"play_id":"d30d68f6-3edc-45a5-b293-cf32310aa6be","local_time":"20181121230243","is_ascension_mode":true,"campfire_choices":[{"data":"Envenom","floor":6.0,"key":"SMITH"},{"data":"Neutralize","floor":15,"key":"SMITH"}],"neow_cost":"NO_GOLD","seed_source_timestamp":16346918242347,"circlet_count":0,"master_deck":["AscendersBane","Defend_G","Defend_G","Defend_G","Defend_G","Defend_G","Strike_G","Strike_G","Strike_G","Survivor","Neutralize+1","Envenom+1","Deflect","Bane","Outmaneuver","Flying Knee","Footwork+1","Blur","Prepared","Escape Plan"],"special_seed":0,"relics":["Ring of the Snake","PreservedInsect","Boot"],"potions_floor_usage":[16],"damage_taken":[{"damage":9.0,"enemies":"Cultist","floor":1.0,"turns":7.0},{"damage":0.0,"enemies":"2 Louse","floor":3.0,"turns":4.0},{"damage":7.0,"enemies":"Small Slimes","floor":5.0,"turns":3.0},{"damage":3.0,"enemies":"Looter","floor":7.0,"turns":4.0},{"damage":30.0,"enemies":"Gremlin Nob","floor":8.0,"turns":4.0},{"damage":5.0,"enemies":"Blue Slaver","floor":11.0,"turns":4.0},{"damage":2,"enemies":"3 Louse","floor":14,"turns":5},{"damage":8,"enemies":"The Guardian","floor":16,"turns":2}],"seed_played":"8799693426812544035","potions_obtained":[{"floor":3.0,"key":"FearPotion"},{"floor":8.0,"key":"Poison Potion"},{"floor":14,"key":"Strength Potion"}],"is_trial":false,"path_per_floor":["M","$","M","?","M","R","M","E","T","?","M","$","?","M","R","B"],"character_chosen":"THE_SILENT","items_purchased":["Prepared"],"campfire_rested":0,"item_purchase_floors":[12],"current_hp_per_floor":[50,50,50,50,43,43,40,10,10,10,5,5,5,3,3,0],"gold":58,"neow_bonus":"TRANSFORM_TWO_CARDS","is_prod":false,"is_daily":false,"chose_seed":false,"campfire_upgraded":2,"win_rate":0,"timestamp":1542812563,"path_taken":["M","?","M","?","M","R","M","E","T","?","M","$","?","M","R","BOSS"],"build_version":"2018-11-15","purchased_purges":0,"victory":false,"max_hp_per_floor":[66,66,66,66,66,66,66,66,66,66,66,66,66,66,66,66],"card_choices":[{"not_picked":["Sucker Punch","Quick Slash","Riddle With Holes"],"picked":"SKIP","floor":1.0},{"not_picked":["Quick Slash","Terror"],"picked":"Bane","floor":3.0},{"not_picked":["Skewer","Quick Slash"],"picked":"Outmaneuver","floor":5.0},{"not_picked":["Deflect","Cloak And Dagger"],"picked":"Flying Knee","floor":7.0},{"not_picked":["Quick Slash","Envenom"],"picked":"Footwork","floor":8.0},{"not_picked":["Slice","Sucker Punch"],"picked":"Blur","floor":11.0},{"not_picked":["Dagger Throw","Backflip"],"picked":"Escape Plan","floor":14}],"player_experience":1134835,"relics_obtained":[{"floor":8.0,"key":"PreservedInsect"},{"floor":9.0,"key":"Boot"}],"event_choices":[{"damage_healed":0.0,"max_hp_gain":0.0,"max_hp_loss":0.0,"gold_gain":0.0,"event_name":"The Cleric","player_choice":"Leave","floor":4.0,"gold_loss":0.0,"damage_taken":0.0},{"damage_healed":0.0,"max_hp_gain":0.0,"max_hp_loss":0.0,"gold_gain":0.0,"event_name":"Living Wall","player_choice":"Grow","floor":10.0,"gold_loss":0.0,"damage_taken":0.0,"cards_upgraded":["Footwork"]},{"damage_healed":0,"gold_gain":30,"player_choice":"Searched \u00271\u0027 times","damage_taken":0,"max_hp_gain":0,"max_hp_loss":0,"event_name":"Dead Adventurer","floor":13,"gold_loss":0}],"is_beta":true,"boss_relics":[],"items_purged_floors":[],"is_endless":false,"potions_floor_spawned":[3,8,14],"killed_by":"The Guardian","ascension_level":20}