{"gold_per_floor":[119,119,44,63,63,63,63,96,96,123,135,147,170,182,194,285,297,324,346,373,385,397,409,235,235,235,260,273,283,283,57,57,134,134,144,144,144,161,179,179,211,211,286,301,317,317,317,327,327,327,327,327,327,21,53,53],"floor_reached":56,"playtime":3498,"items_purged":["Strike_B","Defend_B"],"score":1806,"play_id":"e388653b-8a63-42ac-a8e8-204b98b284af","local_time":"20190121224314","is_ascension_mode":true,"campfire_choices":[{"data":"Streamline","floor":6.0,"key":"SMITH"},{"data":"Loop","floor":12.0,"key":"SMITH"},{"data":"Consume","floor":15.0,"key":"SMITH"},{"data":"Capacitor","floor":23.0,"key":"SMITH"},{"data":"Capacitor","floor":25.0,"key":"SMITH"},{"data":"Echo Form","floor":30.0,"key":"SMITH"},{"data":"Coolheaded","floor":32.0,"key":"SMITH"},{"data":"Coolheaded","floor":40.0,"key":"SMITH"},{"data":"Echo Form","floor":42.0,"key":"SMITH"},{"data":"White Noise","floor":46.0,"key":"SMITH"},{"floor":49.0,"key":"RECALL"},{"data":"Dualcast","floor":53.0,"key":"SMITH"}],"neow_cost":"NONE","seed_source_timestamp":39398695461318,"circlet_count":0,"master_deck":["AscendersBane","Defend_B","Defend_B","Defend_B","Zap+1","Dualcast+1","Echo Form+1","White Noise+1","Loop+1","Consume+1","Coolheaded+1","Seek","White Noise+1","Self Repair","Capacitor+1","Capacitor+1","Electrodynamics","Coolheaded+1","Echo Form+1","Glacier+1","Echo Form+1"],"special_seed":0,"relics":["Cracked Core","NeowsBlessing","Bird Faced Urn","Mango","MawBank","Bag of Marbles","Coffee Dripper","Matryoshka","PreservedInsect","OrangePellets","Inserter","Frozen Egg 2","War Paint","DollysMirror","Turnip"],"potions_floor_usage":[56,56],"damage_taken":[{"damage":0.0,"enemies":"Cultist","floor":1.0,"turns":1.0},{"damage":0.0,"enemies":"Small Slimes","floor":4.0,"turns":1.0},{"damage":0.0,"enemies":"Gremlin Nob","floor":8.0,"turns":1.0},{"damage":30.0,"enemies":"3 Sentries","floor":10.0,"turns":6.0},{"damage":12.0,"enemies":"Jaw Worm","floor":13.0,"turns":2.0},{"damage":32.0,"enemies":"Hexaghost","floor":16.0,"turns":9.0},{"damage":25.0,"enemies":"2 Thieves","floor":18.0,"turns":4.0},{"damage":30.0,"enemies":"Shell Parasite","floor":19.0,"turns":21.0},{"damage":41.0,"enemies":"Snake Plant","floor":20.0,"turns":6.0},{"damage":47.0,"enemies":"Slavers","floor":27.0,"turns":9.0},{"damage":23.0,"enemies":"3 Cultists","floor":28.0,"turns":4.0},{"damage":30.0,"enemies":"Snecko","floor":29.0,"turns":23.0},{"damage":17.0,"enemies":"Champ","floor":33.0,"turns":8.0},{"damage":29.0,"enemies":"3 Shapes","floor":35.0,"turns":9.0},{"damage":43.0,"enemies":"Orb Walker","floor":38.0,"turns":7.0},{"damage":5.0,"enemies":"Maw","floor":39.0,"turns":5.0},{"damage":13.0,"enemies":"Giant Head","floor":41.0,"turns":11.0},{"damage":47.0,"enemies":"Spire Growth","floor":44.0,"turns":5.0},{"damage":53.0,"enemies":"Transient","floor":45.0,"turns":6.0},{"damage":34.0,"enemies":"4 Shapes","floor":48.0,"turns":3.0},{"damage":40.0,"enemies":"Donu and Deca","floor":50.0,"turns":8.0},{"damage":5.0,"enemies":"Time Eater","floor":51.0,"turns":19.0},{"damage":79,"enemies":"Shield and Spear","floor":55,"turns":4},{"damage":65,"enemies":"The Heart","floor":56,"turns":2}],"seed_played":"-5215105902911835973","potions_obtained":[{"floor":4.0,"key":"SkillPotion"},{"floor":8.0,"key":"SteroidPotion"},{"floor":19.0,"key":"Explosive Potion"},{"floor":28.0,"key":"FearPotion"},{"floor":35.0,"key":"SteroidPotion"},{"floor":44.0,"key":"Strength Potion"},{"floor":48.0,"key":"Swift Potion"}],"is_trial":false,"path_per_floor":["M","?","$","M","?","R","$","E","T","E","?","R","M","T","R","B",null,"M","M","M","?","?","R","$","R","T","E","M","M","R","$","R","B",null,"M","?","?","M","M","R","E","R","T","M","M","R","?","M","R","B","B",null,"R","$","E","B"],"character_chosen":"DEFECT","items_purchased":["Capacitor","OrangePellets","DollysMirror","Regen Potion"],"campfire_rested":0,"item_purchase_floors":[24,31,54,54],"current_hp_per_floor":[64,64,64,64,64,64,64,64,78,54,54,54,44,44,44,18,68,49,85,58,58,58,58,58,58,58,30,24,85,85,85,85,85,85,85,85,85,82,85,85,85,85,85,62,53,53,53,38,38,48,79,84,84,84,23,0],"gold":53,"neow_bonus":"THREE_ENEMY_KILL","is_prod":false,"is_daily":false,"chose_seed":false,"campfire_upgraded":11,"win_rate":0,"timestamp":1548081794,"path_taken":["M","?","$","?","?","R","$","E","T","E","?","R","M","?","R","BOSS","M","M","?","?","?","R","$","R","T","E","M","?","R","?","R","BOSS","M","?","?","M","M","R","E","R","T","M","M","R","?","?","R","BOSS","BOSS","R","$","E","BOSS"],"build_version":"2019-01-17v2","purchased_purges":2,"victory":false,"max_hp_per_floor":[71,71,71,71,71,71,71,71,85,85,85,85,85,85,85,85,85,85,85,85,85,85,85,85,85,85,85,85,85,85,85,85,85,85,85,85,85,85,85,85,85,85,85,85,85,85,85,85,85,85,85,85,85,85,85,85],"card_choices":[{"not_picked":["Stack","Barrage"],"picked":"Streamline","floor":1.0},{"not_picked":["Go for the Eyes","Streamline"],"picked":"White Noise","floor":4.0},{"not_picked":["Barrage","FTL"],"picked":"Loop","floor":8.0},{"not_picked":["Auto Shields","All For One"],"picked":"Consume","floor":10.0},{"not_picked":["Turbo","Aggregate"],"picked":"Coolheaded","floor":13.0},{"not_picked":["All For One","Meteor Strike"],"picked":"Seek","floor":16.0},{"not_picked":["Go for the Eyes+1","Streamline","Rebound"],"picked":"SKIP","floor":18.0},{"not_picked":["Sweeping Beam+1","Hyperbeam"],"picked":"White Noise","floor":19.0},{"not_picked":["Rebound","Streamline"],"picked":"Self Repair","floor":20.0},{"not_picked":["Fusion+1","Sunder"],"picked":"Electrodynamics","floor":27.0},{"not_picked":["Streamline+1","Barrage"],"picked":"Coolheaded","floor":28.0},{"not_picked":["Sweeping Beam+1","Coolheaded","Turbo"],"picked":"SKIP","floor":29.0},{"not_picked":["Machine Learning","Meteor Strike"],"picked":"Echo Form","floor":33.0},{"not_picked":["Go for the Eyes+1","Steam","Darkness+1"],"picked":"SKIP","floor":35.0},{"not_picked":["Heatsinks+1","Melter"],"picked":"Glacier+1","floor":38.0},{"not_picked":["Turbo","Compile Driver","Leap"],"picked":"SKIP","floor":39.0},{"not_picked":["Core Surge","FTL","Ball Lightning+1"],"picked":"SKIP","floor":41.0},{"not_picked":["Reprogram","Chaos","Turbo"],"picked":"SKIP","floor":44.0},{"not_picked":["Stack","Turbo","Steam"],"picked":"SKIP","floor":45.0},{"not_picked":["Force Field","Steam Power","Auto Shields"],"picked":"SKIP","floor":48.0},{"not_picked":["Redo","Fusion","Beam Cell"],"picked":"SKIP","floor":55}],"player_experience":2116991,"relics_obtained":[{"floor":8.0,"key":"Bird Faced Urn"},{"floor":9.0,"key":"Mango"},{"floor":10.0,"key":"MawBank"},{"floor":14.0,"key":"Bag of Marbles"},{"floor":26.0,"key":"Matryoshka"},{"floor":27.0,"key":"PreservedInsect"},{"floor":41.0,"key":"Frozen Egg 2"},{"floor":43.0,"key":"War Paint"},{"floor":55,"key":"Turnip"}],"event_choices":[{"damage_healed":0.0,"max_hp_gain":0.0,"max_hp_loss":0.0,"gold_gain":0.0,"cards_transformed":["Strike_B"],"event_name":"Transmorgrifier","player_choice":"Transformed","floor":2.0,"gold_loss":0.0,"damage_taken":0.0,"cards_obtained":["Echo Form"]},{"damage_healed":0.0,"max_hp_gain":0.0,"max_hp_loss":0.0,"gold_gain":0.0,"event_name":"The Cleric","player_choice":"Leave","floor":5.0,"gold_loss":0.0,"damage_taken":0.0},{"cards_removed":["Strike_B"],"damage_healed":0.0,"max_hp_gain":0.0,"max_hp_loss":0.0,"gold_gain":0.0,"event_name":"Living Wall","player_choice":"Forget","floor":11.0,"gold_loss":0.0,"damage_taken":0.0},{"cards_removed":["Strike_B"],"damage_healed":0.0,"max_hp_gain":0.0,"max_hp_loss":0.0,"gold_gain":0.0,"event_name":"Back to Basics","player_choice":"Elegance","floor":21.0,"gold_loss":0.0,"damage_taken":0.0},{"damage_healed":0.0,"max_hp_gain":0.0,"max_hp_loss":0.0,"gold_gain":0.0,"event_name":"Match and Keep!","player_choice":"1 cards matched","floor":22.0,"gold_loss":0.0,"damage_taken":0.0,"cards_obtained":["Capacitor"]},{"cards_removed":["Streamline"],"damage_healed":0.0,"max_hp_gain":0.0,"max_hp_loss":0.0,"gold_gain":0.0,"event_name":"Falling","player_choice":"Removed Attack","floor":36.0,"gold_loss":0.0,"damage_taken":0.0},{"damage_healed":0.0,"max_hp_gain":0.0,"max_hp_loss":0.0,"gold_gain":0.0,"event_name":"Mysterious Sphere","player_choice":"Ignored","floor":37.0,"gold_loss":0.0,"damage_taken":0.0},{"damage_healed":0.0,"max_hp_gain":0.0,"max_hp_loss":0.0,"gold_gain":0.0,"event_name":"SecretPortal","player_choice":"Ignored","floor":47.0,"gold_loss":0.0,"damage_taken":0.0}],"is_beta":false,"boss_relics":[{"not_picked":["Philosopher\u0027s Stone","Eternal Feather"],"picked":"Coffee Dripper"},{"not_picked":["Orrery","Calling Bell"],"picked":"Inserter"}],"items_purged_floors":[3,24],"is_endless":false,"potions_floor_spawned":[4,8,16,19,20,28,35,44,48],"killed_by":"The Heart","ascension_level":20}