{"gold_per_floor":[110,120,120,120,143,143,178,178,178,218,231,250,283,308,308,308],"floor_reached":16,"playtime":482,"items_purged":[],"score":220,"play_id":"203ed193-d9c8-41d6-b394-3fd1fcbb337b","local_time":"20181011185217","is_ascension_mode":true,"campfire_choices":[{"data":"Zap","floor":6,"key":"SMITH"},{"data":"Streamline","floor":8,"key":"SMITH"},{"data":"Buffer","floor":15,"key":"SMITH"}],"neow_cost":"NONE","seed_source_timestamp":68693168127309,"circlet_count":0,"master_deck":["Strike_B+1","Strike_B","Strike_B+1","Strike_B","Defend_B","Defend_B","Defend_B","Defend_B","Zap+1","Dualcast","AscendersBane","Leap","Conserve Battery","Cold Snap","Streamline+1","Buffer+1","Go for the Eyes","Steam"],"relics":["Cracked Core","Whetstone","Golden Idol","Pear","Ginger","Orichalcum","Turnip"],"potions_floor_usage":[7,13],"damage_taken":[{"damage":7,"enemies":"Small Slimes","floor":1,"turns":3},{"damage":0,"enemies":"Jaw Worm","floor":2,"turns":4},{"damage":1,"enemies":"2 Louse","floor":5,"turns":2},{"damage":43,"enemies":"Gremlin Nob","floor":7,"turns":6},{"damage":9,"enemies":"Lagavulin","floor":10,"turns":6},{"damage":0,"enemies":"Large Slime","floor":11,"turns":5},{"damage":1,"enemies":"Looter","floor":12,"turns":2},{"damage":11,"enemies":"Gremlin Nob","floor":13,"turns":4},{"damage":0,"enemies":"2 Fungi Beasts","floor":14,"turns":3},{"damage":5,"enemies":"Hexaghost","floor":16,"turns":9}],"seed_played":"-7764139887690000232","potions_obtained":[{"floor":1,"key":"Block Potion"},{"floor":10,"key":"Ancient Potion"},{"floor":12,"key":"Weak Potion"},{"floor":13,"key":"GamblersBrew"}],"is_trial":false,"path_per_floor":["M","M","?","?","M","R","E","R","T","E","M","M","E","M","R"],"character_chosen":"DEFECT","items_purchased":[],"campfire_rested":0,"item_purchase_floors":[],"current_hp_per_floor":[57,57,57,57,56,56,23,23,23,14,14,13,2,2,2,0],"gold":308,"neow_bonus":"RANDOM_COMMON_RELIC","is_prod":false,"is_daily":false,"chose_seed":false,"campfire_upgraded":3,"win_rate":0,"timestamp":1539255137,"path_taken":["M","M","?","?","M","R","E","R","T","E","M","M","E","M","R","BOSS"],"build_version":"2018-10-04v2","purchased_purges":0,"victory":false,"max_hp_per_floor":[71,71,71,64,64,64,74,74,74,74,74,74,74,74,74,74],"card_choices":[{"not_picked":["Melter","Cold Snap"],"picked":"Leap","floor":1},{"not_picked":["Hologram","FTL"],"picked":"Conserve Battery","floor":2},{"not_picked":["Self Repair","Leap"],"picked":"Cold Snap","floor":5},{"not_picked":["Reinforced Body","Genetic Algorithm"],"picked":"Streamline","floor":7},{"not_picked":["Redo","Ball Lightning"],"picked":"Buffer","floor":10},{"not_picked":["Compile Driver","Beam Cell"],"picked":"Go for the Eyes","floor":11},{"not_picked":["Skim","Coolheaded","Compile Driver"],"picked":"SKIP","floor":12},{"not_picked":["Creative AI","Darkness"],"picked":"Steam","floor":13},{"not_picked":["Sweeping Beam","Genetic Algorithm","Tempest"],"picked":"SKIP","floor":14}],"player_experience":281315,"relics_obtained":[{"floor":7,"key":"Pear"},{"floor":9,"key":"Ginger"},{"floor":10,"key":"Orichalcum"},{"floor":13,"key":"Turnip"}],"event_choices":[{"event_name":"Liars Game","player_choice":"disagreed","floor":3,"damage_taken":0},{"event_name":"Golden Idol","player_choice":"Lose Max HP","floor":4,"damage_taken":0}],"is_beta":false,"boss_relics":[],"items_purged_floors":[],"is_endless":false,"potions_floor_spawned":[1,10,12,13],"killed_by":"Hexaghost","ascension_level":16}