{"gold_per_floor":[112,112,262,275,293,293,43,43,96,96,96],"floor_reached":11,"playtime":248,"items_purged":[],"score":122,"play_id":"eade1934-0047-4aa5-ba3e-9149247a1abc","local_time":"20190213080257","is_ascension_mode":true,"campfire_choices":[{"data":"Zap","floor":6,"key":"SMITH"},{"data":"Biased Cognition","floor":8,"key":"SMITH"},{"data":"Reinforced Body","floor":10,"key":"SMITH"}],"neow_cost":"NONE","seed_source_timestamp":95634396020,"circlet_count":0,"master_deck":["AscendersBane","Strike_B","Strike_B","Strike_B","Strike_B","Defend_B","Defend_B+1","Defend_B","Defend_B","Zap+1","Dualcast+1","Biased Cognition+1","Reinforced Body+1","Doubt","Cold Snap","Recycle"],"relics":["Cracked Core","Bag of Preparation","Ancient Tea Set"],"potions_floor_usage":[],"damage_taken":[{"damage":2,"enemies":"Jaw Worm","floor":1,"turns":3},{"damage":0,"enemies":"2 Louse","floor":4,"turns":2},{"damage":0,"enemies":"Small Slimes","floor":5,"turns":5},{"damage":65,"enemies":"Gremlin Nob","floor":11,"turns":4}],"seed_played":"-5883884975544314723","potions_obtained":[{"floor":4,"key":"Dexterity Potion"}],"is_trial":false,"path_per_floor":["M","?","?","M","M","R","$","R","T","R","E"],"character_chosen":"DEFECT","items_purchased":["Bag of Preparation","Recycle"],"campfire_rested":0,"item_purchase_floors":[7,7],"current_hp_per_floor":[62,41,41,41,41,41,41,41,41,41,0],"gold":96,"neow_bonus":"ONE_RANDOM_RARE_CARD","is_prod":false,"is_daily":false,"chose_seed":false,"campfire_upgraded":3,"win_rate":0,"timestamp":1550016177,"path_taken":["M","?","?","M","M","R","$","R","T","R","E"],"build_version":"2019-01-23","purchased_purges":0,"victory":false,"max_hp_per_floor":[71,71,71,71,71,71,71,71,71,71,71],"card_choices":[{"not_picked":["Stack","Skim"],"picked":"Reinforced Body","floor":1},{"not_picked":["FTL","Steam","Streamline"],"picked":"SKIP","floor":4},{"not_picked":["Static Discharge","Barrage"],"picked":"Cold Snap","floor":5}],"player_experience":2668539,"relics_obtained":[{"floor":9,"key":"Ancient Tea Set"}],"event_choices":[{"damage_healed":0,"gold_gain":0,"player_choice":"Entered Light","damage_taken":21,"max_hp_gain":0,"max_hp_loss":0,"event_name":"Shining Light","floor":2,"gold_loss":0,"cards_upgraded":["Defend_B","Dualcast"]},{"damage_healed":0,"gold_gain":150,"player_choice":"AGREE","damage_taken":0,"max_hp_gain":0,"max_hp_loss":0,"event_name":"Liars Game","floor":3,"gold_loss":0,"cards_obtained":["Doubt"]}],"is_beta":false,"boss_relics":[],"items_purged_floors":[],"is_endless":false,"potions_floor_spawned":[4],"killed_by":"Gremlin Nob","ascension_level":20}