{"gold_per_floor":[110,160,175,100,111,111,144,121,121,121,137,151,151,101,101,101],"floor_reached":16,"playtime":549,"items_purged":["Strike_G","Strike_G"],"score":204,"play_id":"f3fa5ca4-c377-40b7-8170-7d9d6b6ffc47","local_time":"20190217154807","is_ascension_mode":true,"campfire_choices":[{"data":"Discovery","floor":6,"key":"SMITH"},{"data":"Footwork","floor":10,"key":"SMITH"},{"data":"Acrobatics","floor":15,"key":"SMITH"}],"neow_cost":"TEN_PERCENT_HP_LOSS","seed_source_timestamp":24313958588950,"circlet_count":0,"master_deck":["AscendersBane","Defend_G","Defend_G","Defend_G","Defend_G","Defend_G","Strike_G","Strike_G","Survivor","Neutralize","Discovery+1","Blind","Footwork+1","Concentrate","Backflip","Blur","Acrobatics+1"],"special_seed":0,"relics":["Ring of the Snake","Smiling Mask","Boot"],"potions_floor_usage":[7,16],"damage_taken":[{"damage":0.0,"enemies":"Small Slimes","floor":1.0,"turns":4.0},{"damage":0,"enemies":"Cultist","floor":3,"turns":4},{"damage":3,"enemies":"2 Louse","floor":5,"turns":3},{"damage":22,"enemies":"Lagavulin","floor":7,"turns":13},{"damage":0,"enemies":"Exordium Thugs","floor":8,"turns":4},{"damage":14,"enemies":"3 Louse","floor":11,"turns":4},{"damage":1,"enemies":"Blue Slaver","floor":12,"turns":5},{"damage":0,"enemies":"Hexaghost","floor":16,"turns":9}],"seed_played":"6230649013243243267","potions_obtained":[{"floor":3,"key":"Fire Potion"},{"floor":5,"key":"LiquidBronze"},{"floor":12,"key":"GamblersBrew"}],"is_trial":false,"path_per_floor":["M","?","M","$","M","R","E","M","T","R","M","M","?","$","R","B"],"character_chosen":"THE_SILENT","items_purchased":[],"campfire_rested":0,"item_purchase_floors":[],"current_hp_per_floor":[59,53,53,53,50,50,28,28,28,28,14,13,13,13,13,13],"gold":101,"neow_bonus":"RANDOM_COLORLESS_2","is_prod":false,"is_daily":false,"chose_seed":false,"campfire_upgraded":3,"win_rate":0,"timestamp":1550389687,"path_taken":["M","?","?","$","M","R","E","M","T","R","M","M","?","$","R","BOSS"],"build_version":"2019-01-23","purchased_purges":2,"victory":false,"max_hp_per_floor":[60,60,60,60,60,60,60,60,60,60,60,60,60,60,60,60],"card_choices":[{"not_picked":["Outmaneuver","Blade Dance","Choke"],"picked":"SKIP","floor":1.0},{"not_picked":["Crippling Poison","Deadly Poison"],"picked":"Footwork","floor":3},{"not_picked":["Deflect","Poisoned Stab"],"picked":"Concentrate","floor":5},{"not_picked":["Distraction","Terror"],"picked":"Backflip","floor":7},{"not_picked":["Cloak And Dagger","Underhanded Strike"],"picked":"Blur","floor":8},{"not_picked":["Bane","Underhanded Strike"],"picked":"Acrobatics","floor":11},{"not_picked":["Dagger Spray","Outmaneuver","Dodge and Roll"],"picked":"SKIP","floor":12}],"player_experience":2867261,"relics_obtained":[{"floor":7,"key":"Smiling Mask"},{"floor":9,"key":"Boot"}],"event_choices":[{"damage_healed":0,"gold_gain":50,"player_choice":"Touch","damage_taken":6,"max_hp_gain":0,"max_hp_loss":0,"event_name":"FaceTrader","floor":2,"gold_loss":0},{"cards_removed":["Strike_G"],"damage_healed":0,"gold_gain":0,"player_choice":"Offered Basic","damage_taken":0,"max_hp_gain":0,"max_hp_loss":0,"event_name":"Bonfire Elementals","floor":13,"gold_loss":0}],"is_beta":false,"boss_relics":[],"items_purged_floors":[4,14],"is_endless":false,"potions_floor_spawned":[3,5,12],"killed_by":"Hexaghost","ascension_level":20}