{"gold_per_floor":[109,126,126,126,51,51,65,65,65,78,39,83,107,130,130,249,249,264,264,264,282,128,128],"floor_reached":23,"playtime":1051,"items_purged":["Defend_R","Strike_R"],"score":239,"play_id":"6bce3073-3273-45c0-bacb-03f4cd906c88","local_time":"20180920154814","is_ascension_mode":true,"campfire_choices":[{"data":"True Grit","floor":6.0,"key":"SMITH"},{"data":"Metallicize","floor":8.0,"key":"SMITH"},{"data":"Second Wind","floor":15.0,"key":"SMITH"}],"neow_cost":"PERCENT_DAMAGE","seed_source_timestamp":10053386159640,"circlet_count":0,"master_deck":["Strike_R","Defend_R","Defend_R","Bash","True Grit+1","Metallicize+1","Evolve","Second Wind+1","Wild Strike","Offering","Cleave"],"special_seed":0,"relics":["Black Blood","Golden Idol","Letter Opener","Magic Flower"],"potions_floor_usage":[16,16,23],"damage_taken":[{"damage":7.0,"enemies":"Jaw Worm","floor":1.0,"turns":3.0},{"damage":10.0,"enemies":"Small Slimes","floor":2.0,"turns":3.0},{"damage":3.0,"enemies":"2 Louse","floor":7.0,"turns":3.0},{"damage":12.0,"enemies":"Red Slaver","floor":10.0,"turns":5.0},{"damage":9.0,"enemies":"3 Sentries","floor":12.0,"turns":12.0},{"damage":20.0,"enemies":"Lots of Slimes","floor":13.0,"turns":4.0},{"damage":9.0,"enemies":"Looter","floor":14.0,"turns":4.0},{"damage":27,"enemies":"Slime Boss","floor":16,"turns":14},{"damage":15,"enemies":"Chosen","floor":18,"turns":5},{"damage":26,"enemies":"Colosseum Slavers","floor":19,"turns":6},{"damage":17,"enemies":"Shell Parasite","floor":21,"turns":10},{"damage":47,"enemies":"Book of Stabbing","floor":23,"turns":8}],"seed_played":"-8423832232119576682","potions_obtained":[{"floor":7.0,"key":"Weak Potion"},{"floor":13.0,"key":"Dexterity Potion"},{"floor":14.0,"key":"Weak Potion"},{"floor":21,"key":"Dexterity Potion"}],"is_trial":false,"path_per_floor":["M","M","?","?","$","R","M","R","T","M","$","E","M","M","R","B",null,"M","?","?","M","$"],"character_chosen":"IRONCLAD","items_purchased":["Evolve","Cleave"],"campfire_rested":0,"item_purchase_floors":[11,22],"current_hp_per_floor":[55,51,51,51,51,51,54,54,54,48,48,45,34,34,34,16,60,60,49,49,47,47,0],"gold":128,"neow_bonus":"REMOVE_TWO","is_prod":false,"is_daily":false,"chose_seed":false,"campfire_upgraded":3,"win_rate":0,"timestamp":1537429694,"path_taken":["M","M","?","?","$","R","?","R","T","M","?","E","M","M","R","BOSS","M","?","?","M","$","E"],"build_version":"2018-09-06","purchased_purges":2,"victory":false,"max_hp_per_floor":[80,80,80,74,74,74,74,74,74,74,74,74,74,74,74,74,74,74,74,74,74,74,74],"card_choices":[{"not_picked":["Heavy Blade","Seeing Red"],"picked":"True Grit","floor":1.0},{"not_picked":["Thunderclap","Armaments","Anger"],"picked":"SKIP","floor":2.0},{"not_picked":["Clothesline","Bloodletting"],"picked":"Metallicize","floor":7.0},{"not_picked":["True Grit","Heavy Blade","Anger"],"picked":"SKIP","floor":10.0},{"not_picked":["Wild Strike","Disarm"],"picked":"Second Wind","floor":12.0},{"not_picked":["Double Tap","Dropkick","Clash"],"picked":"SKIP","floor":13.0},{"not_picked":["Shrug It Off","Cleave"],"picked":"Wild Strike","floor":14.0},{"not_picked":["Berserk","Reaper"],"picked":"Offering","floor":16},{"not_picked":["Flame Barrier","Clash+1","Flex+1"],"picked":"SKIP","floor":18},{"not_picked":["Twin Strike+1","Clash","Warcry+1"],"picked":"SKIP","floor":21}],"player_experience":42560,"relics_obtained":[{"floor":9.0,"key":"Letter Opener"},{"floor":12.0,"key":"Magic Flower"}],"event_choices":[{"event_name":"Living Wall","player_choice":"Forget","floor":3.0,"damage_taken":0.0},{"event_name":"Golden Idol","player_choice":"Lose Max HP","floor":4.0,"damage_taken":0.0},{"event_name":"Colosseum","player_choice":"Fight","floor":19,"damage_taken":0},{"event_name":"Colosseum","player_choice":"Fled From Nobs","floor":19,"damage_taken":0},{"event_name":"Bonfire Elementals","player_choice":"BASIC","floor":20,"damage_taken":0}],"is_beta":false,"boss_relics":[{"not_picked":["Busted Crown","Eternal Feather"],"picked":"Black Blood"}],"items_purged_floors":[5,22],"is_endless":false,"potions_floor_spawned":[7,13,14,19,21],"killed_by":"Book of Stabbing","ascension_level":5}