{"gold_per_floor":[368,368,384,87,98,123,123,157,184,200,219,119,119,119,119,195,195,212,223,253,253,266,300,310,341,341,355,355,390,109,129,129,201,201,219,69,291,305,322,322,322,79,79,79,111,129,157,157,157,157,157,157,157,3,31,31],"floor_reached":57,"playtime":2779,"items_purged":["Strike_G","Strike_G","Strike_G","Defend_G"],"score":3585,"play_id":"2b13eb95-e27b-43dd-b939-305823752334","local_time":"20190319192947","is_ascension_mode":true,"campfire_choices":[{"data":"Well Laid Plans","floor":7.0,"key":"SMITH"},{"data":"Catalyst","floor":13.0,"key":"SMITH"},{"data":"Deadly Poison","floor":15.0,"key":"SMITH"},{"data":"Tactician","floor":28.0,"key":"SMITH"},{"data":"Acrobatics","floor":32.0,"key":"SMITH"},{"data":"Burst","floor":40.0,"key":"SMITH"},{"floor":49.0,"key":"RECALL"},{"data":"Bullet Time","floor":53.0,"key":"SMITH"}],"neow_cost":"TEN_PERCENT_HP_LOSS","seed_source_timestamp":28308426542433,"circlet_count":0,"master_deck":["AscendersBane","Defend_G","Defend_G","Defend_G","Defend_G","Survivor","Neutralize","Footwork","Well Laid Plans+1","Tactician+1","Adrenaline","Catalyst+1","Deadly Poison+1","Corpse Explosion","After Image+1","Distraction+1","Wraith Form v2+1","Acrobatics+1","Burst+1","Malaise","Venomology","Adrenaline","Venomology","Bullet Time+1","Doubt","Writhe","Pain","Escape Plan+1","Corpse Explosion","Writhe","Calculated Gamble+1","Venomology","Acrobatics","Well Laid Plans","Backflip","Glass Knife"],"special_seed":0,"relics":["Ring of the Snake","TheAbacus","Bag of Preparation","Astrolabe","Red Mask","Nloth\u0027s Gift","Calipers","Centennial Puzzle","Singing Bowl","Bag of Marbles","Calling Bell","Vajra","Sundial","Tough Bandages","Potion Belt","Bronze Scales","Torii","Snake Skull","Dodecahedron","Shuriken"],"potions_floor_usage":[56,56,56,56,56,56,56],"damage_taken":[{"damage":4.0,"enemies":"Jaw Worm","floor":1.0,"turns":6.0},{"damage":0.0,"enemies":"Cultist","floor":3.0,"turns":3.0},{"damage":0.0,"enemies":"Small Slimes","floor":5.0,"turns":4.0},{"damage":32.0,"enemies":"Gremlin Nob","floor":6.0,"turns":7.0},{"damage":21.0,"enemies":"Lagavulin","floor":8.0,"turns":13.0},{"damage":1.0,"enemies":"3 Louse","floor":10.0,"turns":5.0},{"damage":0.0,"enemies":"Red Slaver","floor":11.0,"turns":4.0},{"damage":0.0,"enemies":"Hexaghost","floor":16.0,"turns":9.0},{"damage":5.0,"enemies":"2 Thieves","floor":18.0,"turns":4.0},{"damage":0.0,"enemies":"Shell Parasite","floor":19.0,"turns":4.0},{"damage":0.0,"enemies":"Masked Bandits","floor":20.0,"turns":3.0},{"damage":0.0,"enemies":"3 Cultists","floor":22.0,"turns":3.0},{"damage":0.0,"enemies":"Gremlin Leader","floor":23.0,"turns":6.0},{"damage":5.0,"enemies":"Cultist and Chosen","floor":24.0,"turns":4.0},{"damage":0.0,"enemies":"Book of Stabbing","floor":25.0,"turns":4.0},{"damage":6.0,"enemies":"Shelled Parasite and Fungi","floor":27.0,"turns":3.0},{"damage":0.0,"enemies":"Gremlin Leader","floor":29.0,"turns":4.0},{"damage":0.0,"enemies":"Sentry and Sphere","floor":31.0,"turns":4.0},{"damage":0.0,"enemies":"Champ","floor":33.0,"turns":5.0},{"damage":1.0,"enemies":"3 Darklings","floor":35.0,"turns":4.0},{"damage":6.0,"enemies":"Orb Walker","floor":38.0,"turns":6.0},{"damage":2.0,"enemies":"Maw","floor":39.0,"turns":6.0},{"damage":3.0,"enemies":"Nemesis","floor":45.0,"turns":7.0},{"damage":1.0,"enemies":"Spire Growth","floor":46.0,"turns":4.0},{"damage":8.0,"enemies":"Reptomancer","floor":47.0,"turns":3.0},{"damage":5.0,"enemies":"Time Eater","floor":50.0,"turns":8.0},{"damage":6.0,"enemies":"Donu and Deca","floor":51.0,"turns":4.0},{"damage":5.0,"enemies":"Shield and Spear","floor":55.0,"turns":4.0},{"damage":24,"enemies":"The Heart","floor":56,"turns":7}],"seed_played":"-1059566935628315178","potions_obtained":[{"floor":5.0,"key":"FairyPotion"},{"floor":6.0,"key":"Dexterity Potion"},{"floor":16.0,"key":"Block Potion"}],"is_trial":false,"path_per_floor":["M","?","M","$","M","E","R","E","T","M","M","$","R","?","R","B",null,"M","M","?","?","M","E","M","E","T","M","R","E","$","M","R","B",null,"M","$","?","M","M","R","?","$","T","T","E","M","E","?","R","B","B",null,"R","$","E","B",null],"character_chosen":"THE_SILENT","items_purchased":["TheAbacus","Venomology","Calculated Gamble","Potion Belt","Acrobatics","Well Laid Plans","Backflip"],"campfire_rested":0,"item_purchase_floors":[4,30,42,42,54,54,54],"current_hp_per_floor":[55,55,55,55,55,23,23,2,2,1,1,1,1,1,1,1,45,40,40,40,40,40,40,35,35,35,31,31,31,31,33,33,33,56,55,55,55,49,49,49,62,62,62,62,59,60,54,54,54,49,43,63,63,63,58,34],"gold":31,"neow_bonus":"TWO_FIFTY_GOLD","is_prod":false,"is_daily":false,"chose_seed":false,"campfire_upgraded":7,"win_rate":0,"timestamp":1552994987,"path_taken":["M","?","M","$","M","E","R","E","T","M","?","$","R","?","R","BOSS","M","M","?","?","?","E","M","E","T","M","R","E","$","M","R","BOSS","M","$","?","M","M","R","?","$","T","?","E","M","E","?","R","BOSS","BOSS","R","$","E","BOSS"],"build_version":"2019-01-23","purchased_purges":4,"victory":true,"max_hp_per_floor":[60,60,60,60,60,60,60,60,60,60,60,60,60,60,60,60,60,60,60,60,60,60,60,60,60,60,62,62,62,62,64,64,64,64,64,64,64,64,66,66,66,66,66,66,66,68,70,70,70,70,70,70,70,70,70,70],"card_choices":[{"not_picked":["Flying Knee","Sucker Punch"],"picked":"Dash","floor":1.0},{"not_picked":["Slice","Skewer"],"picked":"Footwork","floor":3.0},{"not_picked":["Slice","Riddle With Holes"],"picked":"Well Laid Plans","floor":5.0},{"not_picked":["Riddle With Holes","Poisoned Stab"],"picked":"Tactician","floor":6.0},{"not_picked":["Cloak And Dagger","Flying Knee"],"picked":"Adrenaline","floor":8.0},{"not_picked":["Backflip","Bane"],"picked":"Catalyst","floor":10.0},{"not_picked":["Acrobatics","Predator"],"picked":"Deadly Poison","floor":11.0},{"not_picked":["Tools of the Trade","Bullet Time"],"picked":"Corpse Explosion","floor":16.0},{"not_picked":["Heel Hook+1","PiercingWail"],"picked":"Acrobatics","floor":18.0},{"not_picked":["Dagger Throw","Blade Dance","Deadly Poison"],"picked":"SKIP","floor":19.0},{"not_picked":["Burst","Slice","Poisoned Stab"],"picked":"SKIP","floor":22.0},{"not_picked":["Slice","Poisoned Stab"],"picked":"Burst","floor":22.0},{"not_picked":["Acrobatics","Adrenaline"],"picked":"Malaise","floor":23.0},{"not_picked":["Distraction","Noxious Fumes","Terror+1"],"picked":"SKIP","floor":24.0},{"not_picked":["Deflect","Poisoned Stab"],"picked":"Venomology","floor":25.0},{"not_picked":["Poisoned Stab","Sucker Punch","Setup"],"picked":"Singing Bowl","floor":27.0},{"not_picked":["Blade Dance","Venomology"],"picked":"Adrenaline","floor":29.0},{"not_picked":["Dagger Throw","Dodge and Roll","Poisoned Stab"],"picked":"Singing Bowl","floor":31.0},{"not_picked":["Storm of Steel","Phantasmal Killer"],"picked":"Bullet Time","floor":33.0},{"not_picked":["Bane","Infinite Blades"],"picked":"Escape Plan+1","floor":35.0},{"not_picked":["Blade Dance","Quick Slash"],"picked":"Corpse Explosion","floor":38.0},{"not_picked":["Dash","Sucker Punch+1","Dodge and Roll+1"],"picked":"Singing Bowl","floor":39.0},{"not_picked":["Outmaneuver","Acrobatics"],"picked":"Venomology","floor":45.0},{"not_picked":["Finisher","Underhanded Strike","Riddle With Holes"],"picked":"Singing Bowl","floor":46.0},{"not_picked":["Dagger Spray+1","Bane","Distraction"],"picked":"Singing Bowl","floor":47.0},{"not_picked":["Eviscerate+1","Doppelganger"],"picked":"Glass Knife","floor":55.0}],"player_experience":3729304,"relics_obtained":[{"floor":6.0,"key":"Bag of Preparation"},{"floor":8.0,"key":"Ancient Tea Set"},{"floor":20.0,"key":"Red Mask"},{"floor":23.0,"key":"Calipers"},{"floor":25.0,"key":"Centennial Puzzle"},{"floor":26.0,"key":"Singing Bowl"},{"floor":29.0,"key":"Bag of Marbles"},{"floor":34.0,"key":"Vajra"},{"floor":34.0,"key":"Sundial"},{"floor":34.0,"key":"Tough Bandages"},{"floor":43.0,"key":"Bronze Scales"},{"floor":44.0,"key":"Torii"},{"floor":45.0,"key":"Snake Skull"},{"floor":47.0,"key":"Dodecahedron"},{"floor":55.0,"key":"Shuriken"}],"event_choices":[{"damage_healed":0.0,"max_hp_gain":0.0,"max_hp_loss":0.0,"gold_gain":0.0,"event_name":"Upgrade Shrine","player_choice":"Upgraded","floor":2.0,"gold_loss":0.0,"damage_taken":0.0,"cards_upgraded":["Dash"]},{"damage_healed":0.0,"max_hp_gain":0.0,"max_hp_loss":0.0,"gold_gain":0.0,"event_name":"Scrap Ooze","player_choice":"Fled","floor":14.0,"gold_loss":0.0,"damage_taken":0.0},{"damage_healed":0.0,"max_hp_gain":0.0,"max_hp_loss":0.0,"gold_gain":0.0,"event_name":"Masked Bandits","player_choice":"Fought Bandits","floor":20.0,"gold_loss":0.0,"damage_taken":0.0},{"damage_healed":0.0,"max_hp_gain":0.0,"max_hp_loss":0.0,"gold_gain":0.0,"event_name":"N\u0027loth","player_choice":"Traded Relic","floor":21.0,"relics_lost":["Ancient Tea Set"],"gold_loss":0.0,"damage_taken":0.0,"relics_obtained":["Nloth\u0027s Gift"]},{"damage_healed":0.0,"max_hp_gain":0.0,"max_hp_loss":0.0,"gold_gain":222.0,"event_name":"Tomb of Lord Red Mask","player_choice":"Wore Mask","floor":37.0,"gold_loss":0.0,"damage_taken":0.0},{"damage_healed":13.0,"max_hp_gain":0.0,"max_hp_loss":0.0,"gold_gain":0.0,"event_name":"Winding Halls","player_choice":"Writhe","floor":41.0,"gold_loss":0.0,"damage_taken":0.0,"cards_obtained":["Writhe"]},{"damage_healed":0.0,"max_hp_gain":0.0,"max_hp_loss":0.0,"gold_gain":0.0,"event_name":"Upgrade Shrine","player_choice":"Upgraded","floor":48.0,"gold_loss":0.0,"damage_taken":0.0,"cards_upgraded":["Calculated Gamble"]}],"is_beta":false,"boss_relics":[{"not_picked":["Black Star","Eternal Feather"],"picked":"Astrolabe"},{"not_picked":["Sozu","Lizard Tail"],"picked":"Calling Bell"}],"items_purged_floors":[4,12,30,36],"is_endless":false,"potions_floor_spawned":[5,6,8,16,20,22,23,24,25,39,47],"ascension_level":20}