{"gold_per_floor":[113,131,131,206,222,222,233,158,158,158,173,185,185,201,201,301,301,316,40,45,70,89,89,139,152,152,165,40,40,40,54,54,149,149,169,181,181,201,211,211,311,311,335,351,351,351,4,22,22,22],"floor_reached":51,"playtime":2027,"items_purged":["Strike_G","Strike_G","Strike_G","Strike_G"],"score":643,"play_id":"abb4f7be-1f87-4a73-82d8-d46323b6ad40","local_time":"20190802224128","is_ascension_mode":false,"campfire_choices":[{"floor":6.0,"key":"REST"},{"floor":10.0,"key":"REST"},{"floor":15.0,"key":"REST"},{"floor":23.0,"key":"REST"},{"floor":30.0,"key":"REST"},{"floor":32.0,"key":"REST"},{"floor":40.0,"key":"REST"},{"floor":46.0,"key":"REST"},{"floor":49.0,"key":"REST"}],"neow_cost":"NONE","seed_source_timestamp":537225795393000,"circlet_count":0,"master_deck":["Strike_G","Defend_G","Defend_G","Defend_G","Defend_G","Defend_G","Survivor","Neutralize","Deadly Poison","Deadly Poison","Backflip","After Image","Apotheosis","Acrobatics","Grand Finale","Blur"],"special_seed":0,"relics":["Fusion Hammer"],"potions_floor_usage":[50,50,50],"damage_taken":[{"damage":0.0,"enemies":"Small Slimes","floor":1.0,"turns":4.0},{"damage":1.0,"enemies":"Jaw Worm","floor":2.0,"turns":4.0},{"damage":1.0,"enemies":"Cultist","floor":5.0,"turns":3.0},{"damage":9.0,"enemies":"3 Louse","floor":7.0,"turns":4.0},{"damage":0.0,"enemies":"Gremlin Gang","floor":11.0,"turns":6.0},{"damage":8.0,"enemies":"Large Slime","floor":12.0,"turns":7.0},{"damage":0.0,"enemies":"Lots of Slimes","floor":14.0,"turns":6.0},{"damage":50.0,"enemies":"Slime Boss","floor":16.0,"turns":11.0},{"damage":0.0,"enemies":"3 Byrds","floor":18.0,"turns":9.0},{"damage":7.0,"enemies":"2 Thieves","floor":20.0,"turns":5.0},{"damage":1.0,"enemies":"Snake Plant","floor":22.0,"turns":4.0},{"damage":24.0,"enemies":"Shelled Parasite and Fungi","floor":25.0,"turns":7.0},{"damage":16.0,"enemies":"Chosen and Byrds","floor":27.0,"turns":8.0},{"damage":5.0,"enemies":"Snake Plant","floor":31.0,"turns":5.0},{"damage":29.0,"enemies":"Champ","floor":33.0,"turns":14.0},{"damage":6.0,"enemies":"Orb Walker","floor":35.0,"turns":5.0},{"damage":15.0,"enemies":"3 Darklings","floor":36.0,"turns":4.0},{"damage":9.0,"enemies":"4 Shapes","floor":38.0,"turns":6.0},{"damage":17.0,"enemies":"Spire Growth","floor":39.0,"turns":11.0},{"damage":10.0,"enemies":"Mind Bloom Boss Battle","floor":41.0,"turns":19.0},{"damage":29.0,"enemies":"Jaw Worm Horde","floor":44.0,"turns":12.0},{"damage":39.0,"enemies":"Sphere and 2 Shapes","floor":48.0,"turns":12.0},{"damage":37,"enemies":"Time Eater","floor":50,"turns":17}],"seed_played":"3748808920126778738","potions_obtained":[{"floor":2.0,"key":"Fire Potion"},{"floor":11.0,"key":"AttackPotion"},{"floor":14.0,"key":"Explosive Potion"},{"floor":20.0,"key":"Fire Potion"},{"floor":31.0,"key":"SneckoOil"},{"floor":35.0,"key":"Swift Potion"},{"floor":36.0,"key":"Block Potion"},{"floor":44.0,"key":"SkillPotion"}],"is_trial":false,"path_per_floor":["M","M","?","?","M","R","M","$","T","R","M","M","?","M","R","B",null,"M","$","M","T","M","R","?","M","T","M","$","?","R","M","R","B",null,"M","M","?","M","M","R","?","?","T","M","?","R","$","M","R","B",null],"character_chosen":"THE_SILENT","items_purchased":["Apotheosis","GamblersBrew","Blur","Dexterity Potion"],"campfire_rested":9,"item_purchase_floors":[19,47,47,47],"current_hp_per_floor":[70,69,74,63,62,75,66,66,66,75,75,67,67,67,75,25,75,75,75,68,68,67,75,75,51,51,35,35,35,57,52,74,45,75,69,54,54,45,28,50,40,40,40,11,66,66,66,27,46,9],"gold":22,"neow_bonus":"BOSS_RELIC","is_prod":false,"is_daily":false,"chose_seed":false,"campfire_upgraded":0,"win_rate":0,"timestamp":1564756888,"path_taken":["M","M","?","?","?","R","M","$","T","R","M","M","?","M","R","BOSS","M","$","M","?","M","R","?","?","T","M","$","?","R","M","R","BOSS","M","?","?","M","M","R","?","?","T","?","?","R","$","M","R","BOSS"],"build_version":"2019-07-17","purchased_purges":4,"victory":true,"max_hp_per_floor":[70,70,75,75,75,75,75,75,75,75,75,75,75,75,75,75,75,75,75,75,75,75,75,75,75,75,75,75,75,75,75,75,75,75,75,75,75,75,75,75,75,75,75,75,66,66,66,66,66,66],"card_choices":[{"not_picked":["Leg Sweep","PiercingWail"],"picked":"Deadly Poison","floor":1.0},{"not_picked":["Expertise","Bane"],"picked":"Deadly Poison","floor":2.0},{"not_picked":["Blade Dance","Underhanded Strike","Flying Knee"],"picked":"SKIP","floor":5.0},{"not_picked":["Dodge and Roll","Die Die Die","Skewer"],"picked":"SKIP","floor":7.0},{"not_picked":["Deadly Poison","All Out Attack","Sucker Punch"],"picked":"SKIP","floor":11.0},{"not_picked":["Blade Dance","Heel Hook"],"picked":"Backflip","floor":12.0},{"not_picked":["Dagger Throw","Dagger Spray","Crippling Poison"],"picked":"SKIP","floor":14.0},{"not_picked":["Venomology","Burst"],"picked":"After Image","floor":16.0},{"not_picked":["PiercingWail","Poisoned Stab","Sucker Punch"],"picked":"SKIP","floor":18.0},{"not_picked":["Dash","Leg Sweep","Blade Dance"],"picked":"SKIP","floor":20.0},{"not_picked":["Flechettes","Prepared","Flying Knee"],"picked":"SKIP","floor":22.0},{"not_picked":["Poisoned Stab","Slice","Deflect+1"],"picked":"SKIP","floor":25.0},{"not_picked":["Sucker Punch","Leg Sweep","Dodge and Roll"],"picked":"SKIP","floor":27.0},{"not_picked":["Distraction+1","Crippling Poison+1","Deadly Poison+1"],"picked":"SKIP","floor":31.0},{"not_picked":["Envenom","Wraith Form v2"],"picked":"Grand Finale","floor":33.0},{"not_picked":["PiercingWail+1","Outmaneuver+1","Cloak And Dagger"],"picked":"SKIP","floor":35.0},{"not_picked":["Poisoned Stab","Choke+1","Blade Dance+1"],"picked":"SKIP","floor":36.0},{"not_picked":["Flying Knee","Quick Slash+1","Choke"],"picked":"SKIP","floor":38.0},{"not_picked":["Flechettes+1","Poisoned Stab+1","Deadly Poison"],"picked":"SKIP","floor":39.0},{"not_picked":["Slice+1","Grand Finale","Dodge and Roll"],"picked":"SKIP","floor":44.0},{"not_picked":["Deadly Poison+1","Quick Slash","PiercingWail+1"],"picked":"SKIP","floor":48.0}],"player_experience":711867,"relics_obtained":[],"event_choices":[{"damage_healed":0.0,"max_hp_gain":5.0,"max_hp_loss":0.0,"gold_gain":0.0,"event_name":"Big Fish","player_choice":"Donut","floor":3.0,"gold_loss":0.0,"damage_taken":0.0},{"damage_healed":0.0,"max_hp_gain":0.0,"max_hp_loss":0.0,"gold_gain":75.0,"event_name":"World of Goop","player_choice":"Gather Gold","floor":4.0,"gold_loss":0.0,"damage_taken":11.0},{"damage_healed":0.0,"max_hp_gain":0.0,"max_hp_loss":0.0,"gold_gain":0.0,"event_name":"Match and Keep!","player_choice":"0 cards matched","floor":13.0,"gold_loss":0.0,"damage_taken":0.0,"cards_obtained":[]},{"damage_healed":0.0,"max_hp_gain":0.0,"max_hp_loss":0.0,"gold_gain":100.0,"event_name":"The Joust","player_choice":"Bet on Murderer","floor":24.0,"gold_loss":50.0,"damage_taken":0.0},{"damage_healed":0.0,"max_hp_gain":0.0,"max_hp_loss":0.0,"gold_gain":0.0,"event_name":"Match and Keep!","player_choice":"1 cards matched","floor":29.0,"gold_loss":0.0,"damage_taken":0.0,"cards_obtained":["Acrobatics"]},{"damage_healed":0.0,"max_hp_gain":0.0,"max_hp_loss":0.0,"gold_gain":0.0,"event_name":"Mysterious Sphere","player_choice":"Ignored","floor":37.0,"gold_loss":0.0,"damage_taken":0.0},{"damage_healed":0.0,"max_hp_gain":0.0,"max_hp_loss":0.0,"gold_gain":0.0,"event_name":"MindBloom","player_choice":"Fight","floor":41.0,"gold_loss":0.0,"damage_taken":0.0},{"damage_healed":0.0,"max_hp_gain":0.0,"max_hp_loss":0.0,"gold_gain":0.0,"event_name":"NoteForYourself","player_choice":"Ignored","floor":42.0,"gold_loss":0.0,"damage_taken":0.0},{"damage_healed":66.0,"max_hp_gain":0.0,"max_hp_loss":9.0,"gold_gain":0.0,"event_name":"The Moai Head","player_choice":"Heal","floor":45.0,"gold_loss":0.0,"damage_taken":0.0}],"is_beta":false,"boss_relics":[{"not_picked":["Velvet Choker","Sozu","Black Star"]},{"not_picked":["Runic Dome","Philosopher\u0027s Stone","Pandora\u0027s Box"]}],"items_purged_floors":[8,19,28,47],"is_endless":false,"potions_floor_spawned":[2,11,14,20,31,35,36,44,48],"ascension_level":0}