{"gold_per_floor":[17,30,30,44,44,44,87,108,181,181,199,199,233,233,233,356,356,371,257,271,287,306,306,346,346,346,367,367,367,382,403,403,403],"floor_reached":33,"playtime":2266,"items_purged":["Strike_R"],"score":374,"play_id":"1379c247-4f2c-4c5a-ad81-21bb88e086e1","local_time":"20190725001844","is_ascension_mode":true,"campfire_choices":[{"data":"Pommel Strike","floor":6,"key":"SMITH"},{"data":"Searing Blow","floor":10,"key":"SMITH"},{"data":"Searing Blow+1","floor":12,"key":"SMITH"},{"floor":15,"key":"REST"},{"data":"Whirlwind","floor":23,"key":"SMITH"},{"floor":25,"key":"REST"},{"data":"Searing Blow+2","floor":28,"key":"SMITH"},{"floor":32,"key":"REST"}],"neow_cost":"NO_GOLD","seed_source_timestamp":385645397451351,"circlet_count":0,"master_deck":["Strike_R","Strike_R","Strike_R","Defend_R","Defend_R","Defend_R","Defend_R","Bash+1","Entrench+1","Pommel Strike+1","Sword Boomerang","Searing Blow+3","Infernal Blade+1","Berserk","Whirlwind+1","Shockwave+1","Combust+1","Warcry+1","Shrug It Off+1","Shrug It Off+1","Metallicize"],"relics":["Burning Blood","Golden Idol","FossilizedHelix","Toxic Egg 2","Lantern","Sozu","Paper Frog","Question Card"],"potions_floor_usage":[7,13,31],"damage_taken":[{"damage":4,"enemies":"Jaw Worm","floor":1,"turns":4},{"damage":8,"enemies":"2 Louse","floor":2,"turns":3},{"damage":0,"enemies":"Small Slimes","floor":4,"turns":3},{"damage":24,"enemies":"Gremlin Nob","floor":7,"turns":4},{"damage":0,"enemies":"Exordium Wildlife","floor":8,"turns":3},{"damage":15,"enemies":"Lots of Slimes","floor":11,"turns":5},{"damage":16,"enemies":"Lagavulin","floor":13,"turns":5},{"damage":30,"enemies":"Slime Boss","floor":16,"turns":9},{"damage":35,"enemies":"2 Thieves","floor":18,"turns":4},{"damage":16,"enemies":"Shell Parasite","floor":20,"turns":6},{"damage":6,"enemies":"Centurion and Healer","floor":21,"turns":4},{"damage":18,"enemies":"Snecko","floor":22,"turns":3},{"damage":16,"enemies":"Slavers","floor":24,"turns":4},{"damage":3,"enemies":"Cultist and Chosen","floor":27,"turns":4},{"damage":28,"enemies":"Centurion and Healer","floor":30,"turns":4},{"damage":18,"enemies":"Snake Plant","floor":31,"turns":3},{"damage":44,"enemies":"Champ","floor":33,"turns":7}],"seed_played":"9148724630463653087","potions_obtained":[{"floor":2,"key":"Weak Potion"},{"floor":8,"key":"EssenceOfSteel"},{"floor":13,"key":"LiquidBronze"}],"is_trial":false,"path_per_floor":["M","M","?","M","?","R","E","M","T","R","M","R","E","?","R","B",null,"M","$","M","M","M","R","E","R","T","M","R","?","M","M","R","B"],"character_chosen":"IRONCLAD","items_purchased":["Shockwave+1"],"campfire_rested":3,"item_purchase_floors":[19],"current_hp_per_floor":[96,94,70,76,57,57,39,45,45,45,36,36,26,26,54,30,80,51,51,41,41,29,29,19,47,47,50,50,50,28,16,44,0],"gold":403,"neow_bonus":"TWENTY_PERCENT_HP_BONUS","is_prod":false,"is_daily":false,"chose_seed":false,"campfire_upgraded":5,"win_rate":0,"timestamp":1564031924,"path_taken":["M","M","?","M","?","R","E","M","T","R","M","R","E","?","R","BOSS","M","$","M","M","M","R","E","R","T","M","R","?","?","M","R","BOSS"],"build_version":"2019-07-17","purchased_purges":1,"victory":false,"max_hp_per_floor":[96,96,96,96,96,96,96,96,96,96,96,96,96,96,96,96,96,96,96,96,96,96,96,96,96,96,96,96,96,96,96,96,96],"card_choices":[{"not_picked":["Clash","Havoc"],"picked":"Entrench","floor":1},{"not_picked":["Perfected Strike","Sword Boomerang"],"picked":"Pommel Strike","floor":2},{"not_picked":["Wild Strike","Heavy Blade"],"picked":"Sword Boomerang","floor":4},{"not_picked":["Body Slam","Intimidate"],"picked":"Searing Blow","floor":7},{"not_picked":["Armaments","Dark Embrace","Perfected Strike"],"picked":"SKIP","floor":8},{"not_picked":["Cleave","Inflame"],"picked":"Infernal Blade+1","floor":11},{"not_picked":["Havoc+1","Dark Embrace","Pommel Strike"],"picked":"SKIP","floor":13},{"not_picked":["Brutality","Reaper"],"picked":"Berserk","floor":16},{"not_picked":["Twin Strike+1","Thunderclap"],"picked":"Whirlwind","floor":18},{"not_picked":["Sword Boomerang","Twin Strike","Havoc+1"],"picked":"SKIP","floor":20},{"not_picked":["Bloodletting+1","Warcry+1"],"picked":"Combust+1","floor":21},{"not_picked":["Heavy Blade","Wild Strike"],"picked":"Warcry+1","floor":22},{"not_picked":["Searing Blow","Fire Breathing","Sever Soul"],"picked":"SKIP","floor":24},{"not_picked":["Sword Boomerang","Armaments+1","Rage+1"],"picked":"Shrug It Off+1","floor":27},{"not_picked":["Clash","Body Slam+1","Heavy Blade"],"picked":"Shrug It Off+1","floor":30},{"not_picked":["Havoc+1","Body Slam","Juggernaut"],"picked":"Metallicize","floor":31}],"player_experience":291817,"relics_obtained":[{"floor":7,"key":"FossilizedHelix"},{"floor":9,"key":"Toxic Egg 2"},{"floor":13,"key":"Lantern"},{"floor":24,"key":"Paper Frog"},{"floor":26,"key":"Question Card"}],"event_choices":[{"damage_healed":0,"gold_gain":0,"player_choice":"Take Damage","damage_taken":24,"relics_obtained":["Golden Idol"],"max_hp_gain":0,"max_hp_loss":0,"event_name":"Golden Idol","floor":3,"gold_loss":0},{"damage_healed":0,"gold_gain":0,"player_choice":"Entered Light","damage_taken":19,"max_hp_gain":0,"max_hp_loss":0,"event_name":"Shining Light","floor":5,"gold_loss":0,"cards_upgraded":["Entrench","Bash"]},{"damage_healed":0,"gold_gain":0,"player_choice":"Searched \u00271\u0027 times","damage_taken":0,"max_hp_gain":0,"max_hp_loss":0,"event_name":"Dead Adventurer","floor":14,"gold_loss":0},{"cards_removed":["Strike_R"],"damage_healed":0,"gold_gain":0,"player_choice":"Purged","damage_taken":0,"max_hp_gain":0,"max_hp_loss":0,"event_name":"Purifier","floor":29,"gold_loss":0}],"is_beta":false,"boss_relics":[{"not_picked":["Orrery","Runic Pyramid"],"picked":"Sozu"}],"items_purged_floors":[19],"is_endless":false,"potions_floor_spawned":[2,8,13,18,21,24,30],"killed_by":"Champ","ascension_level":5}