{"gold_per_floor":[110,35,110,110,127,153,153,173,173,46,58,70,98,48,48,120,120,131,131,131,48,48,48,81,81,81,26,54,4,4,16,16,90,90,110,53,63,338,356,356,53,53,53,53,71,71,121],"floor_reached":47,"playtime":1450,"items_purged":[],"score":1134,"play_id":"c85b4ab5-9c84-405e-b411-e7751ad3d93f","local_time":"20190301163048","is_ascension_mode":true,"campfire_choices":[{"data":"Zap","floor":7.0,"key":"SMITH"},{"data":"Hologram","floor":15.0,"key":"SMITH"},{"data":"Coolheaded","floor":23.0,"key":"SMITH"},{"data":"Loop","floor":25.0,"key":"SMITH"},{"data":"Turbo","floor":30.0,"key":"SMITH"},{"data":"Skim","floor":32.0,"key":"SMITH"},{"data":"Coolheaded","floor":40.0,"key":"SMITH"},{"data":"Defragment","floor":42.0,"key":"SMITH"},{"data":"Redo","floor":44,"key":"SMITH"}],"neow_cost":"NONE","seed_source_timestamp":88850862707499,"circlet_count":0,"master_deck":["AscendersBane","Zap+1","Dualcast","Skim+1","Ball Lightning","Echo Form","Conserve Battery","Loop+1","BootSequence","Reinforced Body","Turbo+1","Coolheaded+1","Hologram+1","Reboot","Cold Snap","Reprogram","Glacier","Capacitor","Echo Form","Hologram","Undo+1","BootSequence","Redo+1","Lockon","Static Discharge","All For One","Turbo+1","Coolheaded+1","Steam Power+1","Regret","Biased Cognition","Defragment+1"],"special_seed":0,"relics":["Cracked Core","Nunchaku","Letter Opener","Shovel","Ginger","Philosopher\u0027s Stone","Nloth\u0027s Gift","Cables","Thread and Needle","Lantern","Pandora\u0027s Box","Medical Kit","SsserpentHead"],"potions_floor_usage":[45],"damage_taken":[{"damage":0.0,"enemies":"2 Louse","floor":1.0,"turns":1.0},{"damage":0.0,"enemies":"Small Slimes","floor":5.0,"turns":1.0},{"damage":0.0,"enemies":"Gremlin Nob","floor":6.0,"turns":1.0},{"damage":7.0,"enemies":"Jaw Worm","floor":8.0,"turns":2.0},{"damage":4.0,"enemies":"2 Fungi Beasts","floor":11.0,"turns":3.0},{"damage":11.0,"enemies":"Exordium Wildlife","floor":12.0,"turns":4.0},{"damage":13.0,"enemies":"3 Sentries","floor":13.0,"turns":6.0},{"damage":1.0,"enemies":"Hexaghost","floor":16.0,"turns":9.0},{"damage":21.0,"enemies":"Shell Parasite","floor":18.0,"turns":6.0},{"damage":13.0,"enemies":"Slavers","floor":24.0,"turns":3.0},{"damage":0.0,"enemies":"Book of Stabbing","floor":28.0,"turns":6.0},{"damage":0.0,"enemies":"Spheric Guardian","floor":31.0,"turns":6.0},{"damage":0.0,"enemies":"Automaton","floor":33.0,"turns":10.0},{"damage":0.0,"enemies":"Orb Walker","floor":35.0,"turns":3.0},{"damage":5.0,"enemies":"3 Shapes","floor":37.0,"turns":4.0},{"damage":36.0,"enemies":"Transient","floor":39.0,"turns":6.0},{"damage":5,"enemies":"Jaw Worm Horde","floor":45,"turns":3},{"damage":23,"enemies":"Maw","floor":47,"turns":4}],"seed_played":"7672297679430501462","potions_obtained":[{"floor":6.0,"key":"Explosive Potion"},{"floor":11.0,"key":"Swift Potion"},{"floor":13.0,"key":"Block Potion"},{"floor":16.0,"key":"PowerPotion"},{"floor":28.0,"key":"GamblersBrew"},{"floor":31.0,"key":"Weak Potion"},{"floor":39.0,"key":"GamblersBrew"},{"floor":45,"key":"SteroidPotion"}],"is_trial":false,"path_per_floor":["M","?","?","?","M","E","R","M","T","$","M","M","E","$","R","B",null,"M","?","?","$","?","R","E","R","T","$","E","$","R","M","R","B",null,"M","$","M","?","M","R","$","R","T","R","M","?","M"],"character_chosen":"DEFECT","items_purchased":["Loop","BootSequence","Hologram","Capacitor","Weak Potion","Hologram","Coolheaded","Medical Kit","Defragment"],"campfire_rested":0,"item_purchase_floors":[10,10,14,21,27,29,36,41,41],"current_hp_per_floor":[64,64,53,42,42,42,42,35,35,35,31,20,7,7,7,6,55,34,34,34,34,34,34,21,21,21,21,21,21,21,21,21,21,59,59,59,54,54,18,18,18,18,18,18,13,13,0],"gold":121,"neow_bonus":"THREE_ENEMY_KILL","is_prod":false,"is_daily":false,"chose_seed":false,"campfire_upgraded":9,"win_rate":0,"timestamp":1551429048,"path_taken":["M","?","?","?","M","E","R","M","T","$","M","M","E","$","R","BOSS","M","?","?","?","?","R","E","R","T","$","E","$","R","M","R","BOSS","M","$","?","?","M","R","$","R","T","R","?","?","?"],"build_version":"2019-01-23","purchased_purges":0,"victory":false,"max_hp_per_floor":[71,71,71,71,71,71,71,71,71,71,71,71,71,71,71,71,71,71,71,71,71,71,71,71,71,71,71,71,71,71,71,71,71,71,71,71,71,71,71,71,71,71,71,71,71,71,71],"card_choices":[{"not_picked":["Coolheaded","Stack"],"picked":"Skim","floor":1.0},{"not_picked":["Double Energy","Redo"],"picked":"Ball Lightning","floor":5.0},{"not_picked":["Defragment","Turbo"],"picked":"Echo Form","floor":6.0},{"not_picked":["Redo","Chill"],"picked":"Conserve Battery","floor":8.0},{"not_picked":["Conserve Battery","Chill"],"picked":"Reinforced Body","floor":11.0},{"not_picked":["Rebound","Reprogram"],"picked":"Turbo","floor":12.0},{"not_picked":["Go for the Eyes","Redo"],"picked":"Coolheaded","floor":13.0},{"not_picked":["Rainbow","Amplify"],"picked":"Reboot","floor":16.0},{"not_picked":["Conserve Battery","Reprogram"],"picked":"Cold Snap","floor":18.0},{"not_picked":["Steam","Buffer"],"picked":"Echo Form","floor":24.0},{"not_picked":["Streamline","Machine Learning","Ball Lightning"],"picked":"SKIP","floor":28.0},{"not_picked":["Redo","Go for the Eyes"],"picked":"Undo+1","floor":31.0},{"not_picked":["Stack","Streamline"],"picked":"Turbo+1","floor":35.0},{"not_picked":["Conserve Battery","Fusion"],"picked":"Steam Power+1","floor":37.0},{"not_picked":["Compile Driver+1","Hello World"],"picked":"Biased Cognition","floor":39.0},{"not_picked":["Melter","Reprogram","Rip and Tear"],"picked":"SKIP","floor":45}],"player_experience":1053341,"relics_obtained":[{"floor":6.0,"key":"Letter Opener"},{"floor":9.0,"key":"Shovel"},{"floor":13.0,"key":"Ginger"},{"floor":24.0,"key":"Cables"},{"floor":26.0,"key":"Thread and Needle"},{"floor":28.0,"key":"Lantern"}],"event_choices":[{"cards_removed":["Strike_B"],"damage_healed":0.0,"max_hp_gain":0.0,"max_hp_loss":0.0,"gold_gain":0.0,"event_name":"The Cleric","player_choice":"Card Removal","floor":2.0,"gold_loss":75.0,"damage_taken":0.0},{"damage_healed":0.0,"max_hp_gain":0.0,"max_hp_loss":0.0,"gold_gain":75.0,"event_name":"World of Goop","player_choice":"Gather Gold","floor":3.0,"gold_loss":0.0,"damage_taken":11.0},{"damage_healed":0.0,"max_hp_gain":0.0,"max_hp_loss":0.0,"gold_gain":0.0,"event_name":"Scrap Ooze","player_choice":"Success","floor":4.0,"gold_loss":0.0,"damage_taken":11.0,"relics_obtained":["Nunchaku"]},{"damage_healed":0.0,"max_hp_gain":0.0,"max_hp_loss":0.0,"gold_gain":0.0,"event_name":"Cursed Tome","player_choice":"Ignored","floor":19.0,"gold_loss":0.0,"damage_taken":0.0},{"damage_healed":0.0,"max_hp_gain":0.0,"max_hp_loss":0.0,"gold_gain":0.0,"cards_transformed":["Strike_B","Strike_B"],"event_name":"Drug Dealer","player_choice":"Became Test Subject","floor":20.0,"gold_loss":0.0,"damage_taken":0.0,"cards_obtained":["Reprogram","Glacier"]},{"damage_healed":0.0,"max_hp_gain":0.0,"max_hp_loss":0.0,"gold_gain":0.0,"event_name":"N\u0027loth","player_choice":"Traded Relic","floor":22.0,"relics_lost":["NeowsBlessing"],"gold_loss":0.0,"damage_taken":0.0,"relics_obtained":["Nloth\u0027s Gift"]},{"damage_healed":0.0,"max_hp_gain":0.0,"max_hp_loss":0.0,"gold_gain":275.0,"event_name":"Golden Shrine","player_choice":"Desecrate","floor":38.0,"gold_loss":0.0,"damage_taken":0.0,"cards_obtained":["Regret"]},{"damage_healed":0,"gold_gain":0,"player_choice":"Trade","damage_taken":0,"relics_obtained":["SsserpentHead"],"max_hp_gain":0,"max_hp_loss":0,"event_name":"FaceTrader","floor":46,"gold_loss":0}],"is_beta":false,"boss_relics":[{"not_picked":["FrozenCore","Black Star"],"picked":"Philosopher\u0027s Stone"},{"not_picked":["Snecko Eye","White Beast Statue"],"picked":"Pandora\u0027s Box"}],"items_purged_floors":[],"is_endless":false,"potions_floor_spawned":[6,11,13,16,28,31,35,39,45],"killed_by":"Maw","ascension_level":20}