{"gold_per_floor":[118,118,132,132,57,57,70,70,97,97,97,161,191,209,209,305,305,319,319,330,178,197,197,197,223,235,247,247,262,137,157,157,256,256,266,277,377,377,110,110,137,49,49,63,63,63,78,78,78,78],"floor_reached":51,"playtime":4846,"items_purged":["Strike_B","Defend_B","Defend_B","Defend_B","All For One"],"score":773,"play_id":"ec65e133-1676-40c5-9fd1-d4647eaf7764","local_time":"20190612205755","is_ascension_mode":false,"campfire_choices":[{"data":"Chaos","floor":6,"key":"SMITH"},{"data":"Darkness","floor":8,"key":"SMITH"},{"data":"Redo","floor":11,"key":"SMITH"},{"data":"Dualcast","floor":15,"key":"SMITH"},{"data":"Multi-Cast","floor":23,"key":"SMITH"},{"data":"Coolheaded","floor":28,"key":"SMITH"},{"data":"Conserve Battery","floor":32,"key":"SMITH"},{"data":"Zap","floor":40,"key":"SMITH"},{"floor":45,"key":"RECALL"},{"floor":49,"key":"REST"}],"neow_cost":"PERCENT_DAMAGE","seed_source_timestamp":33498065466088,"circlet_count":0,"master_deck":["Zap+1","Dualcast+1","Chaos+1","Redo+1","Conserve Battery+1","Darkness+1","Multi-Cast+1","Coolheaded+1"],"relics":["Cracked Core","DataDisk","Dream Catcher","Blood Vial","Runic Pyramid","Orichalcum","Nloth\u0027s Gift","Velvet Choker","Calipers","Regal Pillow","Membership Card","Toxic Egg 2","Question Card"],"potions_floor_usage":[50,50],"damage_taken":[{"damage":1,"enemies":"Jaw Worm","floor":1,"turns":3},{"damage":1,"enemies":"Cultist","floor":3,"turns":3},{"damage":1,"enemies":"Small Slimes","floor":7,"turns":3},{"damage":10,"enemies":"Lagavulin Event","floor":12,"turns":4},{"damage":11,"enemies":"Lagavulin","floor":13,"turns":4},{"damage":0,"enemies":"Looter","floor":14,"turns":4},{"damage":27,"enemies":"The Guardian","floor":16,"turns":6},{"damage":0,"enemies":"Spheric Guardian","floor":18,"turns":3},{"damage":0,"enemies":"3 Byrds","floor":20,"turns":4},{"damage":21,"enemies":"Snake Plant","floor":22,"turns":3},{"damage":11,"enemies":"Snecko","floor":25,"turns":4},{"damage":0,"enemies":"Cultist and Chosen","floor":29,"turns":4},{"damage":3,"enemies":"Centurion and Healer","floor":31,"turns":3},{"damage":14,"enemies":"Champ","floor":33,"turns":5},{"damage":9,"enemies":"3 Darklings","floor":35,"turns":4},{"damage":0,"enemies":"3 Shapes","floor":36,"turns":3},{"damage":12,"enemies":"Mind Bloom Boss Battle","floor":37,"turns":6},{"damage":0,"enemies":"Nemesis","floor":41,"turns":3},{"damage":0,"enemies":"Transient","floor":44,"turns":5},{"damage":0,"enemies":"Spire Growth","floor":47,"turns":2},{"damage":12,"enemies":"Donu and Deca","floor":50,"turns":5}],"seed_played":"-1247699292279071872","potions_obtained":[{"floor":1,"key":"Ancient Potion"},{"floor":3,"key":"SkillPotion"},{"floor":12,"key":"Swift Potion"},{"floor":25,"key":"Block Potion"}],"is_trial":false,"path_per_floor":["M","?","M","?","$","R","M","R","T","?","R","?","E","M","R","B",null,"M","?","M","$","M","R","T","M","T","?","R","M","$","M","R","B",null,"M","M","?","T","$","R","E","$","T","M","R","?","M","?","R","B",null],"character_chosen":"DEFECT","items_purchased":["Coolheaded","Membership Card"],"campfire_rested":1,"item_purchase_floors":[21,39],"current_hp_per_floor":[53,53,52,57,57,57,56,56,56,56,56,46,35,37,37,12,80,80,80,80,80,59,59,59,50,50,50,50,52,52,51,51,39,80,71,73,63,63,63,63,65,65,65,67,67,57,59,59,76,64],"gold":78,"neow_bonus":"TRANSFORM_TWO_CARDS","is_prod":false,"is_daily":false,"chose_seed":false,"campfire_upgraded":8,"win_rate":0,"timestamp":1560344275,"path_taken":["M","?","?","?","$","R","M","R","T","?","R","?","E","M","R","BOSS","M","?","M","?","M","R","?","?","T","?","R","M","$","M","R","BOSS","M","?","?","?","?","R","E","$","T","?","R","?","M","?","R","BOSS"],"build_version":"2019-01-23","purchased_purges":5,"victory":true,"max_hp_per_floor":[75,75,75,80,80,80,80,80,80,80,80,80,80,80,80,80,80,80,80,80,80,80,80,80,80,80,80,80,80,80,80,80,80,80,80,80,80,80,80,80,80,80,80,80,80,80,80,76,76,76],"card_choices":[{"not_picked":["Reinforced Body","Sweeping Beam"],"picked":"Redo","floor":1},{"not_picked":["Redo","Melter","Scrape"],"picked":"SKIP","floor":3},{"not_picked":["Conserve Battery","Hologram"],"picked":"Darkness","floor":7},{"not_picked":["Meteor Strike","Compile Driver","Reinforced Body"],"picked":"SKIP","floor":13},{"not_picked":["Sunder","Doom and Gloom","Melter"],"picked":"SKIP","floor":14},{"not_picked":["Amplify","Rainbow"],"picked":"Multi-Cast","floor":16},{"not_picked":["Streamline","Genetic Algorithm","Reprogram+1"],"picked":"SKIP","floor":18},{"not_picked":["Aggregate","Undo","Hologram"],"picked":"SKIP","floor":20},{"not_picked":["Storm","Coolheaded","Tempest+1"],"picked":"SKIP","floor":22},{"not_picked":["BootSequence","Stack","Streamline+1"],"picked":"SKIP","floor":25},{"not_picked":["Rebound","Redo+1","Stack"],"picked":"SKIP","floor":29},{"not_picked":["Go for the Eyes","Cold Snap","Echo Form"],"picked":"SKIP","floor":31},{"not_picked":["Steam+1","Glacier","Coolheaded+1"],"picked":"SKIP","floor":35},{"not_picked":["Go for the Eyes+1","Defragment","Coolheaded"],"picked":"SKIP","floor":36},{"not_picked":["Fusion+1","Buffer","Defragment"],"picked":"SKIP","floor":41},{"not_picked":["Lockon","Self Repair","Stack+1","Cold Snap"],"picked":"SKIP","floor":44},{"not_picked":["Capacitor+1","Stack+1","Beam Cell","Gash+1"],"picked":"SKIP","floor":47}],"player_experience":5117793,"relics_obtained":[{"floor":9,"key":"DataDisk"},{"floor":13,"key":"Blood Vial"},{"floor":24,"key":"MawBank"},{"floor":26,"key":"Orichalcum"},{"floor":37,"key":"Calipers"},{"floor":38,"key":"Regal Pillow"},{"floor":41,"key":"Toxic Egg 2"},{"floor":43,"key":"Question Card"}],"event_choices":[{"damage_healed":0,"gold_gain":0,"cards_transformed":["Strike_B"],"player_choice":"Transformed","damage_taken":0,"max_hp_gain":0,"max_hp_loss":0,"event_name":"Transmorgrifier","floor":2,"gold_loss":0,"cards_obtained":["Conserve Battery"]},{"damage_healed":0,"gold_gain":0,"player_choice":"Donut","damage_taken":0,"max_hp_gain":5,"max_hp_loss":0,"event_name":"Big Fish","floor":4,"gold_loss":0},{"damage_healed":0,"gold_gain":0,"player_choice":"Ignored","damage_taken":0,"max_hp_gain":0,"max_hp_loss":0,"event_name":"Liars Game","floor":10,"gold_loss":0},{"damage_healed":0,"gold_gain":0,"player_choice":"Searched \u00273\u0027 times","damage_taken":0,"relics_obtained":["Dream Catcher"],"max_hp_gain":0,"max_hp_loss":0,"event_name":"Dead Adventurer","floor":12,"gold_loss":0},{"cards_removed":["Strike_B"],"damage_healed":0,"gold_gain":0,"player_choice":"Purged","damage_taken":0,"max_hp_gain":0,"max_hp_loss":0,"event_name":"Purifier","floor":19,"gold_loss":0},{"damage_healed":0,"gold_gain":0,"player_choice":"Traded Relic","damage_taken":0,"relics_obtained":["Nloth\u0027s Gift"],"max_hp_gain":0,"max_hp_loss":0,"event_name":"N\u0027loth","floor":27,"relics_lost":["MawBank"],"gold_loss":0},{"damage_healed":0,"gold_gain":0,"player_choice":"Fight","damage_taken":0,"max_hp_gain":0,"max_hp_loss":0,"event_name":"MindBloom","floor":37,"gold_loss":0},{"damage_healed":0,"gold_gain":0,"player_choice":"Memory 3","damage_taken":10,"max_hp_gain":0,"max_hp_loss":0,"event_name":"SensoryStone","floor":46,"gold_loss":0},{"damage_healed":0,"gold_gain":0,"player_choice":"Max HP","damage_taken":0,"max_hp_gain":0,"max_hp_loss":4,"event_name":"Winding Halls","floor":48,"gold_loss":0}],"is_beta":false,"boss_relics":[{"not_picked":["FrozenCore","Inserter"],"picked":"Runic Pyramid"},{"not_picked":["Eternal Feather","Orrery"],"picked":"Velvet Choker"}],"items_purged_floors":[5,21,30,39,42],"is_endless":false,"potions_floor_spawned":[1,3,12,16,25,31,36,41,47],"ascension_level":0}