{"gold_per_floor":[113,74,86,86,104,104,119,119,167,167,92,126,126,126],"floor_reached":14,"playtime":360,"items_purged":["Strike_G"],"score":176,"play_id":"2cb4cbfb-d2ed-407f-9f02-a39ca9d08c02","local_time":"20181224141335","is_ascension_mode":true,"campfire_choices":[{"data":"Catalyst","floor":6,"key":"SMITH"},{"data":"Bouncing Flask","floor":8,"key":"SMITH"},{"data":"Night Terror","floor":10,"key":"SMITH"},{"data":"Neutralize","floor":13,"key":"SMITH"}],"neow_cost":"PERCENT_DAMAGE","seed_source_timestamp":18903420550664,"circlet_count":0,"master_deck":["AscendersBane","Defend_G","Defend_G","Defend_G","Defend_G","Defend_G","Strike_G","Strike_G","Strike_G","Strike_G","Survivor","Neutralize+1","Night Terror+1","Poisoned Stab","Catalyst+1","Bouncing Flask+1"],"relics":["Ring of the Snake","Lantern"],"potions_floor_usage":[12,12],"damage_taken":[{"damage":2,"enemies":"2 Louse","floor":1,"turns":4},{"damage":2,"enemies":"Jaw Worm","floor":3,"turns":5},{"damage":11,"enemies":"Cultist","floor":5,"turns":6},{"damage":6,"enemies":"Blue Slaver","floor":7,"turns":6},{"damage":21,"enemies":"3 Sentries","floor":12,"turns":7},{"damage":0,"enemies":"Gremlin Gang","floor":14,"turns":2}],"seed_played":"-378485662079072742","potions_obtained":[{"floor":3,"key":"Poison Potion"},{"floor":7,"key":"Swift Potion"}],"is_trial":false,"path_per_floor":["M","$","M","?","M","R","M","R","T","R","$","E","R","M"],"character_chosen":"THE_SILENT","items_purchased":["Catalyst"],"campfire_rested":0,"item_purchase_floors":[2],"current_hp_per_floor":[42,42,40,40,29,29,23,23,23,23,23,2,2,2],"gold":126,"neow_bonus":"THREE_RARE_CARDS","is_prod":false,"is_daily":false,"chose_seed":false,"campfire_upgraded":4,"win_rate":0,"timestamp":1545632015,"path_taken":["M","$","M","?","M","R","M","R","T","R","$","E","R","M"],"build_version":"2018-12-20","purchased_purges":1,"victory":false,"max_hp_per_floor":[66,66,66,66,66,66,66,66,66,66,66,66,66,66],"card_choices":[{"not_picked":["Phantasmal Killer","Die Die Die"],"picked":"Night Terror","floor":0},{"not_picked":["Blade Dance","Slice"],"picked":"Poisoned Stab","floor":1},{"not_picked":["Distraction","Outmaneuver","Underhanded Strike"],"picked":"SKIP","floor":3},{"not_picked":["Underhanded Strike","Blade Dance","Sucker Punch"],"picked":"SKIP","floor":5},{"not_picked":["Distraction","Outmaneuver"],"picked":"Bouncing Flask","floor":7},{"not_picked":["Dodge and Roll","Calculated Gamble","Masterful Stab"],"picked":"SKIP","floor":12}],"player_experience":1469550,"relics_obtained":[{"floor":12,"key":"Lantern"}],"event_choices":[{"damage_healed":0,"gold_gain":0,"player_choice":"Ignored","damage_taken":0,"max_hp_gain":0,"max_hp_loss":0,"event_name":"Liars Game","floor":4,"gold_loss":0}],"is_beta":false,"boss_relics":[],"items_purged_floors":[11],"is_endless":false,"potions_floor_spawned":[3,7],"killed_by":"Gremlin Gang","ascension_level":20}