{"gold_per_floor":[113,113,123,48,58,58,83,83,83,117,117,147,157,157,157,252,252,276,295,295,295,314,314,314],"floor_reached":24,"playtime":594,"items_purged":["Pain"],"score":428,"play_id":"d240edf5-f70c-4ea0-b4fa-babe62e6bcb5","local_time":"20190326162628","is_ascension_mode":true,"campfire_choices":[{"data":"Poisoned Stab","floor":6.0,"key":"SMITH"},{"data":"Corpse Explosion","floor":8.0,"key":"SMITH"},{"data":"Neutralize","floor":11.0,"key":"SMITH"},{"data":"Backflip","floor":15.0,"key":"SMITH"},{"data":"Noxious Fumes","floor":23,"key":"SMITH"}],"neow_cost":"NONE","seed_source_timestamp":19374951244575,"circlet_count":0,"master_deck":["AscendersBane","Defend_G","Defend_G+1","Defend_G","Defend_G","Defend_G","Strike_G","Strike_G","Strike_G","Strike_G","Survivor+1","Neutralize+1","Cloak And Dagger","Poisoned Stab+1","Corpse Explosion+1","Backflip+1","Noxious Fumes+1","Acrobatics+1"],"special_seed":0,"relics":["Ring of the Snake","NeowsBlessing","WarpedTongs","Nunchaku","War Paint","Art of War","Golden Idol","Runic Dome"],"potions_floor_usage":[22,22,24],"damage_taken":[{"damage":0.0,"enemies":"Small Slimes","floor":1.0,"turns":1.0},{"damage":0.0,"enemies":"Cultist","floor":3.0,"turns":2.0},{"damage":0.0,"enemies":"Jaw Worm","floor":5.0,"turns":1.0},{"damage":16.0,"enemies":"Lagavulin","floor":7.0,"turns":9.0},{"damage":8.0,"enemies":"Gremlin Nob","floor":10.0,"turns":3.0},{"damage":7.0,"enemies":"Lagavulin","floor":12.0,"turns":7.0},{"damage":0.0,"enemies":"Exordium Thugs","floor":13.0,"turns":3.0},{"damage":4.0,"enemies":"The Guardian","floor":16.0,"turns":11.0},{"damage":0.0,"enemies":"3 Byrds","floor":18.0,"turns":3.0},{"damage":2.0,"enemies":"2 Thieves","floor":19.0,"turns":4.0},{"damage":1,"enemies":"Snecko","floor":22,"turns":5},{"damage":18,"enemies":"Shelled Parasite and Fungi","floor":24,"turns":4}],"seed_played":"-2501632530407009760","potions_obtained":[{"floor":3.0,"key":"SteroidPotion"},{"floor":5.0,"key":"Strength Potion"},{"floor":10.0,"key":"Fire Potion"},{"floor":18.0,"key":"Energy Potion"},{"floor":22,"key":"SpeedPotion"}],"is_trial":false,"path_per_floor":["M","?","M","$","M","R","E","R","T","E","R","E","M","?","R","B",null,"M","M","?","?","M","R","M"],"character_chosen":"THE_SILENT","items_purchased":[],"campfire_rested":0,"item_purchase_floors":[],"current_hp_per_floor":[59,59,59,59,59,59,43,43,43,35,35,28,28,28,28,24,51,51,49,49,49,48,48,30],"gold":314,"neow_bonus":"THREE_ENEMY_KILL","is_prod":false,"is_daily":false,"chose_seed":false,"campfire_upgraded":5,"win_rate":0,"timestamp":1553588788,"path_taken":["M","?","M","$","?","R","E","R","T","E","R","E","M","?","R","BOSS","M","M","?","?","?","R","M"],"build_version":"2019-01-23","purchased_purges":1,"victory":false,"max_hp_per_floor":[66,66,66,66,66,66,66,66,66,66,66,66,66,60,60,60,60,60,60,60,60,60,60,60],"card_choices":[{"not_picked":["Slice","Blade Dance","Skewer"],"picked":"SKIP","floor":1.0},{"not_picked":["Quick Slash","Prepared"],"picked":"Cloak And Dagger","floor":3.0},{"not_picked":["Backflip","Dodge and Roll"],"picked":"Poisoned Stab","floor":5.0},{"not_picked":["Acrobatics","Bane"],"picked":"Corpse Explosion","floor":7.0},{"not_picked":["Dodge and Roll","Prepared","Underhanded Strike"],"picked":"SKIP","floor":10.0},{"not_picked":["Dagger Throw","Setup","Outmaneuver"],"picked":"SKIP","floor":12.0},{"not_picked":["Blade Dance","PiercingWail"],"picked":"Backflip","floor":13.0},{"not_picked":["Heel Hook","Escape Plan"],"picked":"Noxious Fumes","floor":18.0},{"not_picked":["Bane","Infinite Blades","Dagger Throw"],"picked":"SKIP","floor":19.0},{"not_picked":["Flechettes","Bane"],"picked":"Acrobatics+1","floor":22}],"player_experience":3884024,"relics_obtained":[{"floor":7.0,"key":"Nunchaku"},{"floor":10.0,"key":"War Paint"},{"floor":12.0,"key":"Art of War"}],"event_choices":[{"damage_healed":0.0,"max_hp_gain":0.0,"max_hp_loss":0.0,"gold_gain":0.0,"event_name":"Accursed Blacksmith","player_choice":"Rummage","floor":2.0,"gold_loss":0.0,"damage_taken":0.0,"relics_obtained":["WarpedTongs"],"cards_obtained":["Pain"]},{"damage_healed":0.0,"max_hp_gain":0.0,"max_hp_loss":6.0,"gold_gain":0.0,"event_name":"Golden Idol","player_choice":"Lose Max HP","floor":14.0,"gold_loss":0.0,"damage_taken":0.0,"relics_obtained":["Golden Idol"]},{"damage_healed":0.0,"max_hp_gain":0.0,"max_hp_loss":0.0,"gold_gain":0.0,"event_name":"Cursed Tome","player_choice":"Ignored","floor":20.0,"gold_loss":0.0,"damage_taken":0.0},{"cards_removed":["Strike_G"],"damage_healed":0.0,"max_hp_gain":0.0,"max_hp_loss":0.0,"gold_gain":0.0,"event_name":"Purifier","player_choice":"Purged","floor":21.0,"gold_loss":0.0,"damage_taken":0.0}],"is_beta":false,"boss_relics":[{"not_picked":["White Beast Statue","Philosopher\u0027s Stone"],"picked":"Runic Dome"}],"items_purged_floors":[4],"is_endless":false,"potions_floor_spawned":[3,5,10,18,22],"killed_by":"Shelled Parasite and Fungi","ascension_level":20}