{"gold_per_floor":[117,42,42,42,53,108,108,120,146,60,84,117,117,130,130,207,207,225,225,70,220,235,235,249,249,249,249,279,279,293,308,308,383,383,396,69,0,11,11,11,11,11,11,11,23,23,23,38,38,38],"floor_reached":50,"playtime":2469,"items_purged":["Strike_G","Strike_G"],"score":1232,"play_id":"6a1c8812-a782-4b6b-959d-273ae72fabec","local_time":"20190126101448","is_ascension_mode":true,"campfire_choices":[{"data":"Neutralize","floor":7.0,"key":"SMITH"},{"data":"Well Laid Plans","floor":13.0,"key":"SMITH"},{"data":"Bouncing Flask","floor":15.0,"key":"SMITH"},{"data":"Crippling Poison","floor":23.0,"key":"SMITH"},{"data":"Catalyst","floor":25.0,"key":"SMITH"},{"data":"Bouncing Flask","floor":27.0,"key":"SMITH"},{"data":"Burst","floor":29.0,"key":"SMITH"},{"data":"Footwork","floor":32.0,"key":"SMITH"},{"data":"Apotheosis","floor":40.0,"key":"SMITH"},{"data":"Wraith Form v2","floor":42.0,"key":"SMITH"},{"data":"Thinking Ahead","floor":46,"key":"SMITH"},{"floor":49,"key":"REST"}],"neow_cost":"NONE","seed_source_timestamp":3118339417024,"circlet_count":0,"master_deck":["AscendersBane","Defend_G","Defend_G","Defend_G","Defend_G","Defend_G","Strike_G","Survivor","Neutralize+1","Footwork+1","Bouncing Flask+1","Well Laid Plans+1","Bouncing Flask+1","Malaise","Catalyst+1","Crippling Poison+1","Burst+1","Wraith Form v2+1","Secret Technique","Apotheosis+1","Thinking Ahead+1"],"special_seed":0,"relics":["Ring of the Serpent","NeowsBlessing","Tiny Chest","Blood Vial","Omamori","Juzu Bracelet","HoveringKite","Sundial","Bag of Preparation","PrismaticShard","Red Mask","Toxic Egg 2"],"potions_floor_usage":[],"damage_taken":[{"damage":0.0,"enemies":"Small Slimes","floor":1.0,"turns":1.0},{"damage":0.0,"enemies":"Cultist","floor":5.0,"turns":1.0},{"damage":0.0,"enemies":"Gremlin Nob","floor":6.0,"turns":1.0},{"damage":0.0,"enemies":"Jaw Worm","floor":8.0,"turns":7.0},{"damage":24.0,"enemies":"3 Sentries","floor":12.0,"turns":8.0},{"damage":4.0,"enemies":"Looter","floor":14.0,"turns":3.0},{"damage":0.0,"enemies":"The Guardian","floor":16.0,"turns":9.0},{"damage":18.0,"enemies":"theJungle:MUSHROOMGANG","floor":18.0,"turns":7.0},{"damage":16.0,"enemies":"theJungle:5_Spyders","floor":22.0,"turns":6.0},{"damage":0.0,"enemies":"theJungle:2_Snecko_Cultists","floor":24.0,"turns":5.0},{"damage":12.0,"enemies":"theJungle:Cassacara","floor":28.0,"turns":5.0},{"damage":6.0,"enemies":"Snake Plant","floor":30.0,"turns":3.0},{"damage":0.0,"enemies":"theJungle:Snecko_Cultist_And_Trap","floor":31.0,"turns":6.0},{"damage":0.0,"enemies":"theJungle:QueenSpyder","floor":33.0,"turns":2.0},{"damage":5.0,"enemies":"Orb Walker","floor":35.0,"turns":4.0},{"damage":10.0,"enemies":"3 Darklings","floor":38.0,"turns":6.0},{"damage":0,"enemies":"Writhing Mass","floor":45,"turns":2},{"damage":9,"enemies":"Sphere and 2 Shapes","floor":48,"turns":3},{"damage":29,"enemies":"Donu and Deca","floor":50,"turns":5}],"seed_played":"-8405070329412362179","potions_obtained":[{"floor":5.0,"key":"PowerPotion"},{"floor":16.0,"key":"PowerPotion"},{"floor":24.0,"key":"Regen Potion"},{"floor":28.0,"key":"GamblersBrew"},{"floor":38.0,"key":"SkillPotion"}],"is_trial":false,"path_per_floor":["M","?","?","$","M","E","R","M","T","$","T","E","R","M","R","B",null,"M","?","$","?","M","R","M","R","T","R","E","R","M","M","R","B",null,"M","$","?","M","?","R","?","R","T","$","M","R","$","M","R","B"],"character_chosen":"THE_SILENT","items_purchased":["Well Laid Plans","GhostInAJar","PrismaticShard"],"campfire_rested":1,"item_purchase_floors":[10,20,36],"current_hp_per_floor":[59,59,59,59,59,59,59,59,59,59,59,37,37,35,35,37,59,43,43,43,43,29,29,31,31,31,31,36,36,32,34,34,36,59,56,56,56,48,38,38,51,51,51,51,53,53,53,46,65,37],"gold":38,"neow_bonus":"THREE_ENEMY_KILL","is_prod":false,"is_daily":false,"chose_seed":false,"campfire_upgraded":11,"win_rate":0,"timestamp":1548468888,"path_taken":["M","?","?","$","M","E","R","?","T","$","?","E","R","M","R","BOSS","M","?","$","?","M","R","M","R","T","R","E","R","M","M","R","BOSS","M","$","?","M","?","R","?","R","T","?","M","R","$","M","R","BOSS"],"build_version":"2019-01-23","purchased_purges":2,"victory":false,"max_hp_per_floor":[66,66,66,66,66,66,66,66,66,66,66,66,66,66,66,66,66,66,66,66,66,66,66,66,66,66,66,66,66,66,66,66,66,66,66,66,66,66,66,66,66,66,66,66,66,66,66,66,66,66],"card_choices":[{"not_picked":["Bane","PiercingWail","Skewer"],"picked":"SKIP","floor":1.0},{"not_picked":["Riddle With Holes","Flying Knee","Accuracy"],"picked":"SKIP","floor":5.0},{"not_picked":["Sucker Punch","Poisoned Stab","Slice"],"picked":"SKIP","floor":6.0},{"not_picked":["Masterful Stab","Dagger Spray"],"picked":"Bouncing Flask","floor":8.0},{"not_picked":["Crippling Poison","Bouncing Flask","Finisher"],"picked":"SKIP","floor":12.0},{"not_picked":["Crippling Poison","Finisher"],"picked":"Bouncing Flask","floor":12.0},{"not_picked":["Terror","Dagger Spray","A Thousand Cuts"],"picked":"SKIP","floor":14.0},{"not_picked":["Bullet Time","Doppelganger"],"picked":"Malaise","floor":16.0},{"not_picked":["Escape Plan","Masterful Stab"],"picked":"Catalyst","floor":18.0},{"not_picked":["Quick Slash","Dodge and Roll"],"picked":"Crippling Poison","floor":22.0},{"not_picked":["Deflect","Dagger Throw","Quick Slash"],"picked":"SKIP","floor":24.0},{"not_picked":["Catalyst","Poisoned Stab"],"picked":"Burst","floor":28.0},{"not_picked":["Flechettes","Blade Dance","Escape Plan"],"picked":"SKIP","floor":30.0},{"not_picked":["Eviscerate+1","Quick Slash","Dagger Spray"],"picked":"SKIP","floor":31.0},{"not_picked":["Bullet Time","Storm of Steel"],"picked":"Wraith Form v2","floor":33.0},{"not_picked":["Blade Dance","Quick Slash","Dagger Spray"],"picked":"SKIP","floor":35.0},{"not_picked":["Slice","Dodge and Roll","Blade Dance"],"picked":"SKIP","floor":38.0},{"not_picked":["Dark Shackles","Purity"],"picked":"Secret Technique","floor":39.0},{"not_picked":["Trip","Flash of Steel"],"picked":"Apotheosis","floor":39.0},{"not_picked":["Panacea","Purity"],"picked":"Thinking Ahead","floor":39.0},{"not_picked":["Sword Boomerang","Poisoned Stab+1","Steam+1"],"picked":"SKIP","floor":45},{"not_picked":["Prepared+1","Rebound+1","Cleave"],"picked":"SKIP","floor":48}],"player_experience":2261527,"relics_obtained":[{"floor":6.0,"key":"Tiny Chest"},{"floor":9.0,"key":"Blood Vial"},{"floor":11.0,"key":"Omamori"},{"floor":12.0,"key":"Juzu Bracelet"},{"floor":26.0,"key":"Sundial"},{"floor":28.0,"key":"Bag of Preparation"},{"floor":43.0,"key":"Toxic Egg 2"}],"event_choices":[{"cards_removed":["Strike_G"],"damage_healed":0.0,"max_hp_gain":0.0,"max_hp_loss":0.0,"gold_gain":0.0,"event_name":"The Cleric","player_choice":"Card Removal","floor":2.0,"gold_loss":75.0,"damage_taken":0.0},{"damage_healed":0.0,"max_hp_gain":0.0,"max_hp_loss":0.0,"gold_gain":0.0,"cards_transformed":["Strike_G"],"event_name":"Transmorgrifier","player_choice":"Transformed","floor":3.0,"gold_loss":0.0,"damage_taken":0.0,"cards_obtained":["Footwork"]},{"damage_healed":0.0,"max_hp_gain":0.0,"max_hp_loss":0.0,"gold_gain":0.0,"event_name":"Tomb of Lord Red Mask","player_choice":"Paid","floor":37.0,"gold_loss":69.0,"damage_taken":0.0,"relics_obtained":["Red Mask"]},{"damage_healed":0.0,"max_hp_gain":0.0,"max_hp_loss":0.0,"gold_gain":0.0,"event_name":"SensoryStone","player_choice":"Memory 3","floor":39.0,"gold_loss":0.0,"damage_taken":10.0},{"damage_healed":13.0,"max_hp_gain":0.0,"max_hp_loss":0.0,"gold_gain":0.0,"event_name":"Winding Halls","player_choice":"Writhe","floor":41.0,"gold_loss":0.0,"damage_taken":0.0,"cards_obtained":["Writhe"]}],"is_beta":false,"boss_relics":[{"not_picked":["Snecko Eye","Lizard Tail"],"picked":"HoveringKite"},{"not_picked":["Astrolabe","WristBlade"],"picked":"Ring of the Serpent"}],"items_purged_floors":[20,36],"is_endless":false,"potions_floor_spawned":[5,16,24,28,38,45,48],"killed_by":"Donu and Deca","ascension_level":20}