{"gold_per_floor":[109,122,122,122,136,136,154,154,154,174,207,207,207],"floor_reached":13,"playtime":370,"items_purged":[],"score":170,"play_id":"1afa9c59-5bca-4c82-8c96-def6d3e0444b","local_time":"20190302193644","is_ascension_mode":true,"campfire_choices":[{"data":"Rip and Tear","floor":6.0,"key":"SMITH"},{"data":"Dualcast","floor":8.0,"key":"SMITH"},{"data":"Coolheaded","floor":12.0,"key":"SMITH"}],"neow_cost":"NONE","seed_source_timestamp":31904154831032,"circlet_count":0,"master_deck":["AscendersBane","Strike_B","Strike_B","Strike_B","Defend_B","Defend_B","Defend_B","Zap","Dualcast+1","Recycle","Coolheaded+1","Rip and Tear+1","Electrodynamics","Ball Lightning"],"special_seed":0,"relics":["Cracked Core","The Courier","StoneCalendar"],"potions_floor_usage":[],"damage_taken":[{"damage":2.0,"enemies":"Jaw Worm","floor":1.0,"turns":3.0},{"damage":6.0,"enemies":"Cultist","floor":2.0,"turns":4.0},{"damage":2.0,"enemies":"2 Louse","floor":5.0,"turns":3.0},{"damage":25.0,"enemies":"Exordium Thugs","floor":7.0,"turns":5.0},{"damage":4.0,"enemies":"Blue Slaver","floor":10.0,"turns":2.0},{"damage":11.0,"enemies":"Lagavulin","floor":11.0,"turns":7.0},{"damage":13,"enemies":"3 Sentries","floor":13,"turns":2}],"seed_played":"1817559979460586645","potions_obtained":[{"floor":2.0,"key":"Weak Potion"},{"floor":5.0,"key":"EssenceOfSteel"},{"floor":10.0,"key":"SpeedPotion"}],"is_trial":false,"path_per_floor":["M","M","?","?","M","R","M","R","T","M","E","R","E"],"character_chosen":"DEFECT","items_purchased":[],"campfire_rested":0,"item_purchase_floors":[],"current_hp_per_floor":[62,56,49,49,47,47,22,22,22,18,7,7,0],"gold":207,"neow_bonus":"REMOVE_CARD","is_prod":false,"is_daily":false,"chose_seed":false,"campfire_upgraded":3,"win_rate":0,"timestamp":1551526604,"path_taken":["M","M","?","?","M","R","?","R","T","M","E","R","E"],"build_version":"2019-01-23","purchased_purges":0,"victory":false,"max_hp_per_floor":[71,71,71,71,71,71,71,71,71,71,71,71,71],"card_choices":[{"not_picked":["Rebound","Barrage"],"picked":"Recycle","floor":1.0},{"not_picked":["Rip and Tear","Sweeping Beam"],"picked":"Coolheaded","floor":2.0},{"not_picked":["Cold Snap","Go for the Eyes"],"picked":"Rip and Tear","floor":5.0},{"not_picked":["Steam","Stack"],"picked":"Electrodynamics","floor":7.0},{"not_picked":["Chaos","Beam Cell","Rebound"],"picked":"SKIP","floor":10.0},{"not_picked":["Conserve Battery","Lockon"],"picked":"Ball Lightning","floor":11.0}],"player_experience":3271628,"relics_obtained":[{"floor":4.0,"key":"The Courier"},{"floor":11.0,"key":"StoneCalendar"}],"event_choices":[{"cards_removed":["Defend_B"],"damage_healed":0.0,"max_hp_gain":0.0,"max_hp_loss":0.0,"gold_gain":0.0,"event_name":"Golden Wing","player_choice":"Card Removal","floor":3.0,"gold_loss":0.0,"damage_taken":7.0},{"damage_healed":0.0,"max_hp_gain":0.0,"max_hp_loss":0.0,"gold_gain":0.0,"event_name":"Wheel of Change","player_choice":"Relic","floor":4.0,"gold_loss":0.0,"damage_taken":0.0}],"is_beta":false,"boss_relics":[],"items_purged_floors":[],"is_endless":false,"potions_floor_spawned":[2,5,10],"killed_by":"3 Sentries","ascension_level":20}