{"gold_per_floor":[110,22,40,190,190,215,225,225,271,4,37,56,71,71],"floor_reached":14,"playtime":398,"items_purged":["Doubt"],"score":250,"play_id":"1c500676-a30b-4f79-9268-bb10a024f10f","local_time":"20181117224009","is_ascension_mode":true,"campfire_choices":[{"data":"Bouncing Flask","floor":8,"key":"SMITH"}],"neow_cost":"NONE","seed_source_timestamp":1511181808181155,"circlet_count":0,"master_deck":["AscendersBane","Defend_G","Defend_G+1","Defend_G","Defend_G","Defend_G","Strike_G","Strike_G","Strike_G","Strike_G+1","Strike_G","Survivor","Neutralize","Bouncing Flask+1","Leg Sweep","Footwork","Deflect"],"relics":["Ring of the Snake","NeowsBlessing","Dream Catcher","Membership Card","Oddly Smooth Stone"],"potions_floor_usage":[],"damage_taken":[{"damage":0,"enemies":"Cultist","floor":1,"turns":1},{"damage":0,"enemies":"2 Louse","floor":3,"turns":1},{"damage":0,"enemies":"3 Sentries","floor":6,"turns":1},{"damage":4,"enemies":"Jaw Worm","floor":7,"turns":5},{"damage":18,"enemies":"Lagavulin","floor":11,"turns":7},{"damage":0,"enemies":"3 Louse","floor":12,"turns":5},{"damage":4,"enemies":"Large Slime","floor":13,"turns":12},{"damage":11,"enemies":"Gremlin Nob","floor":14,"turns":3}],"seed_played":"7007573120955717082","potions_obtained":[{"floor":6,"key":"SpeedPotion"},{"floor":7,"key":"FearPotion"}],"is_trial":false,"path_per_floor":["M","$","M","?","?","E","M","R","T","$","E","M","M","E"],"character_chosen":"THE_SILENT","items_purchased":["Bouncing Flask","Membership Card"],"campfire_rested":0,"item_purchase_floors":[2,10],"current_hp_per_floor":[59,59,59,59,39,39,35,35,35,35,17,17,13,2],"gold":71,"neow_bonus":"THREE_ENEMY_KILL","is_prod":false,"is_daily":false,"chose_seed":false,"campfire_upgraded":1,"win_rate":0,"timestamp":1542465609,"path_taken":["M","$","?","?","?","E","M","R","T","$","E","M","M","E"],"build_version":"2018-11-15","purchased_purges":1,"victory":false,"max_hp_per_floor":[66,66,66,66,66,66,66,66,66,66,66,66,66,66],"card_choices":[{"not_picked":["Flying Knee","Skewer","Bane"],"picked":"SKIP","floor":1},{"not_picked":["Dagger Spray","PiercingWail"],"picked":"Leg Sweep","floor":3},{"not_picked":["Cloak And Dagger","Predator","Distraction"],"picked":"SKIP","floor":6},{"not_picked":["A Thousand Cuts","PiercingWail"],"picked":"Footwork","floor":7},{"not_picked":["Slice","Bane","Outmaneuver"],"picked":"SKIP","floor":11},{"not_picked":["Bane","Eviscerate","Die Die Die"],"picked":"SKIP","floor":12},{"not_picked":["Blade Dance","Heel Hook"],"picked":"Deflect","floor":13}],"player_experience":516410,"relics_obtained":[{"floor":6,"key":"Dream Catcher"},{"floor":11,"key":"Oddly Smooth Stone"}],"event_choices":[{"damage_healed":0,"gold_gain":150,"player_choice":"AGREE","damage_taken":0,"max_hp_gain":0,"max_hp_loss":0,"event_name":"Liars Game","floor":4,"gold_loss":0,"cards_obtained":["Doubt"]},{"damage_healed":0,"gold_gain":0,"player_choice":"Entered Light","damage_taken":20,"max_hp_gain":0,"max_hp_loss":0,"event_name":"Shining Light","floor":5,"gold_loss":0,"cards_upgraded":["Strike_G","Defend_G"]}],"is_beta":true,"boss_relics":[],"items_purged_floors":[10],"is_endless":false,"potions_floor_spawned":[6,7,12,13],"killed_by":"Gremlin Nob","ascension_level":20}