{"gold_per_floor":[11,11,28,40,55,55,82,82,107,107,117,149,149,164,164,238,238,257,257,276,294,294,294,25,41,41,52,52,52,77,89,89,166,166,177,226,326,376,388,415,415,359,359,375,375,393,393,422,422,422,422,422,422,71,71],"floor_reached":55,"playtime":2401,"items_purged":[],"score":1989,"play_id":"7e2fb294-13d0-421e-b6d0-70b9b128b075","local_time":"20190222145554","is_ascension_mode":true,"campfire_choices":[{"data":"Zap","floor":6.0,"key":"SMITH"},{"data":"Coolheaded","floor":10.0,"key":"SMITH"},{"data":"Blizzard","floor":13.0,"key":"SMITH"},{"data":"Dualcast","floor":15.0,"key":"SMITH"},{"data":"Coolheaded","floor":23.0,"key":"SMITH"},{"data":"Defragment","floor":28.0,"key":"SMITH"},{"data":"Coolheaded","floor":32.0,"key":"SMITH"},{"data":"Coolheaded","floor":41.0,"key":"SMITH"},{"data":"Recycle","floor":45.0,"key":"SMITH"},{"floor":47.0,"key":"RECALL"},{"floor":49.0,"key":"REST"},{"data":"Echo Form","floor":53.0,"key":"SMITH"}],"neow_cost":"NO_GOLD","seed_source_timestamp":411875925637319,"circlet_count":0,"master_deck":["AscendersBane","Strike_B","Strike_B","Strike_B","Defend_B","Defend_B","Defend_B","Defend_B","Zap+1","Dualcast+1","Ball Lightning","Compile Driver","Coolheaded+1","Recycle+1","Conserve Battery","Blizzard+1","Glacier","Stack","Echo Form+1","Coolheaded+1","Defragment+1","Defragment+1","Cold Snap","Electrodynamics","Coolheaded+1","Coolheaded+1","Self Repair","Doubt","Compile Driver+1"],"special_seed":0,"relics":["Cracked Core","Ginger","Vajra","Lantern","Ancient Tea Set","Incense Burner","Cursed Key","Runic Capacitor","Thread and Needle","Busted Crown","Prayer Wheel","Nunchaku","Boot","Pen Nib","Ornamental Fan"],"potions_floor_usage":[],"damage_taken":[{"damage":9.0,"enemies":"Jaw Worm","floor":1.0,"turns":4.0},{"damage":1.0,"enemies":"Cultist","floor":3.0,"turns":3.0},{"damage":0.0,"enemies":"Small Slimes","floor":4.0,"turns":2.0},{"damage":9.0,"enemies":"Blue Slaver","floor":5.0,"turns":5.0},{"damage":6.0,"enemies":"Gremlin Nob","floor":7.0,"turns":3.0},{"damage":0.0,"enemies":"Lots of Slimes","floor":11.0,"turns":3.0},{"damage":12.0,"enemies":"Lagavulin","floor":12.0,"turns":8.0},{"damage":1.0,"enemies":"Looter","floor":14.0,"turns":2.0},{"damage":12.0,"enemies":"The Guardian","floor":16.0,"turns":13.0},{"damage":19.0,"enemies":"3 Byrds","floor":18.0,"turns":6.0},{"damage":0.0,"enemies":"Chosen","floor":20.0,"turns":5.0},{"damage":0.0,"enemies":"Sentry and Sphere","floor":21.0,"turns":6.0},{"damage":0.0,"enemies":"3 Cultists","floor":25.0,"turns":5.0},{"damage":28.0,"enemies":"Snake Plant","floor":27.0,"turns":3.0},{"damage":6.0,"enemies":"Slavers","floor":30.0,"turns":4.0},{"damage":25.0,"enemies":"Shelled Parasite and Fungi","floor":31.0,"turns":6.0},{"damage":0.0,"enemies":"Collector","floor":33.0,"turns":10.0},{"damage":25.0,"enemies":"3 Darklings","floor":35.0,"turns":4.0},{"damage":14.0,"enemies":"2 Orb Walkers","floor":36.0,"turns":5.0},{"damage":0.0,"enemies":"Mind Bloom Boss Battle","floor":37.0,"turns":8.0},{"damage":0.0,"enemies":"3 Shapes","floor":39.0,"turns":3.0},{"damage":7.0,"enemies":"Reptomancer","floor":40.0,"turns":5.0},{"damage":0.0,"enemies":"Spire Growth","floor":44.0,"turns":5.0},{"damage":7.0,"enemies":"Jaw Worm Horde","floor":46.0,"turns":2.0},{"damage":24.0,"enemies":"Nemesis","floor":48.0,"turns":11.0},{"damage":31.0,"enemies":"Awakened One","floor":50.0,"turns":12.0},{"damage":5.0,"enemies":"Time Eater","floor":51.0,"turns":14.0},{"damage":61,"enemies":"Shield and Spear","floor":55,"turns":2}],"seed_played":"-6023711512599363499","potions_obtained":[{"floor":1.0,"key":"Block Potion"},{"floor":4.0,"key":"FearPotion"},{"floor":7.0,"key":"Dexterity Potion"},{"floor":16.0,"key":"Block Potion"},{"floor":18.0,"key":"Fire Potion"},{"floor":31.0,"key":"Weak Potion"},{"floor":37.0,"key":"SkillPotion"},{"floor":48.0,"key":"EssenceOfSteel"}],"is_trial":false,"path_per_floor":["M","?","M","M","M","R","E","?","T","R","M","E","R","M","R","B",null,"M","?","M","M","?","R","$","M","T","M","R","$","E","M","R","B",null,"M","?","?","?","M","E","R","$","T","M","R","M","R","E","R","B","B",null,"R","$","E"],"character_chosen":"DEFECT","items_purchased":["Runic Capacitor","Cold Snap","Weak Potion","Ornamental Fan","FocusPotion"],"campfire_rested":1,"item_purchase_floors":[24,24,42,54,54],"current_hp_per_floor":[55,55,54,54,45,45,39,39,39,39,39,27,27,26,26,14,57,38,38,38,38,71,71,71,71,71,43,43,43,37,12,12,12,56,31,17,17,17,17,17,17,17,17,31,31,31,31,14,35,11,20,58,58,58,0],"gold":71,"neow_bonus":"ONE_RARE_RELIC","is_prod":false,"is_daily":false,"chose_seed":false,"campfire_upgraded":10,"win_rate":0,"timestamp":1550818554,"path_taken":["M","?","M","M","?","R","E","?","T","R","M","E","R","M","R","BOSS","M","?","M","M","?","R","$","M","T","?","R","$","E","M","R","BOSS","M","?","?","?","?","E","R","$","T","M","R","M","R","E","R","BOSS","BOSS","R","$","E"],"build_version":"2019-01-23","purchased_purges":0,"victory":false,"max_hp_per_floor":[71,71,71,71,71,71,71,71,71,71,71,71,71,71,71,71,71,71,71,71,71,71,71,71,71,71,71,71,71,71,71,71,71,71,71,71,71,71,71,71,71,71,71,71,71,71,71,71,71,71,71,71,71,71,71],"card_choices":[{"not_picked":["Rebound","Streamline"],"picked":"Ball Lightning","floor":1.0},{"not_picked":["Chill","Ball Lightning"],"picked":"Coolheaded","floor":3.0},{"not_picked":["Consume","Leap"],"picked":"Recycle","floor":4.0},{"not_picked":["Redo","Barrage","Gash"],"picked":"SKIP","floor":5.0},{"not_picked":["Genetic Algorithm","Sweeping Beam"],"picked":"Conserve Battery","floor":7.0},{"not_picked":["Go for the Eyes","Lockon"],"picked":"Blizzard","floor":11.0},{"not_picked":["Reinforced Body","Hyperbeam"],"picked":"Glacier","floor":12.0},{"not_picked":["Ball Lightning","Streamline"],"picked":"Stack","floor":14.0},{"not_picked":["Seek","Multi-Cast"],"picked":"Echo Form","floor":16.0},{"not_picked":["Rip and Tear+1","Gash"],"picked":"Coolheaded","floor":18.0},{"not_picked":["Recycle","Streamline"],"picked":"Defragment+1","floor":20.0},{"not_picked":["Steam","Redo","Gash"],"picked":"SKIP","floor":21.0},{"not_picked":["Fusion","Recycle"],"picked":"Electrodynamics","floor":25.0},{"not_picked":["Stack","Leap"],"picked":"Coolheaded","floor":27.0},{"not_picked":["Gash","Creative AI","Beam Cell"],"picked":"SKIP","floor":30.0},{"not_picked":["Ball Lightning","Redo"],"picked":"Coolheaded","floor":31.0},{"not_picked":["Cold Snap"],"picked":"SKIP","floor":35.0},{"not_picked":[],"picked":"Self Repair","floor":39.0},{"not_picked":["Ball Lightning"],"picked":"SKIP","floor":39.0},{"not_picked":["Barrage"],"picked":"SKIP","floor":40.0},{"not_picked":[],"picked":"Compile Driver+1","floor":44.0},{"not_picked":["Steam"],"picked":"SKIP","floor":44.0},{"not_picked":["Compile Driver"],"picked":"SKIP","floor":46.0},{"not_picked":["Sweeping Beam"],"picked":"SKIP","floor":46.0},{"not_picked":["White Noise"],"picked":"SKIP","floor":48.0}],"player_experience":898151,"relics_obtained":[{"floor":7.0,"key":"Vajra"},{"floor":9.0,"key":"Ancient Tea Set"},{"floor":12.0,"key":"Incense Burner"},{"floor":30.0,"key":"Thread and Needle"},{"floor":36.0,"key":"Prayer Wheel"},{"floor":37.0,"key":"Nunchaku"},{"floor":40.0,"key":"Boot"},{"floor":48.0,"key":"Pen Nib"}],"event_choices":[{"damage_healed":0.0,"max_hp_gain":0.0,"max_hp_loss":0.0,"gold_gain":0.0,"cards_transformed":["Strike_B"],"event_name":"Transmorgrifier","player_choice":"Transformed","floor":2.0,"gold_loss":0.0,"damage_taken":0.0,"cards_obtained":["Compile Driver"]},{"damage_healed":0.0,"max_hp_gain":0.0,"max_hp_loss":0.0,"gold_gain":0.0,"event_name":"Dead Adventurer","player_choice":"Searched \u00271\u0027 times","floor":8.0,"gold_loss":0.0,"damage_taken":0.0,"relics_obtained":["Lantern"]},{"damage_healed":0.0,"max_hp_gain":0.0,"max_hp_loss":0.0,"gold_gain":0.0,"event_name":"The Library","player_choice":"Read","floor":19.0,"gold_loss":0.0,"damage_taken":0.0,"cards_obtained":["Defragment"]},{"damage_healed":33.0,"max_hp_gain":0.0,"max_hp_loss":0.0,"gold_gain":0.0,"event_name":"Wheel of Change","player_choice":"Full Heal","floor":22.0,"gold_loss":0.0,"damage_taken":0.0},{"damage_healed":0.0,"max_hp_gain":0.0,"max_hp_loss":0.0,"gold_gain":0.0,"event_name":"Mysterious Sphere","player_choice":"Fight","floor":36.0,"gold_loss":0.0,"damage_taken":0.0},{"damage_healed":0.0,"max_hp_gain":0.0,"max_hp_loss":0.0,"gold_gain":0.0,"event_name":"MindBloom","player_choice":"Fight","floor":37.0,"gold_loss":0.0,"damage_taken":0.0},{"damage_healed":0.0,"max_hp_gain":0.0,"max_hp_loss":0.0,"gold_gain":50.0,"event_name":"Golden Shrine","player_choice":"Pray","floor":38.0,"gold_loss":0.0,"damage_taken":0.0}],"is_beta":false,"boss_relics":[{"not_picked":["Nuclear Battery","Fusion Hammer"],"picked":"Cursed Key"},{"not_picked":["White Beast Statue","Philosopher\u0027s Stone"],"picked":"Busted Crown"}],"items_purged_floors":[],"is_endless":false,"potions_floor_spawned":[1,4,7,16,18,21,31,37,44,48],"killed_by":"Shield and Spear","ascension_level":20}