{"path_per_floor":["M","?","$","?","M","E","R","?","T","M","$","?","E","$","R","B",null,"M","?","M","M","?","E","R","M","T","R","?","M","M","$","R"],"character_chosen":"IRONCLAD","items_purchased":["Sever Soul","Mango"],"gold_per_floor":[112,62,25,25,44,83,83,83,83,102,27,102,146,46,46,175,175,196,196,210,234,334,373,373,398,398,398,323,344,365,77,77,77],"floor_reached":33,"campfire_rested":3,"playtime":1144,"item_purchase_floors":[],"current_hp_per_floor":[80,80,80,60,66,51,51,51,51,57,57,46,46,46,46,31,80,78,78,75,67,67,15,39,13,13,37,37,28,41,55,83,0],"items_purged":["Defend_R","Strike_R"],"gold":77,"score":273,"play_id":"8af3ed26-76b5-4be8-bf07-6599ed81ee54","local_time":"20180527181344","is_prod":false,"is_daily":false,"chose_seed":false,"is_ascension_mode":false,"campfire_upgraded":2,"win_rate":0,"timestamp":1527437624,"campfire_choices":[{"data":"Bludgeon","floor":7.0,"key":"SMITH"},{"data":"Flame Barrier","floor":15.0,"key":"SMITH"},{"floor":24,"key":"REST"},{"floor":27,"key":"REST"},{"floor":32,"key":"REST"}],"path_taken":["M","?","$","?","?","E","R","?","T","M","$","?","E","?","R","BOSS","M","?","M","M","?","E","R","M","T","R","?","?","M","$","R","BOSS"],"build_version":"2018-05-25","seed_source_timestamp":0,"purchased_purges":2,"victory":false,"master_deck":["Strike_R","Strike_R","Strike_R","Defend_R","Bash","Thunderclap","Sever Soul","Flame Barrier","Bludgeon+1","Ghostly Armor","Flame Barrier+1","Berserk","Flex","Flex","Inflame","Metallicize+1"],"max_hp_per_floor":[80,80,80,80,80,80,80,80,80,80,80,80,80,80,80,80,80,80,80,80,80,80,80,80,80,80,80,80,80,80,94,94,94],"relics":["Burning Blood","Golden Idol","Potion Belt","Ginger","Self Forming Clay","Philosopher\u0027s Stone","Frozen Egg 2","Meat on the Bone","Mango"],"card_choices":[{"not_picked":["Shrug It Off","Cleave"],"picked":"Thunderclap","floor":1.0},{"not_picked":["Warcry","Pummel"],"picked":"Flame Barrier","floor":5.0},{"not_picked":["Anger","Thunderclap"],"picked":"Bludgeon","floor":6.0},{"not_picked":["Sword Boomerang","Body Slam"],"picked":"Ghostly Armor","floor":10.0},{"not_picked":["Twin Strike","True Grit"],"picked":"Flame Barrier","floor":13.0},{"not_picked":["Juggernaut","Bludgeon"],"picked":"Berserk","floor":16.0},{"not_picked":["Rampage","Carnage+1"],"picked":"Flex","floor":18.0},{"not_picked":["Pommel Strike","Sword Boomerang"],"picked":"Flex","floor":20.0},{"not_picked":["Iron Wave","Anger"],"picked":"Inflame","floor":21},{"not_picked":["Feel No Pain","Armaments","Blood for Blood"],"picked":"SKIP","floor":23},{"not_picked":["Shockwave","Body Slam","Headbutt"],"picked":"SKIP","floor":25},{"not_picked":["Armaments","Hemokinesis+1"],"picked":"Metallicize+1","floor":29},{"not_picked":["Corruption+1","Flame Barrier","Body Slam"],"picked":"SKIP","floor":30}],"player_experience":76313,"potions_floor_usage":[23,25,25,33],"damage_taken":[{"damage":1.0,"enemies":"2 Louse","floor":1.0,"turns":3.0},{"damage":0.0,"enemies":"Small Slimes","floor":5.0,"turns":2.0},{"damage":21.0,"enemies":"3 Sentries","floor":6.0,"turns":9.0},{"damage":0.0,"enemies":"Cultist","floor":10.0,"turns":2.0},{"damage":6.0,"enemies":"Gremlin Nob","floor":13.0,"turns":3.0},{"damage":21.0,"enemies":"Hexaghost","floor":16.0,"turns":9.0},{"damage":8.0,"enemies":"Spheric Guardian","floor":18.0,"turns":5.0},{"damage":9.0,"enemies":"3 Byrds","floor":20.0,"turns":3.0},{"damage":14,"enemies":"Centurion and Healer","floor":21,"turns":5},{"damage":58,"enemies":"Slavers","floor":23,"turns":5},{"damage":32,"enemies":"Cultist and Chosen","floor":25,"turns":6},{"damage":27,"enemies":"Snake Plant","floor":29,"turns":2},{"damage":5,"enemies":"Snecko","floor":30,"turns":6},{"damage":93,"enemies":"Champ","floor":33,"turns":8}],"relics_obtained":[{"floor":6.0,"key":"Potion Belt"},{"floor":9.0,"key":"Ginger"},{"floor":13.0,"key":"Self Forming Clay"},{"floor":23,"key":"Frozen Egg 2"},{"floor":26,"key":"Meat on the Bone"}],"event_choices":[{"event_name":"The Cleric","player_choice":"Card Removal","floor":2.0,"damage_taken":0.0},{"event_name":"Golden Idol","player_choice":"Take Damage","floor":4.0,"damage_taken":0.0},{"event_name":"Liars Game","player_choice":"disagreed","floor":8.0,"damage_taken":0.0},{"event_name":"World of Goop","player_choice":"Gather Gold","floor":12.0,"damage_taken":0.0},{"event_name":"Back to Basics","player_choice":"Elegance","floor":19.0,"damage_taken":0.0},{"event_name":"Golden Shrine","player_choice":"Pray","floor":22,"damage_taken":0},{"event_name":"Beggar","player_choice":"Gave Gold","floor":28,"damage_taken":0}],"boss_relics":[],"items_purged_floors":[],"potions_floor_spawned":[5,6,13,21,23,25],"seed_played":"-7670901838895760540","killed_by":"Champ","ascension_level":0,"potions_obtained":[{"floor":5.0,"key":"Swift Potion"},{"floor":6.0,"key":"SmokeBomb"},{"floor":13.0,"key":"Weak Potion"},{"floor":21,"key":"EssenceOfSteel"},{"floor":23,"key":"AttackPotion"},{"floor":25,"key":"Weak Potion"}],"is_trial":false}