{"gold_per_floor":[116,116,266,266,191,234,259,259,283,307,346,361,436,436],"floor_reached":14,"playtime":315,"items_purged":[],"score":246,"play_id":"18eba62b-6550-4d2d-9b94-fcba7ce95ded","local_time":"20190410081947","is_ascension_mode":true,"campfire_choices":[{"data":"Poisoned Stab","floor":8.0,"key":"SMITH"}],"neow_cost":"NONE","seed_source_timestamp":14371232894091,"circlet_count":0,"master_deck":["AscendersBane","Defend_G","Defend_G","Defend_G","Defend_G","Defend_G","Strike_G","Strike_G","Strike_G","Strike_G","Survivor","Neutralize","Backstab","Distraction","Wraith Form v2","Poisoned Stab+1","Tactician","Deadly Poison"],"special_seed":0,"relics":["Ring of the Snake","NeowsBlessing","Golden Idol","Nunchaku","Pen Nib","Singing Bowl"],"potions_floor_usage":[],"damage_taken":[{"damage":0.0,"enemies":"Jaw Worm","floor":1.0,"turns":1.0},{"damage":0.0,"enemies":"Gremlin Nob","floor":6.0,"turns":1.0},{"damage":0.0,"enemies":"2 Louse","floor":7.0,"turns":1.0},{"damage":2.0,"enemies":"Small Slimes","floor":10.0,"turns":4.0},{"damage":29,"enemies":"3 Sentries","floor":11,"turns":17},{"damage":9,"enemies":"Blue Slaver","floor":12,"turns":3},{"damage":1,"enemies":"Lagavulin","floor":14,"turns":5}],"seed_played":"-2632730752401235379","potions_obtained":[{"floor":7.0,"key":"Energy Potion"},{"floor":10.0,"key":"Dexterity Potion"}],"is_trial":false,"path_per_floor":["M","?","?","?","?","E","M","R","T","M","E","M","?","E"],"character_chosen":"THE_SILENT","items_purchased":[],"campfire_rested":0,"item_purchase_floors":[],"current_hp_per_floor":[59,59,59,59,59,59,59,59,59,57,28,21,10,9],"gold":436,"neow_bonus":"THREE_ENEMY_KILL","is_prod":false,"is_daily":false,"chose_seed":false,"campfire_upgraded":1,"win_rate":0,"timestamp":1554855587,"path_taken":["M","?","?","?","?","E","M","R","T","M","E","M","?","E"],"build_version":"2019-01-23","purchased_purges":0,"victory":false,"max_hp_per_floor":[66,66,66,60,60,60,60,60,60,60,60,62,62,62],"card_choices":[{"not_picked":["Blade Dance","Slice"],"picked":"Backstab","floor":1.0},{"not_picked":["Dodge and Roll","Flying Knee"],"picked":"Wraith Form v2","floor":6.0},{"not_picked":["PiercingWail","Choke"],"picked":"Poisoned Stab","floor":7.0},{"not_picked":["Masterful Stab","Outmaneuver"],"picked":"Tactician","floor":10.0},{"not_picked":["Cloak And Dagger","All Out Attack"],"picked":"Deadly Poison","floor":11},{"not_picked":["Leg Sweep","All Out Attack","Poisoned Stab"],"picked":"Singing Bowl","floor":12}],"player_experience":4191489,"relics_obtained":[{"floor":6.0,"key":"Nunchaku"},{"floor":9.0,"key":"Pen Nib"},{"floor":11,"key":"Singing Bowl"}],"event_choices":[{"damage_healed":0.0,"max_hp_gain":0.0,"max_hp_loss":0.0,"gold_gain":0.0,"cards_transformed":["Strike_G"],"event_name":"Living Wall","player_choice":"Change","floor":2.0,"gold_loss":0.0,"damage_taken":0.0,"cards_obtained":["Distraction"]},{"damage_healed":0.0,"max_hp_gain":0.0,"max_hp_loss":0.0,"gold_gain":150.0,"event_name":"Liars Game","player_choice":"AGREE","floor":3.0,"gold_loss":0.0,"damage_taken":0.0,"cards_obtained":["Doubt"]},{"damage_healed":0.0,"max_hp_gain":0.0,"max_hp_loss":6.0,"gold_gain":0.0,"event_name":"Golden Idol","player_choice":"Lose Max HP","floor":4.0,"gold_loss":0.0,"damage_taken":0.0,"relics_obtained":["Golden Idol"]},{"cards_removed":["Doubt"],"damage_healed":0.0,"max_hp_gain":0.0,"max_hp_loss":0.0,"gold_gain":0.0,"event_name":"The Cleric","player_choice":"Card Removal","floor":5.0,"gold_loss":75.0,"damage_taken":0.0},{"damage_healed":0,"gold_gain":75,"player_choice":"Gather Gold","damage_taken":11,"max_hp_gain":0,"max_hp_loss":0,"event_name":"World of Goop","floor":13,"gold_loss":0}],"is_beta":false,"boss_relics":[],"items_purged_floors":[],"is_endless":false,"potions_floor_spawned":[7,10],"killed_by":"Lagavulin","ascension_level":20}