{"gold_per_floor":[115,115,36,36,48,48,83,100,100,100,116,145,157,157,157,231,231,250,269,57,57,57,57,57,57,131,131,158,172,207,217,217,294,294,306,325,343,94,94,128,128,153,180,196,207,207,207,221,221,221,221,221,221,42,67,67],"floor_reached":56,"playtime":4117,"items_purged":["Strike_B","Defend_B","Zap+1"],"score":2360,"play_id":"ed1fa718-bab6-48e9-bb95-eca6d5ea012d","local_time":"20190806225849","is_ascension_mode":true,"campfire_choices":[{"data":"Doom and Gloom","floor":6.0,"key":"SMITH"},{"floor":10.0,"key":"REST"},{"data":"Loop","floor":15.0,"key":"SMITH"},{"floor":23.0,"key":"REST"},{"data":"Defragment","floor":32.0,"key":"SMITH"},{"floor":41,"key":"REST"},{"floor":47,"key":"REST"},{"floor":49,"key":"RECALL"},{"data":"Machine Learning","floor":53,"key":"SMITH"}],"neow_cost":"NONE","seed_source_timestamp":0,"circlet_count":0,"master_deck":["AscendersBane","Defend_B","Defend_B","Dualcast","Loop+1","Doom and Gloom+1","Lockon","Echo Form","Loop","Turbo+1","Electrodynamics","Conserve Battery+1","Electrodynamics","Defragment+1","Fusion+1","Hologram+1","Ghostly+1","Ghostly+1","Ghostly+1","Buffer","Double Energy+1","Force Field+1","Conserve Battery+1","Machine Learning+1","Hologram+1","Echo Form","Chill+1","Coolheaded+1","Machine Learning","Defragment"],"special_seed":0,"relics":["Cracked Core","Ornamental Fan","DataDisk","Toxic Egg 2","Blood Vial","Runic Pyramid","FossilizedHelix","Anchor","Empty Cage","Omamori","Dodecahedron","Art of War","Kunai"],"potions_floor_usage":[50,56],"damage_taken":[{"damage":7.0,"enemies":"Jaw Worm","floor":1.0,"turns":3.0},{"damage":1.0,"enemies":"Cultist","floor":5.0,"turns":3.0},{"damage":11.0,"enemies":"Gremlin Nob","floor":7.0,"turns":3.0},{"damage":3.0,"enemies":"2 Louse","floor":8.0,"turns":2.0},{"damage":16.0,"enemies":"Large Slime","floor":11.0,"turns":4.0},{"damage":15.0,"enemies":"Lagavulin","floor":12.0,"turns":5.0},{"damage":0.0,"enemies":"3 Louse","floor":13.0,"turns":1.0},{"damage":15.0,"enemies":"The Guardian","floor":16.0,"turns":6.0},{"damage":0.0,"enemies":"Chosen","floor":18.0,"turns":3.0},{"damage":36.0,"enemies":"Shell Parasite","floor":19.0,"turns":5.0},{"damage":7.0,"enemies":"Book of Stabbing","floor":28.0,"turns":6.0},{"damage":1.0,"enemies":"Cultist and Chosen","floor":29.0,"turns":3.0},{"damage":2.0,"enemies":"Slavers","floor":30.0,"turns":5.0},{"damage":0.0,"enemies":"Snake Plant","floor":31.0,"turns":4.0},{"damage":0,"enemies":"Collector","floor":33,"turns":8},{"damage":20,"enemies":"3 Darklings","floor":35,"turns":4},{"damage":9,"enemies":"3 Shapes","floor":36,"turns":3},{"damage":0,"enemies":"Spire Growth","floor":37,"turns":5},{"damage":14,"enemies":"Nemesis","floor":40,"turns":7},{"damage":0,"enemies":"Giant Head","floor":42,"turns":10},{"damage":0,"enemies":"Jaw Worm Horde","floor":44,"turns":3},{"damage":7,"enemies":"Writhing Mass","floor":45,"turns":5},{"damage":0,"enemies":"4 Shapes","floor":48,"turns":7},{"damage":0,"enemies":"Donu and Deca","floor":50,"turns":11},{"damage":0,"enemies":"Time Eater","floor":51,"turns":10},{"damage":6,"enemies":"Shield and Spear","floor":55,"turns":7},{"damage":38,"enemies":"The Heart","floor":56,"turns":12}],"seed_played":"2116533897741884756","potions_obtained":[{"floor":1.0,"key":"EssenceOfSteel"},{"floor":8.0,"key":"FocusPotion"},{"floor":12.0,"key":"SteroidPotion"},{"floor":19.0,"key":"FearPotion"},{"floor":31.0,"key":"Explosive Potion"},{"floor":42,"key":"Strength Potion"},{"floor":48,"key":"Block Potion"}],"is_trial":false,"path_per_floor":["M","?","$","T","M","R","E","M","T","R","M","E","M","?","R","B",null,"M","M","$","?","$","R","?","?","T","?","E","M","E","M","R","B",null,"M","M","M","$","?","E","R","E","T","M","M","?","R","M","R","B","B",null,"R","$","E","B"],"character_chosen":"DEFECT","items_purchased":["Doom and Gloom","Regen Potion","Hologram+1","Echo Form","PowerPotion"],"campfire_rested":4,"item_purchase_floors":[3,20,20,38,54],"current_hp_per_floor":[57,57,57,57,56,56,45,42,42,63,47,32,34,34,34,21,59,61,27,27,27,27,48,28,28,28,28,37,37,36,38,38,38,38,18,11,13,13,13,1,11,13,13,15,10,10,20,22,22,24,26,34,34,34,30,0],"gold":67,"neow_bonus":"UPGRADE_CARD","is_prod":false,"is_daily":false,"chose_seed":false,"campfire_upgraded":4,"win_rate":0,"timestamp":1565125129,"path_taken":["M","?","$","?","M","R","E","M","T","R","M","E","?","?","R","BOSS","M","M","$","?","$","R","?","?","T","?","E","M","E","M","R","BOSS","M","M","M","$","?","E","R","E","T","M","M","?","R","M","R","BOSS","BOSS","R","$","E","BOSS"],"build_version":"2019-07-17","purchased_purges":3,"victory":false,"max_hp_per_floor":[71,71,71,71,71,71,71,71,71,71,71,71,71,71,71,71,71,71,71,71,71,71,71,76,76,76,38,38,38,38,38,38,38,38,38,38,38,38,36,36,36,36,36,36,36,36,36,36,36,36,36,36,36,36,36,36],"card_choices":[{"not_picked":["Chaos","Turbo"],"picked":"Loop","floor":1.0},{"not_picked":["Aggregate","Streamline"],"picked":"Lockon","floor":5.0},{"not_picked":["Redo","Turbo"],"picked":"Echo Form","floor":7.0},{"not_picked":["Redo","Turbo"],"picked":"Loop","floor":8.0},{"not_picked":["Doom and Gloom","Ball Lightning"],"picked":"Turbo+1","floor":11.0},{"not_picked":["Rebound","Gash"],"picked":"Electrodynamics","floor":12.0},{"not_picked":["Turbo+1","Sweeping Beam"],"picked":"Conserve Battery+1","floor":13.0},{"not_picked":["Amplify+1","Creative AI"],"picked":"Electrodynamics","floor":16.0},{"not_picked":["Storm","Leap+1"],"picked":"Defragment","floor":18.0},{"not_picked":["Beam Cell","Go for the Eyes"],"picked":"Fusion+1","floor":19.0},{"not_picked":["Storm","Genetic Algorithm+1"],"picked":"Buffer","floor":28.0},{"not_picked":["Sweeping Beam","Hello World"],"picked":"Double Energy+1","floor":29.0},{"not_picked":["Lockon","Scrape"],"picked":"Force Field+1","floor":30.0},{"not_picked":["Ball Lightning","Rebound"],"picked":"Conserve Battery+1","floor":31.0},{"not_picked":["Rainbow+1","Creative AI"],"picked":"Machine Learning","floor":33},{"not_picked":["Conserve Battery+1","Scrape"],"picked":"Hologram+1","floor":35},{"not_picked":["Conserve Battery+1","Blizzard+1","Double Energy+1"],"picked":"SKIP","floor":36},{"not_picked":["Sweeping Beam","Beam Cell","Hologram+1"],"picked":"SKIP","floor":37},{"not_picked":["Conserve Battery+1","White Noise+1"],"picked":"Chill+1","floor":40},{"not_picked":["Undo+1","Aggregate+1"],"picked":"Coolheaded+1","floor":42},{"not_picked":["Rip and Tear","Sweeping Beam","Redo+1"],"picked":"SKIP","floor":44},{"not_picked":["Static Discharge","Storm"],"picked":"Machine Learning","floor":45},{"not_picked":["Recycle+1","Doom and Gloom+1"],"picked":"Defragment","floor":48},{"not_picked":["Sunder","Turbo+1","Scrape+1"],"picked":"SKIP","floor":55}],"player_experience":817443,"relics_obtained":[{"floor":4.0,"key":"Ornamental Fan"},{"floor":7.0,"key":"DataDisk"},{"floor":9.0,"key":"Toxic Egg 2"},{"floor":12.0,"key":"Blood Vial"},{"floor":28.0,"key":"FossilizedHelix"},{"floor":30.0,"key":"Anchor"},{"floor":40,"key":"Omamori"},{"floor":42,"key":"Dodecahedron"},{"floor":43,"key":"Art of War"},{"floor":55,"key":"Kunai"}],"event_choices":[{"cards_removed":["Defend_B"],"damage_healed":0.0,"max_hp_gain":0.0,"max_hp_loss":0.0,"gold_gain":0.0,"event_name":"Bonfire Elementals","player_choice":"Offered Basic","floor":2.0,"gold_loss":0.0,"damage_taken":0.0},{"cards_removed":["Strike_B"],"damage_healed":0.0,"max_hp_gain":0.0,"max_hp_loss":0.0,"gold_gain":0.0,"event_name":"Living Wall","player_choice":"Forget","floor":14.0,"gold_loss":0.0,"damage_taken":0.0},{"damage_healed":0.0,"max_hp_gain":0.0,"max_hp_loss":0.0,"gold_gain":0.0,"event_name":"The Mausoleum","player_choice":"Ignored","floor":21.0,"gold_loss":0.0,"damage_taken":0.0},{"damage_healed":0.0,"max_hp_gain":5.0,"max_hp_loss":0.0,"gold_gain":0.0,"event_name":"Forgotten Altar","player_choice":"Shed Blood","floor":24.0,"gold_loss":0.0,"damage_taken":25.0},{"damage_healed":0.0,"max_hp_gain":0.0,"max_hp_loss":0.0,"gold_gain":0.0,"event_name":"Vampires","player_choice":"Ignored","floor":25.0,"gold_loss":0.0,"damage_taken":0.0},{"damage_healed":0.0,"max_hp_gain":0.0,"max_hp_loss":38.0,"gold_gain":0.0,"event_name":"Ghosts","player_choice":"Became a Ghost","floor":27.0,"gold_loss":0.0,"damage_taken":0.0,"cards_obtained":["Ghostly","Ghostly","Ghostly"]},{"damage_healed":0,"gold_gain":0,"player_choice":"Max HP","damage_taken":0,"max_hp_gain":0,"max_hp_loss":2,"event_name":"Winding Halls","floor":39,"gold_loss":0},{"damage_healed":0,"gold_gain":0,"player_choice":"Ignored","damage_taken":0,"max_hp_gain":0,"max_hp_loss":0,"event_name":"The Moai Head","floor":46,"gold_loss":0}],"is_beta":false,"boss_relics":[{"not_picked":["Calling Bell","Orrery"],"picked":"Runic Pyramid"},{"not_picked":["Snecko Eye","Busted Crown"],"picked":"Empty Cage"}],"items_purged_floors":[20,38,54],"is_endless":false,"potions_floor_spawned":[1,8,12,13,19,31,33,40,42,45,48],"killed_by":"The Heart","ascension_level":20}