{"path_per_floor":["M","M","?","$","?","M","E","M","T","R","?","R","M","M","R"],"character_chosen":"THE_SILENT","items_purchased":["Dexterity Potion"],"gold_per_floor":[109,124,74,25,25,38,69,87,387,387,387,387,397,408,408,408],"floor_reached":16,"campfire_rested":0,"playtime":567,"item_purchase_floors":[4],"current_hp_per_floor":[61,60,60,60,53,53,35,29,29,29,52,52,52,46,46,0],"items_purged":[],"gold":408,"score":158,"play_id":"f1232dbd-3a02-4538-995f-818592cfa873","local_time":"20180613220402","is_prod":false,"is_daily":false,"chose_seed":false,"is_ascension_mode":true,"campfire_upgraded":3,"win_rate":0,"timestamp":1528898642,"campfire_choices":[{"data":"Burst","floor":10,"key":"SMITH"},{"data":"Footwork","floor":12,"key":"SMITH"},{"data":"Deadly Poison","floor":15,"key":"SMITH"}],"path_taken":["M","M","?","$","?","?","E","M","T","R","?","R","M","M","R","BOSS"],"build_version":"2018-06-12","seed_source_timestamp":32671731711248,"purchased_purges":0,"victory":false,"master_deck":["Defend_G","Defend_G","Defend_G","Defend_G","Strike_G","Strike_G","Strike_G","Strike_G","Survivor","Neutralize","AscendersBane","Burst+1","Footwork+1","Deadly Poison+1","Bane+1","Poisoned Stab+1","Poisoned Stab+1"],"max_hp_per_floor":[70,70,70,70,70,70,70,70,70,70,70,70,70,70,70,70],"special_seed":17695,"relics":["Ring of the Snake","Molten Egg 2","Old Coin"],"card_choices":[{"not_picked":["Poisoned Stab","Prepared"],"picked":"Footwork","floor":1},{"not_picked":["Quick Slash","Cloak And Dagger"],"picked":"Deadly Poison","floor":2},{"not_picked":["Distraction","Outmaneuver","Eviscerate"],"picked":"SKIP","floor":6},{"not_picked":["Outmaneuver","Endless Agony"],"picked":"Bane","floor":7},{"not_picked":["Dash+1","Cloak And Dagger"],"picked":"Poisoned Stab+1","floor":8},{"not_picked":["Reflex","A Thousand Cuts","Slice+1"],"picked":"SKIP","floor":13},{"not_picked":["Outmaneuver","PiercingWail"],"picked":"Poisoned Stab+1","floor":14}],"player_experience":587288,"potions_floor_usage":[7,7,16],"damage_taken":[{"damage":2,"enemies":"Small Slimes","floor":1,"turns":5},{"damage":1,"enemies":"2 Louse","floor":2,"turns":4},{"damage":0,"enemies":"Cultist","floor":6,"turns":4},{"damage":33,"enemies":"3 Sentries","floor":7,"turns":13},{"damage":6,"enemies":"Blue Slaver","floor":8,"turns":5},{"damage":0,"enemies":"2 Fungi Beasts","floor":13,"turns":4},{"damage":6,"enemies":"Large Slime","floor":14,"turns":7},{"damage":50,"enemies":"Slime Boss","floor":16,"turns":9}],"relics_obtained":[{"floor":7,"key":"Molten Egg 2"},{"floor":9,"key":"Old Coin"}],"event_choices":[{"event_name":"The Cleric","player_choice":"Card Removal","floor":3,"damage_taken":0},{"event_name":"Golden Wing","player_choice":"Card Removal","floor":5,"damage_taken":0},{"event_name":"Big Fish","player_choice":"Banana","floor":11,"damage_taken":0}],"boss_relics":[],"items_purged_floors":[],"potions_floor_spawned":[2,7,8,14],"seed_played":"-2756577178040328541","killed_by":"Slime Boss","ascension_level":11,"potions_obtained":[{"floor":2,"key":"Regen Potion"},{"floor":7,"key":"LiquidBronze"},{"floor":8,"key":"Energy Potion"},{"floor":14,"key":"SkillPotion"}],"is_trial":false}