{"gold_per_floor":[109,109,124,144,94,94,126,126,150,150],"floor_reached":10,"playtime":344,"items_purged":[],"score":132,"play_id":"57294c54-8d1c-42fc-938e-6556fcab23e6","local_time":"20190806193150","is_ascension_mode":true,"campfire_choices":[{"data":"Reinforced Body","floor":6,"key":"SMITH"},{"data":"Hologram","floor":8,"key":"SMITH"}],"neow_cost":"NONE","seed_source_timestamp":33841901893949,"circlet_count":0,"master_deck":["AscendersBane","Strike_B","Strike_B","Strike_B","Strike_B","Defend_B","Defend_B","Defend_B","Defend_B","Zap+1","Dualcast","Cold Snap","Reinforced Body+1","Storm","Rebound","Hologram+1"],"relics":["Cracked Core","Strawberry","Smiling Mask"],"potions_floor_usage":[7,7],"damage_taken":[{"damage":3,"enemies":"2 Louse","floor":1,"turns":2},{"damage":0,"enemies":"Cultist","floor":3,"turns":3},{"damage":4,"enemies":"Small Slimes","floor":4,"turns":4},{"damage":21,"enemies":"Lagavulin","floor":7,"turns":5},{"damage":64,"enemies":"Gremlin Nob","floor":10,"turns":4}],"seed_played":"6193082736371762084","potions_obtained":[{"floor":1,"key":"Poison Potion"},{"floor":4,"key":"Strength Potion"},{"floor":7,"key":"LiquidBronze"}],"is_trial":false,"path_per_floor":["M","?","M","M","$","R","E","R","T","E"],"character_chosen":"DEFECT","items_purchased":["Rebound"],"campfire_rested":0,"item_purchase_floors":[5],"current_hp_per_floor":[68,68,68,64,64,64,50,50,50,0],"gold":150,"neow_bonus":"TEN_PERCENT_HP_BONUS","is_prod":false,"is_daily":false,"chose_seed":false,"campfire_upgraded":2,"win_rate":0,"timestamp":1565112710,"path_taken":["M","?","M","?","$","R","E","R","T","E"],"build_version":"2019-07-17","purchased_purges":0,"victory":false,"max_hp_per_floor":[78,78,78,78,78,78,85,85,85,85],"card_choices":[{"not_picked":["Skim","Genetic Algorithm"],"picked":"Cold Snap","floor":1},{"not_picked":["Redo","Streamline"],"picked":"Reinforced Body","floor":3},{"not_picked":["Steam Power","Steam"],"picked":"Storm","floor":4},{"not_picked":["Conserve Battery","Meteor Strike"],"picked":"Hologram","floor":7}],"player_experience":814626,"relics_obtained":[{"floor":7,"key":"Strawberry"},{"floor":9,"key":"Smiling Mask"}],"event_choices":[{"damage_healed":0,"gold_gain":0,"player_choice":"Upgraded","damage_taken":0,"max_hp_gain":0,"max_hp_loss":0,"event_name":"Upgrade Shrine","floor":2,"gold_loss":0,"cards_upgraded":["Zap"]}],"is_beta":false,"boss_relics":[],"items_purged_floors":[],"is_endless":false,"potions_floor_spawned":[1,4,7],"killed_by":"Gremlin Nob","ascension_level":20}