{"gold_per_floor":[114,114,133,58,73,73,85,85,85,125,125,175,195,212,212,285,285,297,297,4,4,4,4],"floor_reached":23,"playtime":644,"items_purged":["Strike_G"],"score":362,"play_id":"0dfd1794-4a2d-43d5-9f9d-ffd299e41da5","local_time":"20190325111041","is_ascension_mode":true,"campfire_choices":[{"data":"Magnetism","floor":6.0,"key":"SMITH"},{"data":"Discovery","floor":8.0,"key":"SMITH"},{"data":"Catalyst","floor":15,"key":"SMITH"}],"neow_cost":"PERCENT_DAMAGE","seed_source_timestamp":194665963456,"circlet_count":0,"master_deck":["AscendersBane","Defend_G","Defend_G","Defend_G","Defend_G","Defend_G","Strike_G","Strike_G","Strike_G","Strike_G","Survivor","Neutralize","Discovery+1","Cloak And Dagger","Magnetism+1","Backflip","Infinite Blades","Poisoned Stab","Catalyst+1","Corpse Explosion","Deadly Poison","Well Laid Plans"],"special_seed":0,"relics":["Ring of the Snake","Runic Dome","Bag of Marbles","ClockworkSouvenir"],"potions_floor_usage":[16,16],"damage_taken":[{"damage":0.0,"enemies":"Jaw Worm","floor":1.0,"turns":3.0},{"damage":0.0,"enemies":"2 Louse","floor":3.0,"turns":5.0},{"damage":1.0,"enemies":"Small Slimes","floor":5.0,"turns":4.0},{"damage":5.0,"enemies":"Red Slaver","floor":7.0,"turns":8.0},{"damage":5.0,"enemies":"Exordium Wildlife","floor":10.0,"turns":3.0},{"damage":0,"enemies":"Looter","floor":13,"turns":4},{"damage":1,"enemies":"2 Fungi Beasts","floor":14,"turns":5},{"damage":27,"enemies":"Slime Boss","floor":16,"turns":8},{"damage":12,"enemies":"Chosen","floor":18,"turns":4},{"damage":0,"enemies":"Slavers","floor":23,"turns":1}],"seed_played":"7105551606338951270","potions_obtained":[{"floor":3.0,"key":"SteroidPotion"},{"floor":10.0,"key":"SpeedPotion"},{"floor":14,"key":"Ancient Potion"},{"floor":18,"key":"Strength Potion"}],"is_trial":false,"path_per_floor":["M","?","M","$","M","R","M","R","T","M","?","?","M","M","R","B",null,"M","T","$","?","?","E"],"character_chosen":"THE_SILENT","items_purchased":["ClockworkSouvenir","Well Laid Plans"],"campfire_rested":0,"item_purchase_floors":[20,20],"current_hp_per_floor":[44,44,44,44,43,43,38,38,38,33,33,33,33,32,32,5,51,39,39,39,39,21,21],"gold":4,"neow_bonus":"RANDOM_COLORLESS_2","is_prod":false,"is_daily":false,"chose_seed":false,"campfire_upgraded":3,"win_rate":0,"timestamp":1553483441,"path_taken":["M","?","M","$","M","R","M","R","T","M","?","?","M","M","R","BOSS","M","?","$","?","?","E"],"build_version":"2019-01-23","purchased_purges":1,"victory":false,"max_hp_per_floor":[66,66,66,66,66,66,66,66,66,66,66,66,66,66,66,66,66,66,66,66,66,71,71],"card_choices":[{"not_picked":["Sucker Punch","Dodge and Roll"],"picked":"Cloak And Dagger","floor":1.0},{"not_picked":["Poisoned Stab","Endless Agony"],"picked":"Backflip","floor":3.0},{"not_picked":["Prepared","Reflex","Cloak And Dagger"],"picked":"SKIP","floor":5.0},{"not_picked":["Bane","Backflip"],"picked":"Infinite Blades","floor":7.0},{"not_picked":["Slice","Deflect"],"picked":"Poisoned Stab","floor":10.0},{"not_picked":["Deflect","Dash"],"picked":"Catalyst","floor":13},{"not_picked":["Eviscerate","Acrobatics","Expertise"],"picked":"SKIP","floor":14},{"not_picked":["Phantasmal Killer","Unload"],"picked":"Corpse Explosion","floor":16},{"not_picked":["Outmaneuver","Predator"],"picked":"Deadly Poison","floor":18}],"player_experience":3854706,"relics_obtained":[{"floor":19,"key":"Bag of Marbles"}],"event_choices":[{"damage_healed":0.0,"max_hp_gain":0.0,"max_hp_loss":0.0,"gold_gain":0.0,"cards_transformed":["Flash of Steel"],"event_name":"Living Wall","player_choice":"Change","floor":2.0,"gold_loss":0.0,"damage_taken":0.0,"cards_obtained":["Magnetism"]},{"damage_healed":0,"gold_gain":0,"player_choice":"Fled","damage_taken":0,"max_hp_gain":0,"max_hp_loss":0,"event_name":"Scrap Ooze","floor":11,"gold_loss":0},{"damage_healed":0,"gold_gain":50,"player_choice":"Pray","damage_taken":0,"max_hp_gain":0,"max_hp_loss":0,"event_name":"Golden Shrine","floor":12,"gold_loss":0},{"damage_healed":0,"gold_gain":0,"player_choice":"Shed Blood","damage_taken":23,"max_hp_gain":5,"max_hp_loss":0,"event_name":"Forgotten Altar","floor":22,"gold_loss":0}],"is_beta":false,"boss_relics":[{"not_picked":["Lizard Tail","WristBlade"],"picked":"Runic Dome"}],"items_purged_floors":[4],"is_endless":false,"potions_floor_spawned":[3,10,14,18],"killed_by":"Slavers","ascension_level":20}