{"gold_per_floor":[119,119,137,62,73,73,103,103,103,116,116,126,26,42,42,120,120,135,185,201,76,94,121,121,121,145,179,179,207,207,233,233,304,304,314,57,57,0,16,16,66,66,141,161,176,196,196,222,222,222],"floor_reached":51,"playtime":1666,"items_purged":["Strike_R","Strike_R","Strike_R","Defend_R"],"score":1530,"play_id":"50de6bc0-caba-477d-9285-978d12c6bd88","local_time":"20181110144341","is_ascension_mode":true,"campfire_choices":[{"data":"Searing Blow","floor":6.0,"key":"SMITH"},{"data":"Searing Blow+1","floor":8.0,"key":"SMITH"},{"data":"Searing Blow+2","floor":11.0,"key":"SMITH"},{"data":"Searing Blow+3","floor":15.0,"key":"SMITH"},{"data":"Searing Blow+4","floor":25.0,"key":"SMITH"},{"data":"Searing Blow+5","floor":28.0,"key":"SMITH"},{"data":"Searing Blow+6","floor":30.0,"key":"SMITH"},{"data":"Searing Blow+7","floor":32.0,"key":"SMITH"},{"data":"Searing Blow+8","floor":40.0,"key":"SMITH"},{"data":"Limit Break","floor":42,"key":"SMITH"},{"data":"Searing Blow+9","floor":47,"key":"SMITH"},{"data":"Searing Blow+10","floor":49,"key":"SMITH"}],"neow_cost":"PERCENT_DAMAGE","seed_source_timestamp":6212061384593,"circlet_count":0,"master_deck":["AscendersBane","Defend_R","Defend_R","Bash","Power Through","Searing Blow+11","Second Wind","Limit Break+1","Feed","Exhume","Body Slam","Shrug It Off","Reaper","Flex+1","Parasite"],"special_seed":0,"relics":["Burning Blood","Pantograph","Matryoshka","Runic Pyramid","Anchor","The Courier","Potion Belt","Ancient Tea Set","Ice Cream","Happy Flower","Runic Cube","Membership Card","Red Mask","Smiling Mask","Kunai","PreservedInsect"],"potions_floor_usage":[50,50],"damage_taken":[{"damage":8.0,"enemies":"Jaw Worm","floor":1.0,"turns":5.0},{"damage":0.0,"enemies":"Cultist","floor":3.0,"turns":4.0},{"damage":0.0,"enemies":"Small Slimes","floor":5.0,"turns":3.0},{"damage":16.0,"enemies":"Gremlin Nob","floor":7.0,"turns":4.0},{"damage":1.0,"enemies":"Looter","floor":10.0,"turns":3.0},{"damage":17.0,"enemies":"Lots of Slimes","floor":12.0,"turns":9.0},{"damage":0.0,"enemies":"Large Slime","floor":14.0,"turns":6.0},{"damage":28.0,"enemies":"Slime Boss","floor":16.0,"turns":6.0},{"damage":0.0,"enemies":"Shell Parasite","floor":18.0,"turns":5.0},{"damage":0.0,"enemies":"Spheric Guardian","floor":20.0,"turns":3.0},{"damage":9.0,"enemies":"Centurion and Healer","floor":22.0,"turns":5.0},{"damage":17.0,"enemies":"Book of Stabbing","floor":23.0,"turns":5.0},{"damage":18.0,"enemies":"Gremlin Leader","floor":27.0,"turns":5.0},{"damage":25.0,"enemies":"Book of Stabbing","floor":29.0,"turns":4.0},{"damage":7.0,"enemies":"Slavers","floor":31.0,"turns":5.0},{"damage":2.0,"enemies":"Collector","floor":33.0,"turns":4.0},{"damage":0.0,"enemies":"3 Shapes","floor":35.0,"turns":6.0},{"damage":0.0,"enemies":"Orb Walker","floor":39.0,"turns":2.0},{"damage":0,"enemies":"Writhing Mass","floor":44,"turns":4},{"damage":0,"enemies":"Spire Growth","floor":45,"turns":4},{"damage":10,"enemies":"Maw","floor":46,"turns":6},{"damage":0,"enemies":"Giant Head","floor":48,"turns":5},{"damage":36,"enemies":"Awakened One","floor":50,"turns":14}],"seed_played":"5491088012797745376","potions_obtained":[{"floor":3.0,"key":"SteroidPotion"},{"floor":5.0,"key":"Poison Potion"},{"floor":7.0,"key":"LiquidBronze"},{"floor":14.0,"key":"Swift Potion"},{"floor":23.0,"key":"Poison Potion"},{"floor":24.0,"key":"Swift Potion"},{"floor":29.0,"key":"EntropicBrew"},{"floor":35.0,"key":"SkillPotion"},{"floor":39.0,"key":"Swift Potion"}],"is_trial":false,"path_per_floor":["M","?","M","$","M","R","E","R","T","M","R","M","$","M","R","B",null,"M","?","M","$","M","E","?","R","T","E","R","E","R","E","R","B",null,"M","$","$","?","M","R","?","R","T","M","M","M","R","E","R","B",null],"character_chosen":"IRONCLAD","items_purchased":["Membership Card"],"campfire_rested":0,"item_purchase_floors":[36],"current_hp_per_floor":[48,48,54,54,60,60,50,50,50,55,55,44,44,50,50,53,70,78,78,81,81,81,73,73,73,73,61,61,42,42,44,44,76,89,96,96,96,96,96,96,87,87,87,93,99,102,102,105,105,108],"gold":222,"neow_bonus":"REMOVE_TWO","is_prod":false,"is_daily":false,"chose_seed":false,"campfire_upgraded":12,"win_rate":0,"timestamp":1541832221,"path_taken":["M","?","M","$","?","R","E","R","T","M","R","M","?","M","R","BOSS","M","?","M","$","M","E","?","R","T","E","R","E","R","E","R","BOSS","M","?","$","?","M","R","?","R","T","M","?","M","R","E","R","BOSS"],"build_version":"2018-11-08","purchased_purges":4,"victory":true,"max_hp_per_floor":[75,75,75,75,75,75,75,75,75,75,75,75,75,75,75,75,75,78,78,81,81,84,87,87,87,87,87,87,87,87,90,90,93,93,96,96,96,96,96,96,96,96,96,96,99,102,102,105,105,108],"card_choices":[{"not_picked":["Wild Strike","Rupture"],"picked":"Power Through","floor":1.0},{"not_picked":["Body Slam","Rage"],"picked":"Searing Blow","floor":3.0},{"not_picked":["Uppercut","Iron Wave"],"picked":"Second Wind","floor":5.0},{"not_picked":["Clothesline","Sentinel","Sword Boomerang"],"picked":"SKIP","floor":7.0},{"not_picked":["Clash","Sever Soul","Iron Wave"],"picked":"SKIP","floor":10.0},{"not_picked":["Intimidate","Carnage","Cleave"],"picked":"SKIP","floor":12.0},{"not_picked":["Power Through","Iron Wave"],"picked":"Limit Break","floor":14.0},{"not_picked":["Exhume","Juggernaut"],"picked":"Feed","floor":16.0},{"not_picked":["Flame Barrier","Cleave","Seeing Red"],"picked":"SKIP","floor":18.0},{"not_picked":["Anger+1","Headbutt","Wild Strike"],"picked":"SKIP","floor":20.0},{"not_picked":["Rampage","Inflame","Carnage"],"picked":"SKIP","floor":22.0},{"not_picked":["Havoc+1","Clash"],"picked":"Exhume","floor":23.0},{"not_picked":["Perfected Strike+1","Flame Barrier"],"picked":"Body Slam","floor":27.0},{"not_picked":["Clash","Evolve","Hemokinesis"],"picked":"SKIP","floor":29.0},{"not_picked":["Bloodletting","Thunderclap"],"picked":"Shrug It Off","floor":31.0},{"not_picked":["Offering","Brutality"],"picked":"Reaper","floor":33.0},{"not_picked":["Wild Strike","Metallicize+1","Headbutt"],"picked":"SKIP","floor":35.0},{"not_picked":["Reckless Charge","Iron Wave"],"picked":"Flex+1","floor":39.0},{"not_picked":["Clash+1","Sword Boomerang","Juggernaut"],"picked":"SKIP","floor":44},{"not_picked":["Intimidate","Clothesline","True Grit"],"picked":"SKIP","floor":45},{"not_picked":["Clash","Wild Strike+1","Headbutt+1"],"picked":"SKIP","floor":46},{"not_picked":["Intimidate+1","Sentinel","Carnage"],"picked":"SKIP","floor":48}],"player_experience":961718,"relics_obtained":[{"floor":7.0,"key":"Pantograph"},{"floor":9.0,"key":"Matryoshka"},{"floor":23.0,"key":"Anchor"},{"floor":26.0,"key":"The Courier"},{"floor":26.0,"key":"Potion Belt"},{"floor":27.0,"key":"Ancient Tea Set"},{"floor":29.0,"key":"Ice Cream"},{"floor":31.0,"key":"Happy Flower"},{"floor":43,"key":"Smiling Mask"},{"floor":43,"key":"Kunai"},{"floor":48,"key":"PreservedInsect"}],"event_choices":[{"cards_removed":["Strike_R"],"damage_healed":0.0,"max_hp_gain":0.0,"max_hp_loss":0.0,"gold_gain":0.0,"event_name":"Purifier","player_choice":"Purged","floor":2.0,"gold_loss":0.0,"damage_taken":0.0},{"damage_healed":0.0,"max_hp_gain":0.0,"max_hp_loss":0.0,"gold_gain":50.0,"event_name":"Nest","player_choice":"Stole From Cult","floor":19.0,"gold_loss":0.0,"damage_taken":0.0},{"damage_healed":0.0,"max_hp_gain":0.0,"max_hp_loss":0.0,"gold_gain":0.0,"event_name":"Lab","player_choice":"Got Potions","floor":24.0,"gold_loss":0.0,"damage_taken":0.0},{"damage_healed":0.0,"max_hp_gain":0.0,"max_hp_loss":0.0,"gold_gain":0.0,"event_name":"Tomb of Lord Red Mask","player_choice":"Paid","floor":38.0,"gold_loss":57.0,"damage_taken":0.0,"relics_obtained":["Red Mask"]},{"damage_healed":0,"gold_gain":50,"player_choice":"Touch","damage_taken":9,"max_hp_gain":0,"max_hp_loss":0,"event_name":"FaceTrader","floor":41,"gold_loss":0}],"is_beta":false,"boss_relics":[{"not_picked":["Snecko Eye","Eternal Feather"],"picked":"Runic Pyramid"},{"not_picked":["Calling Bell","Fusion Hammer"],"picked":"Runic Cube"}],"items_purged_floors":[4,13,21,36],"is_endless":false,"potions_floor_spawned":[3,5,7,14,22,23,29,33,35,39,48],"ascension_level":16}