{"gold_per_floor":[112,112,125,50,75,75,114,114,114,14,47,47,47,47,47,146,146,164,39,52,76,101,101,101,101],"floor_reached":25,"playtime":684,"items_purged":["Defend_B","Strike_B","Strike_B"],"score":418,"play_id":"b5e193ae-7c94-480e-bafb-ec993de929b7","local_time":"20190118210959","is_ascension_mode":true,"campfire_choices":[{"data":"Sunder","floor":6.0,"key":"SMITH"},{"data":"Hyperbeam","floor":8.0,"key":"SMITH"},{"floor":12.0,"key":"DIG"},{"floor":15.0,"key":"DIG"},{"floor":23,"key":"DIG"}],"neow_cost":"NONE","seed_source_timestamp":32825764620663,"circlet_count":0,"master_deck":["AscendersBane","Strike_B","Defend_B","Defend_B","Defend_B","Zap","Dualcast","Sunder+1","Capacitor","Hyperbeam+1","Pain","Electrodynamics","Recycle"],"special_seed":0,"relics":["Cracked Core","Golden Idol","Shovel","Blue Candle","Pantograph","WarpedTongs","Ancient Tea Set","Runic Pyramid","Strawberry"],"potions_floor_usage":[21,22,22],"damage_taken":[{"damage":0.0,"enemies":"2 Louse","floor":1.0,"turns":2.0},{"damage":2.0,"enemies":"Jaw Worm","floor":3.0,"turns":3.0},{"damage":0.0,"enemies":"Small Slimes","floor":5.0,"turns":3.0},{"damage":31.0,"enemies":"Gremlin Nob","floor":7.0,"turns":4.0},{"damage":10.0,"enemies":"3 Sentries","floor":11.0,"turns":3.0},{"damage":13.0,"enemies":"Slime Boss","floor":16.0,"turns":7.0},{"damage":1.0,"enemies":"Chosen","floor":18.0,"turns":3.0},{"damage":3,"enemies":"Spheric Guardian","floor":20,"turns":3},{"damage":20,"enemies":"Centurion and Healer","floor":21,"turns":4},{"damage":27,"enemies":"Snecko","floor":22,"turns":5},{"damage":1,"enemies":"Shelled Parasite and Fungi","floor":25,"turns":1}],"seed_played":"5113424395481715618","potions_obtained":[{"floor":3.0,"key":"Weak Potion"},{"floor":11.0,"key":"SpeedPotion"},{"floor":16.0,"key":"Fire Potion"},{"floor":20,"key":"Explosive Potion"},{"floor":21,"key":"EntropicBrew"}],"is_trial":false,"path_per_floor":["M","?","M","$","M","R","E","R","T","$","E","R","?","?","R","B",null,"M","$","M","M","M","R","$","M"],"character_chosen":"DEFECT","items_purchased":[],"campfire_rested":0,"item_purchase_floors":[],"current_hp_per_floor":[64,64,62,62,62,62,31,31,31,31,21,21,26,26,26,38,61,60,60,57,37,10,17,17,16],"gold":101,"neow_bonus":"REMOVE_CARD","is_prod":false,"is_daily":false,"chose_seed":false,"campfire_upgraded":2,"win_rate":0,"timestamp":1547816999,"path_taken":["M","?","M","$","M","R","E","R","T","$","E","R","?","?","R","BOSS","M","$","M","M","M","R","$","?"],"build_version":"2019-01-17","purchased_purges":3,"victory":false,"max_hp_per_floor":[71,64,64,64,64,64,64,64,64,64,64,64,69,69,69,69,69,69,69,69,69,69,76,76,76],"card_choices":[{"not_picked":["Stack","Skim"],"picked":"Sunder","floor":1.0},{"not_picked":["Ball Lightning","Redo"],"picked":"Capacitor","floor":3.0},{"not_picked":["Barrage","Turbo","Leap"],"picked":"SKIP","floor":5.0},{"not_picked":["Blizzard","Cold Snap"],"picked":"Hyperbeam","floor":7.0},{"not_picked":["Turbo","Reprogram","Capacitor"],"picked":"SKIP","floor":11.0},{"not_picked":["Buffer","Hyperbeam"],"picked":"Electrodynamics","floor":16.0},{"not_picked":["Ball Lightning","Sweeping Beam","Stack"],"picked":"SKIP","floor":18.0},{"not_picked":["Redo+1","Lockon","Streamline"],"picked":"SKIP","floor":20},{"not_picked":["Chaos","Stack","Gash"],"picked":"SKIP","floor":21},{"not_picked":["Gash","Cold Snap"],"picked":"Recycle","floor":22}],"player_experience":2013396,"relics_obtained":[{"floor":7.0,"key":"Shovel"},{"floor":11.0,"key":"Blue Candle"},{"floor":12.0,"key":"Pantograph"},{"floor":15.0,"key":"Ancient Tea Set"},{"floor":23,"key":"Strawberry"}],"event_choices":[{"damage_healed":0.0,"max_hp_gain":0.0,"max_hp_loss":7.0,"gold_gain":0.0,"event_name":"Golden Idol","player_choice":"Lose Max HP","floor":2.0,"gold_loss":0.0,"damage_taken":0.0,"relics_obtained":["Golden Idol"]},{"damage_healed":0.0,"max_hp_gain":5.0,"max_hp_loss":0.0,"gold_gain":0.0,"event_name":"Big Fish","player_choice":"Donut","floor":13.0,"gold_loss":0.0,"damage_taken":0.0},{"damage_healed":0.0,"max_hp_gain":0.0,"max_hp_loss":0.0,"gold_gain":0.0,"event_name":"Accursed Blacksmith","player_choice":"Rummage","floor":14.0,"gold_loss":0.0,"damage_taken":0.0,"relics_obtained":["WarpedTongs"],"cards_obtained":["Pain"]}],"is_beta":false,"boss_relics":[{"not_picked":["Ectoplasm","FrozenCore"],"picked":"Runic Pyramid"}],"items_purged_floors":[4,10,19],"is_endless":false,"potions_floor_spawned":[3,11,16,20,21],"killed_by":"Shelled Parasite and Fungi","ascension_level":20}