{"gold_per_floor":[115,128,29,42,42,42,61,61,85,102,135,146,146,158,158,232,232,252,302,302,312,312,343,377,377,423,423,185,213,128,28,28,99,99,115,133,133,58,58,58],"floor_reached":40,"playtime":1318,"items_purged":["Strike_B","Strike_B","Defend_B"],"score":994,"play_id":"6f7fcd2b-eefb-44a8-8a49-4982cb6c3ade","local_time":"20190417034920","is_ascension_mode":true,"campfire_choices":[{"data":"Discovery","floor":6.0,"key":"SMITH"},{"data":"Loop","floor":8.0,"key":"SMITH"},{"data":"Chaos","floor":15.0,"key":"SMITH"},{"data":"Turbo","floor":25,"key":"SMITH"},{"data":"Skim","floor":27,"key":"SMITH"},{"data":"Hologram","floor":32,"key":"SMITH"}],"neow_cost":"NONE","seed_source_timestamp":81043865438486,"circlet_count":0,"master_deck":["AscendersBane","Defend_B","Defend_B","Defend_B","Zap","Dualcast","Ball Lightning","Loop+1","Discovery+1","Hologram+1","White Noise","Chaos+1","Genetic Algorithm","Electrodynamics","Skim+1","Double Energy","Heatsinks+1","Turbo+1","Self Repair","Meteor Strike"],"special_seed":0,"relics":["Cracked Core","NeowsBlessing","Blood Vial","Juzu Bracelet","DataDisk","Nuclear Battery","Darkstone Periapt","Red Mask","Happy Flower","Shuriken","Vajra","Busted Crown","SsserpentHead"],"potions_floor_usage":[23,23,23,29,40],"damage_taken":[{"damage":0.0,"enemies":"Cultist","floor":1.0,"turns":1.0},{"damage":0.0,"enemies":"Small Slimes","floor":2.0,"turns":1.0},{"damage":0.0,"enemies":"Jaw Worm","floor":4.0,"turns":1.0},{"damage":4.0,"enemies":"Large Slime","floor":7.0,"turns":5.0},{"damage":19.0,"enemies":"Exordium Thugs","floor":10.0,"turns":4.0},{"damage":8.0,"enemies":"Lagavulin","floor":11.0,"turns":8.0},{"damage":13.0,"enemies":"Looter","floor":12.0,"turns":3.0},{"damage":10.0,"enemies":"Exordium Wildlife","floor":14.0,"turns":4.0},{"damage":9.0,"enemies":"The Guardian","floor":16.0,"turns":9.0},{"damage":9.0,"enemies":"Spheric Guardian","floor":18.0,"turns":3.0},{"damage":0,"enemies":"Chosen","floor":21,"turns":4},{"damage":0,"enemies":"Slavers","floor":23,"turns":2},{"damage":0,"enemies":"Masked Bandits","floor":24,"turns":1},{"damage":0,"enemies":"Book of Stabbing","floor":29,"turns":4},{"damage":28,"enemies":"Collector","floor":33,"turns":8},{"damage":0,"enemies":"Orb Walker","floor":35,"turns":2},{"damage":9,"enemies":"3 Darklings","floor":36,"turns":2},{"damage":84,"enemies":"Nemesis","floor":40,"turns":8}],"seed_played":"-7009948540515975892","potions_obtained":[{"floor":2.0,"key":"EntropicBrew"},{"floor":7.0,"key":"SneckoOil"},{"floor":11.0,"key":"Swift Potion"},{"floor":16.0,"key":"Swift Potion"},{"floor":24,"key":"GamblersBrew"},{"floor":29,"key":"SpeedPotion"}],"is_trial":false,"path_per_floor":["M","M","$","M","$","R","M","R","T","M","E","M","?","M","R","B",null,"M","?","?","M","?","E","?","R","T","R","$","E","?","$","R","B",null,"M","M","?","$","$","E"],"character_chosen":"DEFECT","items_purchased":["Discovery","Happy Flower"],"campfire_rested":0,"item_purchase_floors":[3,28],"current_hp_per_floor":[64,64,64,64,64,64,60,60,60,43,37,26,21,13,13,6,55,48,48,48,50,50,52,54,54,54,54,54,63,63,63,63,44,64,71,69,69,69,69,0],"gold":58,"neow_bonus":"THREE_ENEMY_KILL","is_prod":false,"is_daily":false,"chose_seed":false,"campfire_upgraded":6,"win_rate":0,"timestamp":1555444160,"path_taken":["M","M","$","M","?","R","M","R","T","M","E","M","?","M","R","BOSS","M","?","?","M","?","E","?","R","T","R","?","E","?","$","R","BOSS","M","M","?","?","$","E"],"build_version":"2019-01-23","purchased_purges":3,"victory":false,"max_hp_per_floor":[71,71,71,71,71,71,71,71,71,71,71,71,71,71,71,71,71,71,71,71,71,71,71,71,71,71,71,71,71,71,71,71,71,71,71,71,71,71,71,71],"card_choices":[{"not_picked":["Coolheaded","Fusion"],"picked":"Ball Lightning","floor":1.0},{"not_picked":["Redo","Sunder"],"picked":"Loop","floor":2.0},{"not_picked":["Steam","Rip and Tear"],"picked":"Hologram","floor":4.0},{"not_picked":["Go for the Eyes","Fusion"],"picked":"White Noise","floor":7.0},{"not_picked":["Sunder","Conserve Battery"],"picked":"Chaos","floor":10.0},{"not_picked":["Gash","Storm"],"picked":"Genetic Algorithm","floor":11.0},{"not_picked":["Streamline","Hologram","Fusion"],"picked":"SKIP","floor":12.0},{"not_picked":["Redo","Sweeping Beam","Scrape"],"picked":"SKIP","floor":14.0},{"not_picked":["Multi-Cast","Echo Form"],"picked":"Electrodynamics","floor":16.0},{"not_picked":["Streamline","Double Energy"],"picked":"Skim","floor":18.0},{"not_picked":["Go for the Eyes","Streamline"],"picked":"Heatsinks+1","floor":21},{"not_picked":["Sweeping Beam","Gash"],"picked":"Turbo","floor":23},{"not_picked":["Auto Shields","Rebound"],"picked":"Self Repair","floor":24},{"not_picked":["Beam Cell+1","Rebound","Hologram"],"picked":"SKIP","floor":29},{"not_picked":["Core Surge","Amplify"],"picked":"Meteor Strike","floor":33},{"not_picked":["Doom and Gloom"],"picked":"SKIP","floor":35},{"not_picked":["Hologram"],"picked":"SKIP","floor":36}],"player_experience":4339827,"relics_obtained":[{"floor":9.0,"key":"Blood Vial"},{"floor":11.0,"key":"Juzu Bracelet"},{"floor":23,"key":"Darkstone Periapt"},{"floor":24,"key":"Red Mask"},{"floor":29,"key":"Shuriken"}],"event_choices":[{"damage_healed":0.0,"max_hp_gain":0.0,"max_hp_loss":0.0,"gold_gain":0.0,"event_name":"Scrap Ooze","player_choice":"Success","floor":13.0,"gold_loss":0.0,"damage_taken":5.0,"relics_obtained":["DataDisk"]},{"damage_healed":0.0,"max_hp_gain":0.0,"max_hp_loss":0.0,"gold_gain":50.0,"event_name":"Nest","player_choice":"Stole From Cult","floor":19.0,"gold_loss":0.0,"damage_taken":0.0},{"damage_healed":0,"gold_gain":0,"cards_transformed":["Strike_B"],"player_choice":"Transformed","damage_taken":0,"max_hp_gain":0,"max_hp_loss":0,"event_name":"Transmorgrifier","floor":20,"gold_loss":0,"cards_obtained":["Double Energy"]},{"cards_removed":["Strike_B"],"damage_healed":0,"gold_gain":0,"player_choice":"Elegance","damage_taken":0,"max_hp_gain":0,"max_hp_loss":0,"event_name":"Back to Basics","floor":22,"gold_loss":0},{"damage_healed":0,"gold_gain":0,"player_choice":"Fought Bandits","damage_taken":0,"max_hp_gain":0,"max_hp_loss":0,"event_name":"Masked Bandits","floor":24,"gold_loss":0},{"damage_healed":0,"gold_gain":0,"player_choice":"Obtained Relic","damage_taken":0,"relics_obtained":["Vajra"],"max_hp_gain":0,"max_hp_loss":0,"event_name":"Addict","floor":30,"gold_loss":85},{"damage_healed":0,"gold_gain":0,"player_choice":"Trade","damage_taken":0,"relics_obtained":["SsserpentHead"],"max_hp_gain":0,"max_hp_loss":0,"event_name":"FaceTrader","floor":37,"gold_loss":0}],"is_beta":false,"boss_relics":[{"not_picked":["Velvet Choker","FrozenCore"],"picked":"Nuclear Battery"},{"not_picked":["Eternal Feather","Tiny House"],"picked":"Busted Crown"}],"items_purged_floors":[28,31,38],"is_endless":false,"potions_floor_spawned":[2,7,11,16,21,24,29,33],"killed_by":"Nemesis","ascension_level":20}