{"gold_per_floor":[113,113,128,144,144,175,175,213,513,532,532,314,350,10,10,106,106,125,125,145,158,202,240,240,281,318,366,378,433,26,69,69,165,165,184,247,261,87,87,125,140,180,256,287,328,328,351,351,351,351,351,351,84,119,119],"floor_reached":56,"playtime":7420,"items_purged":["Defend_G","Strike_G","Strike_G","Defend_G"],"score":2429,"play_id":"f59e136b-e62f-42c8-b9f8-48c4cda65e2a","local_time":"20190428202347","is_ascension_mode":true,"campfire_choices":[{"floor":7.0,"key":"REST"},{"data":"Skewer","floor":11.0,"key":"SMITH"},{"floor":15.0,"key":"REST"},{"data":"A Thousand Cuts","floor":24.0,"key":"SMITH"},{"data":"Night Terror","floor":28.0,"key":"SMITH"},{"floor":32.0,"key":"REST"},{"floor":46,"key":"RECALL"},{"floor":49,"key":"REST"},{"data":"Noxious Fumes","floor":52,"key":"SMITH"}],"neow_cost":"NONE","seed_source_timestamp":0,"circlet_count":0,"master_deck":["AscendersBane","Defend_G","Defend_G","Strike_G","Strike_G","Strike_G","Survivor","Neutralize","Cloak And Dagger","Leg Sweep","Skewer+1","Dash","Blur","Dash","Deadly Poison","A Thousand Cuts+1","Backflip+1","Acrobatics","Night Terror+1","Well Laid Plans+1","Magnetism","Backflip","Backflip+1","Reflex","PiercingWail","Noxious Fumes+1","Deflect+1","Blur","Calculated Gamble"],"special_seed":0,"relics":["White Beast Statue","Golden Idol","Meat on the Bone","Tingsha","Old Coin","Anchor","Letter Opener","Art of War","Snake Skull","HoveringKite","Red Mask","WingedGreaves","MawBank","Vajra","Bottled Flame","Unceasing Top","Omamori","Centennial Puzzle","Velvet Choker","Tough Bandages","Smiling Mask","Oddly Smooth Stone","Bag of Preparation","Dream Catcher","Turnip","Bag of Marbles","Happy Flower"],"potions_floor_usage":[42,44,55],"damage_taken":[{"damage":4.0,"enemies":"Jaw Worm","floor":1.0,"turns":5.0},{"damage":11.0,"enemies":"Small Slimes","floor":3.0,"turns":5.0},{"damage":0.0,"enemies":"Cultist","floor":4.0,"turns":6.0},{"damage":5.0,"enemies":"Gremlin Nob","floor":6.0,"turns":4.0},{"damage":23.0,"enemies":"3 Sentries","floor":8.0,"turns":14.0},{"damage":0.0,"enemies":"2 Fungi Beasts","floor":10.0,"turns":5.0},{"damage":20.0,"enemies":"Gremlin Nob","floor":13.0,"turns":4.0},{"damage":19.0,"enemies":"Slime Boss","floor":16.0,"turns":10.0},{"damage":10.0,"enemies":"2 Thieves","floor":18.0,"turns":4.0},{"damage":0.0,"enemies":"Chosen","floor":20.0,"turns":4.0},{"damage":18.0,"enemies":"Sentry and Sphere","floor":21.0,"turns":5.0},{"damage":14.0,"enemies":"Masked Bandits","floor":22.0,"turns":5.0},{"damage":8.0,"enemies":"Book of Stabbing","floor":23.0,"turns":5.0},{"damage":0.0,"enemies":"Gremlin Leader","floor":25.0,"turns":7.0},{"damage":10.0,"enemies":"Book of Stabbing","floor":27.0,"turns":6.0},{"damage":14.0,"enemies":"Slavers","floor":29.0,"turns":5.0},{"damage":13.0,"enemies":"Book of Stabbing","floor":31.0,"turns":5.0},{"damage":25.0,"enemies":"Automaton","floor":33.0,"turns":9.0},{"damage":0.0,"enemies":"Orb Walker","floor":35.0,"turns":4.0},{"damage":7.0,"enemies":"2 Orb Walkers","floor":36.0,"turns":6.0},{"damage":8,"enemies":"3 Darklings","floor":37,"turns":5},{"damage":37,"enemies":"Giant Head","floor":40,"turns":11},{"damage":0,"enemies":"Maw","floor":41,"turns":9},{"damage":10,"enemies":"Reptomancer","floor":42,"turns":7},{"damage":0,"enemies":"Giant Head","floor":44,"turns":9},{"damage":0,"enemies":"Nemesis","floor":45,"turns":5},{"damage":1,"enemies":"Transient","floor":47,"turns":5},{"damage":3,"enemies":"Awakened One","floor":50,"turns":19},{"damage":0,"enemies":"Shield and Spear","floor":54,"turns":8},{"damage":0,"enemies":"The Heart","floor":55,"turns":14}],"seed_played":"-1329951725026350875","potions_obtained":[{"floor":1.0,"key":"Swift Potion"},{"floor":3.0,"key":"AttackPotion"},{"floor":4.0,"key":"EntropicBrew"},{"floor":6.0,"key":"Block Potion"},{"floor":8.0,"key":"Weak Potion"},{"floor":10.0,"key":"FearPotion"},{"floor":13.0,"key":"PowerPotion"},{"floor":16.0,"key":"GhostInAJar"},{"floor":18.0,"key":"Energy Potion"},{"floor":21.0,"key":"PowerPotion"},{"floor":22.0,"key":"SteroidPotion"},{"floor":23.0,"key":"Energy Potion"},{"floor":27.0,"key":"Swift Potion"},{"floor":29.0,"key":"Weak Potion"},{"floor":31.0,"key":"GamblersBrew"},{"floor":33.0,"key":"SkillPotion"},{"floor":35.0,"key":"GhostInAJar"},{"floor":36,"key":"SteroidPotion"},{"floor":40,"key":"GhostInAJar"},{"floor":42,"key":"Block Potion"},{"floor":44,"key":"Explosive Potion"},{"floor":47,"key":"PowerPotion"},{"floor":54,"key":"Dexterity Potion"}],"is_trial":false,"path_per_floor":["M","?","M","M","?","E","R","E","T","M","R","$","E","$","R","B",null,"M","?","M","M","?","E","R","E","T","E","R","E","$","E","R","B",null,"M","?","M","$","?","E","M","E","T","E","E","R","M","?","R","B",null,"R","$","E","B",null],"character_chosen":"THE_SILENT","items_purchased":["Anchor","Deadly Poison","Art of War","Snake Skull","Magnetism","Omamori","PiercingWail","Bag of Marbles","Calculated Gamble"],"campfire_rested":4,"item_purchase_floors":[12,14,14,14,30,30,38,53,53],"current_hp_per_floor":[55,32,21,21,21,16,35,24,24,36,36,36,28,28,47,40,60,50,50,50,44,42,34,34,34,34,36,36,34,34,33,52,39,59,59,52,44,44,44,19,31,33,33,45,45,45,44,44,62,59,62,62,62,62,62],"gold":119,"neow_bonus":"BOSS_RELIC","is_prod":false,"is_daily":false,"chose_seed":false,"campfire_upgraded":4,"win_rate":0,"timestamp":1556475827,"path_taken":["M","?","M","M","?","E","R","E","T","M","R","$","E","$","R","BOSS","M","?","M","M","?","E","R","E","T","E","R","E","?","E","R","BOSS","M","?","M","$","?","E","M","E","T","E","E","R","?","?","R","BOSS","R","$","E","BOSS"],"build_version":"2019-01-23","purchased_purges":4,"victory":true,"max_hp_per_floor":[66,66,66,66,66,66,66,66,66,66,66,66,66,66,66,66,66,66,66,66,66,66,66,66,66,66,66,66,66,66,66,66,66,66,66,66,66,66,66,66,66,66,66,66,66,66,66,63,63,63,63,63,63,63,63],"card_choices":[{"not_picked":["Slice","Choke"],"picked":"Cloak And Dagger","floor":1.0},{"not_picked":["Heel Hook","Acrobatics","Prepared"],"picked":"SKIP","floor":3.0},{"not_picked":["Reflex","Escape Plan"],"picked":"Leg Sweep","floor":4.0},{"not_picked":["Bane","Deflect"],"picked":"Skewer","floor":6.0},{"not_picked":["Poisoned Stab","Accuracy"],"picked":"Dash","floor":8.0},{"not_picked":["Predator","Corpse Explosion"],"picked":"Blur","floor":10.0},{"not_picked":["Eviscerate","Dodge and Roll"],"picked":"Dash","floor":13.0},{"not_picked":["Burst","Corpse Explosion"],"picked":"A Thousand Cuts","floor":16.0},{"not_picked":["Cloak And Dagger","Deflect"],"picked":"Backflip+1","floor":18.0},{"not_picked":["Endless Agony","Underhanded Strike"],"picked":"Acrobatics","floor":20.0},{"not_picked":["Cloak And Dagger","Slice","Dodge and Roll"],"picked":"SKIP","floor":21.0},{"not_picked":["Dodge and Roll","Backstab","Poisoned Stab"],"picked":"SKIP","floor":23.0},{"not_picked":["Dodge and Roll","Backstab","Poisoned Stab"],"picked":"SKIP","floor":23.0},{"not_picked":["Poisoned Stab","Bane","Outmaneuver"],"picked":"SKIP","floor":25.0},{"not_picked":["Choke","Dagger Spray"],"picked":"Night Terror","floor":27.0},{"not_picked":["Escape Plan","Malaise"],"picked":"Well Laid Plans+1","floor":29.0},{"not_picked":["Dagger Throw","Night Terror"],"picked":"Backflip","floor":31.0},{"not_picked":["PiercingWail","Deadly Poison+1"],"picked":"Backflip+1","floor":35.0},{"not_picked":["Venomology","Concentrate+1"],"picked":"Reflex","floor":37},{"not_picked":["Deadly Poison","Blade Dance+1","Prepared"],"picked":"SKIP","floor":40},{"not_picked":["Deadly Poison","Backflip+1"],"picked":"Noxious Fumes","floor":41},{"not_picked":["Bane+1","Backflip"],"picked":"Deflect+1","floor":42},{"not_picked":["Unload","Blade Dance","Accuracy"],"picked":"SKIP","floor":44},{"not_picked":["Sucker Punch+1","Cloak And Dagger"],"picked":"Blur","floor":45},{"not_picked":["Dash+1","Distraction","Acrobatics"],"picked":"SKIP","floor":47},{"not_picked":["Bouncing Flask","Sucker Punch","Glass Knife"],"picked":"SKIP","floor":54}],"player_experience":524957,"relics_obtained":[{"floor":6.0,"key":"Meat on the Bone"},{"floor":8.0,"key":"Tingsha"},{"floor":9.0,"key":"Old Coin"},{"floor":13.0,"key":"Letter Opener"},{"floor":22.0,"key":"Red Mask"},{"floor":23.0,"key":"WingedGreaves"},{"floor":25.0,"key":"MawBank"},{"floor":26.0,"key":"Vajra"},{"floor":27.0,"key":"Bottled Flame"},{"floor":29.0,"key":"Unceasing Top"},{"floor":31.0,"key":"Centennial Puzzle"},{"floor":36,"key":"Tough Bandages"},{"floor":40,"key":"Oddly Smooth Stone"},{"floor":42,"key":"Bag of Preparation"},{"floor":44,"key":"Dream Catcher"},{"floor":45,"key":"Turnip"},{"floor":54,"key":"Happy Flower"}],"event_choices":[{"damage_healed":0.0,"max_hp_gain":0.0,"max_hp_loss":0.0,"gold_gain":0.0,"event_name":"Golden Idol","player_choice":"Take Damage","floor":2.0,"gold_loss":0.0,"damage_taken":23.0,"relics_obtained":["Golden Idol"]},{"cards_removed":["Defend_G"],"damage_healed":0.0,"max_hp_gain":0.0,"max_hp_loss":0.0,"gold_gain":0.0,"event_name":"Purifier","player_choice":"Purged","floor":5.0,"gold_loss":0.0,"damage_taken":0.0},{"damage_healed":0.0,"max_hp_gain":0.0,"max_hp_loss":0.0,"gold_gain":0.0,"event_name":"Vampires","player_choice":"Ignored","floor":19.0,"gold_loss":0.0,"damage_taken":0.0},{"damage_healed":0.0,"max_hp_gain":0.0,"max_hp_loss":0.0,"gold_gain":0.0,"event_name":"Masked Bandits","player_choice":"Fought Bandits","floor":22.0,"gold_loss":0.0,"damage_taken":0.0},{"damage_healed":0.0,"max_hp_gain":0.0,"max_hp_loss":0.0,"gold_gain":0.0,"event_name":"Mysterious Sphere","player_choice":"Fight","floor":36.0,"gold_loss":0.0,"damage_taken":0.0},{"damage_healed":0,"gold_gain":0,"player_choice":"Gave Potion","damage_taken":0,"relics_obtained":["Smiling Mask"],"max_hp_gain":0,"max_hp_loss":0,"event_name":"WeMeetAgain","floor":39,"gold_loss":0},{"damage_healed":0,"gold_gain":0,"player_choice":"Max HP","damage_taken":0,"max_hp_gain":0,"max_hp_loss":3,"event_name":"Winding Halls","floor":48,"gold_loss":0}],"is_beta":false,"boss_relics":[{"not_picked":["Empty Cage","Runic Dome"],"picked":"HoveringKite"},{"not_picked":["Eternal Feather","Astrolabe"],"picked":"Velvet Choker"}],"items_purged_floors":[12,30,38,53],"is_endless":false,"potions_floor_spawned":[1,3,4,6,8,10,13,16,18,20,21,22,23,25,27,29,31,33,35,36,37,40,41,42,44,45,47,54],"ascension_level":15}