{"gold_per_floor":[119,269,269,287,287,320,333,343,343,370,370,220,236,256,256,332,332,288,301,36,56,56,56],"floor_reached":23,"playtime":905,"items_purged":["Pain","Strike_G"],"score":556,"play_id":"64285e28-09f4-4beb-813d-34c2da2db0b6","local_time":"20181125205249","is_ascension_mode":true,"campfire_choices":[{"data":"Malaise","floor":11,"key":"SMITH"},{"data":"Footwork","floor":15,"key":"SMITH"}],"neow_cost":"NONE","seed_source_timestamp":8414814079463,"circlet_count":0,"master_deck":["AscendersBane","Defend_G","Defend_G","Defend_G","Defend_G","Defend_G","Strike_G","Strike_G","Strike_G","Survivor","Neutralize","Doubt","Tactician","Blur","Malaise+1","Flechettes","Footwork+1","Escape Plan","Calculated Gamble","Ghostly","Ghostly","Ghostly"],"relics":["Ring of the Snake","NeowsBlessing","WarpedTongs","Shuriken","Du-Vu Doll","FossilizedHelix","Coffee Dripper","PreservedInsect"],"potions_floor_usage":[14,16],"damage_taken":[{"damage":0,"enemies":"Jaw Worm","floor":1,"turns":1},{"damage":1,"enemies":"2 Louse","floor":4,"turns":2},{"damage":1,"enemies":"3 Sentries","floor":6,"turns":2},{"damage":5,"enemies":"Cultist","floor":7,"turns":6},{"damage":4,"enemies":"2 Fungi Beasts","floor":8,"turns":8},{"damage":35,"enemies":"Lagavulin","floor":10,"turns":14},{"damage":4,"enemies":"Lots of Slimes","floor":13,"turns":7},{"damage":9,"enemies":"Exordium Wildlife","floor":14,"turns":10},{"damage":0,"enemies":"The Guardian","floor":16,"turns":15},{"damage":14,"enemies":"2 Thieves","floor":18,"turns":5},{"damage":0,"enemies":"Chosen","floor":19,"turns":9},{"damage":33,"enemies":"Sentry and Sphere","floor":21,"turns":12},{"damage":7,"enemies":"Slavers","floor":23,"turns":5}],"seed_played":"7866422271414235806","potions_obtained":[{"floor":6,"key":"Dexterity Potion"},{"floor":10,"key":"Regen Potion"},{"floor":14,"key":"PowerPotion"},{"floor":16,"key":"Dexterity Potion"}],"is_trial":false,"path_per_floor":["M","?","?","M","?","E","M","M","T","E","R","$","M","M","R","B",null,"M","M","$","M","?","E"],"character_chosen":"THE_SILENT","items_purchased":["Footwork","PreservedInsect"],"campfire_rested":0,"item_purchase_floors":[12,20],"current_hp_per_floor":[59,59,59,58,58,57,52,48,48,13,13,13,9,12,12,12,53,39,39,39,6,6,0],"gold":56,"neow_bonus":"THREE_ENEMY_KILL","is_prod":false,"is_daily":false,"chose_seed":false,"campfire_upgraded":2,"win_rate":0,"timestamp":1543150369,"path_taken":["M","?","?","?","?","E","M","M","T","E","R","$","M","M","R","BOSS","M","?","$","M","?","E"],"build_version":"2018-11-15","purchased_purges":2,"victory":false,"max_hp_per_floor":[66,66,66,66,66,66,66,66,66,66,66,66,66,66,66,66,66,66,66,66,66,33,33],"card_choices":[{"not_picked":["PiercingWail","Deflect","Underhanded Strike"],"picked":"SKIP","floor":1},{"not_picked":["PiercingWail","Deflect","Underhanded Strike"],"picked":"SKIP","floor":1},{"not_picked":["Dagger Throw","Outmaneuver"],"picked":"Tactician","floor":4},{"not_picked":["Underhanded Strike","Backflip"],"picked":"Blur","floor":6},{"not_picked":["Dagger Spray","Catalyst"],"picked":"Malaise","floor":7},{"not_picked":["Blade Dance","Bane","Dagger Throw"],"picked":"SKIP","floor":8},{"not_picked":["Outmaneuver","Quick Slash"],"picked":"Flechettes","floor":10},{"not_picked":["Catalyst","Blur","Leg Sweep"],"picked":"SKIP","floor":13},{"not_picked":["Slice","Sucker Punch"],"picked":"Escape Plan","floor":14},{"not_picked":["Slice+1","Finisher+1","Distraction"],"picked":"SKIP","floor":18},{"not_picked":["Outmaneuver","Dagger Spray"],"picked":"Calculated Gamble","floor":19},{"not_picked":["Eviscerate","Poisoned Stab","Catalyst"],"picked":"SKIP","floor":21}],"player_experience":1156586,"relics_obtained":[{"floor":6,"key":"Shuriken"},{"floor":9,"key":"Du-Vu Doll"},{"floor":10,"key":"FossilizedHelix"}],"event_choices":[{"damage_healed":0,"gold_gain":150,"player_choice":"AGREE","damage_taken":0,"max_hp_gain":0,"max_hp_loss":0,"event_name":"Liars Game","floor":2,"gold_loss":0,"cards_obtained":["Doubt"]},{"damage_healed":0,"gold_gain":0,"player_choice":"Rummage","damage_taken":0,"relics_obtained":["WarpedTongs"],"max_hp_gain":0,"max_hp_loss":0,"event_name":"Accursed Blacksmith","floor":3,"gold_loss":0,"cards_obtained":["Pain"]},{"cards_removed":["Strike_G"],"damage_healed":0,"gold_gain":0,"player_choice":"Card Removal","damage_taken":0,"max_hp_gain":0,"max_hp_loss":0,"event_name":"Wheel of Change","floor":5,"gold_loss":0},{"damage_healed":0,"gold_gain":0,"player_choice":"Became a Ghost","damage_taken":0,"max_hp_gain":0,"max_hp_loss":33,"event_name":"Ghosts","floor":22,"gold_loss":0,"cards_obtained":["Ghostly","Ghostly","Ghostly"]}],"is_beta":true,"boss_relics":[{"not_picked":["Eternal Feather","Busted Crown"],"picked":"Coffee Dripper"}],"items_purged_floors":[12,20],"is_endless":false,"potions_floor_spawned":[6,10,14,16,18],"killed_by":"Slavers","ascension_level":20}