{"path_per_floor":["M","M","M","M","M","R","?","?","T","R","M","M","$","M","R","B",null,"M","?","T","?","$","R","M","R","T","M","M","M"],"character_chosen":"THE_SILENT","items_purchased":["Footwork"],"gold_per_floor":[113,126,142,153,173,173,153,153,179,179,189,199,124,134,134,209,209,225,150,450,477,296,296,308,308,308,323,333,344,344],"floor_reached":30,"campfire_rested":1,"playtime":1296,"item_purchase_floors":[22],"current_hp_per_floor":[59,59,57,54,28,28,28,8,8,27,25,25,25,25,25,7,55,53,53,53,14,14,14,14,14,14,9,7,7,0],"items_purged":["Strike_G","Strike_G"],"gold":344,"score":396,"play_id":"aac44688-5d4d-4ac4-9509-db176a68ac65","local_time":"20180619203854","is_prod":false,"is_daily":false,"chose_seed":false,"is_ascension_mode":true,"campfire_upgraded":4,"win_rate":0,"timestamp":1529411934,"campfire_choices":[{"data":"Noxious Fumes","floor":6,"key":"SMITH"},{"floor":10,"key":"REST"},{"data":"Bane","floor":15,"key":"SMITH"},{"data":"Burst","floor":23,"key":"SMITH"},{"data":"After Image","floor":25,"key":"SMITH"}],"path_taken":["M","M","M","M","M","R","?","?","T","R","?","M","$","M","R","BOSS","M","?","?","?","$","R","M","R","T","M","M","M","?"],"build_version":"2018-06-18","seed_source_timestamp":39460005416585,"purchased_purges":2,"circlet_count":0,"victory":false,"master_deck":["Defend_G","Defend_G","Defend_G","Defend_G","Defend_G","Strike_G+1","Strike_G","Survivor","Neutralize+1","AscendersBane","Noxious Fumes+1","Dagger Throw+1","Backflip","Bane+1","After Image+1","Sucker Punch","Burst+1","Heel Hook","Footwork","Poisoned Stab","Poisoned Stab"],"max_hp_per_floor":[66,66,66,66,66,66,66,66,66,66,71,71,71,71,71,71,71,71,71,71,71,71,71,71,71,71,71,71,71,71],"relics":["Ring of the Snake","Oddly Smooth Stone","Coffee Dripper","Old Coin","Red Mask","The Courier"],"card_choices":[{"not_picked":["Deflect","Dagger Throw"],"picked":"Noxious Fumes","floor":1},{"not_picked":["Terror","Expertise","Deflect"],"picked":"SKIP","floor":2},{"not_picked":["Malaise","Quick Slash"],"picked":"Dagger Throw","floor":3},{"not_picked":["Choke","Predator"],"picked":"Backflip","floor":4},{"not_picked":["Deflect","Finisher","Underhanded Strike"],"picked":"SKIP","floor":5},{"not_picked":["Underhanded Strike","Dagger Spray"],"picked":"Bane","floor":11},{"not_picked":["PiercingWail","Masterful Stab"],"picked":"After Image","floor":12},{"not_picked":["Setup","Predator"],"picked":"Sucker Punch","floor":14},{"not_picked":["Die Die Die","Grand Finale"],"picked":"Burst","floor":16},{"not_picked":["Flying Knee","Distraction","Terror"],"picked":"SKIP","floor":18},{"not_picked":["Backflip","Slice"],"picked":"Heel Hook","floor":21},{"not_picked":["Dagger Spray","Acrobatics"],"picked":"Poisoned Stab","floor":24},{"not_picked":["Acrobatics","Accuracy"],"picked":"Poisoned Stab","floor":27},{"not_picked":["Distraction","Leg Sweep","Riddle With Holes"],"picked":"SKIP","floor":28},{"not_picked":["Well Laid Plans","Dagger Throw+1","Poisoned Stab"],"picked":"SKIP","floor":29}],"player_experience":648161,"potions_floor_usage":[11,28],"damage_taken":[{"damage":0,"enemies":"Cultist","floor":1,"turns":5},{"damage":0,"enemies":"Jaw Worm","floor":2,"turns":7},{"damage":2,"enemies":"Small Slimes","floor":3,"turns":4},{"damage":3,"enemies":"2 Fungi Beasts","floor":4,"turns":4},{"damage":26,"enemies":"Exordium Wildlife","floor":5,"turns":6},{"damage":7,"enemies":"Large Slime","floor":11,"turns":6},{"damage":0,"enemies":"Blue Slaver","floor":12,"turns":4},{"damage":0,"enemies":"Exordium Wildlife","floor":14,"turns":3},{"damage":18,"enemies":"Hexaghost","floor":16,"turns":11},{"damage":2,"enemies":"Spheric Guardian","floor":18,"turns":6},{"damage":39,"floor":21,"turns":6},{"damage":0,"enemies":"Shell Parasite","floor":24,"turns":6},{"damage":5,"enemies":"Centurion and Healer","floor":27,"turns":8},{"damage":2,"enemies":"Cultist and Chosen","floor":28,"turns":6},{"damage":0,"enemies":"Sentry and Sphere","floor":29,"turns":6},{"damage":13,"enemies":"Snecko","floor":30,"turns":3}],"relics_obtained":[{"floor":9,"key":"Oddly Smooth Stone"},{"floor":20,"key":"Old Coin"},{"floor":21,"key":"Red Mask"},{"floor":26,"key":"The Courier"}],"event_choices":[{"event_name":"The Woman in Blue","player_choice":"Bought 1 Potion","floor":7,"damage_taken":0},{"event_name":"Shining Light","player_choice":"Entered Light","floor":8,"damage_taken":0},{"event_name":"Beggar","player_choice":"Gave Gold","floor":19,"damage_taken":0},{"event_name":"Masked Bandits","player_choice":"Fought over 450 gold","floor":21,"damage_taken":0}],"boss_relics":[{"not_picked":["Orrery","Ectoplasm"],"picked":"Coffee Dripper"}],"items_purged_floors":[13,22],"is_endless":false,"potions_floor_spawned":[3,4,5,16,18,28,29],"seed_played":"3486176955924347036","killed_by":"Snecko","ascension_level":15,"potions_obtained":[{"floor":3,"key":"SpeedPotion"},{"floor":4,"key":"SpeedPotion"},{"floor":7,"key":"Fruit Juice"},{"floor":16,"key":"Weak Potion"},{"floor":28,"key":"SpeedPotion"}],"is_trial":false}