{"gold_per_floor":[111,129,129,144,159,159,174,174,174,174,195,208,231,156,156,276,276,299,299,199,219,240,240,256,274,274,290,308,308,183,204,204,335,335,358,128,143,159,180,180,221,221,221,221,221,72,98,119,119,119],"floor_reached":51,"playtime":2867,"items_purged":["Strike_G","Strike_G","Strike_G","Defend_G"],"score":677,"play_id":"3b9c4f16-6c48-42d8-9378-45423158f9fb","local_time":"20181017201738","is_ascension_mode":false,"campfire_choices":[{"data":"Phantasmal Killer","floor":6.0,"key":"SMITH"},{"data":"Neutralize","floor":8.0,"key":"SMITH"},{"data":"Wraith Form v2","floor":15.0,"key":"SMITH"},{"floor":23.0,"key":"REST"},{"floor":29.0,"key":"REST"},{"floor":32.0,"key":"REST"},{"floor":40.0,"key":"REST"},{"floor":42.0,"key":"REST"},{"floor":45.0,"key":"REST"},{"floor":49.0,"key":"REST"}],"neow_cost":"NONE","seed_source_timestamp":33505627928104,"circlet_count":0,"master_deck":["Defend_G+1","Defend_G+1","Defend_G+1","Defend_G+1","Strike_G+1","Strike_G+1","Survivor+1","Neutralize+1","Phantasmal Killer+1","Backflip+1","Grand Finale+1","Wraith Form v2+1","Tools of the Trade+1","Well Laid Plans+1","Deadly Poison+1","Noxious Fumes+1","Adrenaline+1","Well Laid Plans+1","Backflip+1","Acrobatics+1","Grand Finale","Night Terror"],"special_seed":0,"relics":["Ring of the Snake","Golden Idol","Centennial Puzzle","Fusion Hammer","Meat on the Bone","Sozu","Oddly Smooth Stone","Paper Crane","Mark of the Bloom","Blood Vial"],"potions_floor_usage":[50],"damage_taken":[{"damage":0.0,"enemies":"Jaw Worm","floor":1.0,"turns":4.0},{"damage":0.0,"enemies":"Small Slimes","floor":2.0,"turns":6.0},{"damage":0.0,"enemies":"2 Louse","floor":4.0,"turns":4.0},{"damage":0.0,"enemies":"Large Slime","floor":5.0,"turns":9.0},{"damage":2.0,"enemies":"3 Louse","floor":7.0,"turns":6.0},{"damage":2.0,"enemies":"Looter","floor":11.0,"turns":2.0},{"damage":8.0,"enemies":"Lots of Slimes","floor":12.0,"turns":7.0},{"damage":3.0,"enemies":"Red Slaver","floor":13.0,"turns":2.0},{"damage":34.0,"enemies":"The Guardian","floor":16.0,"turns":20.0},{"damage":2.0,"enemies":"3 Byrds","floor":18.0,"turns":2.0},{"damage":0.0,"enemies":"Shell Parasite","floor":21.0,"turns":8.0},{"damage":3.0,"enemies":"3 Cultists","floor":22.0,"turns":4.0},{"damage":2.0,"enemies":"Shelled Parasite and Fungi","floor":24.0,"turns":5.0},{"damage":5.0,"enemies":"Snake Plant","floor":25.0,"turns":2.0},{"damage":9.0,"enemies":"Sentry and Sphere","floor":27.0,"turns":7.0},{"damage":0.0,"enemies":"Snecko","floor":28.0,"turns":6.0},{"damage":11.0,"enemies":"Snake Plant","floor":31.0,"turns":2.0},{"damage":19.0,"enemies":"Collector","floor":33.0,"turns":7.0},{"damage":1.0,"enemies":"Orb Walker","floor":35.0,"turns":4.0},{"damage":1.0,"enemies":"3 Darklings","floor":37.0,"turns":3.0},{"damage":11.0,"enemies":"4 Shapes","floor":38.0,"turns":2.0},{"damage":23.0,"enemies":"Maw","floor":39.0,"turns":9.0},{"damage":20.0,"enemies":"2 Orb Walkers","floor":41.0,"turns":4.0},{"damage":0.0,"enemies":"Spire Growth","floor":48.0,"turns":2.0},{"damage":33,"enemies":"Awakened One","floor":50,"turns":13}],"seed_played":"-1654973650957697180","potions_obtained":[{"floor":5.0,"key":"LiquidBronze"},{"floor":11.0,"key":"Ancient Potion"},{"floor":12.0,"key":"Fire Potion"},{"floor":22.0,"key":"SkillPotion"},{"floor":24.0,"key":"SpeedPotion"},{"floor":25.0,"key":"Energy Potion"}],"is_trial":false,"path_per_floor":["M","M","?","M","M","R","M","R","T","?","M","M","M","$","R","B",null,"M","?","$","M","M","R","M","M","T","M","M","R","$","M","R","B",null,"M","$","M","M","M","R","E","R","T","?","R","$","T","M","R","B"],"character_chosen":"THE_SILENT","items_purchased":["Well Laid Plans","Grand Finale"],"campfire_rested":7,"item_purchase_floors":[36,46],"current_hp_per_floor":[70,70,65,65,65,65,63,63,63,68,66,58,55,55,55,21,70,68,70,70,70,67,70,68,63,63,54,54,70,70,59,70,51,70,69,69,68,57,46,67,47,68,68,68,68,68,68,68,68,35],"gold":119,"neow_bonus":"ONE_RANDOM_RARE_CARD","is_prod":false,"is_daily":false,"chose_seed":false,"campfire_upgraded":3,"win_rate":0,"timestamp":1539778658,"path_taken":["M","M","?","M","M","R","M","R","T","?","M","M","M","$","R","BOSS","M","?","$","M","M","R","M","M","T","M","M","R","$","?","R","BOSS","M","$","M","M","?","R","E","R","T","?","R","$","?","M","R","BOSS"],"build_version":"2018-10-11","purchased_purges":4,"victory":true,"max_hp_per_floor":[70,70,65,65,65,65,65,65,65,70,70,70,70,70,70,70,70,70,70,70,70,70,70,70,70,70,70,70,70,70,70,70,70,70,70,70,70,70,70,70,70,70,70,70,70,70,70,70,70,70],"card_choices":[{"not_picked":["Cloak And Dagger","PiercingWail"],"picked":"Backflip","floor":1.0},{"not_picked":["Outmaneuver","Deflect","Underhanded Strike"],"picked":"SKIP","floor":2.0},{"not_picked":["Infinite Blades","Dagger Spray","Underhanded Strike"],"picked":"SKIP","floor":4.0},{"not_picked":["Distraction","Cloak And Dagger","Underhanded Strike"],"picked":"SKIP","floor":5.0},{"not_picked":["Infinite Blades","Dodge and Roll"],"picked":"Grand Finale","floor":7.0},{"not_picked":["Acrobatics","Underhanded Strike","Prepared"],"picked":"SKIP","floor":11.0},{"not_picked":["PiercingWail","Underhanded Strike","Flying Knee"],"picked":"SKIP","floor":12.0},{"not_picked":["Slice","Sucker Punch"],"picked":"Wraith Form v2","floor":13.0},{"not_picked":["Burst","A Thousand Cuts"],"picked":"Tools of the Trade","floor":16.0},{"not_picked":["Prepared+1","Bouncing Flask"],"picked":"Well Laid Plans","floor":18.0},{"not_picked":["Caltrops","Masterful Stab"],"picked":"Deadly Poison+1","floor":21.0},{"not_picked":["Quick Slash","Backflip","Choke"],"picked":"SKIP","floor":22.0},{"not_picked":["Distraction","Backstab","Underhanded Strike+1"],"picked":"SKIP","floor":24.0},{"not_picked":["Poisoned Stab","Quick Slash","Backflip"],"picked":"SKIP","floor":25.0},{"not_picked":["Terror+1","PiercingWail","Finisher"],"picked":"SKIP","floor":27.0},{"not_picked":["Sucker Punch","Crippling Poison","Quick Slash"],"picked":"SKIP","floor":28.0},{"not_picked":["Poisoned Stab+1","Leg Sweep"],"picked":"Noxious Fumes","floor":31.0},{"not_picked":["Bullet Time","Venomology"],"picked":"Adrenaline","floor":33.0},{"not_picked":["Eviscerate+1","Dodge and Roll+1","Deadly Poison"],"picked":"SKIP","floor":35.0},{"not_picked":["Slice+1","Riddle With Holes+1","Skewer"],"picked":"SKIP","floor":37.0},{"not_picked":["Poisoned Stab+1","Cloak And Dagger","Caltrops+1"],"picked":"SKIP","floor":38.0},{"not_picked":["Blade Dance","Calculated Gamble"],"picked":"Backflip","floor":39.0},{"not_picked":["Dagger Throw+1","Deflect","Acrobatics+1"],"picked":"SKIP","floor":41.0},{"not_picked":["Dagger Throw+1","Deflect"],"picked":"Acrobatics+1","floor":41.0},{"not_picked":["Flying Knee","Sucker Punch+1"],"picked":"Night Terror","floor":48.0}],"player_experience":303785,"relics_obtained":[{"floor":9.0,"key":"Centennial Puzzle"},{"floor":26.0,"key":"Meat on the Bone"},{"floor":41.0,"key":"Oddly Smooth Stone"},{"floor":43.0,"key":"Paper Crane"},{"floor":47.0,"key":"Blood Vial"}],"event_choices":[{"event_name":"Golden Idol","player_choice":"Lose Max HP","floor":3.0,"damage_taken":0.0},{"event_name":"Big Fish","player_choice":"Donut","floor":10.0,"damage_taken":0.0},{"event_name":"Wheel of Change","player_choice":"Full Heal","floor":19.0,"damage_taken":0.0},{"event_name":"MindBloom","player_choice":"Upgrade","floor":44.0,"damage_taken":0.0}],"is_beta":false,"boss_relics":[{"not_picked":["Black Star","Tiny House"],"picked":"Fusion Hammer"},{"not_picked":["Runic Dome","Philosopher\u0027s Stone"],"picked":"Sozu"}],"items_purged_floors":[14,20,30,36],"is_endless":false,"potions_floor_spawned":[5,11,12,22,24,25,31,33,37,38,39],"ascension_level":0}