{"gold_per_floor":[115,56,56,56,70,105,105,30,30,30,55,55,94,129,141,248,260,290,316,61,186,204,204,229,229,255,255,123,193,193,232,232,327,327,340,68,290,290,303,303,346,370,370,411,411,204,204,204,204,204,204,204,204,38,38],"floor_reached":55,"playtime":3220,"items_purged":["Strike_B","Defend_B","Defend_B","Streamline+1"],"score":1859,"play_id":"60a952c1-8e76-4aae-9153-67391f5b19f6","local_time":"20190205185447","is_ascension_mode":true,"campfire_choices":[{"data":"Defragment","floor":7.0,"key":"SMITH"},{"data":"Streamline","floor":10.0,"key":"SMITH"},{"data":"Dualcast","floor":15.0,"key":"SMITH"},{"data":"Defend_B","floor":23.0,"key":"PURGE"},{"floor":27.0,"key":"REST"},{"floor":30.0,"key":"REST"},{"floor":32.0,"key":"REST"},{"data":"Defend_B","floor":40.0,"key":"PURGE"},{"floor":47,"key":"RECALL"},{"data":"Ball Lightning","floor":49,"key":"PURGE"},{"data":"Reprogram+1","floor":53,"key":"PURGE"}],"neow_cost":"TEN_PERCENT_HP_LOSS","seed_source_timestamp":13601881000714,"circlet_count":0,"master_deck":["AscendersBane","Zap+1","Dualcast+1","Machine Learning","Hologram","Defragment+1","Redo+1","White Noise+1","Electrodynamics","Biased Cognition","Coolheaded+1","Skim+1","Capacitor","Hologram+1","Thunder Strike","Ball Lightning","Electrodynamics","Reboot+1","Consume+1","Defragment","Coolheaded+1","Thunder Strike","All For One"],"special_seed":0,"relics":["Cracked Core","Golden Idol","Toxic Egg 2","Bag of Marbles","MawBank","Fusion Hammer","Membership Card","Peace Pipe","Pear","PreservedInsect","Tiny Chest","Red Mask","Snecko Eye","OrangePellets","Bird Faced Urn","Regal Pillow","War Paint","Medical Kit"],"potions_floor_usage":[],"damage_taken":[{"damage":2.0,"enemies":"Small Slimes","floor":1.0,"turns":4.0},{"damage":1.0,"enemies":"Cultist","floor":5.0,"turns":3.0},{"damage":12.0,"enemies":"3 Sentries","floor":6.0,"turns":6.0},{"damage":7.0,"enemies":"Jaw Worm","floor":11.0,"turns":2.0},{"damage":15.0,"enemies":"Gremlin Nob","floor":13.0,"turns":3.0},{"damage":0.0,"enemies":"2 Fungi Beasts","floor":14.0,"turns":2.0},{"damage":14.0,"enemies":"Hexaghost","floor":16.0,"turns":7.0},{"damage":0.0,"enemies":"Chosen","floor":18.0,"turns":3.0},{"damage":7.0,"enemies":"2 Thieves","floor":19.0,"turns":2.0},{"damage":21.0,"enemies":"Colosseum Slavers","floor":21.0,"turns":2.0},{"damage":2.0,"enemies":"Colosseum Nobs","floor":21.0,"turns":2.0},{"damage":14.0,"enemies":"Centurion and Healer","floor":22.0,"turns":2.0},{"damage":0.0,"enemies":"3 Cultists","floor":24.0,"turns":2.0},{"damage":0.0,"enemies":"Book of Stabbing","floor":25.0,"turns":1.0},{"damage":31.0,"enemies":"Slavers","floor":29.0,"turns":2.0},{"damage":12.0,"enemies":"Masked Bandits","floor":31.0,"turns":2.0},{"damage":25.0,"enemies":"Champ","floor":33.0,"turns":7.0},{"damage":0.0,"enemies":"3 Shapes","floor":35.0,"turns":3.0},{"damage":0.0,"enemies":"3 Darklings","floor":39.0,"turns":2.0},{"damage":30.0,"enemies":"Giant Head","floor":41.0,"turns":7.0},{"damage":0.0,"enemies":"4 Shapes","floor":42.0,"turns":3.0},{"damage":34.0,"enemies":"Reptomancer","floor":44.0,"turns":4.0},{"damage":22,"enemies":"Donu and Deca","floor":50,"turns":7},{"damage":36,"enemies":"Awakened One","floor":51,"turns":9},{"damage":53,"enemies":"Shield and Spear","floor":55,"turns":2}],"seed_played":"-2979175931120626553","potions_obtained":[{"floor":1.0,"key":"Dexterity Potion"},{"floor":5.0,"key":"PowerPotion"},{"floor":13.0,"key":"SkillPotion"},{"floor":18.0,"key":"Explosive Potion"},{"floor":21.0,"key":"GamblersBrew"},{"floor":22.0,"key":"SmokeBomb"},{"floor":24.0,"key":"FocusPotion"},{"floor":31.0,"key":"Poison Potion"}],"is_trial":false,"path_per_floor":["M","$","?","?","M","E","R","$","T","R","M","?","E","M","R","B",null,"M","M","$","?","M","R","M","E","T","R","$","E","R","?","R","B",null,"M","$","?","?","M","R","E","M","T","E","?","$","R","?","R","B","B",null,"R","$","E"],"character_chosen":"DEFECT","items_purchased":["Ball Lightning","Membership Card","Thunder Strike","Ball Lightning","OrangePellets","Bird Faced Urn","Medical Kit","Coolheaded+1","Thunder Strike","All For One"],"campfire_rested":3,"item_purchase_floors":[2,20,28,28,36,36,46,46,54,54],"current_hp_per_floor":[62,62,62,58,57,45,45,45,45,45,38,38,23,23,23,9,46,46,39,39,26,12,12,12,12,12,32,32,1,21,9,29,4,52,52,52,52,52,60,60,40,52,52,30,30,30,30,56,56,44,24,48,48,48,0],"gold":38,"neow_bonus":"TRANSFORM_TWO_CARDS","is_prod":false,"is_daily":false,"chose_seed":false,"campfire_upgraded":3,"win_rate":0,"timestamp":1549364087,"path_taken":["M","$","?","?","M","E","R","$","T","R","M","?","E","M","R","BOSS","M","?","$","?","M","R","M","E","T","R","$","E","R","?","R","BOSS","M","$","?","?","M","R","E","M","T","E","?","?","R","?","R","BOSS","BOSS","R","$","E"],"build_version":"2019-01-23","purchased_purges":4,"victory":false,"max_hp_per_floor":[64,64,64,58,58,58,58,58,58,58,58,58,58,58,58,58,58,58,58,58,68,68,68,68,68,68,68,68,68,68,68,68,68,68,68,68,68,68,68,68,68,68,68,68,68,68,68,56,56,56,56,56,56,56,56],"card_choices":[{"not_picked":["Heatsinks","Sweeping Beam"],"picked":"Hologram","floor":1.0},{"not_picked":["Cold Snap","Scrape"],"picked":"Streamline","floor":5.0},{"not_picked":["Go for the Eyes","BootSequence"],"picked":"Defragment","floor":6.0},{"not_picked":["Tempest+1","Streamline"],"picked":"Redo+1","floor":11.0},{"not_picked":["Turbo+1","Aggregate+1"],"picked":"Electrodynamics","floor":13.0},{"not_picked":["Conserve Battery+1","Redo+1","Barrage"],"picked":"SKIP","floor":14.0},{"not_picked":["Hyperbeam","Echo Form"],"picked":"Biased Cognition","floor":16.0},{"not_picked":["Double Energy+1","Genetic Algorithm+1"],"picked":"Coolheaded+1","floor":18.0},{"not_picked":["Hologram+1","Cold Snap"],"picked":"Skim+1","floor":19.0},{"not_picked":["Coolheaded+1","Barrage"],"picked":"Capacitor","floor":21.0},{"not_picked":["Go for the Eyes+1","Beam Cell","Aggregate+1"],"picked":"SKIP","floor":22.0},{"not_picked":["Redo+1","Turbo+1"],"picked":"Hologram+1","floor":24.0},{"not_picked":["Gash","Redo+1"],"picked":"Electrodynamics","floor":29.0},{"not_picked":["Electrodynamics","All For One"],"picked":"Reboot+1","floor":33.0},{"not_picked":["Static Discharge","Sweeping Beam"],"picked":"Consume+1","floor":35.0},{"not_picked":["Barrage","Leap+1","Loop"],"picked":"SKIP","floor":39.0},{"not_picked":["Cold Snap+1","Consume+1","Beam Cell+1"],"picked":"SKIP","floor":41.0},{"not_picked":["Streamline","Steam+1","Redo+1"],"picked":"SKIP","floor":42.0},{"not_picked":["Barrage+1","Aggregate+1"],"picked":"Defragment","floor":44.0}],"player_experience":2541247,"relics_obtained":[{"floor":6.0,"key":"Toxic Egg 2"},{"floor":9.0,"key":"Bag of Marbles"},{"floor":13.0,"key":"MawBank"},{"floor":21.0,"key":"Peace Pipe"},{"floor":21.0,"key":"Pear"},{"floor":26.0,"key":"PreservedInsect"},{"floor":29.0,"key":"Tiny Chest"},{"floor":31.0,"key":"Red Mask"},{"floor":41.0,"key":"Regal Pillow"},{"floor":44.0,"key":"War Paint"}],"event_choices":[{"damage_healed":0.0,"max_hp_gain":0.0,"max_hp_loss":0.0,"gold_gain":0.0,"event_name":"The Cleric","player_choice":"Leave","floor":3.0,"gold_loss":0.0,"damage_taken":0.0},{"damage_healed":0.0,"max_hp_gain":0.0,"max_hp_loss":6.0,"gold_gain":0.0,"event_name":"Golden Idol","player_choice":"Lose Max HP","floor":4.0,"gold_loss":0.0,"damage_taken":0.0,"relics_obtained":["Golden Idol"]},{"damage_healed":0.0,"max_hp_gain":0.0,"max_hp_loss":0.0,"gold_gain":0.0,"cards_transformed":["Strike_B"],"event_name":"Transmorgrifier","player_choice":"Transformed","floor":12.0,"gold_loss":0.0,"damage_taken":0.0,"cards_obtained":["White Noise"]},{"damage_healed":0.0,"max_hp_gain":0.0,"max_hp_loss":0.0,"gold_gain":0.0,"event_name":"Colosseum","player_choice":"Fight","floor":21.0,"gold_loss":0.0,"damage_taken":0.0},{"damage_healed":0.0,"max_hp_gain":0.0,"max_hp_loss":0.0,"gold_gain":0.0,"event_name":"Colosseum","player_choice":"Fought Nobs","floor":21.0,"gold_loss":0.0,"damage_taken":0.0},{"damage_healed":0.0,"max_hp_gain":0.0,"max_hp_loss":0.0,"gold_gain":0.0,"event_name":"Masked Bandits","player_choice":"Fought Bandits","floor":31.0,"gold_loss":0.0,"damage_taken":0.0},{"damage_healed":0.0,"max_hp_gain":0.0,"max_hp_loss":0.0,"gold_gain":222.0,"event_name":"Tomb of Lord Red Mask","player_choice":"Wore Mask","floor":37.0,"gold_loss":0.0,"damage_taken":0.0},{"damage_healed":0.0,"max_hp_gain":0.0,"max_hp_loss":0.0,"gold_gain":0.0,"event_name":"SensoryStone","player_choice":"Memory 1","floor":38.0,"gold_loss":0.0,"damage_taken":0.0},{"damage_healed":0,"gold_gain":0,"player_choice":"Ignored","damage_taken":0,"max_hp_gain":0,"max_hp_loss":0,"event_name":"Mysterious Sphere","floor":45,"gold_loss":0},{"damage_healed":56,"gold_gain":0,"player_choice":"Heal","damage_taken":0,"max_hp_gain":0,"max_hp_loss":12,"event_name":"The Moai Head","floor":48,"gold_loss":0}],"is_beta":false,"boss_relics":[{"not_picked":["Black Star","Philosopher\u0027s Stone"],"picked":"Fusion Hammer"},{"not_picked":["Lizard Tail","Calling Bell"],"picked":"Snecko Eye"}],"items_purged_floors":[8,20,28,46],"is_endless":false,"potions_floor_spawned":[1,5,13,14,18,21,22,24,31,41,44],"killed_by":"Shield and Spear","ascension_level":20}