{"gold_per_floor":[111,121,121,196,211,239,239,266,292,302,335,335,127,277,277,355,355,373,49,62,62,74,74,102,102,102,52,52,52,78,90,90,165,165,175,40,56,75,175,175,203,203,226,252,269,282,313,313,313,313,313,313,43,78,78],"floor_reached":56,"playtime":4026,"items_purged":["Defend_B","Multi-Cast","Zap","Shame","Aggregate"],"score":2214,"play_id":"d0c5b081-e904-457a-82ca-45c3c69d8a47","local_time":"20190504005519","is_ascension_mode":true,"campfire_choices":[{"floor":7,"key":"REST"},{"floor":12,"key":"REST"},{"data":"Creative AI","floor":15,"key":"SMITH"},{"data":"Biased Cognition","floor":23,"key":"SMITH"},{"floor":25,"key":"REST"},{"floor":32,"key":"DIG"},{"floor":40,"key":"DIG"},{"floor":42,"key":"DIG"},{"floor":49,"key":"RECALL"},{"floor":52,"key":"DIG"}],"neow_cost":"NONE","seed_source_timestamp":298888170298440,"circlet_count":0,"master_deck":["AscendersBane","Dualcast+1","Coolheaded","Glacier","Barrage","Compile Driver","Biased Cognition+1","Barrage","Rainbow","Creative AI+1","Reboot","Electrodynamics","Auto Shields","Lockon","Multi-Cast","Conserve Battery","Glacier","Conserve Battery","Fission","Capacitor","Machine Learning","Defragment","Capacitor+1","Hologram+1","Tempest","Purity"],"relics":["Cracked Core","Vajra","Omamori","DataDisk","Smiling Mask","Gremlin Horn","Pandora\u0027s Box","Mummified Hand","Blood Vial","Mercury Hourglass","Girya","Shovel","Singing Bowl","Centennial Puzzle","Busted Crown","Gambling Chip","Dream Catcher","Ice Cream","Bottled Lightning","Shuriken","Incense Burner","Letter Opener","OrangePellets","Unceasing Top"],"potions_floor_usage":[6,11,24,30,54,55],"damage_taken":[{"damage":7,"enemies":"Jaw Worm","floor":1,"turns":3},{"damage":7,"enemies":"2 Louse","floor":2,"turns":2},{"damage":0,"enemies":"Small Slimes","floor":5,"turns":4},{"damage":16,"enemies":"Gremlin Nob","floor":6,"turns":4},{"damage":12,"enemies":"Lagavulin","floor":8,"turns":9},{"damage":0,"enemies":"2 Fungi Beasts","floor":10,"turns":3},{"damage":1,"enemies":"3 Sentries","floor":11,"turns":8},{"damage":24,"enemies":"Hexaghost","floor":16,"turns":9},{"damage":0,"enemies":"Spheric Guardian","floor":18,"turns":3},{"damage":0,"enemies":"Chosen","floor":20,"turns":3},{"damage":7,"enemies":"Snecko","floor":22,"turns":4},{"damage":23,"enemies":"Gremlin Leader","floor":24,"turns":5},{"damage":11,"enemies":"Slavers","floor":30,"turns":4},{"damage":5,"enemies":"Centurion and Healer","floor":31,"turns":5},{"damage":0,"enemies":"Collector","floor":33,"turns":8},{"damage":2,"enemies":"3 Shapes","floor":35,"turns":2},{"damage":7,"enemies":"Orb Walker","floor":37,"turns":3},{"damage":0,"enemies":"Spire Growth","floor":38,"turns":4},{"damage":0,"enemies":"Mind Bloom Boss Battle","floor":39,"turns":6},{"damage":0,"enemies":"Nemesis","floor":41,"turns":7},{"damage":0,"enemies":"Giant Head","floor":44,"turns":7},{"damage":0,"enemies":"Sphere and 2 Shapes","floor":45,"turns":2},{"damage":0,"enemies":"Maw","floor":46,"turns":7},{"damage":0,"enemies":"Nemesis","floor":47,"turns":5},{"damage":20,"enemies":"Awakened One","floor":50,"turns":10},{"damage":15,"enemies":"Shield and Spear","floor":54,"turns":5},{"damage":34,"enemies":"The Heart","floor":55,"turns":9}],"seed_played":"-7062668087344528063","potions_obtained":[{"floor":1,"key":"Strength Potion"},{"floor":6,"key":"Dexterity Potion"},{"floor":16,"key":"Dexterity Potion"},{"floor":18,"key":"AttackPotion"},{"floor":33,"key":"AttackPotion"},{"floor":35,"key":"FearPotion"},{"floor":37,"key":"Dexterity Potion"},{"floor":45,"key":"Swift Potion"}],"is_trial":false,"path_per_floor":["M","M","?","?","M","E","R","E","T","M","E","R","$","?","R","B",null,"M","$","M","?","M","R","E","R","T","$","?","?","E","M","R","B",null,"M","$","M","M","?","R","E","R","T","E","M","M","E","?","R","B",null,"R","$","E","B",null],"character_chosen":"DEFECT","items_purchased":["Creative AI","Mummified Hand","Defragment","OrangePellets"],"campfire_rested":3,"item_purchase_floors":[13,19,36,53],"current_hp_per_floor":[57,50,29,18,18,2,23,11,11,11,10,31,31,31,31,7,55,55,55,55,55,50,50,29,50,50,50,50,50,41,38,38,40,63,65,65,62,66,70,70,72,72,72,74,78,80,83,77,77,59,80,80,80,69,37],"gold":78,"neow_bonus":"RANDOM_COMMON_RELIC","is_prod":false,"is_daily":false,"chose_seed":false,"campfire_upgraded":2,"win_rate":0,"timestamp":1556924119,"path_taken":["M","M","?","?","M","E","R","E","T","M","E","R","$","?","R","BOSS","M","$","M","?","M","R","E","R","T","$","?","?","E","M","R","BOSS","M","$","?","M","?","R","E","R","T","E","M","M","E","?","R","BOSS","R","$","E","BOSS"],"build_version":"2019-01-23","purchased_purges":5,"victory":true,"max_hp_per_floor":[71,71,71,71,71,71,71,71,71,71,71,71,71,71,71,71,71,71,71,71,71,71,71,71,71,71,71,71,71,71,71,71,71,71,73,73,75,77,79,79,79,79,79,79,81,81,83,87,87,87,87,87,87,89,89],"card_choices":[{"not_picked":["Self Repair","Turbo"],"picked":"Coolheaded","floor":1},{"not_picked":["Ball Lightning","Go for the Eyes"],"picked":"Glacier","floor":2},{"not_picked":["Steam","Coolheaded"],"picked":"Barrage","floor":5},{"not_picked":["Gash","Blizzard"],"picked":"Compile Driver","floor":6},{"not_picked":["Turbo","Auto Shields"],"picked":"Biased Cognition","floor":8},{"not_picked":["FTL","Steam"],"picked":"Barrage","floor":10},{"not_picked":["Reinforced Body","Chaos"],"picked":"Rainbow","floor":11},{"not_picked":["Beam Cell","Gash"],"picked":"Conserve Battery","floor":18},{"not_picked":["Ball Lightning","Coolheaded"],"picked":"Glacier","floor":20},{"not_picked":["Rip and Tear","Coolheaded"],"picked":"Conserve Battery","floor":22},{"not_picked":["Redo","Genetic Algorithm","Compile Driver"],"picked":"SKIP","floor":24},{"not_picked":["Chaos","Coolheaded"],"picked":"Fission","floor":30},{"not_picked":["Coolheaded","Barrage"],"picked":"Capacitor","floor":31},{"not_picked":["Meteor Strike","Thunder Strike"],"picked":"Machine Learning","floor":33},{"not_picked":["Lockon+1"],"picked":"Singing Bowl","floor":35},{"not_picked":["Consume"],"picked":"Singing Bowl","floor":37},{"not_picked":["Hologram"],"picked":"Singing Bowl","floor":38},{"not_picked":["Recycle"],"picked":"Singing Bowl","floor":39},{"not_picked":[],"picked":"Capacitor+1","floor":41},{"not_picked":[],"picked":"Hologram+1","floor":44},{"not_picked":["Sunder"],"picked":"Singing Bowl","floor":45},{"not_picked":[],"picked":"Tempest","floor":46},{"not_picked":["Gash"],"picked":"Singing Bowl","floor":47},{"not_picked":["PanicButton"],"picked":"Singing Bowl","floor":48},{"not_picked":["Good Instincts"],"picked":"Singing Bowl","floor":48},{"not_picked":[],"picked":"Purity","floor":48},{"not_picked":["Core Surge"],"picked":"Singing Bowl","floor":54}],"player_experience":543410,"relics_obtained":[{"floor":6,"key":"Omamori"},{"floor":8,"key":"DataDisk"},{"floor":9,"key":"Smiling Mask"},{"floor":11,"key":"Gremlin Horn"},{"floor":24,"key":"Mercury Hourglass"},{"floor":26,"key":"Girya"},{"floor":30,"key":"Singing Bowl"},{"floor":32,"key":"Centennial Puzzle"},{"floor":39,"key":"Gambling Chip"},{"floor":40,"key":"Dream Catcher"},{"floor":41,"key":"Ice Cream"},{"floor":42,"key":"Bottled Lightning"},{"floor":44,"key":"Shuriken"},{"floor":47,"key":"Incense Burner"},{"floor":52,"key":"Letter Opener"},{"floor":54,"key":"Unceasing Top"}],"event_choices":[{"damage_healed":0,"gold_gain":0,"player_choice":"Entered Light","damage_taken":21,"max_hp_gain":0,"max_hp_loss":0,"event_name":"Shining Light","floor":3,"gold_loss":0,"cards_upgraded":["Strike_B","Strike_B"]},{"damage_healed":0,"gold_gain":75,"player_choice":"Gather Gold","damage_taken":11,"max_hp_gain":0,"max_hp_loss":0,"event_name":"World of Goop","floor":4,"gold_loss":0},{"damage_healed":0,"gold_gain":150,"player_choice":"AGREE","damage_taken":0,"max_hp_gain":0,"max_hp_loss":0,"event_name":"Liars Game","floor":14,"gold_loss":0,"cards_obtained":["Doubt"]},{"damage_healed":0,"gold_gain":0,"player_choice":"Opened","damage_taken":0,"relics_obtained":["Blood Vial"],"max_hp_gain":0,"max_hp_loss":0,"event_name":"The Mausoleum","floor":21,"gold_loss":0,"cards_obtained":["Writhe"]},{"damage_healed":0,"gold_gain":0,"player_choice":"Stole Relic","damage_taken":0,"relics_obtained":["Shovel"],"max_hp_gain":0,"max_hp_loss":0,"event_name":"Addict","floor":28,"gold_loss":0,"cards_obtained":["Shame"]},{"damage_healed":0,"gold_gain":0,"player_choice":"Upgraded","damage_taken":0,"max_hp_gain":0,"max_hp_loss":0,"event_name":"Upgrade Shrine","floor":29,"gold_loss":0,"cards_upgraded":["Dualcast"]},{"damage_healed":0,"gold_gain":0,"player_choice":"Fight","damage_taken":0,"max_hp_gain":0,"max_hp_loss":0,"event_name":"MindBloom","floor":39,"gold_loss":0},{"damage_healed":0,"gold_gain":0,"player_choice":"Memory 3","damage_taken":10,"max_hp_gain":0,"max_hp_loss":0,"event_name":"SensoryStone","floor":48,"gold_loss":0}],"is_beta":false,"boss_relics":[{"not_picked":["Lizard Tail","Tiny House"],"picked":"Pandora\u0027s Box"},{"not_picked":["FrozenCore","Black Star"],"picked":"Busted Crown"}],"items_purged_floors":[13,19,27,36,53],"is_endless":false,"potions_floor_spawned":[1,6,16,18,33,35,37,44,45,47],"ascension_level":16}