{"gold_per_floor":[111,111,127,141,161,161,194,194,194,224,250,279,10,10,10,88,88,100,50,50,70,170,170],"floor_reached":23,"playtime":710,"items_purged":["Strike_B","Strike_B"],"score":514,"play_id":"941310ae-4a32-42eb-b837-646d0eb9d4dc","local_time":"20190423030932","is_ascension_mode":true,"campfire_choices":[{"data":"Dualcast","floor":6.0,"key":"SMITH"},{"data":"Multi-Cast","floor":8.0,"key":"SMITH"},{"data":"Loop","floor":15,"key":"SMITH"}],"neow_cost":"TEN_PERCENT_HP_LOSS","seed_source_timestamp":39116728266795,"circlet_count":0,"master_deck":["AscendersBane","Strike_B","Strike_B","Defend_B","Defend_B","Defend_B","Defend_B","Zap","Dualcast+1","Electrodynamics","Multi-Cast+1","Cold Snap","Meteor Strike","White Noise","Loop+1","Coolheaded","Creative AI","Reinforced Body","Chill"],"special_seed":0,"relics":["Cracked Core","Pantograph","Torii","Nunchaku","Odd Mushroom","DataDisk","Membership Card","Coffee Dripper","Incense Burner","Darkstone Periapt"],"potions_floor_usage":[12,21,22],"damage_taken":[{"damage":1.0,"enemies":"Small Slimes","floor":1.0,"turns":3.0},{"damage":1.0,"enemies":"Cultist","floor":3.0,"turns":4.0},{"damage":2.0,"enemies":"2 Louse","floor":4.0,"turns":3.0},{"damage":15.0,"enemies":"Looter","floor":5.0,"turns":3.0},{"damage":5.0,"enemies":"3 Sentries","floor":7.0,"turns":2.0},{"damage":1.0,"enemies":"Gremlin Nob","floor":10.0,"turns":3.0},{"damage":12,"enemies":"The Mushroom Lair","floor":11,"turns":4},{"damage":16,"enemies":"Lagavulin","floor":12,"turns":6},{"damage":0,"enemies":"Slime Boss","floor":16,"turns":5},{"damage":0,"enemies":"Chosen","floor":18,"turns":4},{"damage":10,"enemies":"2 Thieves","floor":21,"turns":3},{"damage":1,"enemies":"Colosseum Slavers","floor":22,"turns":3},{"damage":28,"enemies":"Colosseum Nobs","floor":22,"turns":4},{"damage":18,"enemies":"Gremlin Leader","floor":23,"turns":1}],"seed_played":"8561873531488451892","potions_obtained":[{"floor":1.0,"key":"PowerPotion"},{"floor":5.0,"key":"GamblersBrew"},{"floor":11,"key":"SkillPotion"},{"floor":12,"key":"Poison Potion"},{"floor":14,"key":"Energy Potion"},{"floor":18,"key":"Weak Potion"}],"is_trial":false,"path_per_floor":["M","?","M","M","M","R","E","R","T","E","?","E","$","?","R","B",null,"M","$","?","M","?","E"],"character_chosen":"DEFECT","items_purchased":["Membership Card","Coolheaded"],"campfire_rested":0,"item_purchase_floors":[13,13],"current_hp_per_floor":[63,63,62,60,45,45,40,40,40,39,27,11,11,11,11,36,57,57,57,57,47,18,0],"gold":170,"neow_bonus":"THREE_RARE_CARDS","is_prod":false,"is_daily":false,"chose_seed":false,"campfire_upgraded":3,"win_rate":0,"timestamp":1555960172,"path_taken":["M","?","?","M","M","R","E","R","T","E","?","E","$","?","R","BOSS","M","?","?","M","?","E"],"build_version":"2019-01-23","purchased_purges":2,"victory":false,"max_hp_per_floor":[64,64,64,64,64,64,64,64,64,64,64,64,64,64,64,64,64,64,64,64,64,64,64],"card_choices":[{"not_picked":["Thunder Strike","Machine Learning"],"picked":"Electrodynamics","floor":0.0},{"not_picked":["Aggregate","Streamline","Beam Cell"],"picked":"SKIP","floor":1.0},{"not_picked":["Redo","Stack","Sweeping Beam"],"picked":"SKIP","floor":3.0},{"not_picked":["Hologram","BootSequence"],"picked":"Cold Snap","floor":4.0},{"not_picked":["Melter","Steam","Redo"],"picked":"SKIP","floor":5.0},{"not_picked":["Redo","Rip and Tear"],"picked":"Meteor Strike","floor":7.0},{"not_picked":["Sweeping Beam","Steam"],"picked":"White Noise","floor":10.0},{"not_picked":["Coolheaded","Steam Power"],"picked":"Loop","floor":12},{"not_picked":["Machine Learning","Rainbow"],"picked":"Creative AI","floor":16},{"not_picked":["Redo","Storm","Melter"],"picked":"SKIP","floor":18},{"not_picked":["Tempest","Go for the Eyes"],"picked":"Reinforced Body","floor":21},{"not_picked":["Streamline","Blizzard"],"picked":"Chill","floor":22}],"player_experience":4446566,"relics_obtained":[{"floor":7.0,"key":"Pantograph"},{"floor":9.0,"key":"Torii"},{"floor":10.0,"key":"Nunchaku"},{"floor":11,"key":"Odd Mushroom"},{"floor":12,"key":"DataDisk"},{"floor":22,"key":"Incense Burner"},{"floor":22,"key":"Darkstone Periapt"}],"event_choices":[{"damage_healed":0.0,"max_hp_gain":0.0,"max_hp_loss":0.0,"gold_gain":0.0,"event_name":"Match and Keep!","player_choice":"1 cards matched","floor":2.0,"gold_loss":0.0,"damage_taken":0.0,"cards_obtained":["Multi-Cast"]},{"damage_healed":0,"gold_gain":0,"player_choice":"Fought Mushrooms","damage_taken":0,"max_hp_gain":0,"max_hp_loss":0,"event_name":"Mushrooms","floor":11,"gold_loss":0},{"damage_healed":0,"gold_gain":0,"player_choice":"Got Potions","damage_taken":0,"max_hp_gain":0,"max_hp_loss":0,"event_name":"Lab","floor":14,"gold_loss":0},{"damage_healed":0,"gold_gain":0,"player_choice":"Fight","damage_taken":0,"max_hp_gain":0,"max_hp_loss":0,"event_name":"Colosseum","floor":22,"gold_loss":0},{"damage_healed":0,"gold_gain":0,"player_choice":"Fought Nobs","damage_taken":0,"max_hp_gain":0,"max_hp_loss":0,"event_name":"Colosseum","floor":22,"gold_loss":0}],"is_beta":false,"boss_relics":[{"not_picked":["White Beast Statue","Eternal Feather"],"picked":"Coffee Dripper"}],"items_purged_floors":[13,19],"is_endless":false,"potions_floor_spawned":[1,5,11,12,18,22],"killed_by":"Gremlin Leader","ascension_level":20}