{"gold_per_floor":[111,123,48,48,48,48,74,0,0,11,27,27,44,73,73,147,147,166,185,185,185,185,213,213,239,239,255,268,268,302,202,202,276,276,290,290,335,346,361,361,395,395,420,420,420,295,312,162,162,162,162,162,162,81,113,113],"floor_reached":57,"playtime":4447,"items_purged":["Strike_B","Strike_B","Defend_B","Defend_B"],"score":3072,"play_id":"dcfb9223-f38a-4194-bd5c-c0430f93da62","local_time":"20190127211208","is_ascension_mode":true,"campfire_choices":[{"data":"Fission","floor":6.0,"key":"SMITH"},{"data":"Defragment","floor":12.0,"key":"SMITH"},{"data":"Fission","floor":15.0,"key":"SMITH"},{"data":"Dualcast","floor":24.0,"key":"SMITH"},{"data":"Consume","floor":29.0,"key":"SMITH"},{"data":"Rainbow","floor":32.0,"key":"SMITH"},{"data":"Zap","floor":40.0,"key":"SMITH"},{"data":"Coolheaded","floor":42.0,"key":"SMITH"},{"data":"Coolheaded","floor":44.0,"key":"SMITH"},{"floor":49.0,"key":"RECALL"},{"data":"Purity","floor":53.0,"key":"SMITH"}],"neow_cost":"NONE","seed_source_timestamp":19408979020002,"circlet_count":0,"master_deck":["AscendersBane","Defend_B","Defend_B","Zap+1","Dualcast+1","Fission+1","Coolheaded+1","Streamline","Defragment+1","Fission+1","Coolheaded+1","Ball Lightning","Rainbow+1","Biased Cognition+1","Auto Shields","Consume+1","Seek","Defragment+1","Reboot","Creative AI+1","Purity+1","Mayhem+1","Dark Shackles"],"special_seed":0,"relics":["Cracked Core","Blood Vial","Odd Mushroom","Frozen Egg 2","Happy Flower","Runic Pyramid","Bird Faced Urn","Emotion Chip","Bag of Preparation","Coffee Dripper","FossilizedHelix","Dodecahedron","PreservedInsect","Bottled Flame"],"potions_floor_usage":[56,56],"damage_taken":[{"damage":1.0,"enemies":"2 Louse","floor":1.0,"turns":2.0},{"damage":0.0,"enemies":"Jaw Worm","floor":2.0,"turns":6.0},{"damage":9.0,"enemies":"The Mushroom Lair","floor":7.0,"turns":7.0},{"damage":0.0,"enemies":"Small Slimes","floor":10.0,"turns":3.0},{"damage":12.0,"enemies":"Looter","floor":11.0,"turns":3.0},{"damage":13.0,"enemies":"Large Slime","floor":13.0,"turns":9.0},{"damage":9.0,"enemies":"Gremlin Nob","floor":14.0,"turns":3.0},{"damage":13.0,"enemies":"The Guardian","floor":16.0,"turns":11.0},{"damage":1.0,"enemies":"theJungle:MUSHROOMGANG","floor":18.0,"turns":4.0},{"damage":0.0,"enemies":"theJungle:5_Spyders","floor":19.0,"turns":4.0},{"damage":13.0,"enemies":"theJungle:MamaSnecko","floor":23.0,"turns":16.0},{"damage":10.0,"enemies":"theJungle:2_Phrogs","floor":25.0,"turns":6.0},{"damage":13.0,"enemies":"theJungle:JungleHuntersEncounter","floor":27.0,"turns":6.0},{"damage":9.0,"enemies":"theJungle:2_Flameangoes","floor":28.0,"turns":4.0},{"damage":0.0,"enemies":"theJungle:Cassacara","floor":30.0,"turns":7.0},{"damage":0.0,"enemies":"theJungle:QueenSpyder","floor":33.0,"turns":9.0},{"damage":0.0,"enemies":"3 Shapes","floor":35.0,"turns":3.0},{"damage":32.0,"enemies":"2 Orb Walkers","floor":37.0,"turns":5.0},{"damage":14.0,"enemies":"3 Darklings","floor":38.0,"turns":5.0},{"damage":3.0,"enemies":"Spire Growth","floor":39.0,"turns":5.0},{"damage":0.0,"enemies":"Reptomancer","floor":41.0,"turns":7.0},{"damage":0.0,"enemies":"Transient","floor":47.0,"turns":6.0},{"damage":13.0,"enemies":"Donu and Deca","floor":50.0,"turns":9.0},{"damage":0.0,"enemies":"Time Eater","floor":51.0,"turns":11.0},{"damage":21.0,"enemies":"Shield and Spear","floor":55.0,"turns":6.0},{"damage":0,"enemies":"The Heart","floor":56,"turns":7}],"seed_played":"7588895549699852455","potions_obtained":[{"floor":2.0,"key":"Ancient Potion"},{"floor":7.0,"key":"Dexterity Potion"},{"floor":28.0,"key":"Fire Potion"}],"is_trial":false,"path_per_floor":["M","M","$","?","?","R","?","$","T","M","M","R","M","E","R","B",null,"M","M","?","?","?","E","R","E","T","M","M","R","E","$","R","B",null,"M","?","?","M","M","R","E","R","T","R","?","$","M","$","R","B","B",null,"R","$","E","B",null],"character_chosen":"DEFECT","items_purchased":["Defragment","FocusPotion"],"campfire_rested":0,"item_purchase_floors":[8,54],"current_hp_per_floor":[63,63,63,52,52,52,45,45,45,47,37,37,26,19,19,8,55,56,58,58,43,43,32,32,28,28,21,48,48,56,56,56,64,69,71,71,47,51,64,64,71,71,71,71,61,61,71,71,71,65,71,71,71,71,68,71],"gold":113,"neow_bonus":"ONE_RANDOM_RARE_CARD","is_prod":false,"is_daily":false,"chose_seed":false,"campfire_upgraded":10,"win_rate":0,"timestamp":1548594728,"path_taken":["M","M","$","?","?","R","?","$","T","?","M","R","M","E","R","BOSS","M","M","?","?","?","E","R","E","T","M","?","R","E","$","R","BOSS","M","?","?","M","M","R","E","R","T","R","?","$","M","$","R","BOSS","BOSS","R","$","E","BOSS"],"build_version":"2019-01-23","purchased_purges":4,"victory":true,"max_hp_per_floor":[71,71,71,71,71,71,71,71,71,71,71,71,71,71,71,71,71,71,71,71,71,71,71,71,71,71,71,71,71,71,71,71,71,71,71,71,71,71,71,71,71,71,71,71,71,71,71,71,71,71,71,71,71,71,71,71],"card_choices":[{"not_picked":["Cold Snap","Compile Driver"],"picked":"Coolheaded","floor":1.0},{"not_picked":["Conserve Battery","Rebound","Turbo"],"picked":"SKIP","floor":2.0},{"not_picked":["Double Energy","Gash"],"picked":"Streamline","floor":7.0},{"not_picked":["Redo","Self Repair+1"],"picked":"Fission","floor":10.0},{"not_picked":["Hello World+1","Melter"],"picked":"Coolheaded","floor":11.0},{"not_picked":["Compile Driver","Sweeping Beam"],"picked":"Ball Lightning","floor":13.0},{"not_picked":["Turbo","Gash"],"picked":"Rainbow","floor":14.0},{"not_picked":["Multi-Cast","Electrodynamics+1"],"picked":"Biased Cognition+1","floor":16.0},{"not_picked":["Steam","Redo"],"picked":"Auto Shields","floor":18.0},{"not_picked":["Go for the Eyes","Coolheaded","Redo"],"picked":"SKIP","floor":19.0},{"not_picked":["Reprogram","Compile Driver+1","Steam Power"],"picked":"SKIP","floor":23.0},{"not_picked":["Reprogram","Compile Driver+1","Steam Power"],"picked":"SKIP","floor":23.0},{"not_picked":["Hello World+1","Streamline"],"picked":"Consume","floor":25.0},{"not_picked":["Rebound","Steam"],"picked":"Seek","floor":27.0},{"not_picked":["Gash","Barrage"],"picked":"Defragment+1","floor":28.0},{"not_picked":["Cold Snap","Barrage"],"picked":"Reboot","floor":30.0},{"not_picked":["Electrodynamics+1","Meteor Strike"],"picked":"Creative AI+1","floor":33.0},{"not_picked":["Leap+1","Cold Snap","Force Field"],"picked":"SKIP","floor":35.0},{"not_picked":["Steam","Sweeping Beam+1","Rebound"],"picked":"SKIP","floor":38.0},{"not_picked":["Reinforced Body","Fusion","Tempest"],"picked":"SKIP","floor":39.0},{"not_picked":["Gash","Coolheaded","Barrage"],"picked":"SKIP","floor":41.0},{"not_picked":["Transmutation","Magnetism+1"],"picked":"Purity","floor":45.0},{"not_picked":["Deep Breath","Flash of Steel"],"picked":"Mayhem+1","floor":45.0},{"not_picked":["Sadistic Nature+1","Jack Of All Trades"],"picked":"Dark Shackles","floor":45.0},{"not_picked":["Sweeping Beam","Streamline","Beam Cell"],"picked":"SKIP","floor":47.0},{"not_picked":["Rip and Tear+1","Turbo+1","Steam Power"],"picked":"SKIP","floor":55.0}],"player_experience":2328859,"relics_obtained":[{"floor":7.0,"key":"Odd Mushroom"},{"floor":9.0,"key":"Frozen Egg 2"},{"floor":14.0,"key":"Happy Flower"},{"floor":23.0,"key":"Bird Faced Urn"},{"floor":25.0,"key":"Emotion Chip"},{"floor":30.0,"key":"Bag of Preparation"},{"floor":37.0,"key":"FossilizedHelix"},{"floor":41.0,"key":"Dodecahedron"},{"floor":43.0,"key":"PreservedInsect"},{"floor":55.0,"key":"Bottled Flame"}],"event_choices":[{"damage_healed":0.0,"max_hp_gain":0.0,"max_hp_loss":0.0,"gold_gain":0.0,"event_name":"Scrap Ooze","player_choice":"Success","floor":4.0,"gold_loss":0.0,"damage_taken":11.0,"relics_obtained":["Blood Vial"]},{"damage_healed":0.0,"max_hp_gain":0.0,"max_hp_loss":0.0,"gold_gain":0.0,"event_name":"The Cleric","player_choice":"Leave","floor":5.0,"gold_loss":0.0,"damage_taken":0.0},{"damage_healed":0.0,"max_hp_gain":0.0,"max_hp_loss":0.0,"gold_gain":0.0,"event_name":"Mushrooms","player_choice":"Fought Mushrooms","floor":7.0,"gold_loss":0.0,"damage_taken":0.0},{"damage_healed":0.0,"max_hp_gain":0.0,"max_hp_loss":0.0,"gold_gain":0.0,"event_name":"Lab","player_choice":"Got Potions","floor":22.0,"gold_loss":0.0,"damage_taken":0.0},{"cards_removed":["Strike_B"],"damage_healed":0.0,"max_hp_gain":0.0,"max_hp_loss":0.0,"gold_gain":0.0,"event_name":"Falling","player_choice":"Removed Attack","floor":36.0,"gold_loss":0.0,"damage_taken":0.0},{"damage_healed":0.0,"max_hp_gain":0.0,"max_hp_loss":0.0,"gold_gain":0.0,"event_name":"Mysterious Sphere","player_choice":"Fight","floor":37.0,"gold_loss":0.0,"damage_taken":0.0},{"damage_healed":0.0,"max_hp_gain":0.0,"max_hp_loss":0.0,"gold_gain":0.0,"event_name":"SensoryStone","player_choice":"Memory 3","floor":45.0,"gold_loss":0.0,"damage_taken":10.0}],"is_beta":false,"boss_relics":[{"not_picked":["Lizard Tail","Philosopher\u0027s Stone"],"picked":"Runic Pyramid"},{"not_picked":["Inserter","FrozenCore"],"picked":"Coffee Dripper"}],"items_purged_floors":[3,31,46,48],"is_endless":false,"potions_floor_spawned":[2,7,13,14,18,19,23,28,30,35,37,39,41],"ascension_level":20}