{"gold_per_floor":[118,118,128,53,72,72,89,89,89,103,178,178,213,213,213,213],"floor_reached":16,"playtime":2590,"items_purged":["Strike_R"],"score":185,"play_id":"357efe5b-3b72-4604-a097-56edd16e2731","local_time":"20181217224410","is_ascension_mode":true,"campfire_choices":[{"data":"Hemokinesis","floor":6,"key":"SMITH"},{"data":"True Grit","floor":8,"key":"SMITH"},{"data":"Bash","floor":12,"key":"SMITH"},{"data":"Second Wind","floor":15,"key":"SMITH"}],"neow_cost":"NONE","seed_source_timestamp":36315591693095,"circlet_count":0,"master_deck":["AscendersBane","Strike_R","Strike_R","Strike_R","Defend_R","Defend_R","Defend_R","Defend_R","Bash+1","Hemokinesis+1","Second Wind+1","True Grit+1","Impervious","Regret"],"relics":["Burning Blood","Letter Opener","Champion Belt","Turnip"],"potions_floor_usage":[],"damage_taken":[{"damage":8,"enemies":"Small Slimes","floor":1,"turns":6},{"damage":5,"enemies":"Cultist","floor":3,"turns":4},{"damage":5,"enemies":"Jaw Worm","floor":5,"turns":3},{"damage":18,"enemies":"Looter","floor":7,"turns":4},{"damage":12,"enemies":"Large Slime","floor":10,"turns":5},{"damage":17,"enemies":"Lagavulin","floor":13,"turns":7},{"damage":31,"enemies":"Hexaghost","floor":16,"turns":11}],"seed_played":"-8268980140850419649","potions_obtained":[{"floor":1,"key":"Fire Potion"},{"floor":13,"key":"SpeedPotion"}],"is_trial":false,"path_per_floor":["M","?","M","$","M","R","M","R","T","M","?","R","E","?","R","B"],"character_chosen":"IRONCLAD","items_purchased":[],"campfire_rested":0,"item_purchase_floors":[],"current_hp_per_floor":[66,66,67,67,68,68,56,56,56,50,39,39,28,28,28,0],"gold":213,"neow_bonus":"REMOVE_CARD","is_prod":false,"is_daily":false,"chose_seed":false,"campfire_upgraded":4,"win_rate":0,"timestamp":1545057850,"path_taken":["M","?","?","$","M","R","M","R","T","M","?","R","E","?","R","BOSS"],"build_version":"2018-12-13","purchased_purges":1,"victory":false,"max_hp_per_floor":[75,75,75,75,75,75,75,75,75,75,75,75,75,75,75,75],"card_choices":[{"not_picked":["Body Slam","Pommel Strike"],"picked":"Hemokinesis","floor":1},{"not_picked":["Havoc","True Grit"],"picked":"Second Wind","floor":3},{"not_picked":["Sword Boomerang","Wild Strike","Pommel Strike"],"picked":"SKIP","floor":5},{"not_picked":["Flex","Clash"],"picked":"True Grit","floor":7},{"not_picked":["Shockwave","Flex"],"picked":"Impervious","floor":10},{"not_picked":["Perfected Strike","Seeing Red","Bloodletting"],"picked":"SKIP","floor":13}],"player_experience":1326479,"relics_obtained":[{"floor":9,"key":"Letter Opener"},{"floor":13,"key":"Champion Belt"}],"event_choices":[{"damage_healed":0,"gold_gain":0,"player_choice":"0 cards matched","damage_taken":0,"max_hp_gain":0,"max_hp_loss":0,"event_name":"Match and Keep!","floor":2,"gold_loss":0,"cards_obtained":[]},{"damage_healed":0,"gold_gain":75,"player_choice":"Gather Gold","damage_taken":11,"max_hp_gain":0,"max_hp_loss":0,"event_name":"World of Goop","floor":11,"gold_loss":0},{"damage_healed":0,"gold_gain":0,"player_choice":"Box","damage_taken":0,"relics_obtained":["Turnip"],"max_hp_gain":0,"max_hp_loss":0,"event_name":"Big Fish","floor":14,"gold_loss":0,"cards_obtained":["Regret"]}],"is_beta":false,"boss_relics":[],"items_purged_floors":[4],"is_endless":false,"potions_floor_spawned":[1,13],"killed_by":"Hexaghost","ascension_level":17}