{"gold_per_floor":[113,124,144,219,219,219,234,247,271,306,306,324,344,361,361,361],"floor_reached":16,"playtime":338,"items_purged":[],"score":196,"play_id":"a790339d-3409-4131-947d-7ff08c97726a","local_time":"20181113211605","is_ascension_mode":true,"campfire_choices":[{"data":"Deadly Poison","floor":6,"key":"SMITH"},{"data":"Glass Knife","floor":15,"key":"SMITH"}],"neow_cost":"NONE","seed_source_timestamp":3183566457341,"circlet_count":0,"master_deck":["AscendersBane","Defend_G","Defend_G","Defend_G","Defend_G","Defend_G","Strike_G","Strike_G","Strike_G","Strike_G","Strike_G","Survivor","Neutralize","Calculated Gamble","Deadly Poison+1","Glass Knife+1","After Image","Prepared"],"relics":["Ring of the Snake","NeowsBlessing","Lantern","Blood Vial","Oddly Smooth Stone","PreservedInsect"],"potions_floor_usage":[10,16],"damage_taken":[{"damage":0,"enemies":"Cultist","floor":1,"turns":1},{"damage":0,"enemies":"2 Louse","floor":2,"turns":1},{"damage":0,"enemies":"Small Slimes","floor":3,"turns":1},{"damage":3,"enemies":"Blue Slaver","floor":7,"turns":5},{"damage":1,"enemies":"3 Louse","floor":8,"turns":3},{"damage":12,"enemies":"Lagavulin","floor":10,"turns":6},{"damage":0,"enemies":"Exordium Thugs","floor":12,"turns":4},{"damage":5,"enemies":"Large Slime","floor":13,"turns":5},{"damage":6,"enemies":"Exordium Wildlife","floor":14,"turns":4},{"damage":0,"enemies":"Slime Boss","floor":16,"turns":4}],"seed_played":"-7028932460806682616","potions_obtained":[{"floor":1,"key":"Dexterity Potion"},{"floor":2,"key":"PowerPotion"},{"floor":12,"key":"SteroidPotion"}],"is_trial":false,"path_per_floor":["M","M","M","?","?","R","M","M","T","E","T","M","M","M","R","B"],"character_chosen":"THE_SILENT","items_purchased":[],"campfire_rested":0,"item_purchase_floors":[],"current_hp_per_floor":[59,59,59,48,30,30,27,26,26,16,16,18,15,11,11,13],"gold":361,"neow_bonus":"THREE_ENEMY_KILL","is_prod":false,"is_daily":false,"chose_seed":false,"campfire_upgraded":2,"win_rate":0,"timestamp":1542114965,"path_taken":["M","?","M","?","?","R","M","M","T","E","?","M","M","M","R","BOSS"],"build_version":"2018-11-12","purchased_purges":0,"victory":false,"max_hp_per_floor":[66,66,66,66,66,66,66,66,66,66,66,66,66,66,66,66],"card_choices":[{"not_picked":["Terror","Outmaneuver"],"picked":"Calculated Gamble","floor":1},{"not_picked":["Cloak And Dagger","Footwork"],"picked":"Deadly Poison","floor":2},{"not_picked":["Slice","Heel Hook","Bouncing Flask"],"picked":"SKIP","floor":3},{"not_picked":["Concentrate","Deflect","Flying Knee"],"picked":"SKIP","floor":7},{"not_picked":["Bane","Dagger Spray"],"picked":"Glass Knife","floor":8},{"not_picked":["Quick Slash","Dodge and Roll"],"picked":"After Image","floor":10},{"not_picked":["Dagger Spray","Outmaneuver","Flying Knee"],"picked":"SKIP","floor":12},{"not_picked":["Backflip","PiercingWail"],"picked":"Prepared","floor":13},{"not_picked":["Slice","Dagger Throw","Expertise"],"picked":"SKIP","floor":14}],"player_experience":1044792,"relics_obtained":[{"floor":9,"key":"Blood Vial"},{"floor":10,"key":"Oddly Smooth Stone"},{"floor":11,"key":"PreservedInsect"}],"event_choices":[{"damage_healed":0,"gold_gain":75,"player_choice":"Gather Gold","damage_taken":11,"max_hp_gain":0,"max_hp_loss":0,"event_name":"World of Goop","floor":4,"gold_loss":0},{"damage_healed":0,"gold_gain":0,"player_choice":"Success","damage_taken":18,"relics_obtained":["Lantern"],"max_hp_gain":0,"max_hp_loss":0,"event_name":"Scrap Ooze","floor":5,"gold_loss":0}],"is_beta":true,"boss_relics":[],"items_purged_floors":[],"is_endless":false,"potions_floor_spawned":[1,2,12,14],"killed_by":"Slime Boss","ascension_level":17}