{"gold_per_floor":[117,136,8,21,40,74,74,374,374,391,391,403,403,413,413,413],"floor_reached":16,"playtime":332,"items_purged":[],"score":208,"play_id":"cd427ca9-fafe-41a2-9f08-be2c9c160392","local_time":"20181204231751","is_ascension_mode":true,"campfire_choices":[{"data":"Blade Dance","floor":7,"key":"SMITH"},{"data":"Deadly Poison","floor":11,"key":"SMITH"},{"data":"Leg Sweep","floor":13,"key":"SMITH"},{"data":"Calculated Gamble","floor":15,"key":"SMITH"}],"neow_cost":"NONE","seed_source_timestamp":18733440574361,"circlet_count":0,"master_deck":["AscendersBane","Defend_G","Defend_G","Defend_G","Defend_G","Defend_G","Strike_G","Strike_G","Strike_G","Strike_G","Strike_G","Survivor","Neutralize","Well Laid Plans","Endless Agony","Leg Sweep+1","Deadly Poison+1","Blade Dance+1","Calculated Gamble+1"],"relics":["WristBlade","Oddly Smooth Stone","Old Coin","Ornamental Fan"],"potions_floor_usage":[14],"damage_taken":[{"damage":3,"enemies":"2 Louse","floor":1,"turns":3},{"damage":1,"enemies":"Cultist","floor":2,"turns":4},{"damage":0,"enemies":"Small Slimes","floor":4,"turns":4},{"damage":0,"enemies":"Looter","floor":5,"turns":3},{"damage":44,"enemies":"Gremlin Nob","floor":6,"turns":5},{"damage":3,"enemies":"3 Louse","floor":10,"turns":4},{"damage":4,"enemies":"Exordium Thugs","floor":12,"turns":4},{"damage":0,"enemies":"Gremlin Gang","floor":14,"turns":2},{"damage":6,"enemies":"The Guardian","floor":16,"turns":2}],"seed_played":"2058631757236333716","potions_obtained":[{"floor":4,"key":"LiquidBronze"},{"floor":10,"key":"Explosive Potion"}],"is_trial":false,"path_per_floor":["M","M","$","M","M","E","R","?","T","M","R","M","R","M","R","B"],"character_chosen":"THE_SILENT","items_purchased":["Endless Agony","Leg Sweep"],"campfire_rested":0,"item_purchase_floors":[3,3],"current_hp_per_floor":[56,55,55,55,55,11,11,11,11,8,8,4,4,4,4,0],"gold":413,"neow_bonus":"BOSS_RELIC","is_prod":false,"is_daily":false,"chose_seed":false,"campfire_upgraded":4,"win_rate":0,"timestamp":1543936671,"path_taken":["M","M","$","M","M","E","R","?","T","M","R","M","R","M","R","BOSS"],"build_version":"2018-12-4","purchased_purges":0,"victory":false,"max_hp_per_floor":[66,66,66,66,66,66,66,66,66,66,66,66,66,66,66,66],"card_choices":[{"not_picked":["Cloak And Dagger","Reflex"],"picked":"Well Laid Plans","floor":1},{"not_picked":["Leg Sweep","Dodge and Roll"],"picked":"Slice","floor":2},{"not_picked":["Tactician","Outmaneuver"],"picked":"Deadly Poison","floor":4},{"not_picked":["Terror","Masterful Stab"],"picked":"Blade Dance","floor":5},{"not_picked":["All Out Attack","Expertise","Outmaneuver"],"picked":"SKIP","floor":6},{"not_picked":["Catalyst","Storm of Steel","Underhanded Strike"],"picked":"SKIP","floor":10},{"not_picked":["Reflex","Flying Knee"],"picked":"Calculated Gamble","floor":12},{"not_picked":["Outmaneuver","Calculated Gamble","Dagger Throw"],"picked":"SKIP","floor":14}],"player_experience":1194214,"relics_obtained":[{"floor":6,"key":"Oddly Smooth Stone"},{"floor":9,"key":"Ornamental Fan"}],"event_choices":[{"cards_removed":["Slice"],"damage_healed":0,"gold_gain":0,"player_choice":"Gave Card","damage_taken":0,"relics_obtained":["Old Coin"],"max_hp_gain":0,"max_hp_loss":0,"event_name":"WeMeetAgain","floor":8,"gold_loss":0}],"is_beta":true,"boss_relics":[],"items_purged_floors":[],"is_endless":false,"potions_floor_spawned":[4,10,12],"killed_by":"The Guardian","ascension_level":20}