{"gold_per_floor":[110,120,74,149,74,74,74,103,103,103,103,122,133,184,184,288,288,307,407,423,443,72,72,87,87,87,104,123,123,123,51,51,149,149,165,178,178,192,208,208,208,208,255,255,24,24,24,35,35,35],"floor_reached":51,"playtime":1584,"items_purged":["Defend_R","Defend_R","Defend_R"],"score":918,"play_id":"edaf32cd-b1f6-49d0-87a3-ed587f880dbb","local_time":"20181009203807","is_ascension_mode":true,"campfire_choices":[{"data":"Clash","floor":6,"key":"SMITH"},{"data":"Bash","floor":11,"key":"SMITH"},{"floor":15,"key":"REST"},{"data":"Dropkick","floor":23,"key":"SMITH"},{"data":"Burning Pact","floor":25,"key":"SMITH"},{"floor":30,"key":"REST"},{"data":"Offering","floor":32,"key":"SMITH"},{"data":"Limit Break","floor":40,"key":"SMITH"},{"data":"Spot Weakness","floor":42,"key":"SMITH"},{"floor":46,"key":"REST"},{"data":"Deep Breath","floor":47,"key":"SMITH"},{"floor":49,"key":"REST"}],"neow_cost":"NONE","seed_source_timestamp":34769641665083,"circlet_count":0,"master_deck":["Strike_R","Strike_R","Strike_R","Strike_R","Strike_R","Bash+1","Clash+1","Limit Break+1","Offering+1","Dropkick+1","Burning Pact+1","Spot Weakness+1","Dual Wield","Impervious","Dropkick+1","Dark Shackles","Deep Breath+1"],"relics":["Burning Blood","WingedGreaves","Sundial","Orichalcum","Runic Pyramid","Lee\u0027s Waffle","Lantern","Busted Crown","Potion Belt"],"potions_floor_usage":[21,27,33,38,38,48,50,50],"damage_taken":[{"damage":6,"enemies":"Cultist","floor":1,"turns":3},{"damage":0,"enemies":"Small Slimes","floor":2,"turns":3},{"damage":8,"enemies":"Gremlin Nob","floor":8,"turns":3},{"damage":7,"enemies":"Jaw Worm","floor":12,"turns":2},{"damage":20,"enemies":"Large Slime","floor":13,"turns":6},{"damage":61,"enemies":"The Guardian","floor":16,"turns":8},{"damage":8,"enemies":"Chosen","floor":18,"turns":3},{"damage":19,"enemies":"3 Byrds","floor":20,"turns":7},{"damage":26,"enemies":"Shelled Parasite and Fungi","floor":21,"turns":7},{"damage":24,"enemies":"Centurion and Healer","floor":24,"turns":3},{"damage":27,"enemies":"Sentry and Sphere","floor":27,"turns":4},{"damage":39,"enemies":"Shelled Parasite and Fungi","floor":28,"turns":4},{"damage":8,"enemies":"Collector","floor":33,"turns":3},{"damage":6,"enemies":"Orb Walker","floor":35,"turns":2},{"damage":12,"enemies":"3 Darklings","floor":36,"turns":3},{"damage":15,"enemies":"4 Shapes","floor":38,"turns":3},{"damage":6,"enemies":"Transient","floor":39,"turns":5},{"damage":15,"enemies":"3 Darklings","floor":48,"turns":4},{"damage":78,"enemies":"Donu and Deca","floor":50,"turns":5}],"seed_played":"9034390614759860041","potions_obtained":[{"floor":8,"key":"SpeedPotion"},{"floor":12,"key":"Explosive Potion"},{"floor":20,"key":"BloodPotion"},{"floor":21,"key":"BloodPotion"},{"floor":27,"key":"Explosive Potion"},{"floor":33,"key":"Fire Potion"},{"floor":38,"key":"EssenceOfSteel"},{"floor":48,"key":"Strength Potion"}],"is_trial":false,"path_per_floor":["M","M","$","?","$","R","?","E","T","?","R","M","M","T","R","B",null,"M","?","M","M","$","R","M","R","T","M","M","?","R","$","R","B",null,"M","M","?","M","M","R","?","R","T","?","$","R","R","M","R","B"],"character_chosen":"IRONCLAD","items_purchased":["Clash","Dropkick","Lee\u0027s Waffle","Dual Wield","Deep Breath"],"campfire_rested":4,"item_purchase_floors":[3,22,22,31,45],"current_hp_per_floor":[72,78,78,67,67,67,67,65,65,65,65,64,50,50,74,19,65,63,63,50,38,87,87,69,69,69,56,23,52,78,78,78,76,84,84,78,78,69,69,69,69,69,69,59,59,85,85,76,87,15],"gold":35,"neow_bonus":"REMOVE_CARD","is_prod":false,"is_daily":false,"chose_seed":false,"campfire_upgraded":8,"win_rate":0,"timestamp":1539088687,"path_taken":["M","M","$","?","$","R","?","E","T","?","R","?","?","?","R","BOSS","M","?","M","M","$","R","M","R","T","M","M","?","R","$","R","BOSS","M","M","?","?","M","R","?","R","T","?","$","R","R","M","R","BOSS"],"build_version":"2018-10-04v2","purchased_purges":3,"victory":true,"max_hp_per_floor":[80,80,80,80,80,80,80,80,80,80,80,80,80,80,80,80,80,80,80,80,80,87,87,87,87,87,87,87,87,87,87,87,87,87,87,87,87,87,87,87,87,87,87,87,87,87,87,87,87,87],"card_choices":[{"not_picked":["Shrug It Off","True Grit","Body Slam"],"picked":"SKIP","floor":1},{"not_picked":["True Grit","Shrug It Off","Pummel"],"picked":"SKIP","floor":2},{"not_picked":["Rage","Power Through"],"picked":"Limit Break","floor":8},{"not_picked":["Armaments","Heavy Blade","Carnage"],"picked":"SKIP","floor":12},{"not_picked":["True Grit","Infernal Blade","Dropkick"],"picked":"SKIP","floor":13},{"not_picked":["Brutality","Feed"],"picked":"Offering","floor":16},{"not_picked":["Sword Boomerang","Twin Strike","Hemokinesis+1"],"picked":"SKIP","floor":18},{"not_picked":["Second Wind","Sever Soul","Hemokinesis+1"],"picked":"SKIP","floor":20},{"not_picked":["Body Slam+1","Sword Boomerang","Anger+1"],"picked":"SKIP","floor":21},{"not_picked":["Shrug It Off+1","Armaments+1"],"picked":"Burning Pact","floor":24},{"not_picked":["Havoc+1","Inflame"],"picked":"Spot Weakness","floor":27},{"not_picked":["Carnage","Flex","Ghostly Armor"],"picked":"SKIP","floor":28},{"not_picked":["Immolate","Dark Embrace"],"picked":"Impervious","floor":33},{"not_picked":["Twin Strike"],"picked":"SKIP","floor":35},{"not_picked":["Seeing Red"],"picked":"SKIP","floor":36},{"not_picked":["Heavy Blade"],"picked":"SKIP","floor":38},{"not_picked":["Pummel"],"picked":"SKIP","floor":39},{"not_picked":[],"picked":"Dark Shackles","floor":44},{"not_picked":["Spot Weakness"],"picked":"SKIP","floor":48}],"player_experience":56615,"relics_obtained":[{"floor":8,"key":"WingedGreaves"},{"floor":9,"key":"Sundial"},{"floor":14,"key":"Orichalcum"},{"floor":26,"key":"Lantern"},{"floor":43,"key":"Potion Belt"}],"event_choices":[{"event_name":"World of Goop","player_choice":"Gather Gold","floor":4,"damage_taken":0},{"event_name":"Liars Game","player_choice":"disagreed","floor":7,"damage_taken":0},{"event_name":"Dead Adventurer","player_choice":"Searched \u00270\u0027 times","floor":10,"damage_taken":0},{"event_name":"Golden Shrine","player_choice":"Pray","floor":19,"damage_taken":0},{"event_name":"The Library","player_choice":"Heal","floor":29,"damage_taken":0},{"event_name":"Mysterious Sphere","player_choice":"Ignore","floor":37,"damage_taken":0},{"event_name":"Duplicator","player_choice":"One dupe","floor":41,"damage_taken":0},{"event_name":"SensoryStone","player_choice":"Memory 3","floor":44,"damage_taken":0}],"is_beta":false,"boss_relics":[{"not_picked":["Mark of Pain","Velvet Choker"],"picked":"Runic Pyramid"},{"not_picked":["Fusion Hammer","Cursed Key"],"picked":"Busted Crown"}],"items_purged_floors":[5,22,45],"is_endless":false,"potions_floor_spawned":[8,12,20,21,27,28,33,35,38,48],"ascension_level":8}