{"gold_per_floor":[109,125,125,125,142,142,173,173,173,186,186,186,111,131,131,204,204,219,269,269,283,297,297,313,313,313,313,313,213,213,225,225,301,301,313,313,333,344,47,72,72,107,131,163,173,206,221,241,241,241,241,241,241,31,60,60],"floor_reached":57,"playtime":2845,"items_purged":["Strike_G","Strike_G","Defend_G","Defend_G"],"score":2969,"play_id":"3aaa2ca2-0fbe-468a-9ec6-205646108866","local_time":"20190224214135","is_ascension_mode":true,"campfire_choices":[{"data":"Bouncing Flask","floor":6.0,"key":"SMITH"},{"data":"Noxious Fumes","floor":8.0,"key":"SMITH"},{"data":"Corpse Explosion","floor":11.0,"key":"SMITH"},{"data":"Footwork","floor":15.0,"key":"SMITH"},{"data":"Neutralize","floor":23.0,"key":"SMITH"},{"data":"Calculated Gamble","floor":25.0,"key":"SMITH"},{"data":"Leg Sweep","floor":27.0,"key":"SMITH"},{"data":"Deadly Poison","floor":32.0,"key":"SMITH"},{"data":"Catalyst","floor":41.0,"key":"SMITH"},{"floor":49.0,"key":"RECALL"},{"data":"Tactician","floor":53.0,"key":"SMITH"}],"neow_cost":"CURSE","seed_source_timestamp":31383860659908,"circlet_count":0,"master_deck":["AscendersBane","Defend_G","Defend_G","Defend_G","Survivor","Neutralize+1","Corpse Explosion+1","Noxious Fumes+1","Bouncing Flask+1","Footwork+1","Leg Sweep+1","Adrenaline","After Image","Calculated Gamble+1","Deadly Poison+1","Backstab","Malaise","Backflip","Catalyst+1","Impatience","Tactician+1","Acrobatics","Impatience"],"special_seed":0,"relics":["Ring of the Snake","Incense Burner","Sundial","Philosopher\u0027s Stone","Nilry\u0027s Codex","Runic Pyramid","Bag of Marbles","Potion Belt","Art of War","Dodecahedron","Smiling Mask","Ornamental Fan"],"potions_floor_usage":[56],"damage_taken":[{"damage":0.0,"enemies":"2 Louse","floor":1.0,"turns":3.0},{"damage":7.0,"enemies":"Small Slimes","floor":2.0,"turns":5.0},{"damage":3.0,"enemies":"Cultist","floor":5.0,"turns":4.0},{"damage":15.0,"enemies":"3 Sentries","floor":7.0,"turns":4.0},{"damage":0.0,"enemies":"2 Fungi Beasts","floor":10.0,"turns":3.0},{"damage":0.0,"enemies":"Red Slaver","floor":14.0,"turns":5.0},{"damage":19.0,"enemies":"Hexaghost","floor":16.0,"turns":9.0},{"damage":0.0,"enemies":"Shell Parasite","floor":18.0,"turns":5.0},{"damage":1.0,"enemies":"2 Thieves","floor":21.0,"turns":4.0},{"damage":1.0,"enemies":"Shelled Parasite and Fungi","floor":22.0,"turns":7.0},{"damage":0.0,"enemies":"Centurion and Healer","floor":24.0,"turns":6.0},{"damage":1.0,"enemies":"Cultist and Chosen","floor":31.0,"turns":4.0},{"damage":14.0,"enemies":"Automaton","floor":33.0,"turns":9.0},{"damage":0.0,"enemies":"3 Darklings","floor":35.0,"turns":4.0},{"damage":0.0,"enemies":"Orb Walker","floor":37.0,"turns":4.0},{"damage":0.0,"enemies":"Sphere and 2 Shapes","floor":38.0,"turns":3.0},{"damage":5.0,"enemies":"Reptomancer","floor":40.0,"turns":5.0},{"damage":0.0,"enemies":"Nemesis","floor":42.0,"turns":5.0},{"damage":0.0,"enemies":"Reptomancer","floor":44.0,"turns":7.0},{"damage":0.0,"enemies":"Jaw Worm Horde","floor":45.0,"turns":1.0},{"damage":0.0,"enemies":"Nemesis","floor":46.0,"turns":5.0},{"damage":17.0,"enemies":"3 Darklings","floor":47.0,"turns":2.0},{"damage":0.0,"enemies":"Maw","floor":48.0,"turns":4.0},{"damage":0.0,"enemies":"Awakened One","floor":50.0,"turns":17.0},{"damage":6.0,"enemies":"Time Eater","floor":51.0,"turns":12.0},{"damage":17.0,"enemies":"Shield and Spear","floor":55.0,"turns":5.0},{"damage":39,"enemies":"The Heart","floor":56,"turns":7}],"seed_played":"2826662337349143053","potions_obtained":[{"floor":2.0,"key":"SpeedPotion"},{"floor":5.0,"key":"LiquidBronze"},{"floor":22.0,"key":"SpeedPotion"},{"floor":35.0,"key":"Swift Potion"},{"floor":42.0,"key":"Energy Potion"},{"floor":46.0,"key":"Fruit Juice"},{"floor":55.0,"key":"SteroidPotion"}],"is_trial":false,"path_per_floor":["M","M","?","?","M","R","E","R","T","M","R","?","$","M","R","B",null,"M","?","?","M","M","R","M","R","T","R","?","$","?","M","R","B",null,"M","?","M","M","$","E","R","E","T","E","M","E","M","M","R","B","B",null,"R","$","E","B",null],"character_chosen":"THE_SILENT","items_purchased":["Impatience","Tactician","Acrobatics","Impatience"],"campfire_rested":0,"item_purchase_floors":[39,39,54,54],"current_hp_per_floor":[59,52,57,57,54,54,39,39,39,39,39,39,39,39,39,20,58,58,58,58,57,56,56,56,56,56,56,35,35,35,34,34,20,58,58,54,54,54,54,49,49,49,49,49,49,49,37,37,37,37,31,65,65,65,48,9],"gold":60,"neow_bonus":"THREE_RARE_CARDS","is_prod":false,"is_daily":false,"chose_seed":false,"campfire_upgraded":10,"win_rate":0,"timestamp":1551015695,"path_taken":["M","M","?","?","M","R","E","R","T","M","R","?","$","M","R","BOSS","M","?","?","?","M","R","M","R","T","R","?","$","?","M","R","BOSS","M","?","M","M","$","E","R","E","T","E","?","E","M","M","R","BOSS","BOSS","R","$","E","BOSS"],"build_version":"2019-01-23","purchased_purges":4,"victory":true,"max_hp_per_floor":[66,66,71,71,71,71,71,71,71,71,71,71,71,71,71,71,71,71,71,71,71,71,71,71,71,71,71,71,71,71,71,71,71,71,71,71,71,71,71,71,71,71,71,71,71,71,76,76,76,76,76,76,76,76,76,76],"card_choices":[{"not_picked":["Venomology","Die Die Die"],"picked":"Corpse Explosion","floor":0.0},{"not_picked":["Deflect","Flying Knee"],"picked":"Noxious Fumes","floor":1.0},{"not_picked":["Prepared","Cloak And Dagger"],"picked":"Bouncing Flask","floor":2.0},{"not_picked":["Cloak And Dagger","Backstab","Poisoned Stab"],"picked":"SKIP","floor":5.0},{"not_picked":["Masterful Stab","Cloak And Dagger","Underhanded Strike"],"picked":"SKIP","floor":7.0},{"not_picked":["Prepared","Noxious Fumes","Distraction"],"picked":"SKIP","floor":10.0},{"not_picked":["Heel Hook","Noxious Fumes"],"picked":"Leg Sweep","floor":14.0},{"not_picked":["Bullet Time","Glass Knife"],"picked":"Adrenaline","floor":16.0},{"not_picked":["Predator","Deadly Poison","Expertise"],"picked":"SKIP","floor":18.0},{"not_picked":["Deadly Poison","Dodge and Roll","Dagger Throw"],"picked":"SKIP","floor":21.0},{"not_picked":["Sucker Punch+1","Prepared","Accuracy"],"picked":"SKIP","floor":22.0},{"not_picked":["Caltrops","Dagger Spray"],"picked":"Calculated Gamble","floor":24.0},{"not_picked":["Outmaneuver","Bane","Endless Agony"],"picked":"SKIP","floor":31.0},{"not_picked":["Night Terror","Doppelganger"],"picked":"Malaise","floor":33.0},{"not_picked":["Masterful Stab+1","Outmaneuver+1"],"picked":"Backflip","floor":35.0},{"not_picked":["Leg Sweep","Bane"],"picked":"Catalyst","floor":37.0},{"not_picked":["Dagger Spray","Underhanded Strike+1","Slice"],"picked":"SKIP","floor":38.0},{"not_picked":["Deflect+1","Quick Slash","Masterful Stab"],"picked":"SKIP","floor":40.0},{"not_picked":["All Out Attack","Dodge and Roll","Dagger Throw"],"picked":"SKIP","floor":42.0},{"not_picked":["Noxious Fumes","Crippling Poison","Dodge and Roll"],"picked":"SKIP","floor":44.0},{"not_picked":["Dash","Bane+1","Corpse Explosion"],"picked":"SKIP","floor":45.0},{"not_picked":["Well Laid Plans","Backflip","Accuracy"],"picked":"SKIP","floor":46.0},{"not_picked":["Footwork","Predator","Blade Dance"],"picked":"SKIP","floor":47.0},{"not_picked":["Underhanded Strike","Infinite Blades","Backstab"],"picked":"SKIP","floor":48.0},{"not_picked":["Glass Knife","Outmaneuver","Cloak And Dagger"],"picked":"SKIP","floor":55.0}],"player_experience":3108241,"relics_obtained":[{"floor":7.0,"key":"Incense Burner"},{"floor":9.0,"key":"Sundial"},{"floor":28.0,"key":"Nilry\u0027s Codex"},{"floor":40.0,"key":"Bag of Marbles"},{"floor":42.0,"key":"Potion Belt"},{"floor":43.0,"key":"Art of War"},{"floor":44.0,"key":"Dodecahedron"},{"floor":46.0,"key":"Smiling Mask"},{"floor":55.0,"key":"Ornamental Fan"}],"event_choices":[{"damage_healed":0.0,"max_hp_gain":5.0,"max_hp_loss":0.0,"gold_gain":0.0,"event_name":"Big Fish","player_choice":"Donut","floor":3.0,"gold_loss":0.0,"damage_taken":0.0},{"cards_removed":["Shame"],"damage_healed":0.0,"max_hp_gain":0.0,"max_hp_loss":0.0,"gold_gain":0.0,"event_name":"Living Wall","player_choice":"Forget","floor":4.0,"gold_loss":0.0,"damage_taken":0.0},{"damage_healed":0.0,"max_hp_gain":0.0,"max_hp_loss":0.0,"gold_gain":0.0,"event_name":"Match and Keep!","player_choice":"1 cards matched","floor":12.0,"gold_loss":0.0,"damage_taken":0.0,"cards_obtained":["Footwork"]},{"damage_healed":0.0,"max_hp_gain":0.0,"max_hp_loss":0.0,"gold_gain":50.0,"event_name":"Nest","player_choice":"Stole From Cult","floor":19.0,"gold_loss":0.0,"damage_taken":0.0},{"damage_healed":0.0,"max_hp_gain":0.0,"max_hp_loss":0.0,"gold_gain":0.0,"cards_transformed":["Strike_G"],"event_name":"Transmorgrifier","player_choice":"Transformed","floor":20.0,"gold_loss":0.0,"damage_taken":0.0,"cards_obtained":["After Image"]},{"damage_healed":0.0,"max_hp_gain":0.0,"max_hp_loss":0.0,"gold_gain":0.0,"event_name":"Cursed Tome","player_choice":"Obtained Book","floor":28.0,"gold_loss":0.0,"damage_taken":21.0},{"damage_healed":0.0,"max_hp_gain":0.0,"max_hp_loss":0.0,"gold_gain":0.0,"cards_transformed":["Strike_G","Strike_G"],"event_name":"Drug Dealer","player_choice":"Became Test Subject","floor":30.0,"gold_loss":0.0,"damage_taken":0.0,"cards_obtained":["Deadly Poison","Backstab"]},{"damage_healed":0.0,"max_hp_gain":0.0,"max_hp_loss":0.0,"gold_gain":0.0,"event_name":"The Woman in Blue","player_choice":"Bought 0 Potions","floor":36.0,"gold_loss":0.0,"damage_taken":0.0}],"is_beta":false,"boss_relics":[{"not_picked":["Ring of the Serpent","Empty Cage"],"picked":"Philosopher\u0027s Stone"},{"not_picked":["Fusion Hammer","Astrolabe"],"picked":"Runic Pyramid"}],"items_purged_floors":[13,29,39,54],"is_endless":false,"potions_floor_spawned":[2,5,10,16,22,24,33,35,37,42,46,55],"ascension_level":20}