{"gold_per_floor":[118,132,143,38,88,88,102,134,134,153,153,181,181],"floor_reached":13,"playtime":285,"items_purged":[],"score":190,"play_id":"45eb7500-2459-4d39-b0de-b320ee954812","local_time":"20190223224823","is_ascension_mode":true,"campfire_choices":[{"data":"Sunder","floor":6.0,"key":"SMITH"},{"floor":11.0,"key":"REST"}],"neow_cost":"PERCENT_DAMAGE","seed_source_timestamp":528780497259817,"circlet_count":0,"master_deck":["AscendersBane","Strike_B","Strike_B","Strike_B","Strike_B","Defend_B","Defend_B","Defend_B","Defend_B","Zap","Dualcast","Sunder+1","Turbo","Glacier","Beam Cell","Darkness","Compile Driver","Capacitor","Turbo","Consume"],"special_seed":0,"relics":["Cracked Core","Unceasing Top","Shuriken","Question Card","Kunai"],"potions_floor_usage":[],"damage_taken":[{"damage":9.0,"enemies":"Jaw Worm","floor":1.0,"turns":4.0},{"damage":0.0,"enemies":"Cultist","floor":2.0,"turns":4.0},{"damage":9.0,"enemies":"Small Slimes","floor":3.0,"turns":3.0},{"damage":6.0,"enemies":"3 Louse","floor":7.0,"turns":3.0},{"damage":8.0,"enemies":"Gremlin Nob","floor":8.0,"turns":3.0},{"damage":8.0,"enemies":"2 Fungi Beasts","floor":10.0,"turns":3.0},{"damage":15.0,"enemies":"Lagavulin","floor":12.0,"turns":4.0},{"damage":12,"enemies":"Lots of Slimes","floor":13,"turns":1}],"seed_played":"-8348379453835553938","potions_obtained":[{"floor":2.0,"key":"Ancient Potion"},{"floor":10.0,"key":"FearPotion"}],"is_trial":false,"path_per_floor":["M","M","M","$","?","R","M","E","T","M","R","E","M"],"character_chosen":"DEFECT","items_purchased":["Beam Cell","Darkness"],"campfire_rested":1,"item_purchase_floors":[4,4],"current_hp_per_floor":[37,37,28,28,28,28,22,14,14,6,27,12,0],"gold":181,"neow_bonus":"ONE_RARE_RELIC","is_prod":false,"is_daily":false,"chose_seed":false,"campfire_upgraded":1,"win_rate":0,"timestamp":1550933303,"path_taken":["M","M","M","$","?","R","M","E","T","?","R","E","M"],"build_version":"2019-01-23","purchased_purges":0,"victory":false,"max_hp_per_floor":[71,71,71,71,71,71,71,71,71,71,71,71,71],"card_choices":[{"not_picked":["Conserve Battery","Ball Lightning"],"picked":"Sunder","floor":1.0},{"not_picked":["Rebound","Streamline"],"picked":"Turbo","floor":2.0},{"not_picked":["Rip and Tear","Ball Lightning"],"picked":"Glacier","floor":3.0},{"not_picked":["Redo","Hello World"],"picked":"Compile Driver","floor":7.0},{"not_picked":["Rainbow","Chill"],"picked":"Capacitor","floor":8.0},{"not_picked":["Cold Snap","Ball Lightning","Rebound"],"picked":"Turbo","floor":10.0},{"not_picked":["Steam","Sunder","Ball Lightning"],"picked":"Consume","floor":12.0}],"player_experience":951900,"relics_obtained":[{"floor":8.0,"key":"Shuriken"},{"floor":9.0,"key":"Question Card"},{"floor":12.0,"key":"Kunai"}],"event_choices":[{"damage_healed":0.0,"max_hp_gain":0.0,"max_hp_loss":0.0,"gold_gain":50.0,"event_name":"Golden Shrine","player_choice":"Pray","floor":5.0,"gold_loss":0.0,"damage_taken":0.0}],"is_beta":false,"boss_relics":[],"items_purged_floors":[],"is_endless":false,"potions_floor_spawned":[2,10],"killed_by":"Lots of Slimes","ascension_level":20}