{"gold_per_floor":[114,127,145,160,4,33,33,58,58,58,97,112,112,124,124,195,195,213,213],"floor_reached":19,"playtime":1097,"items_purged":["Strike_G"],"score":362,"play_id":"bbf39f3c-9ec3-400e-914a-b9088b10653f","local_time":"20190319204332","is_ascension_mode":true,"campfire_choices":[{"data":"Magnetism","floor":7.0,"key":"SMITH"},{"floor":13.0,"key":"REST"},{"data":"Calculated Gamble","floor":15.0,"key":"SMITH"}],"neow_cost":"TEN_PERCENT_HP_LOSS","seed_source_timestamp":499751278487160,"circlet_count":0,"master_deck":["AscendersBane","Defend_G","Defend_G","Defend_G","Defend_G","Defend_G","Strike_G","Strike_G","Strike_G","Strike_G","Survivor","Neutralize","Madness","Magnetism+1","Cloak And Dagger","Calculated Gamble+1","Well Laid Plans","Noxious Fumes","Dash","Backflip","Parasite","PiercingWail","Blur"],"special_seed":0,"relics":["Ring of the Snake","Kunai","Bottled Lightning","Bottled Tornado","Sozu"],"potions_floor_usage":[],"damage_taken":[{"damage":6.0,"enemies":"Jaw Worm","floor":1.0,"turns":8.0},{"damage":9.0,"enemies":"Cultist","floor":2.0,"turns":5.0},{"damage":0.0,"enemies":"2 Louse","floor":3.0,"turns":4.0},{"damage":4.0,"enemies":"Blue Slaver","floor":4.0,"turns":6.0},{"damage":19.0,"enemies":"Lagavulin","floor":6.0,"turns":10.0},{"damage":5.0,"enemies":"3 Sentries","floor":8.0,"turns":8.0},{"damage":28.0,"enemies":"Exordium Thugs","floor":11.0,"turns":6.0},{"damage":2.0,"enemies":"Lots of Slimes","floor":12.0,"turns":4.0},{"damage":4.0,"enemies":"Blue Slaver","floor":14.0,"turns":5.0},{"damage":12.0,"enemies":"Slime Boss","floor":16.0,"turns":12.0},{"damage":18.0,"enemies":"Shell Parasite","floor":18.0,"turns":8.0},{"damage":28,"enemies":"3 Byrds","floor":19,"turns":5}],"seed_played":"-4097639443444561591","potions_obtained":[{"floor":1.0,"key":"Weak Potion"},{"floor":6.0,"key":"SpeedPotion"},{"floor":8.0,"key":"PowerPotion"},{"floor":12.0,"key":"Strength Potion"},{"floor":14.0,"key":"SkillPotion"}],"is_trial":false,"path_per_floor":["M","M","M","M","$","E","R","E","T","?","M","M","R","M","R","B",null,"M","M"],"character_chosen":"THE_SILENT","items_purchased":["Noxious Fumes"],"campfire_rested":1,"item_purchase_floors":[5],"current_hp_per_floor":[53,44,44,40,40,21,21,16,16,31,3,1,19,15,15,3,46,28,0],"gold":213,"neow_bonus":"RANDOM_COLORLESS_2","is_prod":false,"is_daily":false,"chose_seed":false,"campfire_upgraded":2,"win_rate":0,"timestamp":1552995812,"path_taken":["M","M","M","M","$","E","R","E","T","?","M","M","R","M","R","BOSS","M","M"],"build_version":"2019-01-23","purchased_purges":1,"victory":false,"max_hp_per_floor":[60,60,60,60,60,60,60,60,60,60,60,60,60,60,60,60,60,60,60],"card_choices":[{"not_picked":["Underhanded Strike","Slice"],"picked":"Cloak And Dagger","floor":1.0},{"not_picked":["Slice","Dagger Throw","Blur"],"picked":"SKIP","floor":2.0},{"not_picked":["Footwork","Infinite Blades"],"picked":"Calculated Gamble","floor":3.0},{"not_picked":["Acrobatics","Predator"],"picked":"Well Laid Plans","floor":4.0},{"not_picked":["Endless Agony","Quick Slash"],"picked":"Dash","floor":6.0},{"not_picked":["Unload","Setup"],"picked":"Backflip","floor":8.0},{"not_picked":["Dagger Throw","Blur"],"picked":"PiercingWail","floor":11.0},{"not_picked":["Sucker Punch","Finisher","Bane"],"picked":"SKIP","floor":12.0},{"not_picked":["Sucker Punch","Outmaneuver","Eviscerate"],"picked":"SKIP","floor":14.0},{"not_picked":["Sucker Punch","Outmaneuver","Eviscerate"],"picked":"SKIP","floor":14.0},{"not_picked":["Flying Knee","Deflect"],"picked":"Blur","floor":18.0}],"player_experience":166168,"relics_obtained":[{"floor":6.0,"key":"Kunai"},{"floor":8.0,"key":"Bottled Lightning"},{"floor":9.0,"key":"Bottled Tornado"}],"event_choices":[{"damage_healed":15.0,"max_hp_gain":0.0,"max_hp_loss":0.0,"gold_gain":0.0,"event_name":"Mushrooms","player_choice":"Healed and dodged fight","floor":10.0,"gold_loss":0.0,"damage_taken":0.0,"cards_obtained":["Parasite"]}],"is_beta":false,"boss_relics":[{"not_picked":["Tiny House","Runic Dome"],"picked":"Sozu"}],"items_purged_floors":[5],"is_endless":false,"potions_floor_spawned":[1,6,8,12,14],"killed_by":"3 Byrds","ascension_level":20}