{"gold_per_floor":[112,112,112,132,152,152,152,18,18,36,36,47,47,60,60,133,133,133,50,70,16,16,16,30,40,40,55,66,79,95,16,16,88,88,100,118,118,135,135],"floor_reached":39,"playtime":2500,"items_purged":[],"score":758,"play_id":"9321f583-7dba-47e9-8f85-6bdc7db6e679","local_time":"20181223214054","is_ascension_mode":true,"campfire_choices":[{"data":"Deadly Poison","floor":6.0,"key":"SMITH"},{"data":"Neutralize","floor":13.0,"key":"SMITH"},{"data":"Tools of the Trade","floor":15.0,"key":"SMITH"},{"data":"Footwork","floor":23,"key":"SMITH"},{"data":"Blade Dance","floor":32,"key":"SMITH"}],"neow_cost":"TEN_PERCENT_HP_LOSS","seed_source_timestamp":35541251186765,"circlet_count":0,"master_deck":["AscendersBane","Defend_G+1","Defend_G","Defend_G","Defend_G","Strike_G","Survivor","Neutralize+1","Deadly Poison+1","Tools of the Trade","Purity","Heel Hook","Tools of the Trade+1","Tools of the Trade","Footwork+1","Deflect+1","Backflip","Leg Sweep+1","Storm of Steel","Outmaneuver","Blade Dance+1","Tactician","Grand Finale","Tactician+1","Expertise+1"],"special_seed":0,"relics":["Ring of the Snake","Gremlin Horn","Runic Pyramid","Kunai","Lizard Tail","War Paint"],"potions_floor_usage":[18,25,30,38],"damage_taken":[{"damage":0.0,"enemies":"Small Slimes","floor":1.0,"turns":4.0},{"damage":2.0,"enemies":"2 Louse","floor":4.0,"turns":4.0},{"damage":0.0,"enemies":"Jaw Worm","floor":5.0,"turns":4.0},{"damage":3.0,"enemies":"Blue Slaver","floor":10.0,"turns":4.0},{"damage":45.0,"enemies":"Exordium Thugs","floor":12.0,"turns":8.0},{"damage":0.0,"enemies":"Exordium Wildlife","floor":14.0,"turns":6.0},{"damage":6.0,"enemies":"Hexaghost","floor":16.0,"turns":9.0},{"damage":0,"enemies":"3 Byrds","floor":18,"turns":1},{"damage":11,"enemies":"Spheric Guardian","floor":20,"turns":7},{"damage":4,"enemies":"Shelled Parasite and Fungi","floor":24,"turns":8},{"damage":1,"enemies":"Cultist and Chosen","floor":25,"turns":13},{"damage":2,"enemies":"Centurion and Healer","floor":27,"turns":8},{"damage":3,"enemies":"Snecko","floor":28,"turns":11},{"damage":0,"enemies":"Snake Plant","floor":29,"turns":6},{"damage":0,"enemies":"Centurion and Healer","floor":30,"turns":11},{"damage":20,"enemies":"Champ","floor":33,"turns":26},{"damage":0,"enemies":"Orb Walker","floor":35,"turns":4},{"damage":37,"enemies":"3 Darklings","floor":36,"turns":7},{"damage":30,"enemies":"Spire Growth","floor":38,"turns":8},{"damage":46,"enemies":"4 Shapes","floor":39,"turns":3}],"seed_played":"7359335828431421825","potions_obtained":[{"floor":5.0,"key":"GhostInAJar"},{"floor":12.0,"key":"Poison Potion"},{"floor":14.0,"key":"SmokeBomb"},{"floor":20,"key":"Poison Potion"},{"floor":25,"key":"SpeedPotion"},{"floor":33,"key":"Weak Potion"}],"is_trial":false,"path_per_floor":["M","?","?","M","M","R","?","$","T","M","$","M","R","M","R","B",null,"M","$","M","$","?","R","M","M","T","M","M","M","M","$","R","B",null,"M","M","?","M","M"],"character_chosen":"THE_SILENT","items_purchased":["Purity","Heel Hook","Footwork","Backflip","Tactician"],"campfire_rested":0,"item_purchase_floors":[8,8,19,21,31],"current_hp_per_floor":[59,64,57,55,55,55,55,55,55,52,52,7,7,7,7,1,49,49,49,38,38,38,38,34,33,33,31,28,28,28,28,28,8,51,51,14,14,23,0],"gold":135,"neow_bonus":"REMOVE_TWO","is_prod":false,"is_daily":false,"chose_seed":false,"campfire_upgraded":5,"win_rate":0,"timestamp":1545572454,"path_taken":["M","?","?","M","M","R","?","?","T","M","$","M","R","M","R","BOSS","M","$","M","$","?","R","M","M","T","M","?","M","M","$","R","BOSS","M","M","?","?","M"],"build_version":"2018-12-20","purchased_purges":0,"victory":false,"max_hp_per_floor":[60,65,65,65,65,65,65,65,65,65,65,65,65,65,65,65,65,65,65,65,65,65,65,65,65,65,65,65,65,65,65,65,65,65,65,65,65,65,65],"card_choices":[{"not_picked":["Outmaneuver","PiercingWail"],"picked":"Deadly Poison","floor":1.0},{"not_picked":["Flechettes","Sucker Punch"],"picked":"Backstab","floor":4.0},{"not_picked":["Sucker Punch","Accuracy","Quick Slash"],"picked":"SKIP","floor":5.0},{"not_picked":["Dodge and Roll","PiercingWail","Flying Knee"],"picked":"SKIP","floor":10.0},{"not_picked":["Eviscerate","Choke","Dodge and Roll"],"picked":"SKIP","floor":12.0},{"not_picked":["Underhanded Strike","Poisoned Stab"],"picked":"Tools of the Trade","floor":14.0},{"not_picked":["Burst","Adrenaline"],"picked":"Tools of the Trade","floor":16.0},{"not_picked":["Cloak And Dagger","Flying Knee"],"picked":"Deflect","floor":20},{"not_picked":["Slice","PiercingWail"],"picked":"Leg Sweep+1","floor":24},{"not_picked":["Dagger Throw","Bane","Dodge and Roll"],"picked":"SKIP","floor":25},{"not_picked":["Dash+1","Flying Knee"],"picked":"Storm of Steel","floor":27},{"not_picked":["Predator","Acrobatics"],"picked":"Outmaneuver","floor":28},{"not_picked":["PiercingWail","Flying Knee","Finisher"],"picked":"SKIP","floor":29},{"not_picked":["Slice","Crippling Poison"],"picked":"Blade Dance","floor":30},{"not_picked":["A Thousand Cuts","Unload"],"picked":"Grand Finale","floor":33},{"not_picked":["Crippling Poison","Accuracy+1"],"picked":"Tactician+1","floor":35},{"not_picked":["Blade Dance","Well Laid Plans+1","Dash"],"picked":"SKIP","floor":36},{"not_picked":["Dodge and Roll","Finisher"],"picked":"Expertise+1","floor":38}],"player_experience":1443352,"relics_obtained":[{"floor":9.0,"key":"Gremlin Horn"},{"floor":26,"key":"Kunai"}],"event_choices":[{"damage_healed":0.0,"max_hp_gain":5.0,"max_hp_loss":0.0,"gold_gain":0.0,"event_name":"Big Fish","player_choice":"Donut","floor":2.0,"gold_loss":0.0,"damage_taken":0.0},{"cards_removed":["Strike_G"],"damage_healed":0.0,"max_hp_gain":0.0,"max_hp_loss":0.0,"gold_gain":0.0,"event_name":"Golden Wing","player_choice":"Card Removal","floor":3.0,"gold_loss":0.0,"damage_taken":7.0},{"damage_healed":0.0,"max_hp_gain":0.0,"max_hp_loss":0.0,"gold_gain":0.0,"cards_transformed":["Strike_G"],"event_name":"Living Wall","player_choice":"Change","floor":7.0,"gold_loss":0.0,"damage_taken":0.0,"cards_obtained":["Tools of the Trade"]},{"cards_removed":["Strike_G"],"damage_healed":0,"gold_gain":0,"player_choice":"Purged","damage_taken":0,"max_hp_gain":0,"max_hp_loss":0,"event_name":"Purifier","floor":22,"gold_loss":0},{"cards_removed":["Backstab"],"damage_healed":0,"gold_gain":0,"player_choice":"Gave Card","damage_taken":0,"relics_obtained":["War Paint"],"max_hp_gain":0,"max_hp_loss":0,"event_name":"WeMeetAgain","floor":37,"gold_loss":0}],"is_beta":false,"boss_relics":[{"not_picked":["Orrery","Snecko Eye"],"picked":"Runic Pyramid"},{"not_picked":["Busted Crown","WristBlade"],"picked":"Lizard Tail"}],"items_purged_floors":[],"is_endless":false,"potions_floor_spawned":[5,12,14,16,20,25,33],"killed_by":"4 Shapes","ascension_level":20}