{"gold_per_floor":[369,40,40,40,60,60,87,101,101,101,154,154],"floor_reached":12,"playtime":391,"items_purged":[],"score":152,"play_id":"11256637-853a-4e0a-bc55-8bfa67ca9e84","local_time":"20190423194145","is_ascension_mode":true,"campfire_choices":[{"data":"Loop","floor":6,"key":"SMITH"}],"neow_cost":"PERCENT_DAMAGE","seed_source_timestamp":98964700859310,"circlet_count":0,"master_deck":["AscendersBane","Strike_B","Strike_B","Strike_B","Defend_B","Defend_B","Defend_B","Defend_B","Zap","Dualcast","Recycle","Buffer","Loop+1","Ball Lightning","Capacitor","Regret"],"special_seed":0,"relics":["Cracked Core","Bag of Preparation","PreservedInsect","Ice Cream","Blue Candle","Mummified Hand","Lantern"],"potions_floor_usage":[7],"damage_taken":[{"damage":1.0,"enemies":"Cultist","floor":1.0,"turns":4.0},{"damage":3,"enemies":"Small Slimes","floor":5,"turns":4},{"damage":30,"enemies":"3 Sentries","floor":7,"turns":7},{"damage":0,"enemies":"2 Louse","floor":8,"turns":3},{"damage":8,"enemies":"Blue Slaver","floor":12,"turns":2}],"seed_played":"933598682034419407","potions_obtained":[{"floor":1.0,"key":"Swift Potion"}],"is_trial":false,"path_per_floor":["M","$","$","?","M","R","E","M","T","?","T","M"],"character_chosen":"DEFECT","items_purchased":["Bag of Preparation","PreservedInsect"],"campfire_rested":0,"item_purchase_floors":[2,2],"current_hp_per_floor":[45,45,45,45,42,42,12,12,12,12,12,4],"gold":154,"neow_bonus":"TWO_FIFTY_GOLD","is_prod":false,"is_daily":false,"chose_seed":false,"campfire_upgraded":1,"win_rate":0,"timestamp":1556019705,"path_taken":["M","$","?","?","M","R","E","M","T","?","?","M"],"build_version":"2019-01-23","purchased_purges":0,"victory":false,"max_hp_per_floor":[71,71,71,71,71,71,71,71,71,71,71,71],"card_choices":[{"not_picked":["Leap","Aggregate"],"picked":"Recycle","floor":1.0},{"not_picked":["Conserve Battery","Compile Driver"],"picked":"Loop","floor":5},{"not_picked":["Lockon","Steam"],"picked":"Ball Lightning","floor":7},{"not_picked":["Recycle","Chaos"],"picked":"Capacitor","floor":8}],"player_experience":4462131,"relics_obtained":[{"floor":7,"key":"Ice Cream"},{"floor":9,"key":"Blue Candle"},{"floor":11,"key":"Lantern"}],"event_choices":[{"damage_healed":0.0,"max_hp_gain":0.0,"max_hp_loss":0.0,"gold_gain":0.0,"cards_transformed":["Strike_B"],"event_name":"Living Wall","player_choice":"Change","floor":4.0,"gold_loss":0.0,"damage_taken":0.0,"cards_obtained":["Buffer"]},{"damage_healed":0,"gold_gain":0,"player_choice":"Box","damage_taken":0,"relics_obtained":["Mummified Hand"],"max_hp_gain":0,"max_hp_loss":0,"event_name":"Big Fish","floor":10,"gold_loss":0,"cards_obtained":["Regret"]}],"is_beta":false,"boss_relics":[],"items_purged_floors":[],"is_endless":false,"potions_floor_spawned":[1],"killed_by":"Blue Slaver","ascension_level":20}