{"gold_per_floor":[119,130,141,155,174,174,208,208,208,238,238,10,10,41,41,117,117,128,128,146,166,166,166,185,185,210,223,15,15,15,31,31,31],"floor_reached":33,"playtime":841,"items_purged":["Strike_B"],"score":559,"play_id":"d04893b4-0714-4f8e-86bb-1991f6de4882","local_time":"20190107121409","is_ascension_mode":true,"campfire_choices":[{"data":"Sunder","floor":6.0,"key":"SMITH"},{"data":"Dualcast","floor":8.0,"key":"SMITH"},{"floor":11.0,"key":"REST"},{"data":"Zap","floor":13.0,"key":"SMITH"},{"floor":15.0,"key":"REST"},{"floor":23.0,"key":"REST"},{"floor":25.0,"key":"REST"},{"floor":32,"key":"REST"}],"neow_cost":"TEN_PERCENT_HP_LOSS","seed_source_timestamp":290618777980,"circlet_count":0,"master_deck":["AscendersBane","Strike_B","Strike_B","Defend_B","Defend_B","Defend_B","Defend_B","Zap+1","Dualcast+1","Genetic Algorithm","Gash","Gash","Gash","Sunder+1","Ball Lightning","Conserve Battery","Gash","Core Surge","Beam Cell","Genetic Algorithm","Gash","Impatience","Recycle","Ball Lightning","Capacitor"],"special_seed":0,"relics":["Cracked Core","Calipers","Happy Flower","Pantograph","Pen Nib","Medical Kit","Bottled Flame","Busted Crown","Ancient Tea Set"],"potions_floor_usage":[33],"damage_taken":[{"damage":1.0,"enemies":"Cultist","floor":1.0,"turns":3.0},{"damage":8.0,"enemies":"Jaw Worm","floor":2.0,"turns":4.0},{"damage":3.0,"enemies":"2 Louse","floor":3.0,"turns":3.0},{"damage":4.0,"enemies":"Red Slaver","floor":4.0,"turns":3.0},{"damage":1.0,"enemies":"Looter","floor":5.0,"turns":3.0},{"damage":16.0,"enemies":"Lagavulin","floor":7.0,"turns":6.0},{"damage":15.0,"enemies":"3 Sentries","floor":10.0,"turns":4.0},{"damage":23.0,"enemies":"Lagavulin","floor":14.0,"turns":6.0},{"damage":51.0,"enemies":"Slime Boss","floor":16.0,"turns":7.0},{"damage":0.0,"enemies":"Spheric Guardian","floor":18.0,"turns":3.0},{"damage":13.0,"enemies":"Shell Parasite","floor":20.0,"turns":3.0},{"damage":15.0,"enemies":"Centurion and Healer","floor":21.0,"turns":6.0},{"damage":3.0,"enemies":"Colosseum Slavers","floor":22.0,"turns":3.0},{"damage":18.0,"enemies":"Cultist and Chosen","floor":24.0,"turns":6.0},{"damage":18.0,"enemies":"3 Cultists","floor":27.0,"turns":5.0},{"damage":19,"enemies":"Snake Plant","floor":31,"turns":4},{"damage":16,"enemies":"Automaton","floor":33,"turns":4}],"seed_played":"-7088567320171710437","potions_obtained":[{"floor":1.0,"key":"SteroidPotion"},{"floor":4.0,"key":"Swift Potion"},{"floor":16.0,"key":"Strength Potion"},{"floor":20.0,"key":"FearPotion"},{"floor":27.0,"key":"PowerPotion"}],"is_trial":false,"path_per_floor":["M","M","M","M","M","R","E","R","T","E","R","$","R","E","R","B",null,"M","T","M","M","?","R","M","R","T","M","$","?","?","M","R","B"],"character_chosen":"DEFECT","items_purchased":["Medical Kit","Gash","Impatience"],"campfire_rested":5,"item_purchase_floors":[12,28,28],"current_hp_per_floor":[63,55,52,48,47,47,31,31,31,16,35,35,35,12,31,5,49,49,49,36,21,18,37,19,38,38,20,20,20,20,1,20,29],"gold":31,"neow_bonus":"ONE_RARE_RELIC","is_prod":false,"is_daily":false,"chose_seed":false,"campfire_upgraded":3,"win_rate":0,"timestamp":1546834449,"path_taken":["M","M","M","M","M","R","E","R","T","E","R","$","R","E","R","BOSS","M","?","M","M","?","R","M","R","T","M","$","?","?","M","R","BOSS"],"build_version":"2019-01-03v4","purchased_purges":1,"victory":false,"max_hp_per_floor":[64,64,64,64,64,64,64,64,64,64,64,64,64,64,64,64,64,64,64,64,64,64,64,64,64,64,64,64,64,64,64,64,64],"card_choices":[{"not_picked":["Chaos","Turbo"],"picked":"Genetic Algorithm","floor":1.0},{"not_picked":["Turbo","FTL"],"picked":"Gash","floor":2.0},{"not_picked":["Ball Lightning","Compile Driver"],"picked":"Gash","floor":3.0},{"not_picked":["Beam Cell","Recycle"],"picked":"Gash","floor":4.0},{"not_picked":["BootSequence","Go for the Eyes"],"picked":"Sunder","floor":5.0},{"not_picked":["Conserve Battery","Consume"],"picked":"Ball Lightning","floor":7.0},{"not_picked":["Ball Lightning","Redo"],"picked":"Conserve Battery","floor":10.0},{"not_picked":["Turbo","Steam Power"],"picked":"Gash","floor":14.0},{"not_picked":["Electrodynamics","Creative AI"],"picked":"Core Surge","floor":16.0},{"not_picked":["Static Discharge+1"],"picked":"SKIP","floor":18.0},{"not_picked":[],"picked":"Beam Cell","floor":20.0},{"not_picked":[],"picked":"Genetic Algorithm","floor":21.0},{"not_picked":["Capacitor"],"picked":"SKIP","floor":24.0},{"not_picked":["Beam Cell"],"picked":"SKIP","floor":27.0},{"not_picked":[],"picked":"Capacitor","floor":31}],"player_experience":1804775,"relics_obtained":[{"floor":7.0,"key":"Happy Flower"},{"floor":9.0,"key":"Pantograph"},{"floor":10.0,"key":"Pen Nib"},{"floor":14.0,"key":"Bottled Flame"},{"floor":26.0,"key":"Ancient Tea Set"}],"event_choices":[{"damage_healed":0.0,"max_hp_gain":0.0,"max_hp_loss":0.0,"gold_gain":0.0,"event_name":"Colosseum","player_choice":"Fight","floor":22.0,"gold_loss":0.0,"damage_taken":0.0},{"damage_healed":0.0,"max_hp_gain":0.0,"max_hp_loss":0.0,"gold_gain":0.0,"event_name":"Colosseum","player_choice":"Fled From Nobs","floor":22.0,"gold_loss":0.0,"damage_taken":0.0},{"damage_healed":0.0,"max_hp_gain":0.0,"max_hp_loss":0.0,"gold_gain":0.0,"event_name":"The Library","player_choice":"Read","floor":29.0,"gold_loss":0.0,"damage_taken":0.0,"cards_obtained":["Recycle"]},{"damage_healed":0,"gold_gain":0,"cards_transformed":["Strike_B"],"player_choice":"Transformed","damage_taken":0,"max_hp_gain":0,"max_hp_loss":0,"event_name":"Transmorgrifier","floor":30,"gold_loss":0,"cards_obtained":["Ball Lightning"]}],"is_beta":false,"boss_relics":[{"not_picked":["Fusion Hammer","Calling Bell"],"picked":"Busted Crown"}],"items_purged_floors":[28],"is_endless":false,"potions_floor_spawned":[1,4,5,16,20,22,27],"killed_by":"Automaton","ascension_level":20}