{"gold_per_floor":[118,88,88,103,117,117,143,163,187,31,48,65,65],"floor_reached":13,"playtime":283,"items_purged":[],"score":174,"play_id":"2a7b0aa9-a682-4ab7-bc31-5cf7d91c7272","local_time":"20181012152624","is_ascension_mode":true,"campfire_choices":[{"data":"Zap","floor":6.0,"key":"SMITH"}],"neow_cost":"NONE","seed_source_timestamp":142874962965028,"circlet_count":0,"master_deck":["Strike_B","Strike_B","Strike_B","Defend_B","Defend_B","Defend_B+1","Defend_B","Zap+1","Dualcast+1","AscendersBane","Barrage","Sweeping Beam","Ball Lightning","Defragment","Ball Lightning","Thunder Strike","Thunder Strike","Conserve Battery"],"special_seed":0,"relics":["Runic Pyramid","Ancient Tea Set","War Paint"],"potions_floor_usage":[7,7,11,11],"damage_taken":[{"damage":9.0,"enemies":"Jaw Worm","floor":1.0,"turns":5.0},{"damage":1.0,"enemies":"Cultist","floor":4.0,"turns":4.0},{"damage":9.0,"enemies":"2 Louse","floor":5.0,"turns":2.0},{"damage":20,"enemies":"Lagavulin","floor":7,"turns":5},{"damage":2,"enemies":"Looter","floor":8,"turns":4},{"damage":8,"enemies":"Blue Slaver","floor":11,"turns":2},{"damage":7,"enemies":"3 Louse","floor":12,"turns":2},{"damage":5,"enemies":"3 Sentries","floor":13,"turns":2}],"seed_played":"-2984806478307707927","potions_obtained":[{"floor":2.0,"key":"FocusPotion"},{"floor":2.0,"key":"EntropicBrew"},{"floor":11,"key":"Energy Potion"}],"is_trial":false,"path_per_floor":["M","?","?","M","M","R","E","M","T","$","M","M"],"character_chosen":"DEFECT","items_purchased":["Thunder Strike"],"campfire_rested":0,"item_purchase_floors":[10],"current_hp_per_floor":[55,55,48,47,38,38,18,16,16,16,8,1,0],"gold":65,"neow_bonus":"BOSS_RELIC","is_prod":false,"is_daily":false,"chose_seed":false,"campfire_upgraded":1,"win_rate":0,"timestamp":1539329184,"path_taken":["M","?","?","M","M","R","E","M","T","$","M","?","E"],"build_version":"2018-10-11","purchased_purges":0,"victory":false,"max_hp_per_floor":[71,71,71,71,71,71,71,71,71,71,71,71,71],"card_choices":[{"not_picked":["Compile Driver","Hello World"],"picked":"Barrage","floor":1.0},{"not_picked":["Recycle","Barrage"],"picked":"Sweeping Beam","floor":4.0},{"not_picked":["Cold Snap","Stack"],"picked":"Ball Lightning","floor":5.0},{"not_picked":["BootSequence","Go for the Eyes"],"picked":"Defragment","floor":7},{"not_picked":["Force Field","Steam"],"picked":"Ball Lightning","floor":8},{"not_picked":["Leap","Compile Driver"],"picked":"Thunder Strike","floor":11},{"not_picked":["Cold Snap","Hologram"],"picked":"Conserve Battery","floor":12}],"player_experience":309615,"relics_obtained":[{"floor":7,"key":"Ancient Tea Set"},{"floor":9,"key":"War Paint"}],"event_choices":[{"event_name":"The Woman in Blue","player_choice":"Bought 2 Potions","floor":2.0,"damage_taken":0.0},{"event_name":"Golden Wing","player_choice":"Card Removal","floor":3.0,"damage_taken":0.0}],"is_beta":false,"boss_relics":[],"items_purged_floors":[],"is_endless":false,"potions_floor_spawned":[5,11],"killed_by":"3 Sentries","ascension_level":20}