{"gold_per_floor":[110,130,80,94,107,139,150,185,262,281,344,344,363,382,382,485,485,503,359,369,379,399,399,432,432,432,446,446,464,482,482,482,587,587,600,600,560,572,572,572,589,589,660,670,670,685,705,719,719,719],"floor_reached":50,"playtime":4690,"items_purged":["Strike_R"],"score":664,"play_id":"a4b55297-447c-4b00-980f-a7a8be744e8a","local_time":"20190717031638","is_ascension_mode":true,"campfire_choices":[{"data":"Carnage","floor":12,"key":"SMITH"},{"data":"Flame Barrier","floor":15,"key":"SMITH"},{"data":"Bludgeon","floor":23,"key":"SMITH"},{"data":"Double Tap","floor":25,"key":"SMITH"},{"data":"Uppercut","floor":32,"key":"SMITH"},{"data":"Uppercut","floor":40,"key":"SMITH"},{"data":"Mind Blast","floor":42,"key":"SMITH"},{"floor":49,"key":"REST"}],"neow_cost":"NONE","seed_source_timestamp":237887038537026,"circlet_count":0,"master_deck":["Defend_R","Defend_R+1","Defend_R","Bash","Double Tap+1","Flame Barrier+1","Carnage+1","Clash","Rampage","Offering","Uppercut+1","Headbutt","Cleave","Bludgeon+1","Feed","Ghostly Armor+1","Headbutt","Battle Trance+1","Ghostly Armor","Uppercut+1","Bite","Bite","Bite","Bite","Rampage+1","Sword Boomerang+1","Pummel+1","Inflame+1","Whirlwind+1","Mind Blast+1","Secret Technique+1","Parasite","Heavy Blade+1","Impervious","Rage+1","Body Slam+1"],"relics":["Burning Blood","Torii","Red Skull","Blue Candle","Incense Burner","Philosopher\u0027s Stone","War Paint","Question Card","Astrolabe","Dodecahedron"],"potions_floor_usage":[7,8,11,16,16,24,33,33,41,41,47,47,50],"damage_taken":[{"damage":18,"enemies":"Jaw Worm","floor":1,"turns":4},{"damage":1,"enemies":"Cultist","floor":2,"turns":3},{"damage":0,"enemies":"2 Louse","floor":4,"turns":2},{"damage":11,"enemies":"Looter","floor":5,"turns":2},{"damage":30,"enemies":"3 Sentries","floor":6,"turns":8},{"damage":18,"enemies":"Large Slime","floor":7,"turns":8},{"damage":27,"enemies":"Lagavulin","floor":8,"turns":6},{"damage":7,"enemies":"Exordium Thugs","floor":10,"turns":3},{"damage":12,"enemies":"Gremlin Nob","floor":11,"turns":3},{"damage":6,"enemies":"Blue Slaver","floor":13,"turns":2},{"damage":0,"enemies":"Large Slime","floor":14,"turns":2},{"damage":6,"enemies":"Slime Boss","floor":16,"turns":5},{"damage":0,"enemies":"Spheric Guardian","floor":18,"turns":2},{"damage":17,"enemies":"Shell Parasite","floor":20,"turns":7},{"damage":19,"enemies":"3 Cultists","floor":21,"turns":5},{"damage":8,"enemies":"Snake Plant","floor":22,"turns":5},{"damage":20,"enemies":"Book of Stabbing","floor":24,"turns":4},{"damage":15,"enemies":"Cultist and Chosen","floor":27,"turns":4},{"damage":2,"enemies":"Shelled Parasite and Fungi","floor":29,"turns":4},{"damage":6,"enemies":"3 Cultists","floor":30,"turns":4},{"damage":75,"enemies":"Automaton","floor":33,"turns":8},{"damage":18,"enemies":"3 Darklings","floor":35,"turns":7},{"damage":15,"enemies":"Orb Walker","floor":38,"turns":5},{"damage":21,"enemies":"Writhing Mass","floor":41,"turns":5},{"damage":6,"enemies":"Transient","floor":44,"turns":5},{"damage":7,"enemies":"Jaw Worm Horde","floor":46,"turns":2},{"damage":37,"enemies":"Maw","floor":47,"turns":4},{"damage":15,"enemies":"4 Shapes","floor":48,"turns":4},{"damage":46,"enemies":"Time Eater","floor":50,"turns":8}],"seed_played":"2798781792761616119","potions_obtained":[{"floor":1,"key":"Fire Potion"},{"floor":5,"key":"BloodPotion"},{"floor":6,"key":"LiquidBronze"},{"floor":7,"key":"SkillPotion"},{"floor":8,"key":"Regen Potion"},{"floor":14,"key":"Ancient Potion"},{"floor":20,"key":"PowerPotion"},{"floor":21,"key":"FearPotion"},{"floor":22,"key":"Fire Potion"},{"floor":28,"key":"SneckoOil"},{"floor":29,"key":"Regen Potion"},{"floor":37,"key":"Fire Potion"},{"floor":37,"key":"AttackPotion"},{"floor":41,"key":"Strength Potion"},{"floor":44,"key":"SpeedPotion"},{"floor":48,"key":"Ancient Potion"}],"is_trial":false,"path_per_floor":["M","M","?","M","M","E","M","E","T","M","?","R","M","M","R","B",null,"M","$","M","M","M","R","E","R","T","M","?","M","M","?","R","B",null,"M","?","?","M","?","R","M","R","T","M","?","M","M","M","R","B"],"character_chosen":"IRONCLAD","items_purchased":["Ghostly Armor"],"campfire_rested":1,"item_purchase_floors":[19],"current_hp_per_floor":[68,73,73,79,74,50,58,37,37,36,39,39,39,45,45,45,80,80,80,72,62,63,63,49,49,49,43,43,50,53,53,53,9,68,64,64,64,59,49,49,38,38,38,42,42,43,18,11,31,0],"gold":719,"neow_bonus":"ONE_RANDOM_RARE_CARD","is_prod":false,"is_daily":false,"chose_seed":false,"campfire_upgraded":7,"win_rate":0,"timestamp":1563351398,"path_taken":["M","M","?","M","M","E","M","E","T","M","?","R","M","M","R","BOSS","M","$","M","M","M","R","E","R","T","M","?","M","?","?","R","BOSS","M","?","?","?","?","R","M","R","T","M","?","M","?","M","R","BOSS"],"build_version":"2019-07-05","purchased_purges":1,"victory":false,"max_hp_per_floor":[80,80,80,80,80,80,80,80,80,80,80,80,80,80,80,80,80,80,80,83,86,89,89,89,89,89,92,92,95,98,68,68,68,68,68,68,68,68,68,68,68,68,68,68,68,68,68,68,68,68],"card_choices":[{"not_picked":["Twin Strike","Sword Boomerang"],"picked":"Flame Barrier","floor":1},{"not_picked":["Uppercut","Cleave"],"picked":"Carnage","floor":2},{"not_picked":["Flex","Intimidate"],"picked":"Clash","floor":4},{"not_picked":["Metallicize","Blood for Blood"],"picked":"Rampage","floor":5},{"not_picked":["Anger","Heavy Blade","Perfected Strike"],"picked":"SKIP","floor":6},{"not_picked":["Iron Wave","Power Through"],"picked":"Offering","floor":7},{"not_picked":["Rage","Feel No Pain"],"picked":"Uppercut","floor":8},{"not_picked":["Power Through","Sword Boomerang"],"picked":"Headbutt","floor":10},{"not_picked":["Pommel Strike","Anger"],"picked":"Cleave","floor":11},{"not_picked":["Twin Strike","Reckless Charge"],"picked":"Bludgeon","floor":13},{"not_picked":["Infernal Blade","Anger"],"picked":"Disarm","floor":14},{"not_picked":["Dark Embrace","Reaper"],"picked":"Feed","floor":16},{"not_picked":["Cleave","Clothesline","Armaments"],"picked":"SKIP","floor":18},{"not_picked":["Cleave+1","Perfected Strike+1"],"picked":"Headbutt","floor":20},{"not_picked":["Ghostly Armor","Headbutt"],"picked":"Battle Trance+1","floor":21},{"not_picked":["Perfected Strike","Wild Strike+1","Inflame"],"picked":"SKIP","floor":22},{"not_picked":["Heavy Blade","Perfected Strike","True Grit"],"picked":"SKIP","floor":24},{"not_picked":["Warcry","Clothesline","Rampage"],"picked":"Ghostly Armor","floor":27},{"not_picked":["Perfected Strike","Power Through","Headbutt"],"picked":"Uppercut","floor":29},{"not_picked":["Heavy Blade+1","Iron Wave","Armaments","True Grit+1"],"picked":"SKIP","floor":30},{"not_picked":["Exhume","Offering","Juggernaut"],"picked":"Limit Break","floor":33},{"not_picked":["Shrug It Off","Thunderclap","Wild Strike"],"picked":"Inflame+1","floor":35},{"not_picked":["Uppercut","Anger+1","Sword Boomerang+1"],"picked":"Whirlwind+1","floor":38},{"not_picked":["Trip","Impatience","Flash of Steel"],"picked":"Mind Blast","floor":39},{"not_picked":["Metamorphosis","Bandage Up","Jack Of All Trades"],"picked":"Secret Technique","floor":39},{"not_picked":["Cleave+1","Twin Strike","Anger"],"picked":"Heavy Blade+1","floor":41},{"not_picked":["Flex+1","Clothesline+1","Pommel Strike+1"],"picked":"Impervious","floor":44},{"not_picked":["Cleave","Fire Breathing+1","Twin Strike"],"picked":"Rage+1","floor":46},{"not_picked":["Burning Pact","True Grit","Feel No Pain+1","Corruption+1"],"picked":"SKIP","floor":47},{"not_picked":["Entrench+1","True Grit","Combust"],"picked":"Body Slam+1","floor":48}],"player_experience":206382,"relics_obtained":[{"floor":6,"key":"Torii"},{"floor":8,"key":"Red Skull"},{"floor":9,"key":"Blue Candle"},{"floor":24,"key":"War Paint"},{"floor":26,"key":"Question Card"},{"floor":43,"key":"Dodecahedron"}],"event_choices":[{"cards_removed":["Strike_R"],"damage_healed":0,"gold_gain":0,"player_choice":"Card Removal","damage_taken":0,"max_hp_gain":0,"max_hp_loss":0,"event_name":"The Cleric","floor":3,"gold_loss":50},{"damage_healed":0,"gold_gain":0,"player_choice":"Searched \u00272\u0027 times","damage_taken":0,"relics_obtained":["Incense Burner"],"max_hp_gain":0,"max_hp_loss":0,"event_name":"Dead Adventurer","floor":11,"gold_loss":0},{"damage_healed":0,"gold_gain":0,"player_choice":"Got Potions","damage_taken":0,"max_hp_gain":0,"max_hp_loss":0,"event_name":"Lab","floor":28,"gold_loss":0},{"damage_healed":0,"gold_gain":0,"player_choice":"Became a vampire","damage_taken":0,"max_hp_gain":0,"max_hp_loss":30,"event_name":"Vampires","floor":31,"gold_loss":0,"cards_obtained":["Bite","Bite","Bite","Bite","Bite"]},{"cards_removed":["Bite"],"damage_healed":0,"gold_gain":0,"player_choice":"Removed Attack","damage_taken":0,"max_hp_gain":0,"max_hp_loss":0,"event_name":"Falling","floor":36,"gold_loss":0},{"damage_healed":0,"gold_gain":0,"player_choice":"Bought 3 Potions","damage_taken":0,"max_hp_gain":0,"max_hp_loss":0,"event_name":"The Woman in Blue","floor":37,"gold_loss":0},{"damage_healed":0,"gold_gain":0,"player_choice":"Memory 3","damage_taken":10,"max_hp_gain":0,"max_hp_loss":0,"event_name":"SensoryStone","floor":39,"gold_loss":0},{"damage_healed":0,"gold_gain":0,"player_choice":"Forge","damage_taken":0,"max_hp_gain":0,"max_hp_loss":0,"event_name":"Accursed Blacksmith","floor":45,"gold_loss":0,"cards_upgraded":["Secret Technique"]}],"is_beta":false,"boss_relics":[{"not_picked":["Velvet Choker","Black Blood"],"picked":"Philosopher\u0027s Stone"},{"not_picked":["Lizard Tail","Empty Cage"],"picked":"Astrolabe"}],"items_purged_floors":[19],"is_endless":false,"potions_floor_spawned":[1,5,6,7,8,10,14,20,21,22,29,41,44,48],"killed_by":"Time Eater","ascension_level":3}