{"gold_per_floor":[118,134,59,71,3,28,28,28,28,28,105,119,44,59,59,154,154,166,186,198,288,298,298,310,325,350,373,373,373,373,383,383,485,485,504,516,529,131,151,151,163,163,163,163,163,178,178,178,178,178],"floor_reached":51,"playtime":2071,"items_purged":["Strike_G","Decay"],"score":701,"play_id":"df9367cd-9b38-4a00-a3e3-4bcfcfd522d3","local_time":"20181021093929","is_ascension_mode":false,"campfire_choices":[{"data":"Footwork","floor":7.0,"key":"SMITH"},{"data":"Grand Finale","floor":10.0,"key":"SMITH"},{"data":"Catalyst","floor":15.0,"key":"SMITH"},{"floor":23.0,"key":"REST"},{"floor":29.0,"key":"REST"},{"floor":32.0,"key":"REST"},{"floor":40,"key":"REST"},{"floor":42,"key":"REST"},{"data":"Calculated Gamble","floor":44,"key":"SMITH"},{"data":"Wraith Form v2","floor":49,"key":"SMITH"}],"neow_cost":"NONE","seed_source_timestamp":3902299206529,"circlet_count":0,"master_deck":["Defend_G+1","Defend_G+1","Defend_G+1","Defend_G+1","Defend_G+1","Strike_G+1","Strike_G+1","Strike_G+1","Survivor+1","Neutralize+1","Crippling Poison+1","Predator+1","Crippling Poison+1","Footwork+1","Dagger Throw+1","Purity+1","Backflip+1","Catalyst+1","Bullet Time+1","Deadly Poison+1","Acrobatics+1","Acrobatics+1","Concentrate+1","Noxious Fumes+1","Concentrate+1","PiercingWail+1","Calculated Gamble+1","Escape Plan+1","Die Die Die+1","Well Laid Plans+1","Adrenaline+1","Concentrate+1","Reflex+1","Backflip+1","Prepared+1","Leg Sweep+1","Wraith Form v2+1"],"special_seed":0,"relics":["Ring of the Snake","Gremlin Horn","Snake Skull","Orrery","Boot","Ancient Tea Set","Philosopher\u0027s Stone","Membership Card","War Paint","The Courier","Mark of the Bloom"],"potions_floor_usage":[33,33,33,39,50,50],"damage_taken":[{"damage":1.0,"enemies":"Cultist","floor":1.0,"turns":4.0},{"damage":0.0,"enemies":"Jaw Worm","floor":2.0,"turns":5.0},{"damage":0.0,"enemies":"2 Louse","floor":4.0,"turns":3.0},{"damage":37.0,"enemies":"Lagavulin","floor":6.0,"turns":10.0},{"damage":0.0,"enemies":"Looter","floor":12.0,"turns":3.0},{"damage":1.0,"enemies":"Red Slaver","floor":14.0,"turns":6.0},{"damage":4.0,"enemies":"Hexaghost","floor":16.0,"turns":8.0},{"damage":8.0,"enemies":"Shell Parasite","floor":18.0,"turns":4.0},{"damage":9.0,"enemies":"2 Thieves","floor":19.0,"turns":4.0},{"damage":6.0,"enemies":"Chosen and Byrds","floor":20.0,"turns":4.0},{"damage":7.0,"enemies":"Cultist and Chosen","floor":22.0,"turns":7.0},{"damage":14.0,"enemies":"Centurion and Healer","floor":24.0,"turns":7.0},{"damage":5.0,"enemies":"Snake Plant","floor":25.0,"turns":5.0},{"damage":15.0,"enemies":"Colosseum Slavers","floor":28.0,"turns":6.0},{"damage":13.0,"enemies":"Snecko","floor":31.0,"turns":5.0},{"damage":41,"enemies":"Collector","floor":33,"turns":6},{"damage":12,"enemies":"3 Shapes","floor":35,"turns":2},{"damage":15,"enemies":"Orb Walker","floor":36,"turns":4},{"damage":12,"enemies":"Spire Growth","floor":37,"turns":3},{"damage":1,"enemies":"Transient","floor":39,"turns":5},{"damage":0,"enemies":"4 Shapes","floor":41,"turns":3},{"damage":17,"enemies":"Maw","floor":46,"turns":7},{"damage":9,"enemies":"Time Eater","floor":50,"turns":7}],"seed_played":"-3913250484006682162","potions_obtained":[{"floor":4.0,"key":"SkillPotion"},{"floor":6.0,"key":"Explosive Potion"},{"floor":14.0,"key":"Energy Potion"},{"floor":16.0,"key":"FearPotion"},{"floor":19.0,"key":"Dexterity Potion"},{"floor":20.0,"key":"Poison Potion"},{"floor":25.0,"key":"AttackPotion"},{"floor":31.0,"key":"Dexterity Potion"},{"floor":35,"key":"Poison Potion"},{"floor":41,"key":"Poison Potion"}],"is_trial":false,"path_per_floor":["M","M","$","M","$","E","R","?","T","R","?","M","$","M","R","B",null,"M","M","M","?","M","R","M","M","T","T","?","R","?","M","R","B",null,"M","M","M","$","M","R","M","R","T","R","?","M","?","?","R","B"],"character_chosen":"THE_SILENT","items_purchased":["Footwork","Catalyst","Membership Card","Backflip","Explosive Potion","SpeedPotion","War Paint"],"campfire_rested":5,"item_purchase_floors":[5,13,38,38,38,38,38],"current_hp_per_floor":[69,69,69,69,69,32,32,32,32,32,32,32,32,31,31,27,70,62,53,47,33,26,47,33,28,28,28,13,34,34,21,42,1,70,58,43,31,31,30,51,51,70,70,70,80,63,63,63,63,54],"gold":178,"neow_bonus":"REMOVE_CARD","is_prod":false,"is_daily":false,"chose_seed":false,"campfire_upgraded":5,"win_rate":0,"timestamp":1540085969,"path_taken":["M","M","$","?","$","E","R","?","T","R","?","M","$","M","R","BOSS","M","M","M","?","M","R","M","M","T","?","?","R","?","M","R","BOSS","M","M","M","$","M","R","M","R","T","R","?","M","?","?","R","BOSS"],"build_version":"2018-10-18","purchased_purges":2,"victory":true,"max_hp_per_floor":[70,70,70,70,70,70,70,70,70,70,70,70,70,70,70,70,70,70,70,70,70,70,70,70,70,70,70,70,70,70,70,70,70,70,70,70,70,70,70,70,70,70,70,70,80,80,80,80,80,80],"card_choices":[{"not_picked":["PiercingWail","Eviscerate"],"picked":"Crippling Poison","floor":1.0},{"not_picked":["Flying Knee","Deflect"],"picked":"Predator","floor":2.0},{"not_picked":["Acrobatics","Cloak And Dagger"],"picked":"Crippling Poison","floor":4.0},{"not_picked":["Calculated Gamble","Cloak And Dagger","Flying Knee"],"picked":"SKIP","floor":6.0},{"not_picked":["Concentrate","Sucker Punch"],"picked":"Backflip","floor":12.0},{"not_picked":["A Thousand Cuts","Predator","Flying Knee"],"picked":"SKIP","floor":14.0},{"not_picked":["Storm of Steel","Venomology"],"picked":"Bullet Time","floor":16.0},{"not_picked":["Acrobatics","Masterful Stab"],"picked":"Deadly Poison","floor":17.0},{"not_picked":["Outmaneuver","Quick Slash"],"picked":"Acrobatics","floor":17.0},{"not_picked":["Deflect","Prepared"],"picked":"Acrobatics","floor":17.0},{"not_picked":["Setup","Blur"],"picked":"Concentrate","floor":17.0},{"not_picked":["Backflip","Eviscerate"],"picked":"Noxious Fumes","floor":18.0},{"not_picked":["Die Die Die","Poisoned Stab"],"picked":"Concentrate+1","floor":19.0},{"not_picked":["Riddle With Holes","Cloak And Dagger"],"picked":"PiercingWail","floor":20.0},{"not_picked":["Underhanded Strike","Dash"],"picked":"Calculated Gamble","floor":22.0},{"not_picked":["Cloak And Dagger","Prepared"],"picked":"Escape Plan","floor":24.0},{"not_picked":["Blade Dance","Masterful Stab"],"picked":"Die Die Die","floor":25.0},{"not_picked":["Deadly Poison+1","Prepared"],"picked":"Well Laid Plans+1","floor":31.0},{"not_picked":["Glass Knife","A Thousand Cuts"],"picked":"Adrenaline","floor":33},{"not_picked":["Acrobatics","Dagger Throw"],"picked":"Concentrate+1","floor":35},{"not_picked":["Blade Dance","Slice","Bouncing Flask"],"picked":"SKIP","floor":36},{"not_picked":["Slice","Prepared+1"],"picked":"Reflex+1","floor":37},{"not_picked":["Escape Plan+1","Blade Dance+1"],"picked":"Prepared+1","floor":39},{"not_picked":["Dagger Spray","Blur","Bouncing Flask"],"picked":"SKIP","floor":41},{"not_picked":["Blade Dance+1","Outmaneuver"],"picked":"Leg Sweep","floor":46}],"player_experience":437659,"relics_obtained":[{"floor":6.0,"key":"Gremlin Horn"},{"floor":9.0,"key":"Snake Skull"},{"floor":26.0,"key":"Boot"},{"floor":27.0,"key":"Ancient Tea Set"},{"floor":43,"key":"The Courier"}],"event_choices":[{"damage_healed":0.0,"max_hp_gain":0.0,"max_hp_loss":0.0,"gold_gain":0.0,"event_name":"Match and Keep!","player_choice":"3 cards matched","floor":8.0,"gold_loss":0.0,"damage_taken":0.0,"cards_obtained":["Dagger Throw","Purity","Grand Finale"]},{"damage_healed":0.0,"max_hp_gain":0.0,"max_hp_loss":0.0,"gold_gain":77.0,"event_name":"Golden Wing","player_choice":"Gained Gold","floor":11.0,"gold_loss":0.0,"damage_taken":0.0},{"damage_healed":0.0,"max_hp_gain":0.0,"max_hp_loss":0.0,"gold_gain":90.0,"event_name":"Knowing Skull","player_choice":"GOLD ","floor":21.0,"potions_obtained":[],"gold_loss":0.0,"damage_taken":14.0,"cards_obtained":[]},{"damage_healed":0.0,"max_hp_gain":0.0,"max_hp_loss":0.0,"gold_gain":0.0,"event_name":"Colosseum","player_choice":"Fight","floor":28.0,"gold_loss":0.0,"damage_taken":0.0},{"damage_healed":0.0,"max_hp_gain":0.0,"max_hp_loss":0.0,"gold_gain":0.0,"event_name":"Colosseum","player_choice":"Fled From Nobs","floor":28.0,"gold_loss":0.0,"damage_taken":0.0},{"damage_healed":0.0,"max_hp_gain":0.0,"max_hp_loss":0.0,"gold_gain":0.0,"event_name":"Forgotten Altar","player_choice":"Smashed Altar","floor":30.0,"gold_loss":0.0,"damage_taken":0.0,"cards_obtained":["Decay"]},{"cards_removed":["Grand Finale"],"damage_healed":0,"gold_gain":0,"player_choice":"Offered Rare","damage_taken":0,"max_hp_gain":10,"max_hp_loss":0,"event_name":"Bonfire Elementals","floor":45,"gold_loss":0},{"damage_healed":0,"gold_gain":0,"player_choice":"Upgrade","damage_taken":0,"relics_obtained":["Mark of the Bloom"],"max_hp_gain":0,"max_hp_loss":0,"event_name":"MindBloom","floor":47,"gold_loss":0,"cards_upgraded":["Defend_G","Defend_G","Defend_G","Defend_G","Defend_G","Strike_G","Strike_G","Strike_G","Survivor","Neutralize","Crippling Poison","Predator","Crippling Poison","Dagger Throw","Purity","Backflip","Bullet Time","Acrobatics","Concentrate","Noxious Fumes","PiercingWail","Escape Plan","Die Die Die","Adrenaline","Backflip","Leg Sweep"]},{"damage_healed":0,"gold_gain":0,"player_choice":"1 cards matched","damage_taken":0,"max_hp_gain":0,"max_hp_loss":0,"event_name":"Match and Keep!","floor":48,"gold_loss":0,"cards_obtained":["Wraith Form v2"]}],"is_beta":false,"boss_relics":[{"not_picked":["Calling Bell","WristBlade"],"picked":"Orrery"},{"not_picked":["Pandora\u0027s Box","Coffee Dripper"],"picked":"Philosopher\u0027s Stone"}],"items_purged_floors":[3,38],"is_endless":false,"potions_floor_spawned":[4,6,14,16,19,20,25,31,35,41,46],"ascension_level":0}