{"gold_per_floor":[112,187,187,71,86,86,117,141,222,222,36,36,52,52,52,147,147,171,21,21,21,40,40],"floor_reached":23,"playtime":1890,"items_purged":["Strike_G","Strike_G","Strike_G"],"score":424,"play_id":"97667e09-2158-4e19-b172-b1627f647795","local_time":"20190123180209","is_ascension_mode":true,"campfire_choices":[{"data":"Neutralize","floor":6,"key":"SMITH"},{"data":"Noxious Fumes","floor":10,"key":"SMITH"},{"data":"Well Laid Plans","floor":12,"key":"SMITH"},{"data":"Caltrops","floor":15,"key":"SMITH"}],"neow_cost":"NONE","seed_source_timestamp":15402108863539,"circlet_count":0,"master_deck":["AscendersBane","Defend_G","Defend_G","Defend_G","Defend_G","Defend_G","Survivor","Neutralize+1","Cloak And Dagger","Concentrate","Caltrops+1","Noxious Fumes+1","Tactician","Well Laid Plans+1","Adrenaline","Backflip","Catalyst","Dash","Blur","Flechettes"],"relics":["Ring of the Serpent","NeowsBlessing","Golden Idol","Vajra","Ornamental Fan","Boot"],"potions_floor_usage":[18],"damage_taken":[{"damage":0,"enemies":"Small Slimes","floor":1,"turns":1},{"damage":0,"enemies":"Jaw Worm","floor":5,"turns":1},{"damage":0,"enemies":"3 Sentries","floor":7,"turns":1},{"damage":1,"enemies":"2 Louse","floor":8,"turns":3},{"damage":6,"enemies":"Looter","floor":13,"turns":4},{"damage":12,"enemies":"The Guardian","floor":16,"turns":11},{"damage":3,"enemies":"Chosen","floor":18,"turns":7},{"damage":9,"enemies":"Spheric Guardian","floor":22,"turns":6},{"damage":0,"enemies":"Colosseum Slavers","floor":23,"turns":1}],"seed_played":"-6664882992791817232","potions_obtained":[{"floor":7,"key":"Strength Potion"},{"floor":16,"key":"AttackPotion"}],"is_trial":false,"path_per_floor":["M","?","?","$","M","R","E","M","T","R","$","R","M","?","R","B",null,"M","$","?","?","M","?"],"character_chosen":"THE_SILENT","items_purchased":["Concentrate","Well Laid Plans","Backflip"],"campfire_rested":0,"item_purchase_floors":[4,11,19],"current_hp_per_floor":[59,48,48,48,48,48,48,47,47,47,47,47,41,30,30,18,50,47,47,47,47,38,38],"gold":40,"neow_bonus":"THREE_ENEMY_KILL","is_prod":false,"is_daily":false,"chose_seed":false,"campfire_upgraded":4,"win_rate":0,"timestamp":1548237729,"path_taken":["M","?","?","$","M","R","E","M","T","R","$","R","M","?","R","BOSS","M","$","?","?","M","?"],"build_version":"2019-01-17v2","purchased_purges":3,"victory":false,"max_hp_per_floor":[66,66,60,60,60,60,60,60,60,60,60,60,60,60,60,60,60,60,60,60,60,60,60],"card_choices":[{"not_picked":["Dagger Spray","Deflect"],"picked":"Cloak And Dagger","floor":1},{"not_picked":["Flying Knee","Slice"],"picked":"Caltrops","floor":5},{"not_picked":["Outmaneuver","Bouncing Flask"],"picked":"Noxious Fumes","floor":7},{"not_picked":["Riddle With Holes","Backflip"],"picked":"Tactician","floor":8},{"not_picked":["Distraction","Quick Slash","Endless Agony"],"picked":"SKIP","floor":13},{"not_picked":["Phantasmal Killer","Tools of the Trade"],"picked":"Adrenaline","floor":16},{"not_picked":["Flying Knee","Predator+1","Flechettes"],"picked":"SKIP","floor":18},{"not_picked":["Flying Knee","PiercingWail"],"picked":"Flechettes","floor":22}],"player_experience":2168619,"relics_obtained":[{"floor":7,"key":"Vajra"},{"floor":9,"key":"Ornamental Fan"}],"event_choices":[{"damage_healed":0,"gold_gain":75,"player_choice":"Gather Gold","damage_taken":11,"max_hp_gain":0,"max_hp_loss":0,"event_name":"World of Goop","floor":2,"gold_loss":0},{"damage_healed":0,"gold_gain":0,"player_choice":"Lose Max HP","damage_taken":0,"relics_obtained":["Golden Idol"],"max_hp_gain":0,"max_hp_loss":6,"event_name":"Golden Idol","floor":3,"gold_loss":0},{"damage_healed":0,"gold_gain":0,"player_choice":"Success","damage_taken":11,"relics_obtained":["Boot"],"max_hp_gain":0,"max_hp_loss":0,"event_name":"Scrap Ooze","floor":14,"gold_loss":0},{"damage_healed":0,"gold_gain":0,"player_choice":"Read","damage_taken":0,"max_hp_gain":0,"max_hp_loss":0,"event_name":"The Library","floor":20,"gold_loss":0,"cards_obtained":["Catalyst"]},{"damage_healed":0,"gold_gain":0,"cards_transformed":["Strike_G","Strike_G"],"player_choice":"Became Test Subject","damage_taken":0,"max_hp_gain":0,"max_hp_loss":0,"event_name":"Drug Dealer","floor":21,"gold_loss":0,"cards_obtained":["Dash","Blur"]},{"damage_healed":0,"gold_gain":0,"player_choice":"Fight","damage_taken":0,"max_hp_gain":0,"max_hp_loss":0,"event_name":"Colosseum","floor":23,"gold_loss":0}],"is_beta":false,"boss_relics":[{"not_picked":["White Beast Statue","HoveringKite"],"picked":"Ring of the Serpent"}],"items_purged_floors":[4,11,19],"is_endless":false,"potions_floor_spawned":[7,16],"killed_by":"Colosseum Slavers","ascension_level":20}