{"gold_per_floor":[119,131,56,69,88,88,116,116,116,116,116,191,210,235,235,306,306,285,301,95,108,108,135,135,152,176,176,9,9,44,44,44,120,120,133,133,150,50,50,76,76,109,179,179,199,199,227,247,247,247,247,247,247,14,47,47],"floor_reached":57,"playtime":3330,"items_purged":["Strike_G","Strike_G","Strike_G","Strike_G"],"score":3497,"play_id":"a4244bb6-a8a4-4e97-ba9c-1aa275bb81a0","local_time":"20190306203910","is_ascension_mode":true,"campfire_choices":[{"data":"Bouncing Flask","floor":6.0,"key":"SMITH"},{"data":"Neutralize","floor":8.0,"key":"SMITH"},{"data":"Backflip","floor":10.0,"key":"SMITH"},{"data":"Footwork","floor":15.0,"key":"SMITH"},{"data":"Tactician","floor":24.0,"key":"SMITH"},{"data":"Calculated Gamble","floor":27.0,"key":"SMITH"},{"floor":29.0,"key":"RECALL"},{"data":"Survivor","floor":32.0,"key":"SMITH"},{"data":"Reflex","floor":44,"key":"SMITH"},{"data":"Malaise","floor":46,"key":"SMITH"},{"data":"Adrenaline","floor":49,"key":"SMITH"},{"data":"Adrenaline","floor":53,"key":"SMITH"}],"neow_cost":"TEN_PERCENT_HP_LOSS","seed_source_timestamp":38698584637074,"circlet_count":0,"master_deck":["AscendersBane","Defend_G","Defend_G+1","Defend_G","Defend_G+1","Defend_G","Strike_G","Survivor+1","Neutralize+1","Bouncing Flask+1","Backflip+1","Adrenaline+1","Footwork+1","Adrenaline+1","Tactician+1","Calculated Gamble+1","Malaise+1","Reflex+1","Blur+1","Prepared+1"],"special_seed":0,"relics":["Ring of the Snake","Thread and Needle","Happy Flower","Vajra","The Courier","Dodecahedron","Runic Pyramid","Lantern","War Paint","Snake Skull","Medical Kit","Mummified Hand","Black Star","Gremlin Horn","Toxic Egg 2","Bag of Preparation","Smiling Mask","Question Card","Oddly Smooth Stone","Centennial Puzzle","Toy Ornithopter","Unceasing Top","Anchor"],"potions_floor_usage":[47,56],"damage_taken":[{"damage":0.0,"enemies":"Cultist","floor":1.0,"turns":5.0},{"damage":0.0,"enemies":"2 Louse","floor":2.0,"turns":5.0},{"damage":1.0,"enemies":"Small Slimes","floor":4.0,"turns":4.0},{"damage":0.0,"enemies":"Blue Slaver","floor":5.0,"turns":4.0},{"damage":3.0,"enemies":"3 Sentries","floor":7.0,"turns":7.0},{"damage":0.0,"enemies":"Large Slime","floor":13.0,"turns":5.0},{"damage":0.0,"enemies":"Lagavulin","floor":14.0,"turns":6.0},{"damage":14.0,"enemies":"Hexaghost","floor":16.0,"turns":11.0},{"damage":0.0,"enemies":"2 Thieves","floor":18.0,"turns":4.0},{"damage":0.0,"enemies":"Shell Parasite","floor":19.0,"turns":5.0},{"damage":4.0,"enemies":"Shelled Parasite and Fungi","floor":21.0,"turns":6.0},{"damage":0.0,"enemies":"Book of Stabbing","floor":23.0,"turns":7.0},{"damage":0.0,"enemies":"Snake Plant","floor":25.0,"turns":4.0},{"damage":0.0,"enemies":"Gremlin Leader","floor":30.0,"turns":5.0},{"damage":0.0,"enemies":"Automaton","floor":33.0,"turns":9.0},{"damage":0.0,"enemies":"3 Shapes","floor":35.0,"turns":5.0},{"damage":0.0,"enemies":"Orb Walker","floor":37.0,"turns":3.0},{"damage":0.0,"enemies":"Reptomancer","floor":40.0,"turns":11.0},{"damage":0,"enemies":"Giant Head","floor":42,"turns":7},{"damage":0,"enemies":"Transient","floor":45,"turns":6},{"damage":0,"enemies":"Reptomancer","floor":47,"turns":9},{"damage":0,"enemies":"Writhing Mass","floor":48,"turns":6},{"damage":0,"enemies":"Donu and Deca","floor":50,"turns":13},{"damage":0,"enemies":"Awakened One","floor":51,"turns":19},{"damage":0,"enemies":"Shield and Spear","floor":55,"turns":10},{"damage":10,"enemies":"The Heart","floor":56,"turns":14}],"seed_played":"6763202362290944817","potions_obtained":[{"floor":1.0,"key":"SteroidPotion"},{"floor":2.0,"key":"Fire Potion"},{"floor":18.0,"key":"SpeedPotion"},{"floor":23.0,"key":"GamblersBrew"},{"floor":40.0,"key":"AttackPotion"}],"is_trial":false,"path_per_floor":["M","M","$","M","M","R","E","R","T","R","?","?","M","E","R","B",null,"M","M","$","M","?","E","R","M","T","R","$","R","E","?","R","B",null,"M","?","M","$","?","E","T","E","T","R","M","R","E","M","R","B","B",null,"R","$","E","B",null],"character_chosen":"THE_SILENT","items_purchased":["Lantern","Medical Kit","Toy Ornithopter"],"campfire_rested":0,"item_purchase_floors":[20,28,54],"current_hp_per_floor":[59,59,59,58,58,58,55,55,55,55,50,39,39,39,39,25,51,51,51,51,47,31,31,31,31,31,31,31,31,31,44,44,44,60,60,56,56,56,56,56,56,56,56,56,56,56,56,56,56,56,56,61,61,61,61,52],"gold":47,"neow_bonus":"ONE_RARE_RELIC","is_prod":false,"is_daily":false,"chose_seed":false,"campfire_upgraded":11,"win_rate":0,"timestamp":1551875950,"path_taken":["M","M","$","?","M","R","E","R","T","R","?","?","M","E","R","BOSS","M","M","$","M","?","E","R","M","T","R","$","R","E","?","R","BOSS","M","?","?","$","?","E","?","E","T","R","?","R","E","M","R","BOSS","BOSS","R","$","E","BOSS"],"build_version":"2019-01-23","purchased_purges":4,"victory":true,"max_hp_per_floor":[60,60,60,60,60,60,60,60,60,60,60,60,60,60,60,60,60,60,60,60,60,65,65,65,65,65,65,65,65,65,65,65,65,65,65,65,65,65,62,62,62,62,62,62,62,62,62,62,62,62,62,62,62,62,62,62],"card_choices":[{"not_picked":["Bane","Prepared"],"picked":"Bouncing Flask","floor":1.0},{"not_picked":["Underhanded Strike","Dagger Spray"],"picked":"Backflip","floor":2.0},{"not_picked":["Poisoned Stab","Quick Slash","Slice"],"picked":"SKIP","floor":4.0},{"not_picked":["Heel Hook","Cloak And Dagger","Dodge and Roll"],"picked":"SKIP","floor":5.0},{"not_picked":["Sucker Punch","Quick Slash","Masterful Stab"],"picked":"SKIP","floor":7.0},{"not_picked":["Slice","Dagger Throw"],"picked":"Adrenaline","floor":13.0},{"not_picked":["Bane","Blade Dance"],"picked":"Footwork","floor":14.0},{"not_picked":["Tools of the Trade","Storm of Steel"],"picked":"Adrenaline","floor":16.0},{"not_picked":["Dagger Throw","Sucker Punch"],"picked":"Tactician","floor":18.0},{"not_picked":["Sucker Punch","PiercingWail","Blade Dance"],"picked":"SKIP","floor":19.0},{"not_picked":["Cloak And Dagger","Accuracy","Unload"],"picked":"SKIP","floor":21.0},{"not_picked":["Distraction","Caltrops","Dagger Spray"],"picked":"SKIP","floor":23.0},{"not_picked":["Cloak And Dagger","Deflect"],"picked":"Calculated Gamble","floor":25.0},{"not_picked":["Backstab","Endless Agony+1","Eviscerate"],"picked":"SKIP","floor":30.0},{"not_picked":["Phantasmal Killer","A Thousand Cuts"],"picked":"Malaise","floor":33.0},{"not_picked":["Cloak And Dagger","Dodge and Roll"],"picked":"Reflex","floor":35.0},{"not_picked":["Flying Knee","Leg Sweep"],"picked":"Blur+1","floor":37.0},{"not_picked":["Blade Dance","Infinite Blades","Deflect"],"picked":"SKIP","floor":40.0},{"not_picked":["Outmaneuver+1","Predator+1","Eviscerate"],"picked":"SKIP","floor":42},{"not_picked":["PiercingWail+1","Heel Hook","Masterful Stab+1","Blade Dance+1"],"picked":"SKIP","floor":45},{"not_picked":["Deadly Poison+1","Setup+1","Leg Sweep+1","Calculated Gamble+1"],"picked":"SKIP","floor":47},{"not_picked":["Dagger Throw","Calculated Gamble+1","Tools of the Trade","Choke+1"],"picked":"SKIP","floor":48},{"not_picked":["Dagger Throw","Calculated Gamble+1","Tools of the Trade","Choke+1"],"picked":"SKIP","floor":48},{"not_picked":["Eviscerate","PiercingWail+1","Underhanded Strike"],"picked":"Prepared+1","floor":55}],"player_experience":3365672,"relics_obtained":[{"floor":7.0,"key":"Happy Flower"},{"floor":9.0,"key":"Vajra"},{"floor":14.0,"key":"Dodecahedron"},{"floor":23.0,"key":"War Paint"},{"floor":26.0,"key":"Snake Skull"},{"floor":30.0,"key":"Mummified Hand"},{"floor":40.0,"key":"Gremlin Horn"},{"floor":40.0,"key":"Toxic Egg 2"},{"floor":41,"key":"Bag of Preparation"},{"floor":42,"key":"Smiling Mask"},{"floor":42,"key":"Question Card"},{"floor":47,"key":"Oddly Smooth Stone"},{"floor":47,"key":"Centennial Puzzle"},{"floor":55,"key":"Unceasing Top"},{"floor":55,"key":"Anchor"}],"event_choices":[{"damage_healed":0.0,"max_hp_gain":0.0,"max_hp_loss":0.0,"gold_gain":0.0,"event_name":"Scrap Ooze","player_choice":"Success","floor":11.0,"gold_loss":0.0,"damage_taken":5.0,"relics_obtained":["The Courier"]},{"damage_healed":0.0,"max_hp_gain":0.0,"max_hp_loss":0.0,"gold_gain":75.0,"event_name":"World of Goop","player_choice":"Gather Gold","floor":12.0,"gold_loss":0.0,"damage_taken":11.0},{"damage_healed":0.0,"max_hp_gain":5.0,"max_hp_loss":0.0,"gold_gain":0.0,"event_name":"Forgotten Altar","player_choice":"Shed Blood","floor":22.0,"gold_loss":0.0,"damage_taken":21.0},{"damage_healed":13.0,"max_hp_gain":0.0,"max_hp_loss":0.0,"gold_gain":0.0,"event_name":"The Library","player_choice":"Heal","floor":31.0,"gold_loss":0.0,"damage_taken":0.0},{"damage_healed":0.0,"max_hp_gain":0.0,"max_hp_loss":0.0,"gold_gain":0.0,"event_name":"The Woman in Blue","player_choice":"Bought 0 Potions","floor":36.0,"gold_loss":0.0,"damage_taken":0.0},{"damage_healed":0.0,"max_hp_gain":0.0,"max_hp_loss":3.0,"gold_gain":0.0,"event_name":"Winding Halls","player_choice":"Max HP","floor":39.0,"gold_loss":0.0,"damage_taken":0.0}],"is_beta":false,"boss_relics":[{"not_picked":["Busted Crown","Calling Bell"],"picked":"Runic Pyramid"},{"not_picked":["Coffee Dripper","Tiny House"],"picked":"Black Star"}],"items_purged_floors":[3,20,38,54],"is_endless":false,"potions_floor_spawned":[1,2,4,18,23,40,42,45],"ascension_level":20}