{"gold_per_floor":[14,30,30,30,50,50,67,67,67,38,50,108,108,141,141,215,215,234,234,234,130,180,180,105,105,129,144,144,159,159,191,191,270,270,288,303,322,334,353,386,386,399,399,425,114,114,128,128,128,128,128,128,128,22,55,55],"floor_reached":56,"playtime":2893,"items_purged":["Strike_B+1","Zap"],"score":1950,"play_id":"7c3415be-e91d-4d62-8f79-a33efbf66852","local_time":"20190221215106","is_ascension_mode":true,"campfire_choices":[{"data":"Sunder","floor":6.0,"key":"SMITH"},{"data":"Redo","floor":8.0,"key":"SMITH"},{"data":"Dualcast","floor":13.0,"key":"SMITH"},{"data":"Defragment","floor":15.0,"key":"SMITH"},{"data":"Blizzard","floor":23.0,"key":"SMITH"},{"data":"Hologram","floor":25.0,"key":"SMITH"},{"data":"Chaos","floor":28.0,"key":"SMITH"},{"data":"Coolheaded","floor":32.0,"key":"SMITH"},{"data":"Capacitor","floor":46.0,"key":"SMITH"},{"floor":49.0,"key":"RECALL"},{"data":"Buffer","floor":53.0,"key":"SMITH"}],"neow_cost":"NO_GOLD","seed_source_timestamp":0,"circlet_count":0,"master_deck":["AscendersBane","Defend_B+1","Defend_B+1","Defend_B+1","Defend_B+1","Dualcast+1","Tempest","Sunder+1","Redo+1","Cold Snap","Cold Snap","Reboot","Conserve Battery","Defragment+1","Buffer+1","Compile Driver","Blizzard+1","Hologram+1","Chaos+1","Coolheaded+1","Capacitor+1","Echo Form","Turbo+1","Coolheaded+1","BootSequence+1","Stack+1","Compile Driver","Go for the Eyes"],"special_seed":0,"relics":["Cracked Core","Pocketwatch","Gremlin Horn","Orichalcum","Darkstone Periapt","Coffee Dripper","Smiling Mask","Runic Pyramid","Pen Nib","MawBank","Lee\u0027s Waffle","Anchor"],"potions_floor_usage":[56],"damage_taken":[{"damage":1.0,"enemies":"Small Slimes","floor":1.0,"turns":3.0},{"damage":0.0,"enemies":"2 Louse","floor":2.0,"turns":3.0},{"damage":7.0,"enemies":"Jaw Worm","floor":5.0,"turns":3.0},{"damage":5.0,"enemies":"Lots of Slimes","floor":7.0,"turns":4.0},{"damage":6.0,"enemies":"Looter","floor":11.0,"turns":2.0},{"damage":0.0,"enemies":"3 Sentries","floor":12.0,"turns":2.0},{"damage":4.0,"enemies":"3 Sentries","floor":14.0,"turns":6.0},{"damage":0.0,"enemies":"Slime Boss","floor":16.0,"turns":5.0},{"damage":0.0,"enemies":"Shell Parasite","floor":18.0,"turns":4.0},{"damage":0.0,"enemies":"Chosen","floor":27.0,"turns":3.0},{"damage":0.0,"enemies":"Snake Plant","floor":29.0,"turns":4.0},{"damage":11.0,"enemies":"Gremlin Leader","floor":31.0,"turns":6.0},{"damage":25.0,"enemies":"Champ","floor":33.0,"turns":19.0},{"damage":6.0,"enemies":"3 Shapes","floor":35.0,"turns":3.0},{"damage":10.0,"enemies":"Orb Walker","floor":36.0,"turns":3.0},{"damage":17.0,"enemies":"3 Darklings","floor":37.0,"turns":5.0},{"damage":2.0,"enemies":"Writhing Mass","floor":38.0,"turns":9.0},{"damage":0.0,"enemies":"Maw","floor":39.0,"turns":7.0},{"damage":1.0,"enemies":"Nemesis","floor":40.0,"turns":5.0},{"damage":0.0,"enemies":"Sphere and 2 Shapes","floor":42.0,"turns":5.0},{"damage":11.0,"enemies":"Reptomancer","floor":44.0,"turns":8.0},{"damage":0.0,"enemies":"Transient","floor":47.0,"turns":6.0},{"damage":34.0,"enemies":"Time Eater","floor":50.0,"turns":13.0},{"damage":21.0,"enemies":"Donu and Deca","floor":51.0,"turns":11.0},{"damage":32.0,"enemies":"Shield and Spear","floor":55.0,"turns":9.0},{"damage":29,"enemies":"The Heart","floor":56,"turns":3}],"seed_played":"2773025455400189527","potions_obtained":[{"floor":1.0,"key":"Block Potion"},{"floor":11.0,"key":"AttackPotion"},{"floor":16.0,"key":"GamblersBrew"},{"floor":33.0,"key":"SteroidPotion"},{"floor":38.0,"key":"Energy Potion"},{"floor":47.0,"key":"LiquidBronze"}],"is_trial":false,"path_per_floor":["M","M","?","?","M","R","M","R","T","$","M","?","R","E","R","B",null,"M","?","?","$","?","R","?","R","T","M","R","M","?","E","R","B",null,"M","M","M","M","M","E","?","M","T","E","$","R","M","?","R","B","B",null,"R","$","E","B"],"character_chosen":"DEFECT","items_purchased":["Cold Snap","Blizzard","Hologram","Lee\u0027s Waffle","PowerPotion","Compile Driver"],"campfire_rested":0,"item_purchase_floors":[10,21,21,45,45,54],"current_hp_per_floor":[63,63,63,56,49,49,44,44,44,44,38,38,38,34,34,34,62,62,62,62,62,62,62,62,62,62,62,62,62,62,51,51,26,60,54,44,27,25,25,24,24,24,24,13,78,78,78,78,78,44,23,64,64,64,32,3],"gold":55,"neow_bonus":"ONE_RARE_RELIC","is_prod":false,"is_daily":false,"chose_seed":false,"campfire_upgraded":10,"win_rate":0,"timestamp":1550757066,"path_taken":["M","M","?","?","M","R","M","R","T","$","M","?","R","E","R","BOSS","M","?","?","$","?","R","?","R","T","?","R","?","?","E","R","BOSS","M","M","M","M","M","E","?","M","T","E","$","R","M","?","R","BOSS","BOSS","R","$","E","BOSS"],"build_version":"2019-01-23","purchased_purges":2,"victory":false,"max_hp_per_floor":[71,71,71,71,71,71,71,71,71,71,71,71,71,71,71,71,71,71,71,71,71,71,71,71,71,71,71,71,71,71,71,71,71,71,71,71,71,71,71,71,71,71,71,71,78,78,78,78,78,78,78,78,78,78,78,78],"card_choices":[{"not_picked":["Rebound","Barrage"],"picked":"Tempest","floor":1.0},{"not_picked":["Cold Snap","Fusion"],"picked":"Sunder","floor":2.0},{"not_picked":["Compile Driver","Gash"],"picked":"Cold Snap","floor":5.0},{"not_picked":["Gash","Force Field","Sweeping Beam"],"picked":"SKIP","floor":7.0},{"not_picked":["Gash","Auto Shields"],"picked":"Reboot","floor":11.0},{"not_picked":["Aggregate","FTL"],"picked":"Conserve Battery","floor":12.0},{"not_picked":["Darkness","Conserve Battery"],"picked":"Defragment","floor":14.0},{"not_picked":["Thunder Strike","Creative AI"],"picked":"Buffer","floor":16.0},{"not_picked":["Barrage+1","Fusion"],"picked":"Compile Driver","floor":18.0},{"not_picked":["Streamline","Rebound+1"],"picked":"Chaos","floor":27.0},{"not_picked":["Gash","Steam","Aggregate"],"picked":"SKIP","floor":29.0},{"not_picked":["Go for the Eyes","Loop"],"picked":"Capacitor","floor":31.0},{"not_picked":["Core Surge","Machine Learning"],"picked":"Echo Form","floor":33.0},{"not_picked":["Streamline","Go for the Eyes","Steam"],"picked":"SKIP","floor":35.0},{"not_picked":["Leap","Aggregate","White Noise+1"],"picked":"SKIP","floor":36.0},{"not_picked":["Cold Snap","Leap","Beam Cell"],"picked":"SKIP","floor":37.0},{"not_picked":["Barrage","Double Energy"],"picked":"Turbo+1","floor":38.0},{"not_picked":["Capacitor","Recycle"],"picked":"Coolheaded+1","floor":39.0},{"not_picked":["Redo","Heatsinks"],"picked":"BootSequence+1","floor":40.0},{"not_picked":["White Noise","Redo+1","Leap"],"picked":"SKIP","floor":42.0},{"not_picked":["Auto Shields","Double Energy","Doom and Gloom"],"picked":"SKIP","floor":44.0},{"not_picked":["Rebound","Streamline"],"picked":"Stack+1","floor":47.0},{"not_picked":["Ball Lightning","Reboot"],"picked":"Go for the Eyes","floor":55.0}],"player_experience":889853,"relics_obtained":[{"floor":9.0,"key":"Gremlin Horn"},{"floor":12.0,"key":"Orichalcum"},{"floor":14.0,"key":"Darkstone Periapt"},{"floor":26.0,"key":"Smiling Mask"},{"floor":40.0,"key":"Pen Nib"},{"floor":44.0,"key":"MawBank"},{"floor":55.0,"key":"Anchor"}],"event_choices":[{"damage_healed":0.0,"max_hp_gain":0.0,"max_hp_loss":0.0,"gold_gain":0.0,"cards_transformed":["Strike_B"],"event_name":"Living Wall","player_choice":"Change","floor":3.0,"gold_loss":0.0,"damage_taken":0.0,"cards_obtained":["Redo"]},{"cards_removed":["Strike_B"],"damage_healed":0.0,"max_hp_gain":0.0,"max_hp_loss":0.0,"gold_gain":0.0,"event_name":"Golden Wing","player_choice":"Card Removal","floor":4.0,"gold_loss":0.0,"damage_taken":7.0},{"damage_healed":0.0,"max_hp_gain":0.0,"max_hp_loss":0.0,"gold_gain":30.0,"event_name":"Dead Adventurer","player_choice":"Searched \u00272\u0027 times","floor":12.0,"gold_loss":0.0,"damage_taken":0.0},{"damage_healed":0.0,"max_hp_gain":0.0,"max_hp_loss":0.0,"gold_gain":0.0,"event_name":"Back to Basics","player_choice":"Simplicity","floor":19.0,"gold_loss":0.0,"damage_taken":0.0,"cards_upgraded":["Strike_B","Strike_B","Defend_B","Defend_B","Defend_B","Defend_B"]},{"damage_healed":0.0,"max_hp_gain":0.0,"max_hp_loss":0.0,"gold_gain":0.0,"event_name":"Vampires","player_choice":"Ignored","floor":20.0,"gold_loss":0.0,"damage_taken":0.0},{"damage_healed":0.0,"max_hp_gain":0.0,"max_hp_loss":0.0,"gold_gain":50.0,"event_name":"Nest","player_choice":"Stole From Cult","floor":22.0,"gold_loss":0.0,"damage_taken":0.0},{"cards_removed":["Strike_B"],"damage_healed":0.0,"max_hp_gain":0.0,"max_hp_loss":0.0,"gold_gain":0.0,"event_name":"Beggar","player_choice":"Gave Gold","floor":24.0,"gold_loss":75.0,"damage_taken":0.0},{"damage_healed":0.0,"max_hp_gain":0.0,"max_hp_loss":0.0,"gold_gain":0.0,"event_name":"The Library","player_choice":"Read","floor":30.0,"gold_loss":0.0,"damage_taken":0.0,"cards_obtained":["Coolheaded"]},{"damage_healed":0.0,"max_hp_gain":0.0,"max_hp_loss":0.0,"gold_gain":0.0,"event_name":"Tomb of Lord Red Mask","player_choice":"Ignored","floor":41.0,"gold_loss":0.0,"damage_taken":0.0},{"damage_healed":0.0,"max_hp_gain":0.0,"max_hp_loss":0.0,"gold_gain":0.0,"event_name":"Mysterious Sphere","player_choice":"Ignored","floor":48.0,"gold_loss":0.0,"damage_taken":0.0}],"is_beta":false,"boss_relics":[{"not_picked":["Velvet Choker","Eternal Feather"],"picked":"Coffee Dripper"},{"not_picked":["Runic Dome","Inserter"],"picked":"Runic Pyramid"}],"items_purged_floors":[45,54],"is_endless":false,"potions_floor_spawned":[1,11,16,18,33,38,39,47],"killed_by":"The Heart","ascension_level":20}