{"gold_per_floor":[123,135,165,192,25,25,25,25,50,76,92,110,123,123],"floor_reached":14,"playtime":582,"items_purged":[],"score":184,"play_id":"60b7d5f2-9e56-4505-9a22-69fe24dc2f0e","local_time":"20181231131929","is_ascension_mode":true,"campfire_choices":[{"data":"Deadly Poison","floor":6.0,"key":"SMITH"},{"data":"Deadly Poison","floor":8.0,"key":"SMITH"}],"neow_cost":"NONE","seed_source_timestamp":7798092924013,"circlet_count":0,"master_deck":["AscendersBane","Defend_G","Defend_G","Defend_G","Defend_G","Defend_G","Strike_G","Strike_G","Strike_G","Strike_G","Strike_G","Survivor","Neutralize","Deadly Poison+1","PiercingWail","Deadly Poison+1","Corpse Explosion","Backflip","Footwork"],"special_seed":0,"relics":["Ring of the Snake","MawBank","Ornamental Fan"],"potions_floor_usage":[13,14],"damage_taken":[{"damage":1.0,"enemies":"Cultist","floor":1.0,"turns":4.0},{"damage":0.0,"enemies":"Small Slimes","floor":3.0,"turns":4.0},{"damage":0.0,"enemies":"2 Louse","floor":4.0,"turns":3.0},{"damage":28.0,"enemies":"Lagavulin","floor":10.0,"turns":6.0},{"damage":8.0,"enemies":"Blue Slaver","floor":11.0,"turns":4.0},{"damage":6.0,"enemies":"Looter","floor":12.0,"turns":4.0},{"damage":27,"enemies":"Exordium Thugs","floor":13,"turns":5},{"damage":6,"enemies":"3 Sentries","floor":14,"turns":2}],"seed_played":"-8938542506696120594","potions_obtained":[{"floor":11.0,"key":"EssenceOfSteel"},{"floor":12.0,"key":"Regen Potion"}],"is_trial":false,"path_per_floor":["M","$","M","M","$","R","$","R","T","E","M","M","M","E"],"character_chosen":"THE_SILENT","items_purchased":["Corpse Explosion"],"campfire_rested":0,"item_purchase_floors":[5],"current_hp_per_floor":[58,58,58,58,58,58,58,58,58,30,22,16,4,0],"gold":123,"neow_bonus":"RANDOM_COMMON_RELIC","is_prod":false,"is_daily":false,"chose_seed":false,"campfire_upgraded":2,"win_rate":0,"timestamp":1546233569,"path_taken":["M","$","M","M","$","R","$","R","T","E","?","M","M","E"],"build_version":"2018-12-20","purchased_purges":0,"victory":false,"max_hp_per_floor":[66,66,66,66,66,66,66,66,66,66,66,66,66,66],"card_choices":[{"not_picked":["Dagger Throw","Crippling Poison"],"picked":"Deadly Poison","floor":1.0},{"not_picked":["Outmaneuver","Flying Knee"],"picked":"PiercingWail","floor":3.0},{"not_picked":["Finisher","Slice"],"picked":"Deadly Poison","floor":4.0},{"not_picked":["Caltrops","Riddle With Holes","Backstab"],"picked":"SKIP","floor":10.0},{"not_picked":["Backstab","Caltrops","Blade Dance"],"picked":"SKIP","floor":11.0},{"not_picked":["Expertise","Poisoned Stab"],"picked":"Backflip","floor":12.0},{"not_picked":["Setup","Skewer"],"picked":"Footwork","floor":13}],"player_experience":1616463,"relics_obtained":[{"floor":10.0,"key":"Ornamental Fan"}],"event_choices":[],"is_beta":false,"boss_relics":[],"items_purged_floors":[],"is_endless":false,"potions_floor_spawned":[11,12],"killed_by":"3 Sentries","ascension_level":20}