{"gold_per_floor":[118,29,45,62,62,102,14,14,40,40,40,115,130,169,169,169],"floor_reached":16,"playtime":337,"items_purged":[],"score":216,"play_id":"935ac9b9-a6b8-4288-99bb-8f3803cb8f23","local_time":"20190219171448","is_ascension_mode":true,"campfire_choices":[{"data":"Neutralize","floor":8.0,"key":"SMITH"},{"floor":10.0,"key":"REST"},{"data":"All Out Attack","floor":15,"key":"SMITH"}],"neow_cost":"PERCENT_DAMAGE","seed_source_timestamp":23128260510259,"circlet_count":0,"master_deck":["AscendersBane","Defend_G","Defend_G","Defend_G","Defend_G","Defend_G","Strike_G","Strike_G","Strike_G","Strike_G","Strike_G","Survivor","Neutralize+1","Adrenaline","Heel Hook","Predator","Outmaneuver","All Out Attack+1","Heel Hook","Sucker Punch","Well Laid Plans"],"special_seed":0,"relics":["Ring of the Snake","Golden Idol","Juzu Bracelet","Blood Vial","Dream Catcher"],"potions_floor_usage":[16,16],"damage_taken":[{"damage":2.0,"enemies":"Small Slimes","floor":1.0,"turns":5.0},{"damage":4.0,"enemies":"Jaw Worm","floor":3.0,"turns":2.0},{"damage":1.0,"enemies":"2 Louse","floor":4.0,"turns":2.0},{"damage":32.0,"enemies":"Gremlin Nob","floor":6.0,"turns":4.0},{"damage":3,"enemies":"Looter","floor":13,"turns":3},{"damage":27,"enemies":"3 Sentries","floor":14,"turns":7},{"damage":10,"enemies":"Slime Boss","floor":16,"turns":6}],"seed_played":"-5760813541011341909","potions_obtained":[{"floor":1.0,"key":"Energy Potion"},{"floor":4.0,"key":"SpeedPotion"},{"floor":14,"key":"SkillPotion"}],"is_trial":false,"path_per_floor":["M","$","M","M","?","E","$","R","T","R","?","?","M","E","R","B"],"character_chosen":"THE_SILENT","items_purchased":["Predator","Heel Hook"],"campfire_rested":1,"item_purchase_floors":[2,7],"current_hp_per_floor":[42,42,38,37,37,5,5,5,5,23,43,32,31,6,6,0],"gold":169,"neow_bonus":"THREE_RARE_CARDS","is_prod":false,"is_daily":false,"chose_seed":false,"campfire_upgraded":2,"win_rate":0,"timestamp":1550567688,"path_taken":["M","$","M","M","?","E","$","R","T","R","?","?","M","E","R","BOSS"],"build_version":"2019-01-23","purchased_purges":0,"victory":false,"max_hp_per_floor":[66,66,66,66,60,60,60,60,60,60,60,60,60,60,60,60],"card_choices":[{"not_picked":["Die Die Die","Doppelganger"],"picked":"Adrenaline","floor":0.0},{"not_picked":["Poisoned Stab","Setup"],"picked":"Heel Hook","floor":1.0},{"not_picked":["Bouncing Flask","Quick Slash"],"picked":"Outmaneuver","floor":3.0},{"not_picked":["Backflip","Sucker Punch"],"picked":"All Out Attack","floor":4.0},{"not_picked":["Dodge and Roll","Deadly Poison","PiercingWail"],"picked":"SKIP","floor":6.0},{"not_picked":["Dash","Bouncing Flask"],"picked":"Sucker Punch","floor":13},{"not_picked":["Glass Knife","Riddle With Holes"],"picked":"Well Laid Plans","floor":14}],"player_experience":1477747,"relics_obtained":[{"floor":6.0,"key":"Juzu Bracelet"},{"floor":9.0,"key":"Blood Vial"},{"floor":14,"key":"Dream Catcher"}],"event_choices":[{"damage_healed":0.0,"max_hp_gain":0.0,"max_hp_loss":6.0,"gold_gain":0.0,"event_name":"Golden Idol","player_choice":"Lose Max HP","floor":5.0,"gold_loss":0.0,"damage_taken":0.0,"relics_obtained":["Golden Idol"]},{"damage_healed":20,"gold_gain":0,"player_choice":"Banana","damage_taken":0,"max_hp_gain":0,"max_hp_loss":0,"event_name":"Big Fish","floor":11,"gold_loss":0},{"damage_healed":0,"gold_gain":75,"player_choice":"Gather Gold","damage_taken":11,"max_hp_gain":0,"max_hp_loss":0,"event_name":"World of Goop","floor":12,"gold_loss":0}],"is_beta":false,"boss_relics":[],"items_purged_floors":[],"is_endless":false,"potions_floor_spawned":[1,4,14],"killed_by":"Slime Boss","ascension_level":20}