{"gold_per_floor":[15,27,38,50,50,50,50,50,76,76,94,106,106,16,16,93,93,104,104,80,5,5,5,17,17],"floor_reached":25,"playtime":955,"items_purged":[],"score":436,"play_id":"2a34041a-a861-4d23-be5b-a5b306c5f42b","local_time":"20190101203605","is_ascension_mode":true,"campfire_choices":[{"data":"Noxious Fumes","floor":6.0,"key":"SMITH"},{"data":"Catalyst","floor":13,"key":"SMITH"},{"data":"Night Terror","floor":15,"key":"SMITH"},{"floor":23,"key":"REST"}],"neow_cost":"NO_GOLD","seed_source_timestamp":31248345031837,"circlet_count":0,"master_deck":["AscendersBane","Defend_G","Defend_G","Defend_G","Defend_G","Strike_G","Survivor","Neutralize","Catalyst+1","Noxious Fumes+1","Night Terror+1","Catalyst","Night Terror","Setup","Footwork+1","Backflip"],"special_seed":0,"relics":["Ring of the Snake","Omamori","Runic Pyramid"],"potions_floor_usage":[11,16,24],"damage_taken":[{"damage":8.0,"enemies":"Small Slimes","floor":1.0,"turns":5.0},{"damage":6.0,"enemies":"2 Louse","floor":2.0,"turns":3.0},{"damage":0.0,"enemies":"Jaw Worm","floor":3.0,"turns":6.0},{"damage":7.0,"enemies":"Large Slime","floor":4.0,"turns":8.0},{"damage":0,"enemies":"2 Fungi Beasts","floor":11,"turns":4},{"damage":18,"enemies":"Exordium Thugs","floor":12,"turns":6},{"damage":7,"enemies":"Hexaghost","floor":16,"turns":3},{"damage":11,"enemies":"Shell Parasite","floor":18,"turns":4},{"damage":26,"enemies":"2 Thieves","floor":20,"turns":4},{"damage":10,"enemies":"Centurion and Healer","floor":24,"turns":4},{"damage":23,"enemies":"Cultist and Chosen","floor":25,"turns":6}],"seed_played":"-5008307788664843950","potions_obtained":[{"floor":1.0,"key":"Block Potion"},{"floor":3.0,"key":"Strength Potion"},{"floor":4.0,"key":"Poison Potion"},{"floor":11,"key":"Poison Potion"},{"floor":20,"key":"SkillPotion"}],"is_trial":false,"path_per_floor":["M","M","M","M","?","R","?","?","T","?","M","M","R","$","R","B",null,"M","?","M","?","$","R","M","M"],"character_chosen":"THE_SILENT","items_purchased":["Catalyst"],"campfire_rested":1,"item_purchase_floors":[14],"current_hp_per_floor":[51,45,45,38,31,31,31,31,31,36,36,18,18,18,18,11,56,45,45,19,19,19,40,30,7],"gold":17,"neow_bonus":"REMOVE_TWO","is_prod":false,"is_daily":false,"chose_seed":false,"campfire_upgraded":3,"win_rate":0,"timestamp":1546346165,"path_taken":["M","M","M","M","?","R","?","?","T","?","M","M","R","$","R","BOSS","M","?","M","?","$","R","M","M"],"build_version":"2018-12-20","purchased_purges":0,"victory":false,"max_hp_per_floor":[66,66,66,66,66,66,66,66,66,71,71,71,71,71,71,71,71,71,71,71,71,71,71,71,71],"card_choices":[{"not_picked":["Bouncing Flask","Infinite Blades"],"picked":"Catalyst","floor":1.0},{"not_picked":["Prepared","Dagger Spray","Expertise"],"picked":"SKIP","floor":2.0},{"not_picked":["Dodge and Roll","Cloak And Dagger"],"picked":"Noxious Fumes","floor":3.0},{"not_picked":["Flying Knee","Calculated Gamble","Sucker Punch"],"picked":"SKIP","floor":4.0},{"not_picked":["Slice","Outmaneuver"],"picked":"Night Terror","floor":11},{"not_picked":["Acrobatics","Prepared","Terror"],"picked":"SKIP","floor":12},{"not_picked":["Venomology","Corpse Explosion"],"picked":"Night Terror","floor":16},{"not_picked":["Terror","Acrobatics"],"picked":"Setup","floor":18},{"not_picked":["Dodge and Roll","Backflip+1"],"picked":"Footwork+1","floor":20},{"not_picked":["Cloak And Dagger","Footwork"],"picked":"Backflip","floor":24}],"player_experience":1657552,"relics_obtained":[{"floor":9,"key":"Omamori"}],"event_choices":[{"cards_removed":["Strike_G"],"damage_healed":0.0,"max_hp_gain":0.0,"max_hp_loss":0.0,"gold_gain":0.0,"event_name":"Golden Wing","player_choice":"Card Removal","floor":5.0,"gold_loss":0.0,"damage_taken":7.0},{"cards_removed":["Strike_G"],"damage_healed":0,"gold_gain":0,"player_choice":"Forget","damage_taken":0,"max_hp_gain":0,"max_hp_loss":0,"event_name":"Living Wall","floor":7,"gold_loss":0},{"damage_healed":0,"gold_gain":0,"player_choice":"Leave","damage_taken":0,"max_hp_gain":0,"max_hp_loss":0,"event_name":"The Cleric","floor":8,"gold_loss":0},{"damage_healed":0,"gold_gain":0,"player_choice":"Donut","damage_taken":0,"max_hp_gain":5,"max_hp_loss":0,"event_name":"Big Fish","floor":10,"gold_loss":0},{"damage_healed":0,"gold_gain":0,"player_choice":"Smashed Altar","damage_taken":0,"max_hp_gain":0,"max_hp_loss":0,"event_name":"Forgotten Altar","floor":19,"gold_loss":0,"cards_obtained":["Decay"]},{"cards_removed":["Strike_G"],"damage_healed":0,"gold_gain":0,"player_choice":"Gave Gold","damage_taken":0,"max_hp_gain":0,"max_hp_loss":0,"event_name":"Beggar","floor":21,"gold_loss":75}],"is_beta":false,"boss_relics":[{"not_picked":["WristBlade","HoveringKite"],"picked":"Runic Pyramid"}],"items_purged_floors":[],"is_endless":false,"potions_floor_spawned":[1,3,4,11,20],"killed_by":"Cultist and Chosen","ascension_level":20}