{"gold_per_floor":[111,111,111,111,131,171,171,201,225,249,289,289,130,26,26,125,125,150,150,183,83,83,83,123,123,123,144,175,191,116,160,160,250,250,269,269,91,424,439,439],"floor_reached":40,"playtime":2040,"items_purged":["Pain","Writhe","Strike_B"],"score":1042,"play_id":"482937c0-1b2f-4e59-96e7-e78e112a4813","local_time":"20190808005450","is_ascension_mode":true,"campfire_choices":[{"data":"Chill","floor":7,"key":"SMITH"},{"data":"Self Repair","floor":12,"key":"SMITH"},{"data":"Defragment","floor":15,"key":"SMITH"},{"data":"Machine Learning","floor":23,"key":"SMITH"},{"data":"Sunder","floor":25,"key":"SMITH"},{"data":"Zap","floor":32,"key":"SMITH"}],"neow_cost":"NONE","seed_source_timestamp":46838831109318,"circlet_count":0,"master_deck":["AscendersBane","Strike_B","Strike_B","Strike_B","Defend_B","Defend_B","Defend_B","Defend_B","Zap+1","Dualcast","Self Repair+1","Cold Snap","Chill+1","Ball Lightning","Machine Learning+1","Defragment+1","Conserve Battery+1","Consume+1","Core Surge","Sunder+1","Chaos+1","Force Field+1","Coolheaded+1","Darkness+1","Electrodynamics","White Noise+1","Creative AI"],"relics":["Cracked Core","NeowsBlessing","WarpedTongs","Dead Branch","Sundial","Oddly Smooth Stone","Toxic Egg 2","Velvet Choker","Blood Vial","Red Mask","Boot","Pantograph","Mummified Hand","Gremlin Horn","Snecko Eye"],"potions_floor_usage":[11,24,28,33],"damage_taken":[{"damage":0,"enemies":"Small Slimes","floor":1,"turns":1},{"damage":2,"enemies":"2 Louse","floor":5,"turns":1},{"damage":1,"enemies":"Gremlin Nob","floor":6,"turns":1},{"damage":3,"enemies":"Cultist","floor":10,"turns":3},{"damage":20,"enemies":"Lagavulin","floor":11,"turns":6},{"damage":0,"enemies":"Slime Boss","floor":16,"turns":8},{"damage":6,"enemies":"3 Byrds","floor":18,"turns":4},{"damage":7,"enemies":"Masked Bandits","floor":20,"turns":4},{"damage":19,"enemies":"Book of Stabbing","floor":24,"turns":5},{"damage":0,"enemies":"Spheric Guardian","floor":27,"turns":3},{"damage":6,"enemies":"Slavers","floor":28,"turns":4},{"damage":4,"enemies":"Shelled Parasite and Fungi","floor":29,"turns":4},{"damage":2,"enemies":"Book of Stabbing","floor":31,"turns":4},{"damage":66,"enemies":"Champ","floor":33,"turns":10},{"damage":0,"enemies":"3 Shapes","floor":35,"turns":3},{"damage":6,"enemies":"Orb Walker","floor":39,"turns":4},{"damage":82,"enemies":"Nemesis","floor":40,"turns":8}],"seed_played":"1341682678408320560","potions_obtained":[{"floor":10,"key":"Poison Potion"},{"floor":11,"key":"SteroidPotion"},{"floor":20,"key":"AttackPotion"},{"floor":24,"key":"SneckoOil"},{"floor":31,"key":"LiquidBronze"},{"floor":33,"key":"Regen Potion"}],"is_trial":false,"path_per_floor":["M","?","?","?","M","E","R","?","T","M","E","R","$","$","R","B",null,"M","?","?","$","?","R","E","R","T","M","E","M","$","E","R","B",null,"M","?","$","?","M","E"],"character_chosen":"DEFECT","items_purchased":["Defragment","Conserve Battery+1","Consume+1","Electrodynamics","SteroidPotion"],"campfire_rested":0,"item_purchase_floors":[13,14,14,30,37],"current_hp_per_floor":[64,40,45,45,53,59,59,59,59,63,50,50,50,50,50,70,75,76,76,76,76,76,76,67,67,67,69,75,76,76,76,76,20,62,74,74,74,74,76,0],"gold":439,"neow_bonus":"THREE_ENEMY_KILL","is_prod":false,"is_daily":false,"chose_seed":false,"campfire_upgraded":6,"win_rate":0,"timestamp":1565218490,"path_taken":["M","?","?","?","?","E","R","?","T","M","E","R","?","$","R","BOSS","M","?","?","$","?","R","E","R","T","M","E","M","?","E","R","BOSS","M","?","$","?","M","E"],"build_version":"2019-07-17","purchased_purges":3,"victory":false,"max_hp_per_floor":[71,71,76,76,76,76,76,76,76,76,76,76,76,76,76,76,76,76,76,76,76,76,76,76,76,76,76,76,76,76,76,76,76,76,76,76,76,76,76,76],"card_choices":[{"not_picked":["Hologram","Conserve Battery"],"picked":"Self Repair","floor":1},{"not_picked":["Coolheaded","Turbo"],"picked":"Cold Snap","floor":5},{"not_picked":["Stack","Go for the Eyes"],"picked":"Chill","floor":6},{"not_picked":["Gash","Aggregate"],"picked":"Ball Lightning","floor":10},{"not_picked":["FTL","Redo"],"picked":"Machine Learning","floor":11},{"not_picked":["Thunder Strike","Buffer"],"picked":"Core Surge","floor":16},{"not_picked":["Lockon","Rebound","Hello World+1"],"picked":"SKIP","floor":18},{"not_picked":["Self Repair","Ball Lightning"],"picked":"Sunder","floor":20},{"not_picked":["Compile Driver","Rip and Tear","Turbo+1"],"picked":"SKIP","floor":24},{"not_picked":["Aggregate+1","Barrage"],"picked":"Force Field+1","floor":27},{"not_picked":["Chaos+1","Conserve Battery+1"],"picked":"Coolheaded+1","floor":28},{"not_picked":["Chill+1","Auto Shields+1"],"picked":"Darkness+1","floor":29},{"not_picked":["Sweeping Beam","Redo+1"],"picked":"White Noise+1","floor":31},{"not_picked":["Machine Learning","Thunder Strike"],"picked":"Creative AI","floor":33},{"not_picked":["Gash","Streamline","Steam+1"],"picked":"SKIP","floor":35},{"not_picked":["Rip and Tear","Beam Cell","Cold Snap+1"],"picked":"SKIP","floor":39}],"player_experience":834169,"relics_obtained":[{"floor":6,"key":"Dead Branch"},{"floor":9,"key":"Oddly Smooth Stone"},{"floor":11,"key":"Toxic Egg 2"},{"floor":20,"key":"Red Mask"},{"floor":24,"key":"Boot"},{"floor":26,"key":"Pantograph"},{"floor":28,"key":"Mummified Hand"},{"floor":31,"key":"Gremlin Horn"}],"event_choices":[{"damage_healed":0,"gold_gain":0,"player_choice":"Take Damage","damage_taken":24,"relics_obtained":["Golden Idol"],"max_hp_gain":0,"max_hp_loss":0,"event_name":"Golden Idol","floor":2,"gold_loss":0},{"damage_healed":0,"gold_gain":0,"player_choice":"Donut","damage_taken":0,"max_hp_gain":5,"max_hp_loss":0,"event_name":"Big Fish","floor":3,"gold_loss":0},{"damage_healed":0,"gold_gain":0,"player_choice":"Rummage","damage_taken":0,"relics_obtained":["WarpedTongs"],"max_hp_gain":0,"max_hp_loss":0,"event_name":"Accursed Blacksmith","floor":4,"gold_loss":0,"cards_obtained":["Pain"]},{"damage_healed":0,"gold_gain":30,"player_choice":"Searched \u00272\u0027 times","damage_taken":0,"relics_obtained":["Sundial"],"max_hp_gain":0,"max_hp_loss":0,"event_name":"Dead Adventurer","floor":8,"gold_loss":0},{"damage_healed":0,"gold_gain":0,"player_choice":"Opened","damage_taken":0,"relics_obtained":["Blood Vial"],"max_hp_gain":0,"max_hp_loss":0,"event_name":"The Mausoleum","floor":19,"gold_loss":0,"cards_obtained":["Writhe"]},{"damage_healed":0,"gold_gain":0,"player_choice":"Fought Bandits","damage_taken":0,"max_hp_gain":0,"max_hp_loss":0,"event_name":"Masked Bandits","floor":20,"gold_loss":0},{"damage_healed":0,"gold_gain":0,"player_choice":"Read","damage_taken":0,"max_hp_gain":0,"max_hp_loss":0,"event_name":"The Library","floor":22,"gold_loss":0,"cards_obtained":["Chaos"]},{"damage_healed":0,"gold_gain":0,"player_choice":"Ignored","damage_taken":0,"max_hp_gain":0,"max_hp_loss":0,"event_name":"Tomb of Lord Red Mask","floor":36,"gold_loss":0},{"damage_healed":0,"gold_gain":333,"player_choice":"Gave Idol","damage_taken":0,"max_hp_gain":0,"max_hp_loss":0,"event_name":"The Moai Head","floor":38,"relics_lost":["Golden Idol"],"gold_loss":0}],"is_beta":false,"boss_relics":[{"not_picked":["Calling Bell","Busted Crown"],"picked":"Velvet Choker"},{"not_picked":["Black Star","Runic Pyramid"],"picked":"Snecko Eye"}],"items_purged_floors":[13,21,37],"is_endless":false,"potions_floor_spawned":[10,11,20,24,31,33,39],"killed_by":"Nemesis","ascension_level":20}