{"gold_per_floor":[117,2,17,31,31,31,44,79,79,79,98,56,56,56,56,130,130,145,145,173,173,173,173,73,50,50,75,91,118,118,131,131,203,203,221,233,233,108,119,153,153,178,225,245,245,263,263,278,278,278,278,278,278,7,36,36],"floor_reached":57,"playtime":4668,"items_purged":["Strike_G","Defend_G","Defend_G"],"score":2650,"play_id":"49f75da3-b426-4c53-9e36-48c23bbe7099","local_time":"20190703202541","is_ascension_mode":true,"campfire_choices":[{"data":"Neutralize","floor":6.0,"key":"SMITH"},{"floor":10.0,"key":"REST"},{"data":"Noxious Fumes","floor":13.0,"key":"SMITH"},{"floor":15.0,"key":"REST"},{"data":"Caltrops","floor":23.0,"key":"SMITH"},{"data":"Catalyst","floor":30.0,"key":"SMITH"},{"data":"Calculated Gamble","floor":32.0,"key":"SMITH"},{"data":"Wraith Form v2","floor":41.0,"key":"SMITH"},{"data":"Accuracy","floor":45.0,"key":"SMITH"},{"floor":47.0,"key":"RECALL"},{"data":"Tactician","floor":49,"key":"SMITH"},{"data":"Malaise","floor":53,"key":"SMITH"}],"neow_cost":"NONE","seed_source_timestamp":18994103767883,"circlet_count":0,"master_deck":["AscendersBane","Defend_G","Defend_G+1","Defend_G","Survivor","Neutralize+1","Caltrops+1","Noxious Fumes+1","Noxious Fumes+1","Infinite Blades","Calculated Gamble+1","After Image","Wraith Form v2+1","Well Laid Plans+1","Distraction+1","Ghostly","Ghostly","Ghostly","Endless Agony","Backstab","Tactician+1","Accuracy+1","Catalyst+1","PiercingWail+1","Malaise+1","Wraith Form v2+1","Infinite Blades","Wraith Form v2","Envenom"],"special_seed":0,"relics":["White Beast Statue","Bird Faced Urn","Ornamental Fan","Astrolabe","Red Mask","Letter Opener","Bottled Tornado","Oddly Smooth Stone","Coffee Dripper","Regal Pillow","Shuriken","Mango"],"potions_floor_usage":[51,51,56,56],"damage_taken":[{"damage":29.0,"enemies":"Jaw Worm","floor":1.0,"turns":11.0},{"damage":0.0,"enemies":"Cultist","floor":3.0,"turns":5.0},{"damage":0.0,"enemies":"2 Louse","floor":4.0,"turns":3.0},{"damage":1.0,"enemies":"Blue Slaver","floor":7.0,"turns":5.0},{"damage":27.0,"enemies":"3 Sentries","floor":8.0,"turns":6.0},{"damage":4.0,"enemies":"Exordium Wildlife","floor":11.0,"turns":4.0},{"damage":3.0,"enemies":"The Guardian","floor":16.0,"turns":9.0},{"damage":4.0,"enemies":"Spheric Guardian","floor":18.0,"turns":7.0},{"damage":3.0,"enemies":"Masked Bandits","floor":20.0,"turns":6.0},{"damage":8.0,"enemies":"2 Thieves","floor":25.0,"turns":4.0},{"damage":17.0,"enemies":"Book of Stabbing","floor":27.0,"turns":6.0},{"damage":0.0,"enemies":"Snake Plant","floor":28.0,"turns":5.0},{"damage":2.0,"enemies":"Gremlin Leader","floor":29.0,"turns":8.0},{"damage":10.0,"enemies":"Centurion and Healer","floor":31.0,"turns":6.0},{"damage":16.0,"enemies":"Automaton","floor":33.0,"turns":10.0},{"damage":2.0,"enemies":"Orb Walker","floor":35.0,"turns":6.0},{"damage":2.0,"enemies":"3 Darklings","floor":36.0,"turns":6.0},{"damage":7.0,"enemies":"Jaw Worm Horde","floor":39.0,"turns":6.0},{"damage":16.0,"enemies":"Reptomancer","floor":40.0,"turns":7.0},{"damage":1.0,"enemies":"Nemesis","floor":42.0,"turns":11.0},{"damage":2.0,"enemies":"Spire Growth","floor":44.0,"turns":8.0},{"damage":2.0,"enemies":"Sphere and 2 Shapes","floor":46.0,"turns":6.0},{"damage":17,"enemies":"4 Shapes","floor":48,"turns":5},{"damage":31,"enemies":"Donu and Deca","floor":50,"turns":11},{"damage":18,"enemies":"Awakened One","floor":51,"turns":15},{"damage":13,"enemies":"Shield and Spear","floor":55,"turns":9},{"damage":54,"enemies":"The Heart","floor":56,"turns":12}],"seed_played":"-4572327732165622285","potions_obtained":[{"floor":1.0,"key":"GhostInAJar"},{"floor":3.0,"key":"SpeedPotion"},{"floor":4.0,"key":"SneckoOil"},{"floor":7.0,"key":"Energy Potion"},{"floor":8.0,"key":"Explosive Potion"},{"floor":11.0,"key":"Dexterity Potion"},{"floor":16.0,"key":"Dexterity Potion"},{"floor":18.0,"key":"Poison Potion"},{"floor":25.0,"key":"Fire Potion"},{"floor":29.0,"key":"Block Potion"},{"floor":31.0,"key":"GamblersBrew"},{"floor":33.0,"key":"Energy Potion"},{"floor":37.0,"key":"Energy Potion"},{"floor":40.0,"key":"GhostInAJar"}],"is_trial":false,"path_per_floor":["M","$","M","M","?","R","M","E","T","R","M","$","R","?","R","B",null,"M","?","?","?","?","R","$","M","T","E","M","E","R","M","R","B",null,"M","M","?","$","M","E","R","E","T","M","R","M","R","M","R","B","B",null,"R","$","E","B",null],"character_chosen":"THE_SILENT","items_purchased":["Noxious Fumes","Calculated Gamble","Wraith Form v2","AttackPotion","SpeedPotion"],"campfire_rested":2,"item_purchase_floors":[2,12,54,54,54],"current_hp_per_floor":[30,30,30,30,30,30,29,2,2,21,23,23,23,3,22,27,56,66,33,33,33,33,33,33,31,31,18,33,33,33,33,33,23,31,33,33,33,33,33,27,27,33,33,33,33,33,33,22,22,8,10,27,27,27,47,13],"gold":36,"neow_bonus":"BOSS_RELIC","is_prod":false,"is_daily":false,"chose_seed":false,"campfire_upgraded":9,"win_rate":0,"timestamp":1562156741,"path_taken":["M","$","M","M","?","R","?","E","T","R","M","$","R","?","R","BOSS","M","?","?","?","?","R","?","M","T","E","?","E","R","M","R","BOSS","M","M","?","$","M","E","R","E","T","?","R","M","R","M","R","BOSS","BOSS","R","$","E","BOSS"],"build_version":"2019-07-01","purchased_purges":3,"victory":true,"max_hp_per_floor":[66,66,66,66,66,66,66,66,66,66,66,66,66,66,66,66,66,66,33,33,33,33,33,33,33,33,33,33,33,33,33,33,33,33,33,33,33,33,33,33,33,33,33,33,33,33,33,33,33,33,33,33,33,33,47,47],"card_choices":[{"not_picked":["Choke","PiercingWail"],"picked":"Caltrops","floor":1.0},{"not_picked":["Blade Dance","Flying Knee"],"picked":"Bane","floor":3.0},{"not_picked":["Dagger Throw","Reflex","Dodge and Roll"],"picked":"SKIP","floor":4.0},{"not_picked":["Flying Knee","Cloak And Dagger"],"picked":"Noxious Fumes","floor":7.0},{"not_picked":["Dash","Concentrate","Finisher"],"picked":"SKIP","floor":8.0},{"not_picked":["Backflip","Cloak And Dagger"],"picked":"Infinite Blades","floor":11.0},{"not_picked":["Tools of the Trade","Bullet Time"],"picked":"After Image","floor":16.0},{"not_picked":["Dagger Spray","Heel Hook","Underhanded Strike"],"picked":"SKIP","floor":18.0},{"not_picked":["Expertise","Slice","Accuracy"],"picked":"SKIP","floor":25.0},{"not_picked":["Expertise","Slice"],"picked":"Accuracy","floor":25.0},{"not_picked":["Flying Knee","All Out Attack+1"],"picked":"Catalyst","floor":27.0},{"not_picked":["Deflect+1","Dodge and Roll"],"picked":"PiercingWail+1","floor":28.0},{"not_picked":["Dagger Throw","Unload","Bane"],"picked":"SKIP","floor":29.0},{"not_picked":["Crippling Poison","Dash","Dagger Throw"],"picked":"SKIP","floor":31.0},{"not_picked":["Glass Knife","Storm of Steel"],"picked":"Malaise","floor":33.0},{"not_picked":["Choke+1","Deflect","Dagger Spray"],"picked":"SKIP","floor":35.0},{"not_picked":["Outmaneuver+1","Bouncing Flask+1","Noxious Fumes"],"picked":"SKIP","floor":36.0},{"not_picked":["Dagger Spray","Quick Slash","Prepared"],"picked":"SKIP","floor":39.0},{"not_picked":["Predator","Skewer+1"],"picked":"Wraith Form v2","floor":40.0},{"not_picked":["Concentrate","Slice+1"],"picked":"Infinite Blades","floor":42.0},{"not_picked":["Endless Agony","Dagger Spray","Flying Knee"],"picked":"SKIP","floor":44.0},{"not_picked":["All Out Attack","Deflect","Dagger Throw"],"picked":"SKIP","floor":46.0},{"not_picked":["Masterful Stab+1","Caltrops","Flying Knee"],"picked":"SKIP","floor":48},{"not_picked":["Reflex","Prepared"],"picked":"Envenom","floor":55}],"player_experience":5632429,"relics_obtained":[{"floor":8.0,"key":"Bird Faced Urn"},{"floor":9.0,"key":"Ornamental Fan"},{"floor":20.0,"key":"Red Mask"},{"floor":26.0,"key":"Letter Opener"},{"floor":27.0,"key":"Bottled Tornado"},{"floor":29.0,"key":"Oddly Smooth Stone"},{"floor":40.0,"key":"Regal Pillow"},{"floor":42.0,"key":"Shuriken"},{"floor":55,"key":"Mango"}],"event_choices":[{"damage_healed":0.0,"max_hp_gain":0.0,"max_hp_loss":0.0,"gold_gain":0.0,"event_name":"Upgrade Shrine","player_choice":"Upgraded","floor":5.0,"gold_loss":0.0,"damage_taken":0.0,"cards_upgraded":["Noxious Fumes"]},{"damage_healed":0.0,"max_hp_gain":0.0,"max_hp_loss":0.0,"gold_gain":0.0,"event_name":"Shining Light","player_choice":"Entered Light","floor":14.0,"gold_loss":0.0,"damage_taken":20.0,"cards_upgraded":["Defend_G","Strike_G"]},{"damage_healed":0.0,"max_hp_gain":0.0,"max_hp_loss":33.0,"gold_gain":0.0,"event_name":"Ghosts","player_choice":"Became a Ghost","floor":19.0,"gold_loss":0.0,"damage_taken":0.0,"cards_obtained":["Ghostly","Ghostly","Ghostly"]},{"damage_healed":0.0,"max_hp_gain":0.0,"max_hp_loss":0.0,"gold_gain":0.0,"event_name":"Masked Bandits","player_choice":"Fought Bandits","floor":20.0,"gold_loss":0.0,"damage_taken":0.0},{"damage_healed":0.0,"max_hp_gain":0.0,"max_hp_loss":0.0,"gold_gain":0.0,"cards_transformed":["Strike_G","Bane"],"event_name":"Drug Dealer","player_choice":"Became Test Subject","floor":21.0,"gold_loss":0.0,"damage_taken":0.0,"cards_obtained":["Endless Agony","Backstab"]},{"damage_healed":0.0,"max_hp_gain":0.0,"max_hp_loss":0.0,"gold_gain":0.0,"event_name":"The Library","player_choice":"Read","floor":22.0,"gold_loss":0.0,"damage_taken":0.0,"cards_obtained":["Tactician"]},{"damage_healed":0.0,"max_hp_gain":0.0,"max_hp_loss":0.0,"gold_gain":0.0,"event_name":"Lab","player_choice":"Got Potions","floor":37.0,"gold_loss":0.0,"damage_taken":0.0}],"is_beta":false,"boss_relics":[{"not_picked":["Velvet Choker","Sozu"],"picked":"Astrolabe"},{"not_picked":["WristBlade","Philosopher\u0027s Stone"],"picked":"Coffee Dripper"}],"items_purged_floors":[2,24,38],"is_endless":false,"potions_floor_spawned":[1,3,4,7,8,11,16,18,20,25,27,28,29,31,33,35,36,39,40,42,44,46,48,55],"ascension_level":20}