{"gold_per_floor":[117,136,153,163,177,177,196,196,196,196,196,212,224,67,67,167,167,185,284,499,399,413,413,425,425,425,437,437,456,456,260,260,359,359,374,374,386,405,405,405,423,423,448,448,460,460,473,490,490,490],"floor_reached":51,"playtime":1534,"items_purged":["Strike_G","Strike_G","Strike_G"],"score":695,"play_id":"9a8ba407-396d-431a-8d9f-fabb2e0ca851","local_time":"20181017171111","is_ascension_mode":false,"campfire_choices":[{"data":"Envenom","floor":6.0,"key":"SMITH"},{"data":"Dash","floor":8.0,"key":"SMITH"},{"data":"Footwork","floor":11.0,"key":"SMITH"},{"data":"Noxious Fumes","floor":15.0,"key":"SMITH"},{"data":"Footwork","floor":23.0,"key":"SMITH"},{"data":"Corpse Explosion","floor":25.0,"key":"SMITH"},{"data":"Bouncing Flask","floor":28.0,"key":"SMITH"},{"data":"Survivor","floor":30.0,"key":"SMITH"},{"data":"Well Laid Plans","floor":32.0,"key":"SMITH"},{"data":"Night Terror","floor":40.0,"key":"SMITH"},{"data":"Burst","floor":46.0,"key":"SMITH"},{"data":"Defend_G","floor":49,"key":"SMITH"}],"neow_cost":"NONE","seed_source_timestamp":24197731660209,"circlet_count":0,"master_deck":["Defend_G+1","Defend_G","Defend_G+1","Defend_G+1","Defend_G","Strike_G","Survivor+1","Neutralize+1","Envenom+1","Footwork+1","Footwork+1","Riddle With Holes","Noxious Fumes+1","Corpse Explosion+1","Bouncing Flask+1","Well Laid Plans+1","Night Terror+1","Noxious Fumes+1","Writhe","Burst+1","Expertise+1","Bouncing Flask+1"],"special_seed":0,"relics":["Ring of the Snake","Velvet Choker","Old Coin","Mango","Coffee Dripper","Nunchaku","War Paint"],"potions_floor_usage":[48,50],"damage_taken":[{"damage":0.0,"enemies":"Small Slimes","floor":1.0,"turns":3.0},{"damage":0.0,"enemies":"2 Louse","floor":2.0,"turns":2.0},{"damage":0.0,"enemies":"Jaw Worm","floor":3.0,"turns":4.0},{"damage":0.0,"enemies":"2 Fungi Beasts","floor":4.0,"turns":3.0},{"damage":0.0,"enemies":"Large Slime","floor":5.0,"turns":9.0},{"damage":0.0,"enemies":"3 Louse","floor":7.0,"turns":5.0},{"damage":0.0,"enemies":"Red Slaver","floor":12.0,"turns":5.0},{"damage":0.0,"enemies":"Exordium Wildlife","floor":13.0,"turns":4.0},{"damage":56.0,"enemies":"Slime Boss","floor":16.0,"turns":13.0},{"damage":0.0,"enemies":"Chosen","floor":18.0,"turns":5.0},{"damage":0.0,"enemies":"2 Thieves","floor":22.0,"turns":4.0},{"damage":2.0,"enemies":"Shelled Parasite and Fungi","floor":24.0,"turns":6.0},{"damage":12.0,"enemies":"Sentry and Sphere","floor":27.0,"turns":4.0},{"damage":0.0,"enemies":"Cultist and Chosen","floor":29.0,"turns":5.0},{"damage":27.0,"enemies":"Collector","floor":33.0,"turns":8.0},{"damage":19.0,"enemies":"Orb Walker","floor":35.0,"turns":4.0},{"damage":0.0,"enemies":"3 Shapes","floor":37.0,"turns":5.0},{"damage":11.0,"enemies":"Spire Growth","floor":38.0,"turns":5.0},{"damage":10.0,"enemies":"3 Darklings","floor":41.0,"turns":5.0},{"damage":0.0,"enemies":"Maw","floor":45.0,"turns":6.0},{"damage":10.0,"enemies":"Sphere and 2 Shapes","floor":47.0,"turns":3.0},{"damage":9,"enemies":"Reptomancer","floor":48,"turns":7},{"damage":7,"enemies":"Donu and Deca","floor":50,"turns":7}],"seed_played":"4787208627940588598","potions_obtained":[{"floor":1.0,"key":"GamblersBrew"},{"floor":5.0,"key":"Ancient Potion"},{"floor":16.0,"key":"Ancient Potion"},{"floor":18.0,"key":"EssenceOfSteel"},{"floor":22.0,"key":"Energy Potion"},{"floor":37.0,"key":"Energy Potion"},{"floor":45.0,"key":"Dexterity Potion"},{"floor":47.0,"key":"Regen Potion"}],"is_trial":false,"path_per_floor":["M","M","M","M","M","R","M","R","T","?","R","M","M","$","R","B",null,"M","?","?","$","M","R","M","R","T","M","R","M","R","$","R","B",null,"M","?","M","M","T","R","M","?","T","?","M","R","M","M","R","B"],"character_chosen":"THE_SILENT","items_purchased":["Noxious Fumes","Well Laid Plans"],"campfire_rested":0,"item_purchase_floors":[14,31],"current_hp_per_floor":[70,70,70,70,70,70,70,70,70,70,70,70,70,70,70,14,70,70,70,70,70,70,70,68,68,82,70,70,70,70,70,70,43,84,65,84,84,73,73,73,63,63,63,63,63,63,53,59,59,52],"gold":490,"neow_bonus":"UPGRADE_CARD","is_prod":false,"is_daily":false,"chose_seed":false,"campfire_upgraded":12,"win_rate":0,"timestamp":1539767471,"path_taken":["M","M","M","M","M","R","M","R","T","?","R","M","M","$","R","BOSS","M","?","?","$","?","R","M","R","T","M","R","M","R","?","R","BOSS","M","?","?","M","?","R","M","?","T","?","M","R","M","M","R","BOSS"],"build_version":"2018-10-11","purchased_purges":3,"victory":true,"max_hp_per_floor":[70,70,70,70,70,70,70,70,70,70,70,70,70,70,70,70,70,70,70,70,70,70,70,70,70,84,84,84,84,84,84,84,84,84,84,84,84,84,84,84,84,84,84,84,84,84,84,84,84,84],"card_choices":[{"not_picked":["Reflex","Slice"],"picked":"Dash","floor":1.0},{"not_picked":["Cloak And Dagger","Sucker Punch","Prepared"],"picked":"SKIP","floor":2.0},{"not_picked":["Quick Slash","Sucker Punch","Expertise"],"picked":"SKIP","floor":3.0},{"not_picked":["PiercingWail","Endless Agony"],"picked":"Envenom","floor":4.0},{"not_picked":["Acrobatics","Choke","Dagger Spray"],"picked":"SKIP","floor":5.0},{"not_picked":["Expertise","Dagger Spray","Caltrops"],"picked":"SKIP","floor":7.0},{"not_picked":["Quick Slash","Underhanded Strike"],"picked":"Footwork","floor":12.0},{"not_picked":["Underhanded Strike","Crippling Poison"],"picked":"Riddle With Holes","floor":13.0},{"not_picked":["Wraith Form v2","Die Die Die"],"picked":"Corpse Explosion","floor":16.0},{"not_picked":["Poisoned Stab+1","Distraction","Caltrops"],"picked":"SKIP","floor":18.0},{"not_picked":["Bane+1","Blade Dance+1","Reflex"],"picked":"SKIP","floor":22.0},{"not_picked":["Choke","Blade Dance","Heel Hook+1"],"picked":"SKIP","floor":24.0},{"not_picked":["Deadly Poison","Prepared"],"picked":"Bouncing Flask","floor":27.0},{"not_picked":["Slice","Crippling Poison","Sucker Punch"],"picked":"SKIP","floor":29.0},{"not_picked":["Phantasmal Killer","After Image"],"picked":"Night Terror","floor":33.0},{"not_picked":["Cloak And Dagger","Sucker Punch+1"],"picked":"Noxious Fumes+1","floor":35.0},{"not_picked":["Deflect+1","Poisoned Stab+1","Sucker Punch+1"],"picked":"SKIP","floor":37.0},{"not_picked":["Backstab","Caltrops","Dagger Spray+1"],"picked":"SKIP","floor":38.0},{"not_picked":["Prepared+1","Eviscerate+1","Quick Slash"],"picked":"SKIP","floor":41.0},{"not_picked":["Flechettes+1","Sucker Punch"],"picked":"Burst","floor":45.0},{"not_picked":["Slice","Dagger Spray"],"picked":"Expertise+1","floor":47.0},{"not_picked":["Acrobatics","Deadly Poison"],"picked":"Bouncing Flask+1","floor":48}],"player_experience":295759,"relics_obtained":[{"floor":26.0,"key":"Mango"},{"floor":39.0,"key":"Nunchaku"},{"floor":43.0,"key":"War Paint"}],"event_choices":[{"event_name":"Living Wall","player_choice":"Change","floor":10.0,"damage_taken":0.0},{"event_name":"Nest","player_choice":"Stole From Cult","floor":19.0,"damage_taken":0.0},{"event_name":"Addict","player_choice":"Obtained Relic","floor":20.0,"damage_taken":0.0},{"event_name":"Winding Halls","player_choice":"Writhe","floor":36.0,"damage_taken":0.0},{"event_name":"Mysterious Sphere","player_choice":"Ignore","floor":42.0,"damage_taken":0.0},{"event_name":"Falling","player_choice":"Removed Attack","floor":44.0,"damage_taken":0.0}],"is_beta":false,"boss_relics":[{"not_picked":["Tiny House","HoveringKite"],"picked":"Velvet Choker"},{"not_picked":["Black Star","Pandora\u0027s Box"],"picked":"Coffee Dripper"}],"items_purged_floors":[14,21,31],"is_endless":false,"potions_floor_spawned":[1,5,16,18,22,37,45,47],"ascension_level":0}