{"gold_per_floor":[113,130,130,18,18,50,50,67,145,145,165,199,199,215,215,293,293,213,228,228,238,46,46,46,71,118,118,118,118,118,133,133,210,210,222,97,97,115,115],"floor_reached":39,"playtime":1436,"items_purged":["Strike_G","Strike_G","Neutralize"],"score":1060,"play_id":"c4a7a818-577b-4544-a718-f4704b0c0e38","local_time":"20190124204314","is_ascension_mode":true,"campfire_choices":[{"data":"Leg Sweep","floor":10.0,"key":"SMITH"},{"data":"Catalyst","floor":13.0,"key":"SMITH"},{"data":"Outmaneuver","floor":15.0,"key":"SMITH"},{"data":"Impatience","floor":23.0,"key":"SMITH"},{"data":"Acrobatics","floor":27.0,"key":"SMITH"},{"data":"Well Laid Plans","floor":30.0,"key":"SMITH"},{"data":"Deadly Poison","floor":32.0,"key":"SMITH"}],"neow_cost":"TEN_PERCENT_HP_LOSS","seed_source_timestamp":1373504285662,"circlet_count":0,"master_deck":["AscendersBane","Defend_G","Defend_G","Defend_G","Defend_G+1","Defend_G+1","Survivor","PiercingWail","Deadly Poison+1","Leg Sweep+1","Blur+1","Bouncing Flask+1","Catalyst+1","Outmaneuver+1","Acrobatics+1","Well Laid Plans+1","Impatience+1"],"special_seed":0,"relics":["Ring of the Serpent","Prayer Wheel","War Paint","Gremlin Horn","Omamori","Empty Cage","Boot","Bronze Scales"],"potions_floor_usage":[39,39],"damage_taken":[{"damage":11.0,"enemies":"Jaw Worm","floor":1.0,"turns":5.0},{"damage":0.0,"enemies":"Small Slimes","floor":2.0,"turns":4.0},{"damage":49.0,"enemies":"Gremlin Nob","floor":6.0,"turns":5.0},{"damage":0.0,"enemies":"Cultist","floor":8.0,"turns":4.0},{"damage":0.0,"enemies":"Blue Slaver","floor":11.0,"turns":7.0},{"damage":0.0,"enemies":"Lagavulin","floor":12.0,"turns":8.0},{"damage":2.0,"enemies":"Exordium Thugs","floor":14.0,"turns":7.0},{"damage":0.0,"enemies":"Hexaghost","floor":16.0,"turns":5.0},{"damage":6.0,"enemies":"2 Thieves","floor":18.0,"turns":4.0},{"damage":0.0,"enemies":"Chosen","floor":19.0,"turns":3.0},{"damage":0.0,"enemies":"Snecko","floor":21.0,"turns":5.0},{"damage":0.0,"enemies":"Gremlin Leader","floor":25.0,"turns":5.0},{"damage":0.0,"enemies":"Sentry and Sphere","floor":31.0,"turns":5.0},{"damage":10.0,"enemies":"Champ","floor":33.0,"turns":7.0},{"damage":12.0,"enemies":"3 Shapes","floor":35.0,"turns":6.0},{"damage":4.0,"enemies":"3 Darklings","floor":38.0,"turns":8.0},{"damage":43,"enemies":"Sphere and 2 Shapes","floor":39,"turns":3}],"seed_played":"-8388741568633528574","potions_obtained":[{"floor":7.0,"key":"Swift Potion"},{"floor":7.0,"key":"EntropicBrew"},{"floor":16.0,"key":"SkillPotion"},{"floor":19.0,"key":"GamblersBrew"},{"floor":21.0,"key":"Fruit Juice"},{"floor":31.0,"key":"Dexterity Potion"},{"floor":33.0,"key":"SkillPotion"}],"is_trial":false,"path_per_floor":["M","M","?","$","?","E","?","M","T","R","M","E","R","M","R","B",null,"M","M","?","M","$","R","$","E","T","R","?","?","R","M","R","B",null,"M","$","?","M","M"],"character_chosen":"THE_SILENT","items_purchased":["Bouncing Flask","Impatience"],"campfire_rested":0,"item_purchase_floors":[4,22],"current_hp_per_floor":[48,48,60,60,60,11,11,11,11,11,11,11,11,9,9,9,47,41,41,41,46,46,46,46,46,46,46,46,46,46,46,46,36,58,46,46,46,42,0],"gold":115,"neow_bonus":"ONE_RARE_RELIC","is_prod":false,"is_daily":false,"chose_seed":false,"campfire_upgraded":7,"win_rate":0,"timestamp":1548333794,"path_taken":["M","M","?","$","?","E","?","M","T","R","M","E","R","?","R","BOSS","M","M","?","?","$","R","$","E","T","R","?","?","R","M","R","BOSS","M","$","?","?","M"],"build_version":"2019-01-23","purchased_purges":3,"victory":false,"max_hp_per_floor":[60,60,60,60,60,60,60,60,60,60,60,60,60,60,60,60,60,60,60,60,65,65,65,65,65,65,65,65,65,65,65,65,65,65,65,65,65,65,65],"card_choices":[{"not_picked":["Deflect","Poisoned Stab"],"picked":"PiercingWail","floor":1.0},{"not_picked":["Backflip","Blade Dance"],"picked":"Deadly Poison","floor":1.0},{"not_picked":["Doppelganger","Deflect"],"picked":"Leg Sweep","floor":2.0},{"not_picked":["Caltrops","Skewer"],"picked":"Blur","floor":2.0},{"not_picked":["Deadly Poison","Blade Dance","Eviscerate"],"picked":"SKIP","floor":6.0},{"not_picked":["Flying Knee","Underhanded Strike","Expertise"],"picked":"SKIP","floor":8.0},{"not_picked":["Deadly Poison","Quick Slash","Bane"],"picked":"SKIP","floor":8.0},{"not_picked":["Flying Knee","Masterful Stab","Quick Slash"],"picked":"SKIP","floor":11.0},{"not_picked":["Slice","Prepared","Acrobatics"],"picked":"SKIP","floor":11.0},{"not_picked":["Corpse Explosion","Dagger Spray"],"picked":"Catalyst","floor":12.0},{"not_picked":["Dodge and Roll","Acrobatics"],"picked":"Outmaneuver","floor":14.0},{"not_picked":["Flying Knee","Prepared"],"picked":"Acrobatics","floor":14.0},{"not_picked":["Dagger Spray","Backflip","Dodge and Roll"],"picked":"SKIP","floor":18.0},{"not_picked":["Deadly Poison","Sucker Punch","Riddle With Holes"],"picked":"SKIP","floor":18.0},{"not_picked":["Prepared","Wraith Form v2"],"picked":"Well Laid Plans","floor":19.0},{"not_picked":["Underhanded Strike","Setup","Leg Sweep+1"],"picked":"SKIP","floor":19.0},{"not_picked":["Deflect","Dagger Throw","Flying Knee"],"picked":"SKIP","floor":21.0},{"not_picked":["Noxious Fumes","PiercingWail","Backflip"],"picked":"SKIP","floor":21.0},{"not_picked":["Reflex+1","Acrobatics+1","Quick Slash+1"],"picked":"SKIP","floor":25.0},{"not_picked":["Backflip","Slice","Escape Plan"],"picked":"SKIP","floor":31.0},{"not_picked":["PiercingWail","Flying Knee+1","Dash+1"],"picked":"SKIP","floor":31.0},{"not_picked":["Deadly Poison","Deflect+1","Noxious Fumes"],"picked":"SKIP","floor":35.0},{"not_picked":["PiercingWail+1","Blade Dance","Escape Plan"],"picked":"SKIP","floor":35.0},{"not_picked":["Blade Dance","Accuracy","Poisoned Stab"],"picked":"SKIP","floor":38.0},{"not_picked":["Prepared","Deadly Poison","Burst"],"picked":"SKIP","floor":38.0}],"player_experience":1334815,"relics_obtained":[{"floor":6.0,"key":"War Paint"},{"floor":9.0,"key":"Gremlin Horn"},{"floor":12.0,"key":"Omamori"},{"floor":25.0,"key":"Bronze Scales"}],"event_choices":[{"damage_healed":20.0,"max_hp_gain":0.0,"max_hp_loss":0.0,"gold_gain":0.0,"event_name":"Big Fish","player_choice":"Banana","floor":3.0,"gold_loss":0.0,"damage_taken":0.0},{"damage_healed":0.0,"max_hp_gain":0.0,"max_hp_loss":0.0,"gold_gain":0.0,"event_name":"Living Wall","player_choice":"Grow","floor":5.0,"gold_loss":0.0,"damage_taken":0.0,"cards_upgraded":["Bouncing Flask"]},{"damage_healed":0.0,"max_hp_gain":0.0,"max_hp_loss":0.0,"gold_gain":0.0,"event_name":"Lab","player_choice":"Got Potions","floor":7.0,"gold_loss":0.0,"damage_taken":0.0},{"damage_healed":0.0,"max_hp_gain":0.0,"max_hp_loss":0.0,"gold_gain":0.0,"event_name":"WeMeetAgain","player_choice":"Gave Potion","floor":20.0,"gold_loss":0.0,"damage_taken":0.0,"relics_obtained":["Boot"]},{"damage_healed":0.0,"max_hp_gain":0.0,"max_hp_loss":0.0,"gold_gain":0.0,"event_name":"Cursed Tome","player_choice":"Ignored","floor":28.0,"gold_loss":0.0,"damage_taken":0.0},{"cards_removed":["Strike_G"],"damage_healed":0.0,"max_hp_gain":0.0,"max_hp_loss":0.0,"gold_gain":0.0,"event_name":"Back to Basics","player_choice":"Elegance","floor":29.0,"gold_loss":0.0,"damage_taken":0.0},{"damage_healed":0.0,"max_hp_gain":0.0,"max_hp_loss":0.0,"gold_gain":0.0,"event_name":"Accursed Blacksmith","player_choice":"Forge","floor":37.0,"gold_loss":0.0,"damage_taken":0.0,"cards_upgraded":["Blur"]}],"is_beta":true,"boss_relics":[{"not_picked":["White Beast Statue","Pandora\u0027s Box"],"picked":"Empty Cage"},{"not_picked":["WristBlade","Orrery"],"picked":"Ring of the Serpent"}],"items_purged_floors":[4,22,36],"is_endless":false,"potions_floor_spawned":[8,12,14,16,19,21,31,33,35],"killed_by":"Sphere and 2 Shapes","ascension_level":20}