{"gold_per_floor":[118,118,40,55,55,55,81,111,111,111,136,136,136,156,156,156],"floor_reached":16,"playtime":239,"items_purged":[],"score":262,"play_id":"de59a18f-86ad-4ac9-b333-8c24c3578da9","local_time":"20190116213622","is_ascension_mode":true,"campfire_choices":[{"data":"Neutralize","floor":6.0,"key":"SMITH"},{"data":"Acrobatics","floor":10.0,"key":"SMITH"},{"data":"Acrobatics","floor":13,"key":"SMITH"},{"data":"Corpse Explosion","floor":15,"key":"SMITH"}],"neow_cost":"NONE","seed_source_timestamp":38355095719710,"circlet_count":0,"master_deck":["AscendersBane","Defend_G","Defend_G","Defend_G","Defend_G","Defend_G","Strike_G","Strike_G","Strike_G","Strike_G","Survivor","Neutralize+1","Acrobatics+1","Well Laid Plans","Well Laid Plans","Tools of the Trade","Acrobatics+1","Wraith Form v2","Corpse Explosion+1"],"special_seed":0,"relics":["Ring of the Snake","NeowsBlessing","Dream Catcher","Bronze Scales","Blue Candle","Anchor"],"potions_floor_usage":[11],"damage_taken":[{"damage":0.0,"enemies":"Jaw Worm","floor":1.0,"turns":1.0},{"damage":0.0,"enemies":"2 Louse","floor":4.0,"turns":1.0},{"damage":0.0,"enemies":"3 Sentries","floor":7.0,"turns":1.0},{"damage":45,"enemies":"Gremlin Nob","floor":11,"turns":5},{"damage":1,"enemies":"Cultist","floor":14,"turns":5},{"damage":0,"enemies":"The Guardian","floor":16,"turns":1}],"seed_played":"-4227858699989734193","potions_obtained":[{"floor":7.0,"key":"PowerPotion"},{"floor":14,"key":"EntropicBrew"}],"is_trial":false,"path_per_floor":["M","?","$","M","?","R","E","?","T","R","E","?","R","M","R","B"],"character_chosen":"THE_SILENT","items_purchased":["Well Laid Plans"],"campfire_rested":0,"item_purchase_floors":[3],"current_hp_per_floor":[59,59,59,59,64,64,64,64,64,64,19,19,19,18,18,18],"gold":156,"neow_bonus":"THREE_ENEMY_KILL","is_prod":false,"is_daily":false,"chose_seed":false,"campfire_upgraded":4,"win_rate":0,"timestamp":1547645782,"path_taken":["M","?","$","M","?","R","E","?","T","R","E","?","R","M","R","BOSS"],"build_version":"2019-01-10","purchased_purges":0,"victory":false,"max_hp_per_floor":[66,66,66,66,71,71,71,71,71,71,71,71,71,71,71,71],"card_choices":[{"not_picked":["Deflect","Flying Knee"],"picked":"Acrobatics","floor":1.0},{"not_picked":["Underhanded Strike","Backflip"],"picked":"Well Laid Plans","floor":4.0},{"not_picked":["Outmaneuver","Dagger Spray"],"picked":"Tools of the Trade","floor":7.0},{"not_picked":["Dagger Throw","Deadly Poison"],"picked":"Acrobatics","floor":11},{"not_picked":["Eviscerate","Quick Slash"],"picked":"Corpse Explosion","floor":14}],"player_experience":1961626,"relics_obtained":[{"floor":7.0,"key":"Dream Catcher"},{"floor":9.0,"key":"Blue Candle"},{"floor":11,"key":"Anchor"}],"event_choices":[{"damage_healed":0.0,"max_hp_gain":0.0,"max_hp_loss":0.0,"gold_gain":0.0,"event_name":"Scrap Ooze","player_choice":"Fled","floor":2.0,"gold_loss":0.0,"damage_taken":0.0},{"damage_healed":0.0,"max_hp_gain":5.0,"max_hp_loss":0.0,"gold_gain":0.0,"event_name":"Big Fish","player_choice":"Donut","floor":5.0,"gold_loss":0.0,"damage_taken":0.0},{"damage_healed":0.0,"max_hp_gain":0.0,"max_hp_loss":0.0,"gold_gain":30.0,"event_name":"Dead Adventurer","player_choice":"Searched \u00272\u0027 times","floor":8.0,"gold_loss":0.0,"damage_taken":0.0,"relics_obtained":["Bronze Scales"]},{"damage_healed":0,"gold_gain":0,"cards_transformed":["Strike_G"],"player_choice":"Change","damage_taken":0,"max_hp_gain":0,"max_hp_loss":0,"event_name":"Living Wall","floor":12,"gold_loss":0,"cards_obtained":["Wraith Form v2"]}],"is_beta":false,"boss_relics":[],"items_purged_floors":[],"is_endless":false,"potions_floor_spawned":[7,14],"killed_by":"The Guardian","ascension_level":20}