{"gold_per_floor":[117,136,153,1,1,1,26,26,26,46,46,60,60,72,72,147,147,157,168,168,181,192,192,192,212,239,250,250,250],"floor_reached":29,"playtime":1049,"items_purged":["Strike_B"],"score":474,"play_id":"179b0002-c6cc-46a1-b180-95d790be121e","local_time":"20181215213208","is_ascension_mode":true,"campfire_choices":[{"data":"Streamline","floor":6,"key":"SMITH"},{"data":"Zap","floor":8,"key":"SMITH"},{"data":"Chaos","floor":13,"key":"SMITH"},{"data":"Consume","floor":15,"key":"SMITH"},{"data":"Fission","floor":23,"key":"SMITH"},{"data":"Dualcast","floor":28,"key":"SMITH"}],"neow_cost":"NONE","seed_source_timestamp":5190034311656,"circlet_count":0,"master_deck":["AscendersBane","Defend_B","Defend_B","Zap+1","Dualcast+1","Streamline+1","Glacier","Chaos+1","Consume+1","Fission+1","Steam Power+1","Echo Form+1","Darkness+1","Leap","Echo Form+1","Melter"],"relics":["Busted Crown","Bottled Lightning","Cables","Astrolabe","Happy Flower"],"potions_floor_usage":[16,19,29],"damage_taken":[{"damage":9,"enemies":"Small Slimes","floor":1,"turns":4},{"damage":0,"enemies":"Cultist","floor":2,"turns":3},{"damage":4,"enemies":"2 Louse","floor":3,"turns":3},{"damage":19,"enemies":"3 Sentries","floor":7,"turns":9},{"damage":0,"enemies":"Red Slaver","floor":10,"turns":3},{"damage":0,"enemies":"Looter","floor":12,"turns":3},{"damage":3,"enemies":"Blue Slaver","floor":14,"turns":3},{"damage":0,"enemies":"The Guardian","floor":16,"turns":9},{"damage":14,"enemies":"Shell Parasite","floor":18,"turns":5},{"damage":6,"enemies":"3 Byrds","floor":19,"turns":3},{"damage":18,"enemies":"3 Cultists","floor":21,"turns":6},{"damage":0,"enemies":"Cultist and Chosen","floor":22,"turns":8},{"damage":1,"enemies":"Centurion and Healer","floor":25,"turns":6},{"damage":0,"enemies":"Snecko","floor":27,"turns":3},{"damage":23,"enemies":"Slavers","floor":29,"turns":4}],"seed_played":"2836784907314666192","potions_obtained":[{"floor":2,"key":"SteroidPotion"},{"floor":14,"key":"Strength Potion"},{"floor":16,"key":"Fire Potion"},{"floor":21,"key":"FearPotion"}],"is_trial":false,"path_per_floor":["M","M","M","$","?","R","E","R","T","M","$","M","R","M","R","B",null,"M","M","?","M","M","R","?","M","T","M","R","E"],"character_chosen":"DEFECT","items_purchased":["Glacier"],"campfire_rested":0,"item_purchase_floors":[4],"current_hp_per_floor":[55,55,51,51,51,51,32,32,32,32,32,32,32,29,29,29,61,47,41,41,23,23,23,23,22,22,22,22,0],"gold":250,"neow_bonus":"BOSS_RELIC","is_prod":false,"is_daily":false,"chose_seed":false,"campfire_upgraded":6,"win_rate":0,"timestamp":1544880728,"path_taken":["M","M","M","$","?","R","E","R","T","?","?","M","R","M","R","BOSS","M","M","?","?","M","R","?","M","T","M","R","E"],"build_version":"2018-12-13","purchased_purges":1,"victory":false,"max_hp_per_floor":[71,71,71,71,71,71,71,71,71,71,71,71,71,71,71,71,71,71,71,71,71,71,71,71,71,71,71,71,71],"card_choices":[{"not_picked":["Compile Driver"],"picked":"SKIP","floor":1},{"not_picked":["Turbo"],"picked":"SKIP","floor":2},{"not_picked":[],"picked":"Streamline","floor":3},{"not_picked":["Stack"],"picked":"SKIP","floor":7},{"not_picked":[],"picked":"Chaos","floor":10},{"not_picked":["Double Energy"],"picked":"SKIP","floor":12},{"not_picked":[],"picked":"Consume","floor":14},{"not_picked":[],"picked":"Fission","floor":16},{"not_picked":[],"picked":"Leap","floor":18},{"not_picked":["Streamline"],"picked":"SKIP","floor":19},{"not_picked":["Consume"],"picked":"SKIP","floor":21},{"not_picked":[],"picked":"Melter","floor":22},{"not_picked":["Hello World"],"picked":"SKIP","floor":25},{"not_picked":["Consume"],"picked":"SKIP","floor":27}],"player_experience":1272703,"relics_obtained":[{"floor":7,"key":"Bottled Lightning"},{"floor":9,"key":"Cables"},{"floor":26,"key":"Happy Flower"}],"event_choices":[{"cards_removed":["Defend_B"],"damage_healed":0,"gold_gain":0,"player_choice":"Offered Basic","damage_taken":0,"max_hp_gain":0,"max_hp_loss":0,"event_name":"Bonfire Elementals","floor":5,"gold_loss":0},{"damage_healed":0,"gold_gain":0,"player_choice":"Copied","damage_taken":0,"max_hp_gain":0,"max_hp_loss":0,"event_name":"Duplicator","floor":20,"gold_loss":0,"cards_obtained":["Echo Form"]},{"cards_removed":["Strike_B"],"damage_healed":0,"gold_gain":0,"player_choice":"Elegance","damage_taken":0,"max_hp_gain":0,"max_hp_loss":0,"event_name":"Back to Basics","floor":24,"gold_loss":0}],"is_beta":false,"boss_relics":[{"not_picked":["Ectoplasm","Calling Bell"],"picked":"Astrolabe"}],"items_purged_floors":[4],"is_endless":false,"potions_floor_spawned":[2,14,16,18,21,25],"killed_by":"Slavers","ascension_level":14}