{"gold_per_floor":[15,29,29,29,42,17,17,92,92,92,92,17,42,52,52,125,125,140,190,203,219,219,219,237,237,313,328,328,80,80],"floor_reached":30,"playtime":803,"items_purged":["Strike_B","Strike_B"],"score":456,"play_id":"d66dd788-4ec6-46f2-85a8-8958092a72ea","local_time":"20190806182550","is_ascension_mode":true,"campfire_choices":[{"data":"Streamline","floor":7.0,"key":"SMITH"},{"data":"Dualcast","floor":10.0,"key":"SMITH"},{"data":"Coolheaded","floor":15.0,"key":"SMITH"},{"data":"Consume","floor":23.0,"key":"SMITH"},{"data":"Chaos","floor":25.0,"key":"SMITH"},{"data":"Turbo","floor":28.0,"key":"SMITH"}],"neow_cost":"NO_GOLD","seed_source_timestamp":867465180021100,"circlet_count":0,"master_deck":["AscendersBane","Strike_B","Strike_B","Defend_B","Defend_B","Defend_B","Defend_B","Zap+1","Dualcast+1","Electrodynamics","Turbo","Streamline+1","Cold Snap","Seek","Coolheaded+1","Buffer","Consume+1","Compile Driver","Chaos+1","Double Energy","Hologram","Capacitor+1","Coolheaded","Turbo+1","White Noise","Defragment","Recycle"],"special_seed":0,"relics":["Cracked Core","Meat on the Bone","Boot","Bottled Tornado","Orrery","Singing Bowl"],"potions_floor_usage":[30],"damage_taken":[{"damage":1.0,"enemies":"Cultist","floor":1.0,"turns":3.0},{"damage":9.0,"enemies":"Small Slimes","floor":2.0,"turns":2.0},{"damage":8.0,"enemies":"2 Louse","floor":5.0,"turns":2.0},{"damage":18.0,"enemies":"3 Sentries","floor":13.0,"turns":5.0},{"damage":9.0,"enemies":"Exordium Thugs","floor":14.0,"turns":3.0},{"damage":12.0,"enemies":"The Guardian","floor":16.0,"turns":12.0},{"damage":0.0,"enemies":"Chosen","floor":18.0,"turns":3.0},{"damage":3.0,"enemies":"Spheric Guardian","floor":20.0,"turns":4.0},{"damage":40.0,"enemies":"Cultist and Chosen","floor":21.0,"turns":4.0},{"damage":10.0,"enemies":"Centurion and Healer","floor":24.0,"turns":8.0},{"damage":20.0,"enemies":"Snecko","floor":27.0,"turns":8.0},{"damage":40,"enemies":"Slavers","floor":30,"turns":4}],"seed_played":"3360182137369106085","potions_obtained":[{"floor":14.0,"key":"Explosive Potion"},{"floor":16.0,"key":"Fire Potion"},{"floor":20.0,"key":"Energy Potion"},{"floor":21.0,"key":"FearPotion"},{"floor":24.0,"key":"Energy Potion"}],"is_trial":false,"path_per_floor":["M","M","$","?","M","$","R","?","T","R","?","$","E","M","R","B",null,"M","?","M","M","?","R","M","R","T","M","R","$","E"],"character_chosen":"DEFECT","items_purchased":["Cold Snap","Defragment","Recycle"],"campfire_rested":0,"item_purchase_floors":[6,29,29],"current_hp_per_floor":[63,54,54,54,46,46,46,35,35,35,35,35,29,32,32,32,61,61,61,58,30,30,30,32,32,32,24,24,24,0],"gold":80,"neow_bonus":"THREE_RARE_CARDS","is_prod":false,"is_daily":false,"chose_seed":false,"campfire_upgraded":6,"win_rate":0,"timestamp":1565087150,"path_taken":["M","M","?","?","?","?","R","?","T","R","?","$","E","M","R","BOSS","M","?","?","M","?","R","M","R","T","M","R","$","E"],"build_version":"2019-07-17","purchased_purges":2,"victory":false,"max_hp_per_floor":[71,71,71,71,71,71,71,71,71,71,71,71,71,71,71,71,71,71,71,71,71,71,71,71,71,71,71,71,71,71],"card_choices":[{"not_picked":["Rainbow","Creative AI"],"picked":"Electrodynamics","floor":0.0},{"not_picked":["Beam Cell","Stack"],"picked":"Turbo","floor":1.0},{"not_picked":["Steam","Redo","Doom and Gloom"],"picked":"SKIP","floor":2.0},{"not_picked":["Genetic Algorithm","White Noise"],"picked":"Streamline","floor":5.0},{"not_picked":["Leap","Creative AI"],"picked":"Seek","floor":13.0},{"not_picked":["Hologram","Stack"],"picked":"Coolheaded","floor":14.0},{"not_picked":["Reboot","All For One"],"picked":"Buffer","floor":16.0},{"not_picked":["Loop","Barrage"],"picked":"Consume","floor":17.0},{"not_picked":["Gash","Reprogram"],"picked":"Compile Driver","floor":17.0},{"not_picked":["Ball Lightning","Storm"],"picked":"Chaos","floor":17.0},{"not_picked":["Blizzard","Steam"],"picked":"Double Energy","floor":17.0},{"not_picked":["Reinforced Body","Conserve Battery"],"picked":"Hologram","floor":17.0},{"not_picked":["Streamline","Melter","Scrape"],"picked":"SKIP","floor":18.0},{"not_picked":["Conserve Battery","Lockon"],"picked":"Capacitor+1","floor":20.0},{"not_picked":["Redo","Ball Lightning"],"picked":"Coolheaded","floor":21.0},{"not_picked":["Chaos","Rebound","Gash+1"],"picked":"SKIP","floor":24.0},{"not_picked":["Multi-Cast","Hello World"],"picked":"White Noise","floor":27.0}],"player_experience":739016,"relics_obtained":[{"floor":9.0,"key":"Meat on the Bone"},{"floor":11.0,"key":"Boot"},{"floor":13.0,"key":"Bottled Tornado"},{"floor":26.0,"key":"Singing Bowl"}],"event_choices":[{"damage_healed":0.0,"max_hp_gain":0.0,"max_hp_loss":0.0,"gold_gain":0.0,"event_name":"Accursed Blacksmith","player_choice":"Forge","floor":4.0,"gold_loss":0.0,"damage_taken":0.0,"cards_upgraded":["Zap"]},{"damage_healed":0.0,"max_hp_gain":0.0,"max_hp_loss":0.0,"gold_gain":75.0,"event_name":"World of Goop","player_choice":"Gather Gold","floor":8.0,"gold_loss":0.0,"damage_taken":11.0},{"damage_healed":0.0,"max_hp_gain":0.0,"max_hp_loss":0.0,"gold_gain":0.0,"event_name":"Wheel of Change","player_choice":"Relic","floor":11.0,"gold_loss":0.0,"damage_taken":0.0},{"damage_healed":0.0,"max_hp_gain":0.0,"max_hp_loss":0.0,"gold_gain":50.0,"event_name":"Golden Shrine","player_choice":"Pray","floor":19.0,"gold_loss":0.0,"damage_taken":0.0},{"damage_healed":0.0,"max_hp_gain":0.0,"max_hp_loss":0.0,"gold_gain":0.0,"event_name":"Duplicator","player_choice":"Copied","floor":22.0,"gold_loss":0.0,"damage_taken":0.0,"cards_obtained":["Turbo"]}],"is_beta":false,"boss_relics":[{"not_picked":["Eternal Feather","White Beast Statue"],"picked":"Orrery"}],"items_purged_floors":[12,29],"is_endless":false,"potions_floor_spawned":[14,16,20,21,24],"killed_by":"Slavers","ascension_level":20}