{"gold_per_floor":[114,131,131,131,131,142,170,170,196,234,246,288,314,338,350,362],"floor_reached":16,"playtime":372,"items_purged":[],"score":240,"play_id":"9b897b95-ce44-4f26-bd70-ee0453fe7bca","local_time":"20180924150810","is_ascension_mode":true,"campfire_choices":[{"floor":8,"key":"REST"},{"floor":11,"key":"REST"},{"floor":15,"key":"REST"}],"neow_cost":"NONE","seed_source_timestamp":268625490470372,"circlet_count":0,"master_deck":["Strike_R","Strike_R","Strike_R","Defend_R","Defend_R","Defend_R","Defend_R+1","Bash+1","AscendersBane","Evolve","Cleave","Thunderclap","Armaments","Ghostly Armor","Headbutt"],"special_seed":0,"relics":["Fusion Hammer","Strawberry","MawBank","Bag of Preparation","Orichalcum"],"potions_floor_usage":[10],"damage_taken":[{"damage":1.0,"enemies":"Cultist","floor":1.0,"turns":3.0},{"damage":7.0,"enemies":"Small Slimes","floor":2.0,"turns":3.0},{"damage":0,"enemies":"2 Louse","floor":6,"turns":2},{"damage":25,"enemies":"3 Sentries","floor":7,"turns":6},{"damage":28,"enemies":"Gremlin Nob","floor":10,"turns":4},{"damage":7,"enemies":"Lagavulin","floor":12,"turns":7},{"damage":6,"enemies":"Looter","floor":13,"turns":4},{"damage":7,"enemies":"Blue Slaver","floor":14,"turns":4},{"damage":0,"enemies":"The Guardian","floor":16,"turns":1}],"seed_played":"224156548133224647","potions_obtained":[{"floor":6,"key":"FairyPotion"},{"floor":7,"key":"Swift Potion"},{"floor":13,"key":"Explosive Potion"}],"is_trial":false,"path_per_floor":["M","M","?","?","?","M","E","R","T","E","R","E","M","M","R"],"character_chosen":"IRONCLAD","items_purchased":[],"campfire_rested":3,"item_purchase_floors":[],"current_hp_per_floor":[67,60,53,30,30,30,12,36,36,8,32,25,19,12,36,36],"gold":362,"neow_bonus":"BOSS_RELIC","is_prod":false,"is_daily":false,"chose_seed":false,"campfire_upgraded":0,"win_rate":0,"timestamp":1537772890,"path_taken":["M","?","?","?","?","M","E","R","T","E","R","E","?","M","R","BOSS"],"build_version":"2018-09-20","purchased_purges":0,"victory":false,"max_hp_per_floor":[75,75,75,75,75,75,82,82,82,82,82,82,82,82,82,82],"card_choices":[{"not_picked":["Thunderclap","Dual Wield"],"picked":"Evolve","floor":1.0},{"not_picked":["Wild Strike","Pommel Strike"],"picked":"Cleave","floor":2.0},{"not_picked":["Warcry","Exhume"],"picked":"Thunderclap","floor":6},{"not_picked":["Clothesline","Warcry"],"picked":"Armaments","floor":7},{"not_picked":["Infernal Blade","Rupture"],"picked":"Ghostly Armor","floor":10},{"not_picked":["Sentinel","Havoc","Perfected Strike"],"picked":"SKIP","floor":12},{"not_picked":["Combust","Seeing Red"],"picked":"Headbutt","floor":13},{"not_picked":["Anger","Wild Strike","Rampage"],"picked":"SKIP","floor":14}],"player_experience":127255,"relics_obtained":[{"floor":7,"key":"Strawberry"},{"floor":9,"key":"MawBank"},{"floor":10,"key":"Bag of Preparation"},{"floor":12,"key":"Orichalcum"}],"event_choices":[{"event_name":"Golden Wing","player_choice":"Card Removal","floor":3.0,"damage_taken":0.0},{"event_name":"Shining Light","player_choice":"Entered Light","floor":4.0,"damage_taken":0.0},{"event_name":"Living Wall","player_choice":"Forget","floor":5,"damage_taken":0}],"is_beta":false,"boss_relics":[],"items_purged_floors":[],"is_endless":false,"potions_floor_spawned":[6,7,13],"killed_by":"The Guardian","ascension_level":20}