{"gold_per_floor":[214,224,234,23,34,34,66,66,66,99,112,112,112,142,142,142],"floor_reached":16,"playtime":325,"items_purged":[],"score":240,"play_id":"159b6c13-3909-4c6e-ba83-08d39901a477","local_time":"20190224003421","is_ascension_mode":true,"campfire_choices":[{"data":"Sunder","floor":6.0,"key":"SMITH"},{"data":"Zap","floor":8.0,"key":"SMITH"},{"data":"Hologram","floor":13.0,"key":"SMITH"},{"data":"Turbo","floor":15.0,"key":"SMITH"}],"neow_cost":"NONE","seed_source_timestamp":0,"circlet_count":0,"master_deck":["AscendersBane","Strike_B","Strike_B","Strike_B","Strike_B","Defend_B","Defend_B","Defend_B","Defend_B","Zap+1","Dualcast","Sunder+1","Leap","Gash","Compile Driver","Turbo+1","Leap","Hologram+1","Gash","Pain","Core Surge"],"special_seed":0,"relics":["Cracked Core","PreservedInsect","Smiling Mask","Gremlin Horn","Unceasing Top","WarpedTongs","Boot"],"potions_floor_usage":[16],"damage_taken":[{"damage":7.0,"enemies":"2 Louse","floor":1.0,"turns":3.0},{"damage":0.0,"enemies":"Cultist","floor":2.0,"turns":3.0},{"damage":9.0,"enemies":"Jaw Worm","floor":3.0,"turns":5.0},{"damage":11.0,"enemies":"Looter","floor":5.0,"turns":2.0},{"damage":11.0,"enemies":"Gremlin Nob","floor":7.0,"turns":3.0},{"damage":2.0,"enemies":"3 Sentries","floor":10.0,"turns":5.0},{"damage":0.0,"enemies":"Exordium Wildlife","floor":11.0,"turns":3.0},{"damage":6.0,"enemies":"Gremlin Nob","floor":14.0,"turns":3.0},{"damage":3,"enemies":"The Guardian","floor":16,"turns":2}],"seed_played":"-2262757609840759142","potions_obtained":[{"floor":1.0,"key":"Poison Potion"},{"floor":2.0,"key":"PowerPotion"},{"floor":11.0,"key":"Strength Potion"}],"is_trial":false,"path_per_floor":["M","M","M","$","M","R","E","R","T","E","M","?","R","E","R","B"],"character_chosen":"DEFECT","items_purchased":["PreservedInsect","Compile Driver"],"campfire_rested":0,"item_purchase_floors":[4,4],"current_hp_per_floor":[57,57,48,48,37,37,26,26,26,24,24,24,24,18,18,15],"gold":142,"neow_bonus":"HUNDRED_GOLD","is_prod":false,"is_daily":false,"chose_seed":false,"campfire_upgraded":4,"win_rate":0,"timestamp":1550939661,"path_taken":["M","M","M","$","M","R","E","R","T","E","M","?","R","E","R","BOSS"],"build_version":"2019-01-23","purchased_purges":0,"victory":false,"max_hp_per_floor":[71,71,71,71,71,71,71,71,71,71,71,71,71,71,71,71],"card_choices":[{"not_picked":["Loop","Fusion"],"picked":"Sunder","floor":1.0},{"not_picked":["Melter","Go for the Eyes"],"picked":"Leap","floor":2.0},{"not_picked":["Leap","Rebound"],"picked":"Gash","floor":3.0},{"not_picked":["Compile Driver","Hologram"],"picked":"Turbo","floor":5.0},{"not_picked":["Fusion","Leap","Barrage"],"picked":"SKIP","floor":7.0},{"not_picked":["Fusion","Barrage"],"picked":"Leap","floor":7.0},{"not_picked":["Go for the Eyes","Fission"],"picked":"Hologram","floor":10.0},{"not_picked":["Redo","Barrage"],"picked":"Gash","floor":11.0},{"not_picked":["Capacitor","Turbo"],"picked":"Core Surge","floor":14.0}],"player_experience":957236,"relics_obtained":[{"floor":7.0,"key":"Smiling Mask"},{"floor":9.0,"key":"Gremlin Horn"},{"floor":10.0,"key":"Unceasing Top"},{"floor":14.0,"key":"Boot"}],"event_choices":[{"damage_healed":0.0,"max_hp_gain":0.0,"max_hp_loss":0.0,"gold_gain":0.0,"event_name":"Accursed Blacksmith","player_choice":"Rummage","floor":12.0,"gold_loss":0.0,"damage_taken":0.0,"relics_obtained":["WarpedTongs"],"cards_obtained":["Pain"]}],"is_beta":false,"boss_relics":[],"items_purged_floors":[],"is_endless":false,"potions_floor_spawned":[1,2,5,11],"killed_by":"The Guardian","ascension_level":20}