{"path_per_floor":["M","?","M","$","?","E","M","E","T","E","R","E","R","M","R","B",null,"M","?","M","?","M","E","R","E","T"],"character_chosen":"THE_SILENT","items_purchased":["Die Die Die"],"gold_per_floor":[114,114,129,53,6,36,51,81,131,161,161,191,191,206,206,306,306,321,321,336,336,351,681,681,711,711,711],"floor_reached":27,"campfire_rested":1,"playtime":1274,"item_purchase_floors":[4],"current_hp_per_floor":[68,68,69,69,69,46,48,53,53,51,51,45,45,50,50,13,77,77,77,69,69,55,14,87,60,60,0],"items_purged":[],"gold":711,"score":304,"play_id":"f6f765a4-4bd4-401a-874f-4d79db16f94a","local_time":"20180527095354","daily_mods":["Diverse","Elite Swarm","Night Terrors"],"is_prod":false,"is_daily":true,"chose_seed":false,"is_ascension_mode":false,"campfire_upgraded":3,"win_rate":0,"timestamp":1527386034,"campfire_choices":[{"data":"Rampage","floor":11,"key":"SMITH"},{"data":"Corruption","floor":13,"key":"SMITH"},{"data":"Neutralize","floor":15,"key":"SMITH"},{"floor":24,"key":"REST"}],"path_taken":["M","?","M","$","?","E","M","E","T","E","R","E","R","?","R","BOSS","M","?","M","?","M","E","R","E","T","E"],"build_version":"2018-05-25","seed_source_timestamp":0,"purchased_purges":0,"victory":false,"master_deck":["Defend_G","Defend_G","Defend_G","Defend_G+1","Defend_G+1","Strike_G","Strike_G","Strike_G","Strike_G","Strike_G","Survivor","Neutralize+1","Corruption+1","Rampage+1","Die Die Die","Venomology","Feed+1","Adrenaline","Injury","Limit Break","Battle Trance+1","Creative AI"],"max_hp_per_floor":[70,70,70,70,70,70,70,70,70,70,70,74,74,77,77,77,77,80,80,84,84,88,92,87,91,91,91],"relics":["Ring of the Snake","Bird Faced Urn","Blood Vial","Toolbox","Vajra","Dream Catcher","Ancient Tea Set","Black Star","Turnip","Old Coin","Lantern","War Paint","Blue Candle"],"card_choices":[{"not_picked":["Flying Knee","Backflip"],"picked":"Corruption","floor":1},{"not_picked":["Streamline","Auto Shields"],"picked":"Rampage","floor":3},{"not_picked":["Amplify","Doppelganger"],"picked":"Venomology","floor":6},{"not_picked":["Deflect","Dagger Spray","Whirlwind"],"picked":"SKIP","floor":7},{"not_picked":["Buffer","Doppelganger","Meteor Strike"],"picked":"SKIP","floor":8},{"not_picked":["Buffer","Doppelganger","Meteor Strike"],"picked":"SKIP","floor":8},{"not_picked":["Reaper","Seek"],"picked":"Feed","floor":10},{"not_picked":["Meteor Strike","Immolate","Impervious"],"picked":"SKIP","floor":12},{"not_picked":["Predator","Skewer","Warcry"],"picked":"SKIP","floor":14},{"not_picked":["Rainbow","Immolate"],"picked":"Adrenaline","floor":16},{"not_picked":["Thunderclap+1","Quick Slash","Steam"],"picked":"SKIP","floor":18},{"not_picked":["Go for the Eyes","Inflame","Underhanded Strike"],"picked":"SKIP","floor":20},{"not_picked":["Skim","Dodge and Roll","Iron Wave"],"picked":"SKIP","floor":22},{"not_picked":["Impervious","Die Die Die"],"picked":"Limit Break","floor":23},{"not_picked":["Corruption+1","Underhanded Strike+1"],"picked":"Battle Trance+1","floor":24},{"not_picked":["Tactician","Venomology"],"picked":"Creative AI","floor":25}],"player_experience":499008,"potions_floor_usage":[6,8,10,12,14,16,16,16,18,18,18,23,23,25,25,25,25,25],"damage_taken":[{"damage":2,"enemies":"2 Louse","floor":1,"turns":3},{"damage":1,"enemies":"Cultist","floor":3,"turns":5},{"damage":24,"enemies":"Lagavulin","floor":6,"turns":9},{"damage":0,"enemies":"Small Slimes","floor":7,"turns":2},{"damage":11,"enemies":"3 Sentries","floor":8,"turns":7},{"damage":6,"enemies":"Lagavulin","floor":10,"turns":6},{"damage":14,"enemies":"3 Sentries","floor":12,"turns":7},{"damage":0,"enemies":"Exordium Wildlife","floor":14,"turns":3},{"damage":41,"enemies":"The Guardian","floor":16,"turns":9},{"damage":3,"enemies":"Chosen","floor":18,"turns":5},{"damage":15,"enemies":"2 Thieves","floor":20,"turns":4},{"damage":22,"enemies":"Centurion and Healer","floor":22,"turns":8},{"damage":49,"enemies":"Book of Stabbing","floor":23,"turns":6},{"damage":52,"enemies":"Slavers","floor":25,"turns":7},{"damage":81,"enemies":"Gremlin Leader","floor":27,"turns":10}],"relics_obtained":[{"floor":6,"key":"Blood Vial"},{"floor":8,"key":"Toolbox"},{"floor":9,"key":"Vajra"},{"floor":10,"key":"Dream Catcher"},{"floor":12,"key":"Ancient Tea Set"},{"floor":23,"key":"Turnip"},{"floor":23,"key":"Old Coin"},{"floor":25,"key":"Lantern"},{"floor":25,"key":"War Paint"},{"floor":26,"key":"Blue Candle"}],"event_choices":[{"event_name":"Wheel of Change","player_choice":"Relic","floor":2,"damage_taken":0},{"event_name":"World of Goop","player_choice":"Left","floor":5,"damage_taken":0},{"event_name":"Accursed Blacksmith","player_choice":"Forge","floor":19,"damage_taken":0},{"event_name":"Drug Dealer","player_choice":"Ignored","floor":21,"damage_taken":0}],"boss_relics":[{"not_picked":["Runic Pyramid","Calling Bell"],"picked":"Black Star"}],"items_purged_floors":[],"potions_floor_spawned":[3,6,8,16,18,22],"seed_played":"-7009063745363081709","killed_by":"Gremlin Leader","ascension_level":0,"potions_obtained":[{"floor":3,"key":"Block Potion"},{"floor":6,"key":"AttackPotion"},{"floor":8,"key":"Ancient Potion"},{"floor":16,"key":"Swift Potion"},{"floor":18,"key":"LiquidBronze"},{"floor":22,"key":"FearPotion"}],"is_trial":false}