{"gold_per_floor":[112,112,131,61,80,80,114,114,114,114,125,125,125,148,148,241,241,259,117,137,153,153,153,153],"floor_reached":24,"playtime":878,"items_purged":["Pain"],"score":333,"play_id":"028a8461-8302-4072-8c97-75eabdf15afb","local_time":"20181005193959","is_ascension_mode":true,"campfire_choices":[{"floor":6,"key":"DIG"},{"data":"Neutralize","floor":8,"key":"SMITH"},{"floor":12,"key":"REST"},{"floor":15,"key":"DIG"},{"data":"Bouncing Flask","floor":23,"key":"SMITH"}],"neow_cost":"NONE","seed_source_timestamp":279864689232837,"circlet_count":0,"master_deck":["Survivor","Neutralize+1","AscendersBane","Well Laid Plans","Catalyst","Leg Sweep","Poisoned Stab","Backflip","Dagger Throw","Burst","Cloak And Dagger","Backflip","Deadly Poison","Dagger Spray","Terror","Dagger Spray","Backflip","Skewer","Dagger Throw","Dodge and Roll","Riddle With Holes","Catalyst","Bouncing Flask+1","Writhe"],"relics":["Velvet Choker","Shovel","Strawberry","Pear","Shuriken","WarpedTongs","Golden Idol","Prayer Wheel","Pandora\u0027s Box","Darkstone Periapt"],"potions_floor_usage":[7,16],"damage_taken":[{"damage":4,"enemies":"2 Louse","floor":1,"turns":4},{"damage":0,"enemies":"Small Slimes","floor":3,"turns":4},{"damage":2,"enemies":"Jaw Worm","floor":5,"turns":6},{"damage":49,"enemies":"Gremlin Nob","floor":7,"turns":8},{"damage":16,"enemies":"Exordium Thugs","floor":11,"turns":7},{"damage":4,"enemies":"Large Slime","floor":14,"turns":6},{"damage":12,"enemies":"The Guardian","floor":16,"turns":13},{"damage":15,"enemies":"2 Thieves","floor":18,"turns":4},{"damage":0,"enemies":"Chosen","floor":20,"turns":4},{"damage":26,"enemies":"3 Cultists","floor":21,"turns":5},{"damage":29,"enemies":"Slavers","floor":24,"turns":1}],"seed_played":"-342795350555916569","potions_obtained":[{"floor":5,"key":"Block Potion"},{"floor":11,"key":"Poison Potion"},{"floor":14,"key":"Block Potion"},{"floor":21,"key":"Energy Potion"}],"is_trial":false,"path_per_floor":["M","?","M","$","M","R","E","R","T","?","M","R","?","M","R","B",null,"M","$","M","M","?","R"],"character_chosen":"THE_SILENT","items_purchased":["Catalyst","Riddle With Holes"],"campfire_rested":1,"item_purchase_floors":[4,19],"current_hp_per_floor":[55,52,52,52,50,57,18,18,18,18,2,26,26,22,22,10,60,45,45,45,19,25,25,0],"gold":153,"neow_bonus":"BOSS_RELIC","is_prod":false,"is_daily":false,"chose_seed":false,"campfire_upgraded":2,"win_rate":0,"timestamp":1538739599,"path_taken":["M","?","?","$","M","R","E","R","T","?","?","R","?","?","R","BOSS","M","$","?","M","?","R","E"],"build_version":"2018-10-04","purchased_purges":1,"victory":false,"max_hp_per_floor":[66,66,66,66,66,73,83,83,83,83,83,83,77,77,77,77,77,77,77,77,77,83,83,83],"card_choices":[{"not_picked":["Dagger Spray","Poisoned Stab"],"picked":"Well Laid Plans","floor":1},{"not_picked":["Bane","Expertise","Slice"],"picked":"SKIP","floor":3},{"not_picked":["Acrobatics","Outmaneuver"],"picked":"Leg Sweep","floor":5},{"not_picked":["Flechettes","Heel Hook"],"picked":"Poisoned Stab","floor":7},{"not_picked":["Leg Sweep","Blade Dance"],"picked":"Backflip","floor":11},{"not_picked":["Dagger Spray","Unload"],"picked":"Dagger Throw","floor":14},{"not_picked":["Glass Knife","Doppelganger"],"picked":"Burst","floor":16},{"not_picked":["Expertise","Heel Hook","Flying Knee"],"picked":"SKIP","floor":18},{"not_picked":["Bane","Tactician+1","Deflect"],"picked":"SKIP","floor":18},{"not_picked":["Cloak And Dagger","Dash"],"picked":"Catalyst","floor":20},{"not_picked":["Finisher","Setup","Deflect"],"picked":"SKIP","floor":20},{"not_picked":["Deadly Poison","Backflip+1"],"picked":"Bouncing Flask","floor":21},{"not_picked":["Flying Knee+1","Reflex+1","Heel Hook"],"picked":"SKIP","floor":21}],"player_experience":190189,"relics_obtained":[{"floor":6,"key":"Strawberry"},{"floor":7,"key":"Pear"},{"floor":9,"key":"Shuriken"},{"floor":15,"key":"Prayer Wheel"}],"event_choices":[{"event_name":"Scrap Ooze","player_choice":"success","floor":2,"damage_taken":3},{"event_name":"Accursed Blacksmith","player_choice":"Rummage","floor":10,"damage_taken":0},{"event_name":"Golden Idol","player_choice":"Lose Max HP","floor":13,"damage_taken":0},{"event_name":"The Mausoleum","player_choice":"Yes","floor":22,"damage_taken":0}],"is_beta":false,"boss_relics":[{"not_picked":["Snecko Eye","Runic Dome"],"picked":"Pandora\u0027s Box"}],"items_purged_floors":[19],"is_endless":false,"potions_floor_spawned":[5,11,14,21],"killed_by":"Slavers","ascension_level":14}