{"gold_per_floor":[116,131,151,111,130,130,130,130,130,148,59,79,95,95,95,95],"floor_reached":16,"playtime":399,"items_purged":[],"score":188,"play_id":"fd4a7c58-5c68-4f43-9cd4-57fb6a034e2c","local_time":"20181115222126","is_ascension_mode":true,"campfire_choices":[{"data":"Deadly Poison","floor":6.0,"key":"SMITH"},{"data":"Catalyst","floor":15,"key":"SMITH"}],"neow_cost":"NONE","seed_source_timestamp":15921243850815,"circlet_count":0,"master_deck":["AscendersBane","Defend_G","Defend_G","Defend_G","Defend_G","Defend_G","Strike_G","Strike_G","Strike_G","Strike_G","Strike_G","Survivor","Neutralize","Deadly Poison+1","Noxious Fumes","Catalyst+1","Well Laid Plans","Blur"],"special_seed":0,"relics":["Busted Crown","Torii","Nunchaku","Golden Idol"],"potions_floor_usage":[12,13,13],"damage_taken":[{"damage":3.0,"enemies":"Cultist","floor":1.0,"turns":4.0},{"damage":0.0,"enemies":"Jaw Worm","floor":2.0,"turns":5.0},{"damage":4.0,"enemies":"Small Slimes","floor":3.0,"turns":4.0},{"damage":1.0,"enemies":"Looter","floor":4.0,"turns":4.0},{"damage":6.0,"enemies":"2 Fungi Beasts","floor":5.0,"turns":4.0},{"damage":15,"enemies":"Lots of Slimes","floor":10,"turns":5},{"damage":7,"enemies":"Exordium Wildlife","floor":12,"turns":4},{"damage":4,"enemies":"Gremlin Gang","floor":13,"turns":4},{"damage":0,"enemies":"The Guardian","floor":16,"turns":2}],"seed_played":"2873912829191541103","potions_obtained":[{"floor":2.0,"key":"SteroidPotion"},{"floor":10,"key":"Fire Potion"},{"floor":12,"key":"Ancient Potion"},{"floor":13,"key":"SpeedPotion"}],"is_trial":false,"path_per_floor":["M","M","M","M","M","R","?","?","T","M","$","M","M","?","R","B"],"character_chosen":"THE_SILENT","items_purchased":["Well Laid Plans"],"campfire_rested":0,"item_purchase_floors":[11],"current_hp_per_floor":[56,56,52,51,45,45,34,34,34,19,19,12,8,8,8,8],"gold":95,"neow_bonus":"BOSS_RELIC","is_prod":false,"is_daily":false,"chose_seed":false,"campfire_upgraded":2,"win_rate":0,"timestamp":1542291686,"path_taken":["M","M","?","M","M","R","?","?","T","M","$","M","M","?","R","BOSS"],"build_version":"2018-11-14","purchased_purges":0,"victory":false,"max_hp_per_floor":[66,66,66,66,66,66,66,66,66,66,66,66,66,60,60,60],"card_choices":[{"not_picked":["Blade Dance"],"picked":"SKIP","floor":1.0},{"not_picked":[],"picked":"Deadly Poison","floor":2.0},{"not_picked":["Dagger Spray"],"picked":"SKIP","floor":3.0},{"not_picked":[],"picked":"Noxious Fumes","floor":4.0},{"not_picked":[],"picked":"Catalyst","floor":5.0},{"not_picked":["Flechettes"],"picked":"SKIP","floor":10},{"not_picked":["Accuracy"],"picked":"SKIP","floor":12},{"not_picked":[],"picked":"Blur","floor":13}],"player_experience":1071377,"relics_obtained":[{"floor":9,"key":"Nunchaku"}],"event_choices":[{"damage_healed":0.0,"max_hp_gain":0.0,"max_hp_loss":0.0,"gold_gain":0.0,"event_name":"Scrap Ooze","player_choice":"Success","floor":7.0,"gold_loss":0.0,"damage_taken":11.0,"relics_obtained":["Torii"]},{"damage_healed":0,"gold_gain":0,"player_choice":"Searched \u00270\u0027 times","damage_taken":0,"max_hp_gain":0,"max_hp_loss":0,"event_name":"Dead Adventurer","floor":8,"gold_loss":0},{"damage_healed":0,"gold_gain":0,"player_choice":"Lose Max HP","damage_taken":0,"relics_obtained":["Golden Idol"],"max_hp_gain":0,"max_hp_loss":6,"event_name":"Golden Idol","floor":14,"gold_loss":0}],"is_beta":true,"boss_relics":[],"items_purged_floors":[],"is_endless":false,"potions_floor_spawned":[2,10,12,13],"killed_by":"The Guardian","ascension_level":20}