{"path_per_floor":["M","?","?","?","M","R","E","R","T","M","M","M","$","M","R","B",null,"M","?","$","M","M","R","M"],"character_chosen":"DEFECT","items_purchased":["Storm","Sunder","Orichalcum"],"gold_per_floor":[109,109,209,209,227,227,255,255,310,330,350,368,225,238,238,341,341,361,311,74,91,108,108,126,126],"floor_reached":25,"campfire_rested":2,"playtime":1197,"item_purchase_floors":[13,20,20],"current_hp_per_floor":[75,75,75,75,75,75,37,37,37,34,30,25,25,13,35,12,75,56,56,56,30,2,24,15,0],"items_purged":["Normality"],"gold":126,"score":205,"play_id":"695eadbe-a61d-43a6-bc77-736b270c9ec3","local_time":"20180617205922","is_prod":false,"is_daily":false,"chose_seed":false,"is_ascension_mode":false,"campfire_upgraded":2,"win_rate":0,"timestamp":1529261962,"campfire_choices":[{"data":"Chaos","floor":6,"key":"SMITH"},{"data":"Static Discharge","floor":8,"key":"SMITH"},{"floor":15,"key":"REST"},{"floor":23,"key":"REST"}],"path_taken":["M","?","?","?","M","R","E","R","T","M","M","M","$","?","R","BOSS","M","?","$","M","M","R","M","?"],"build_version":"2018-06-14v2","seed_source_timestamp":26065399914958,"purchased_purges":1,"victory":false,"master_deck":["Strike_B","Strike_B","Strike_B","Defend_B","Defend_B","Defend_B","Defend_B","Zap","Dualcast","Chaos+1","Undo","Static Discharge+1","Recycle","Coolheaded","FTL","Storm","Turbo","Creative AI","Sunder","Hologram","Barrage+1","Melter"],"max_hp_per_floor":[75,75,75,75,75,75,75,75,75,75,75,75,75,75,75,75,75,75,75,75,75,75,75,75,75],"relics":["Cursed Key","Art of War","Potion Belt","Oddly Smooth Stone","Velvet Choker","Orichalcum"],"card_choices":[{"not_picked":["Cold Snap","Sweeping Beam"],"picked":"Chaos","floor":1},{"not_picked":["Stack","Conserve Battery"],"picked":"Undo","floor":5},{"not_picked":["Ball Lightning","Coolheaded"],"picked":"Static Discharge","floor":7},{"not_picked":["Auto Shields","Coolheaded"],"picked":"Recycle","floor":10},{"not_picked":["Reprogram","Genetic Algorithm"],"picked":"Coolheaded","floor":11},{"not_picked":["Static Discharge","Reinforced Body"],"picked":"FTL","floor":12},{"not_picked":["Chaos","Hyperbeam"],"picked":"Turbo","floor":14},{"not_picked":["Multi-Cast","Rainbow"],"picked":"Creative AI","floor":16},{"not_picked":["Coolheaded","Go for the Eyes","Redo"],"picked":"SKIP","floor":18},{"not_picked":["Compile Driver","Hyperbeam"],"picked":"Hologram","floor":21},{"not_picked":["Leap","Coolheaded"],"picked":"Barrage+1","floor":22},{"not_picked":["Redo","Static Discharge"],"picked":"Melter","floor":24}],"player_experience":251915,"potions_floor_usage":[7],"damage_taken":[{"damage":0,"enemies":"2 Louse","floor":1,"turns":2},{"damage":0,"enemies":"Cultist","floor":5,"turns":3},{"damage":38,"enemies":"Gremlin Nob","floor":7,"turns":5},{"damage":3,"enemies":"Jaw Worm","floor":10,"turns":4},{"damage":4,"enemies":"2 Fungi Beasts","floor":11,"turns":4},{"damage":5,"enemies":"Gremlin Gang","floor":12,"turns":7},{"damage":12,"enemies":"Exordium Thugs","floor":14,"turns":2},{"damage":23,"enemies":"Hexaghost","floor":16,"turns":10},{"damage":19,"enemies":"Shell Parasite","floor":18,"turns":5},{"damage":26,"enemies":"Chosen","floor":21,"turns":6},{"damage":28,"enemies":"Centurion and Healer","floor":22,"turns":4},{"damage":9,"enemies":"Snecko","floor":24,"turns":5},{"damage":48,"enemies":"Chosen and Byrds","floor":25,"turns":5}],"relics_obtained":[{"floor":7,"key":"Potion Belt"},{"floor":9,"key":"Oddly Smooth Stone"}],"event_choices":[{"event_name":"Wheel of Change","player_choice":"Relic","floor":2,"damage_taken":0},{"event_name":"Golden Shrine","player_choice":"Pray","floor":3,"damage_taken":0},{"event_name":"Purifier","player_choice":"One Purge","floor":4,"damage_taken":0},{"event_name":"The Joust","player_choice":"Bet on Murderer","floor":19,"damage_taken":0}],"boss_relics":[{"not_picked":["Lizard Tail","Calling Bell"],"picked":"Velvet Choker"}],"items_purged_floors":[13],"is_endless":false,"potions_floor_spawned":[5,10,12,21,24],"seed_played":"-8643317426992880944","killed_by":"Chosen and Byrds","ascension_level":0,"potions_obtained":[{"floor":5,"key":"Swift Potion"},{"floor":10,"key":"Strength Potion"},{"floor":12,"key":"FearPotion"},{"floor":21,"key":"Strength Potion"},{"floor":24,"key":"LiquidBronze"}],"is_trial":false}