{"gold_per_floor":[114,114,39,4,4,4,20,20,75,87,99,111,146,172,184,325,337,362,195,180,55,55,78,103,103,103,103,43,59,59,59,59,188,188,204,537,537,537,274,274,292,292,292,303,319,319,330,344,344,344],"floor_reached":51,"playtime":1718,"items_purged":["Defend_G","Strike_G","Strike_G","Strike_G"],"score":785,"play_id":"a1bffc77-f5e4-49a8-97be-1f5617550c1e","local_time":"20190724210519","is_ascension_mode":false,"campfire_choices":[{"data":"Backflip","floor":6.0,"key":"SMITH"},{"data":"Catalyst","floor":8.0,"key":"SMITH"},{"data":"Survivor","floor":11.0,"key":"SMITH"},{"data":"Cloak And Dagger","floor":15.0,"key":"SMITH"},{"data":"Deadly Poison","floor":25.0,"key":"SMITH"},{"data":"Envenom","floor":27.0,"key":"SMITH"},{"data":"Well Laid Plans","floor":30.0,"key":"SMITH"},{"data":"Well Laid Plans","floor":32.0,"key":"SMITH"},{"data":"Footwork","floor":40,"key":"SMITH"},{"data":"Catalyst","floor":42,"key":"SMITH"},{"data":"Master of Strategy","floor":46,"key":"SMITH"},{"data":"Acrobatics","floor":49,"key":"SMITH"}],"neow_cost":"NONE","seed_source_timestamp":8820664181859,"circlet_count":0,"master_deck":["Strike_G+1","Defend_G+1","Defend_G","Defend_G","Survivor+1","Neutralize+1","Backflip+1","Catalyst+1","Cloak And Dagger+1","Dagger Throw","Envenom+1","Poisoned Stab+1","Footwork+1","Deadly Poison+1","Calculated Gamble","Catalyst+1","Well Laid Plans+1","Well Laid Plans+1","Adrenaline","Master of Strategy+1","Catalyst+1","Acrobatics+1"],"special_seed":0,"relics":["Ring of the Snake","MawBank","Sozu","The Courier","Philosopher\u0027s Stone","StoneCalendar"],"potions_floor_usage":[],"damage_taken":[{"damage":0.0,"enemies":"Small Slimes","floor":1.0,"turns":5.0},{"damage":0.0,"enemies":"2 Louse","floor":7.0,"turns":3.0},{"damage":0.0,"enemies":"Cultist","floor":13.0,"turns":4.0},{"damage":2.0,"enemies":"Looter","floor":14.0,"turns":3.0},{"damage":34.0,"enemies":"Slime Boss","floor":16.0,"turns":12.0},{"damage":0.0,"enemies":"Chosen","floor":18.0,"turns":4.0},{"damage":0.0,"enemies":"2 Thieves","floor":20.0,"turns":4.0},{"damage":0.0,"enemies":"Snake Plant","floor":23.0,"turns":4.0},{"damage":1.0,"enemies":"Snecko","floor":24.0,"turns":6.0},{"damage":0.0,"enemies":"Centurion and Healer","floor":29.0,"turns":4.0},{"damage":0.0,"enemies":"Champ","floor":33.0,"turns":6.0},{"damage":8,"enemies":"3 Shapes","floor":35,"turns":4},{"damage":0,"enemies":"3 Darklings","floor":41,"turns":4},{"damage":1,"enemies":"Sphere and 2 Shapes","floor":44,"turns":3},{"damage":0,"enemies":"Maw","floor":45,"turns":3},{"damage":0,"enemies":"4 Shapes","floor":47,"turns":5},{"damage":0,"enemies":"3 Darklings","floor":48,"turns":5},{"damage":0,"enemies":"Time Eater","floor":50,"turns":2}],"seed_played":"5694396857079377933","potions_obtained":[{"floor":7.0,"key":"Explosive Potion"}],"is_trial":false,"path_per_floor":["M","?","$","?","?","R","M","R","T","?","R","?","M","M","R","B",null,"M","$","M","$","?","M","M","R","T","R","$","M","R","?","R","B",null,"M","?","?","?","$","R","M","R","T","M","M","R","M","M","R","B",null],"character_chosen":"THE_SILENT","items_purchased":["Footwork","Well Laid Plans","Master of Strategy"],"campfire_rested":0,"item_purchase_floors":[19,28,39],"current_hp_per_floor":[70,56,56,70,63,63,63,63,63,63,63,63,63,61,61,27,65,65,65,65,65,65,65,64,64,64,64,64,64,64,64,64,64,65,57,57,57,57,57,57,57,57,57,56,56,56,56,56,56,56],"gold":344,"neow_bonus":"TRANSFORM_CARD","is_prod":false,"is_daily":false,"chose_seed":false,"campfire_upgraded":12,"win_rate":0,"timestamp":1563973519,"path_taken":["M","?","$","?","?","R","M","R","T","?","R","?","M","?","R","BOSS","M","$","M","$","?","M","M","R","T","R","$","M","R","?","R","BOSS","M","?","?","?","$","R","M","R","T","M","?","R","M","?","R","BOSS"],"build_version":"2019-07-17","purchased_purges":4,"victory":true,"max_hp_per_floor":[70,70,70,70,70,70,70,70,70,65,65,65,65,65,65,65,65,65,65,65,65,65,65,65,65,65,65,65,65,65,65,65,65,65,65,65,65,65,65,65,65,65,65,65,65,65,65,65,65,65],"card_choices":[{"not_picked":["Blade Dance","Dodge and Roll","Distraction"],"picked":"SKIP","floor":1.0},{"not_picked":["Backflip","Sucker Punch"],"picked":"Catalyst","floor":7.0},{"not_picked":["Outmaneuver","Acrobatics"],"picked":"Cloak And Dagger","floor":13.0},{"not_picked":["Leg Sweep","Acrobatics"],"picked":"Dagger Throw","floor":14.0},{"not_picked":["Night Terror","Glass Knife"],"picked":"Envenom","floor":16.0},{"not_picked":["Flying Knee","Poisoned Stab+1","Outmaneuver"],"picked":"SKIP","floor":18.0},{"not_picked":["Flying Knee","Outmaneuver"],"picked":"Poisoned Stab+1","floor":18.0},{"not_picked":["Reflex","Expertise"],"picked":"Deadly Poison","floor":20.0},{"not_picked":["PiercingWail","Poisoned Stab"],"picked":"Calculated Gamble","floor":23.0},{"not_picked":["Masterful Stab","Escape Plan"],"picked":"Catalyst+1","floor":24.0},{"not_picked":["Prepared","Blade Dance","Masterful Stab"],"picked":"SKIP","floor":29.0},{"not_picked":["Doppelganger","Glass Knife"],"picked":"Adrenaline","floor":33.0},{"not_picked":["Riddle With Holes+1","Cloak And Dagger+1","Bane+1"],"picked":"SKIP","floor":35},{"not_picked":["Deadly Poison","Accuracy+1"],"picked":"Catalyst","floor":41},{"not_picked":["Deflect","Riddle With Holes","Dagger Spray+1"],"picked":"SKIP","floor":44},{"not_picked":["Underhanded Strike+1","Dodge and Roll+1","Slice+1"],"picked":"SKIP","floor":45},{"not_picked":["Finisher","Well Laid Plans+1","Distraction"],"picked":"SKIP","floor":47},{"not_picked":["Tactician","Calculated Gamble"],"picked":"Acrobatics","floor":48}],"player_experience":5854232,"relics_obtained":[{"floor":9.0,"key":"MawBank"},{"floor":26.0,"key":"The Courier"},{"floor":43,"key":"StoneCalendar"}],"event_choices":[{"damage_healed":0.0,"max_hp_gain":0.0,"max_hp_loss":0.0,"gold_gain":0.0,"event_name":"Shining Light","player_choice":"Entered Light","floor":2.0,"gold_loss":0.0,"damage_taken":14.0,"cards_upgraded":["Defend_G","Neutralize"]},{"damage_healed":17.0,"max_hp_gain":0.0,"max_hp_loss":0.0,"gold_gain":0.0,"event_name":"The Cleric","player_choice":"Healed","floor":4.0,"gold_loss":35.0,"damage_taken":0.0},{"cards_removed":["Defend_G"],"damage_healed":0.0,"max_hp_gain":0.0,"max_hp_loss":0.0,"gold_gain":0.0,"event_name":"Golden Wing","player_choice":"Card Removal","floor":5.0,"gold_loss":0.0,"damage_taken":7.0},{"damage_healed":0.0,"max_hp_gain":0.0,"max_hp_loss":5.0,"gold_gain":0.0,"event_name":"Golden Idol","player_choice":"Lose Max HP","floor":10.0,"gold_loss":0.0,"damage_taken":0.0,"relics_obtained":["Golden Idol"]},{"damage_healed":0.0,"max_hp_gain":0.0,"max_hp_loss":0.0,"gold_gain":0.0,"event_name":"Accursed Blacksmith","player_choice":"Forge","floor":12.0,"gold_loss":0.0,"damage_taken":0.0,"cards_upgraded":["Strike_G"]},{"damage_healed":0.0,"max_hp_gain":0.0,"max_hp_loss":0.0,"gold_gain":0.0,"event_name":"Cursed Tome","player_choice":"Ignored","floor":22.0,"gold_loss":0.0,"damage_taken":0.0},{"damage_healed":0.0,"max_hp_gain":0.0,"max_hp_loss":0.0,"gold_gain":0.0,"event_name":"The Library","player_choice":"Read","floor":31.0,"gold_loss":0.0,"damage_taken":0.0,"cards_obtained":["Well Laid Plans"]},{"damage_healed":0,"gold_gain":333,"player_choice":"Gave Idol","damage_taken":0,"max_hp_gain":0,"max_hp_loss":0,"event_name":"The Moai Head","floor":36,"relics_lost":["Golden Idol"],"gold_loss":0},{"damage_healed":0,"gold_gain":0,"player_choice":"Ignored","damage_taken":0,"max_hp_gain":0,"max_hp_loss":0,"event_name":"Mysterious Sphere","floor":37,"gold_loss":0},{"damage_healed":0,"gold_gain":0,"player_choice":"Ignored","damage_taken":0,"max_hp_gain":0,"max_hp_loss":0,"event_name":"Tomb of Lord Red Mask","floor":38,"gold_loss":0}],"is_beta":false,"boss_relics":[{"not_picked":["HoveringKite","Calling Bell"],"picked":"Sozu"},{"not_picked":["Astrolabe","Fusion Hammer"],"picked":"Philosopher\u0027s Stone"}],"items_purged_floors":[3,19,21,39],"is_endless":false,"potions_floor_spawned":[7,18,23,24,33,41,44,48],"ascension_level":0}