{"gold_per_floor":[113,38,52,52,202,236,255,255,255,82,102,102,142,42,42,141,141,155,70,15,38,63,63,104,104,129,129,148,273,314,332,332,426,426,447,447,169,169,15,58,58,93,93,113,113,128,162,12,12,12,12,12,12,12,52,52],"floor_reached":56,"playtime":2008,"items_purged":["Strike_B","Doubt","Strike_B","Defend_B"],"score":2183,"play_id":"51dfb741-7ce8-46b0-a2d2-547a144cee47","local_time":"20190422141224","is_ascension_mode":true,"campfire_choices":[{"data":"Dualcast","floor":12.0,"key":"SMITH"},{"data":"Reinforced Body","floor":15.0,"key":"SMITH"},{"floor":23.0,"key":"REST"},{"floor":27.0,"key":"REST"},{"data":"Biased Cognition","floor":32.0,"key":"SMITH"},{"data":"Biased Cognition","floor":41.0,"key":"SMITH"},{"floor":49.0,"key":"RECALL"},{"data":"Skim","floor":53.0,"key":"SMITH"}],"neow_cost":"NONE","seed_source_timestamp":87170488289101,"circlet_count":0,"master_deck":["AscendersBane","Defend_B","Defend_B","Defend_B","Zap","Dualcast+1","Ball Lightning","Rainbow","Genetic Algorithm","Reinforced Body+1","Biased Cognition+1","Glacier","Capacitor","Hologram+1","Electrodynamics","Biased Cognition+1","Self Repair","Skim+1","Buffer","Coolheaded","Capacitor","Consume+1","White Noise+1","Hologram+1"],"special_seed":0,"relics":["Cracked Core","NeowsBlessing","Potion Belt","Golden Idol","Question Card","DataDisk","Mummified Hand","Empty Cage","Dream Catcher","Ancient Tea Set","Dead Branch","Pear","Lantern","Busted Crown","Cables","Letter Opener","Pen Nib","Orichalcum","Mercury Hourglass"],"potions_floor_usage":[56,56],"damage_taken":[{"damage":0.0,"enemies":"Jaw Worm","floor":1.0,"turns":1.0},{"damage":0.0,"enemies":"2 Louse","floor":3.0,"turns":1.0},{"damage":0.0,"enemies":"Lagavulin","floor":6.0,"turns":1.0},{"damage":0.0,"enemies":"Small Slimes","floor":7.0,"turns":3.0},{"damage":11.0,"enemies":"3 Louse","floor":11.0,"turns":4.0},{"damage":38.0,"enemies":"3 Sentries","floor":13.0,"turns":9.0},{"damage":9.0,"enemies":"Slime Boss","floor":16.0,"turns":9.0},{"damage":18.0,"enemies":"2 Thieves","floor":18.0,"turns":4.0},{"damage":16.0,"enemies":"3 Byrds","floor":21.0,"turns":4.0},{"damage":11.0,"enemies":"Centurion and Healer","floor":22.0,"turns":8.0},{"damage":0.0,"enemies":"Gremlin Leader","floor":24.0,"turns":4.0},{"damage":0.0,"enemies":"3 Cultists","floor":28.0,"turns":3.0},{"damage":0.0,"enemies":"Colosseum Slavers","floor":29.0,"turns":2.0},{"damage":2.0,"enemies":"Colosseum Nobs","floor":29.0,"turns":3.0},{"damage":25.0,"enemies":"Book of Stabbing","floor":30.0,"turns":6.0},{"damage":0.0,"enemies":"Shelled Parasite and Fungi","floor":31.0,"turns":4.0},{"damage":32.0,"enemies":"Automaton","floor":33.0,"turns":7.0},{"damage":0.0,"enemies":"3 Shapes","floor":35.0,"turns":5.0},{"damage":6.0,"enemies":"Nemesis","floor":40.0,"turns":7.0},{"damage":38.0,"enemies":"Giant Head","floor":42.0,"turns":9.0},{"damage":0.0,"enemies":"Orb Walker","floor":44.0,"turns":3.0},{"damage":0.0,"enemies":"Jaw Worm Horde","floor":46.0,"turns":2.0},{"damage":9.0,"enemies":"Nemesis","floor":47.0,"turns":9.0},{"damage":15.0,"enemies":"Donu and Deca","floor":50.0,"turns":5.0},{"damage":0.0,"enemies":"Time Eater","floor":51.0,"turns":6.0},{"damage":49.0,"enemies":"Shield and Spear","floor":55.0,"turns":3.0},{"damage":44,"enemies":"The Heart","floor":56,"turns":3}],"seed_played":"6133890197393756736","potions_obtained":[{"floor":1.0,"key":"FocusPotion"},{"floor":16.0,"key":"Fire Potion"},{"floor":18.0,"key":"Ancient Potion"},{"floor":24.0,"key":"Weak Potion"},{"floor":29.0,"key":"GamblersBrew"},{"floor":31.0,"key":"Swift Potion"},{"floor":35.0,"key":"AttackPotion"},{"floor":44.0,"key":"Explosive Potion"},{"floor":46.0,"key":"Dexterity Potion"}],"is_trial":false,"path_per_floor":["M","$","M","$","?","E","M","?","T","$","M","R","E","$","R","B",null,"M","?","$","M","M","R","E","?","T","R","M","?","E","M","R","B",null,"M","?","$","?","$","E","R","E","T","M","$","M","E","$","R","B","B",null,"R","$","E","B"],"character_chosen":"DEFECT","items_purchased":["DataDisk","SkillPotion","Cables","Coolheaded"],"campfire_rested":2,"item_purchase_floors":[10,20,37,39],"current_hp_per_floor":[64,64,64,64,64,64,64,64,64,64,53,53,15,15,15,6,50,32,32,32,16,5,24,24,24,24,43,43,58,40,47,47,22,61,68,68,68,68,68,69,69,38,38,45,45,45,43,43,43,35,35,61,61,61,12,0],"gold":52,"neow_bonus":"THREE_ENEMY_KILL","is_prod":false,"is_daily":false,"chose_seed":false,"campfire_upgraded":5,"win_rate":0,"timestamp":1555913544,"path_taken":["M","$","M","$","?","E","M","?","T","?","M","R","E","$","R","BOSS","M","?","$","M","M","R","E","?","T","R","?","?","E","M","R","BOSS","M","?","$","?","$","E","R","E","T","?","?","M","E","$","R","BOSS","BOSS","R","$","E","BOSS"],"build_version":"2019-01-23","purchased_purges":4,"victory":false,"max_hp_per_floor":[71,71,71,71,71,71,71,64,64,64,64,64,64,64,64,64,64,64,64,64,64,64,64,64,64,64,64,64,74,74,74,74,74,74,74,70,70,70,70,70,70,70,70,70,70,70,70,70,70,70,70,70,70,70,70,70],"card_choices":[{"not_picked":["Chill","Conserve Battery"],"picked":"Ball Lightning","floor":1.0},{"not_picked":["Go for the Eyes","Beam Cell","Conserve Battery"],"picked":"SKIP","floor":3.0},{"not_picked":["Steam","Coolheaded"],"picked":"Rainbow","floor":6.0},{"not_picked":["Doom and Gloom","Cold Snap"],"picked":"Genetic Algorithm","floor":7.0},{"not_picked":["Doom and Gloom","Static Discharge","Compile Driver"],"picked":"Reinforced Body","floor":11.0},{"not_picked":["Reinforced Body","Force Field","Leap","Go for the Eyes"],"picked":"SKIP","floor":13.0},{"not_picked":["Echo Form","Buffer","Meteor Strike"],"picked":"Biased Cognition","floor":16.0},{"not_picked":["Sweeping Beam","Heatsinks","Redo"],"picked":"Glacier","floor":18.0},{"not_picked":["Sunder","Ball Lightning","Rebound"],"picked":"Capacitor","floor":21.0},{"not_picked":["Cold Snap","Redo","Leap"],"picked":"Hologram+1","floor":22.0},{"not_picked":["Leap","Blizzard","Beam Cell"],"picked":"Electrodynamics","floor":23.0},{"not_picked":["Cold Snap","Steam","Storm","BootSequence"],"picked":"SKIP","floor":24.0},{"not_picked":["Loop","Turbo","Genetic Algorithm"],"picked":"Self Repair","floor":27.0},{"not_picked":["Barrage","Streamline","Cold Snap","Fusion+1"],"picked":"SKIP","floor":28.0},{"not_picked":["FTL","Electrodynamics","Stack+1"],"picked":"Skim","floor":30.0},{"not_picked":["Streamline","Force Field","Steam","Gash+1"],"picked":"SKIP","floor":31.0},{"not_picked":["Machine Learning","Reboot","Fission"],"picked":"Buffer","floor":33.0},{"not_picked":["Turbo","Chaos"],"picked":"SKIP","floor":35.0},{"not_picked":["Chaos","Melter"],"picked":"SKIP","floor":40.0},{"not_picked":["Rebound"],"picked":"Capacitor","floor":42.0},{"not_picked":["Rip and Tear","Beam Cell"],"picked":"SKIP","floor":44.0},{"not_picked":["Reprogram"],"picked":"Consume+1","floor":46.0},{"not_picked":["Gash"],"picked":"White Noise+1","floor":47.0},{"not_picked":["Consume+1"],"picked":"Hologram+1","floor":55.0}],"player_experience":4432489,"relics_obtained":[{"floor":6.0,"key":"Potion Belt"},{"floor":9.0,"key":"Question Card"},{"floor":13.0,"key":"Mummified Hand"},{"floor":26.0,"key":"Ancient Tea Set"},{"floor":29.0,"key":"Dead Branch"},{"floor":29.0,"key":"Pear"},{"floor":30.0,"key":"Lantern"},{"floor":40.0,"key":"Letter Opener"},{"floor":42.0,"key":"Pen Nib"},{"floor":47.0,"key":"Orichalcum"},{"floor":55.0,"key":"Mercury Hourglass"}],"event_choices":[{"damage_healed":0.0,"max_hp_gain":0.0,"max_hp_loss":0.0,"gold_gain":150.0,"event_name":"Liars Game","player_choice":"AGREE","floor":5.0,"gold_loss":0.0,"damage_taken":0.0,"cards_obtained":["Doubt"]},{"damage_healed":0.0,"max_hp_gain":0.0,"max_hp_loss":7.0,"gold_gain":0.0,"event_name":"Golden Idol","player_choice":"Lose Max HP","floor":8.0,"gold_loss":0.0,"damage_taken":0.0,"relics_obtained":["Golden Idol"]},{"damage_healed":0.0,"max_hp_gain":0.0,"max_hp_loss":0.0,"gold_gain":0.0,"event_name":"Addict","player_choice":"Obtained Relic","floor":19.0,"gold_loss":85.0,"damage_taken":0.0,"relics_obtained":["Dream Catcher"]},{"damage_healed":0.0,"max_hp_gain":0.0,"max_hp_loss":0.0,"gold_gain":0.0,"event_name":"Duplicator","player_choice":"Copied","floor":25.0,"gold_loss":0.0,"damage_taken":0.0,"cards_obtained":["Biased Cognition"]},{"damage_healed":0.0,"max_hp_gain":0.0,"max_hp_loss":0.0,"gold_gain":0.0,"event_name":"Colosseum","player_choice":"Fight","floor":29.0,"gold_loss":0.0,"damage_taken":0.0},{"damage_healed":0.0,"max_hp_gain":0.0,"max_hp_loss":0.0,"gold_gain":0.0,"event_name":"Colosseum","player_choice":"Fought Nobs","floor":29.0,"gold_loss":0.0,"damage_taken":0.0},{"damage_healed":0.0,"max_hp_gain":0.0,"max_hp_loss":4.0,"gold_gain":0.0,"event_name":"Winding Halls","player_choice":"Max HP","floor":36.0,"gold_loss":0.0,"damage_taken":0.0},{"damage_healed":0.0,"max_hp_gain":0.0,"max_hp_loss":0.0,"gold_gain":0.0,"event_name":"SensoryStone","player_choice":"Memory 1","floor":38.0,"gold_loss":0.0,"damage_taken":0.0}],"is_beta":false,"boss_relics":[{"not_picked":["Lizard Tail","Velvet Choker"],"picked":"Empty Cage"},{"not_picked":["Inserter","Black Star"],"picked":"Busted Crown"}],"items_purged_floors":[2,14,39,48],"is_endless":false,"potions_floor_spawned":[1,16,18,24,29,29,31,35,44,46],"killed_by":"The Heart","ascension_level":20}