{"gold_per_floor":[417,417,417,430,450,494,419,419,419,419],"floor_reached":10,"playtime":267,"items_purged":[],"score":116,"play_id":"fd3bf11e-02d3-4ad2-8e95-406ada1cb8a9","local_time":"20180727214240","is_ascension_mode":true,"campfire_choices":[{"floor":8,"key":"REST"}],"neow_cost":"NONE","seed_source_timestamp":2291343503414,"circlet_count":0,"master_deck":["Defend_G","Defend_G","Defend_G","Defend_G","Defend_G","Strike_G","Strike_G","Strike_G","Strike_G","Survivor","Neutralize","AscendersBane","Decay","Decay","Poisoned Stab","Setup","Injury","Slice","Dagger Spray","Calculated Gamble"],"relics":["Calling Bell","Snake Skull","Letter Opener","Old Coin","Golden Idol","Dodecahedron","Molten Egg 2"],"potions_floor_usage":[6,10],"damage_taken":[{"damage":17,"enemies":"Small Slimes","floor":1,"turns":5},{"damage":6,"enemies":"Cultist","floor":4,"turns":5},{"damage":0,"enemies":"2 Louse","floor":5,"turns":2},{"damage":25,"enemies":"3 Sentries","floor":6,"turns":9},{"damage":27,"enemies":"Gremlin Nob","floor":10,"turns":5}],"seed_played":"6101432989519779735","potions_obtained":[{"floor":1,"key":"Fire Potion"},{"floor":6,"key":"Block Potion"}],"is_trial":false,"path_per_floor":["M","?","?","M","M","E","?","R","T"],"character_chosen":"THE_SILENT","items_purchased":[],"campfire_rested":1,"item_purchase_floors":[],"current_hp_per_floor":[42,42,42,36,36,11,11,30,30,3],"gold":419,"neow_bonus":"BOSS_RELIC","is_prod":false,"is_daily":false,"chose_seed":false,"campfire_upgraded":0,"win_rate":0,"timestamp":1532698960,"path_taken":["M","?","?","M","M","E","?","R","T","E"],"build_version":"2018-07-26","purchased_purges":0,"victory":false,"max_hp_per_floor":[66,66,66,66,66,66,66,66,66,66],"card_choices":[{"not_picked":["Outmaneuver","Endless Agony"],"picked":"Poisoned Stab","floor":1},{"not_picked":["Outmaneuver","Choke"],"picked":"Slice","floor":4},{"not_picked":["Slice","Outmaneuver"],"picked":"Dagger Spray","floor":5},{"not_picked":["Underhanded Strike","Poisoned Stab"],"picked":"Calculated Gamble","floor":6}],"player_experience":793407,"relics_obtained":[{"floor":0,"key":"Snake Skull"},{"floor":0,"key":"Letter Opener"},{"floor":0,"key":"Old Coin"},{"floor":6,"key":"Dodecahedron"},{"floor":9,"key":"Molten Egg 2"}],"event_choices":[{"event_name":"Transmorgrifier","player_choice":"Transform","floor":2,"damage_taken":0},{"event_name":"Golden Idol","player_choice":"Take Wound","floor":3,"damage_taken":0},{"event_name":"The Cleric","player_choice":"Card Removal","floor":7,"damage_taken":0}],"is_beta":true,"boss_relics":[],"items_purged_floors":[],"is_endless":false,"potions_floor_spawned":[1,6],"killed_by":"Gremlin Nob","ascension_level":15}