{"gold_per_floor":[117,117,117,144,6,6,6,22,76,88,120,206,243,275,287,299],"floor_reached":16,"playtime":769,"items_purged":["Strike_R"],"score":90,"play_id":"7720864d-26a9-48fc-9ba1-42290edf8e3c","local_time":"20190723090256","is_ascension_mode":false,"campfire_choices":[{"data":"Strike_R","floor":6,"key":"SMITH"},{"data":"Pommel Strike","floor":10,"key":"SMITH"},{"data":"True Grit","floor":15,"key":"SMITH"}],"neow_cost":"PERCENT_DAMAGE","seed_source_timestamp":1147005631151563,"circlet_count":0,"master_deck":["Strike_R","Strike_R+1","Strike_R+1","Defend_R","Defend_R+1","Defend_R","Defend_R","Bash","Pommel Strike+1","Corruption","Shrug It Off","Injury","True Grit+1","Dark Embrace+1","Sentinel","Cleave"],"relics":["Burning Blood","Ice Cream","Smiling Mask","Golden Idol","MawBank","Frozen Egg 2"],"potions_floor_usage":[12,16,16],"damage_taken":[{"damage":2,"enemies":"Small Slimes","floor":1,"turns":4},{"damage":12,"enemies":"2 Louse","floor":8,"turns":3},{"damage":1,"enemies":"Jaw Worm","floor":11,"turns":4},{"damage":14,"enemies":"Gremlin Nob","floor":12,"turns":3},{"damage":1,"enemies":"2 Fungi Beasts","floor":13,"turns":6},{"damage":6,"enemies":"3 Louse","floor":14,"turns":5},{"damage":33,"enemies":"Hexaghost","floor":16,"turns":8}],"seed_played":"-2297269654840931290","potions_obtained":[{"floor":1,"key":"Energy Potion"},{"floor":8,"key":"SteroidPotion"},{"floor":13,"key":"Energy Potion"}],"is_trial":false,"path_per_floor":["M","?","?","T","$","R","?","M","T","R","M","?","M","M","R","B"],"character_chosen":"IRONCLAD","items_purchased":["Corruption","Shrug It Off"],"campfire_rested":0,"item_purchase_floors":[5,5],"current_hp_per_floor":[60,44,37,37,37,37,37,31,31,31,36,28,33,33,33,0],"gold":299,"neow_bonus":"ONE_RARE_RELIC","is_prod":false,"is_daily":false,"chose_seed":false,"campfire_upgraded":3,"win_rate":0.0,"timestamp":1563861776,"path_taken":["M","?","?","?","$","R","?","M","T","R","M","?","M","M","R","BOSS"],"build_version":"2019-07-17","purchased_purges":1,"victory":false,"max_hp_per_floor":[80,80,80,80,80,80,80,80,80,80,80,80,80,80,80,80],"card_choices":[{"not_picked":["Fire Breathing","Sword Boomerang"],"picked":"Pommel Strike","floor":1},{"not_picked":["Body Slam","Havoc"],"picked":"True Grit","floor":8},{"not_picked":["Anger","Combust","Flex"],"picked":"SKIP","floor":11},{"not_picked":["Anger","Combust","Flex"],"picked":"SKIP","floor":11},{"not_picked":["Rupture","Body Slam"],"picked":"Dark Embrace","floor":12},{"not_picked":["Evolve+1","Cleave"],"picked":"Sentinel","floor":13},{"not_picked":["Rage","Havoc"],"picked":"Cleave","floor":14}],"player_experience":75804,"relics_obtained":[{"floor":4,"key":"Smiling Mask"},{"floor":9,"key":"MawBank"},{"floor":12,"key":"Frozen Egg 2"}],"event_choices":[{"damage_healed":0,"gold_gain":0,"player_choice":"Entered Light","damage_taken":16,"max_hp_gain":0,"max_hp_loss":0,"event_name":"Shining Light","floor":2,"gold_loss":0,"cards_upgraded":["Strike_R","Defend_R"]},{"cards_removed":["Strike_R"],"damage_healed":0,"gold_gain":0,"player_choice":"Card Removal","damage_taken":7,"max_hp_gain":0,"max_hp_loss":0,"event_name":"Golden Wing","floor":3,"gold_loss":0},{"damage_healed":0,"gold_gain":0,"player_choice":"Take Wound","damage_taken":0,"relics_obtained":["Golden Idol"],"max_hp_gain":0,"max_hp_loss":0,"event_name":"Golden Idol","floor":7,"gold_loss":0,"cards_obtained":["Injury"]},{"damage_healed":0,"gold_gain":0,"player_choice":"Searched \u00271\u0027 times","damage_taken":0,"max_hp_gain":0,"max_hp_loss":0,"event_name":"Dead Adventurer","floor":12,"gold_loss":0}],"is_beta":false,"boss_relics":[],"items_purged_floors":[5],"is_endless":false,"potions_floor_spawned":[1,8,13],"killed_by":"Hexaghost","ascension_level":0}