{"gold_per_floor":[117,127,127,139,61,61,77,77,131,131,56,69,69,99,99,99],"floor_reached":16,"playtime":238,"items_purged":["Strike_G"],"score":200,"play_id":"3e735460-395a-4690-b170-8241513e5576","local_time":"20190311223650","is_ascension_mode":true,"campfire_choices":[{"data":"Deadly Poison","floor":6.0,"key":"SMITH"},{"data":"Dash","floor":8.0,"key":"SMITH"},{"data":"Neutralize","floor":10.0,"key":"SMITH"},{"data":"Tactician","floor":13.0,"key":"SMITH"},{"data":"Corpse Explosion","floor":15.0,"key":"SMITH"}],"neow_cost":"NONE","seed_source_timestamp":41444986988622,"circlet_count":0,"master_deck":["AscendersBane","Defend_G","Defend_G","Defend_G","Defend_G","Defend_G","Strike_G","Strike_G","Strike_G","Strike_G","Survivor","Neutralize+1","Dash+1","Bouncing Flask+1","Deadly Poison+1","Tactician+1","Corpse Explosion+1"],"special_seed":0,"relics":["Ring of the Snake","NeowsBlessing","Ancient Tea Set","Vajra"],"potions_floor_usage":[16,16],"damage_taken":[{"damage":0.0,"enemies":"2 Louse","floor":1.0,"turns":1.0},{"damage":0.0,"enemies":"Cultist","floor":2.0,"turns":1.0},{"damage":0.0,"enemies":"Jaw Worm","floor":4.0,"turns":1.0},{"damage":2.0,"enemies":"3 Louse","floor":7.0,"turns":5.0},{"damage":0.0,"enemies":"Looter","floor":12.0,"turns":2.0},{"damage":20.0,"enemies":"Gremlin Nob","floor":14.0,"turns":4.0},{"damage":22,"enemies":"Slime Boss","floor":16,"turns":7}],"seed_played":"-6438996187131516301","potions_obtained":[{"floor":1.0,"key":"SteroidPotion"},{"floor":7.0,"key":"EssenceOfSteel"}],"is_trial":false,"path_per_floor":["M","M","?","M","$","R","M","R","T","R","$","M","R","E","R","B"],"character_chosen":"THE_SILENT","items_purchased":["Tactician"],"campfire_rested":0,"item_purchase_floors":[5],"current_hp_per_floor":[59,59,59,59,59,59,57,57,57,57,57,57,57,37,37,15],"gold":99,"neow_bonus":"THREE_ENEMY_KILL","is_prod":false,"is_daily":false,"chose_seed":false,"campfire_upgraded":5,"win_rate":0,"timestamp":1552315010,"path_taken":["M","M","?","M","$","R","M","R","T","R","?","M","R","E","R","BOSS"],"build_version":"2019-01-23","purchased_purges":1,"victory":false,"max_hp_per_floor":[66,66,66,66,66,66,66,66,66,66,66,66,66,66,66,66],"card_choices":[{"not_picked":["Sucker Punch","PiercingWail"],"picked":"Dash","floor":1.0},{"not_picked":["Crippling Poison","Dodge and Roll"],"picked":"Bouncing Flask","floor":2.0},{"not_picked":["Flying Knee","Cloak And Dagger"],"picked":"Deadly Poison","floor":4.0},{"not_picked":["Predator","Outmaneuver","Underhanded Strike"],"picked":"SKIP","floor":7.0},{"not_picked":["Dagger Spray","Dodge and Roll","Sucker Punch"],"picked":"SKIP","floor":12.0},{"not_picked":["Prepared","Escape Plan"],"picked":"Corpse Explosion","floor":14.0}],"player_experience":3502071,"relics_obtained":[{"floor":9.0,"key":"Ancient Tea Set"},{"floor":14.0,"key":"Vajra"}],"event_choices":[{"damage_healed":0.0,"max_hp_gain":0.0,"max_hp_loss":0.0,"gold_gain":0.0,"event_name":"Upgrade Shrine","player_choice":"Upgraded","floor":3.0,"gold_loss":0.0,"damage_taken":0.0,"cards_upgraded":["Bouncing Flask"]}],"is_beta":false,"boss_relics":[],"items_purged_floors":[11],"is_endless":false,"potions_floor_spawned":[1,7],"killed_by":"Slime Boss","ascension_level":20}