{"gold_per_floor":[116,216,232,244,255,289,305,339,366,366],"floor_reached":10,"playtime":321,"items_purged":[],"score":84,"play_id":"c7eacd64-3e55-433c-be8b-7939754ee5d8","local_time":"20181029185356","is_ascension_mode":true,"campfire_choices":[],"neow_cost":"NONE","seed_source_timestamp":358403901361682,"circlet_count":0,"master_deck":["Defend_G","Defend_G","Defend_G","Defend_G","Defend_G","Strike_G","Strike_G","Strike_G","Strike_G","Strike_G","Survivor","Neutralize","All Out Attack","Deadly Poison"],"relics":["Ring of the Snake","NeowsBlessing","Darkstone Periapt","Question Card","Oddly Smooth Stone"],"potions_floor_usage":[8,10],"damage_taken":[{"damage":0,"enemies":"Cultist","floor":1,"turns":1},{"damage":0,"enemies":"Jaw Worm","floor":3,"turns":1},{"damage":0,"enemies":"Small Slimes","floor":4,"turns":1},{"damage":7,"enemies":"2 Fungi Beasts","floor":5,"turns":4},{"damage":26,"enemies":"3 Sentries","floor":6,"turns":9},{"damage":6,"enemies":"Blue Slaver","floor":7,"turns":4},{"damage":16,"enemies":"Gremlin Nob","floor":8,"turns":5},{"damage":15,"enemies":"3 Sentries","floor":10,"turns":2}],"seed_played":"1290058863872329369","potions_obtained":[{"floor":3,"key":"Weak Potion"},{"floor":4,"key":"Weak Potion"},{"floor":5,"key":"LiquidBronze"},{"floor":8,"key":"SkillPotion"}],"is_trial":false,"path_per_floor":["M","?","M","M","M","E","M","E","T"],"character_chosen":"THE_SILENT","items_purchased":[],"campfire_rested":0,"item_purchase_floors":[],"current_hp_per_floor":[70,70,70,70,63,37,31,15,15,0],"gold":366,"neow_bonus":"THREE_ENEMY_KILL","is_prod":false,"is_daily":false,"chose_seed":false,"campfire_upgraded":0,"win_rate":0,"timestamp":1540810436,"path_taken":["M","?","M","?","M","E","M","E","T","E"],"build_version":"2018-10-25v2","purchased_purges":0,"victory":false,"max_hp_per_floor":[70,70,70,70,70,70,70,70,70,70],"card_choices":[{"not_picked":["Underhanded Strike","Cloak And Dagger","Caltrops"],"picked":"SKIP","floor":1},{"not_picked":["Cloak And Dagger","Slice"],"picked":"All Out Attack","floor":3},{"not_picked":["Riddle With Holes","Catalyst","Dagger Throw"],"picked":"SKIP","floor":4},{"not_picked":["Bouncing Flask","Accuracy"],"picked":"Deadly Poison","floor":5},{"not_picked":["PiercingWail","Envenom","Bane"],"picked":"SKIP","floor":6},{"not_picked":["Catalyst","Bouncing Flask","Flying Knee"],"picked":"SKIP","floor":7},{"not_picked":["Quick Slash","Poisoned Stab","PiercingWail"],"picked":"SKIP","floor":8}],"player_experience":415397,"relics_obtained":[{"floor":6,"key":"Darkstone Periapt"},{"floor":8,"key":"Question Card"},{"floor":9,"key":"Oddly Smooth Stone"}],"event_choices":[{"damage_healed":0,"gold_gain":100,"player_choice":"Gold","damage_taken":0,"max_hp_gain":0,"max_hp_loss":0,"event_name":"Wheel of Change","floor":2,"gold_loss":0}],"is_beta":false,"boss_relics":[],"items_purged_floors":[],"is_endless":false,"potions_floor_spawned":[3,4,5,8],"killed_by":"3 Sentries","ascension_level":1}