{"gold_per_floor":[113,126,51,51,126,126,169,169,169,187,38,76,76,97,97,187,187,205,205,221,84,84,84,84],"floor_reached":24,"playtime":487,"items_purged":["Strike_G","Strike_G"],"score":454,"play_id":"a7849898-176a-4a21-b7ad-aa6cfc7c9b07","local_time":"20190130151948","is_ascension_mode":true,"campfire_choices":[{"data":"Deadly Poison","floor":6,"key":"SMITH"},{"data":"Neutralize","floor":8,"key":"SMITH"},{"data":"Acrobatics","floor":15,"key":"SMITH"},{"data":"Well Laid Plans","floor":23,"key":"SMITH"}],"neow_cost":"NONE","seed_source_timestamp":21442821879640,"circlet_count":0,"master_deck":["AscendersBane","Defend_G","Defend_G","Defend_G","Defend_G","Defend_G","Strike_G","Strike_G","Strike_G","Survivor","Neutralize+1","Deadly Poison+1","Acrobatics+1","Grand Finale","Grand Finale+1","Outmaneuver+1","Well Laid Plans+1"],"relics":["Ring of the Serpent","NeowsBlessing","Golden Idol","Blue Candle","Anchor","Dream Catcher"],"potions_floor_usage":[16],"damage_taken":[{"damage":0,"enemies":"Small Slimes","floor":1,"turns":1},{"damage":0,"enemies":"Jaw Worm","floor":2,"turns":1},{"damage":0,"enemies":"3 Sentries","floor":7,"turns":1},{"damage":0,"enemies":"Cultist","floor":10,"turns":3},{"damage":13,"enemies":"Lagavulin","floor":12,"turns":6},{"damage":6,"enemies":"Red Slaver","floor":14,"turns":4},{"damage":21,"enemies":"The Guardian","floor":16,"turns":9},{"damage":19,"enemies":"Shell Parasite","floor":18,"turns":8},{"damage":21,"enemies":"2 Thieves","floor":20,"turns":4},{"damage":14,"enemies":"Slavers","floor":24,"turns":1}],"seed_played":"1463610264755305048","potions_obtained":[{"floor":7,"key":"LiquidBronze"},{"floor":14,"key":"Explosive Potion"},{"floor":16,"key":"SteroidPotion"},{"floor":20,"key":"Fire Potion"}],"is_trial":false,"path_per_floor":["M","M","$","?","?","R","E","R","T","M","$","E","$","M","R","B",null,"M","?","M","$","?","R","E"],"character_chosen":"THE_SILENT","items_purchased":["Grand Finale","Well Laid Plans"],"campfire_rested":0,"item_purchase_floors":[11,21],"current_hp_per_floor":[59,59,59,59,48,48,48,48,48,48,48,35,35,29,29,8,47,28,28,7,7,7,7,0],"gold":84,"neow_bonus":"THREE_ENEMY_KILL","is_prod":false,"is_daily":false,"chose_seed":false,"campfire_upgraded":4,"win_rate":0,"timestamp":1548832788,"path_taken":["M","M","$","?","?","R","E","R","T","?","$","E","?","?","R","BOSS","M","?","?","$","?","R","E"],"build_version":"2019-01-23","purchased_purges":2,"victory":false,"max_hp_per_floor":[66,66,66,60,60,60,60,60,60,60,60,60,60,60,60,60,60,60,60,60,60,60,60,60],"card_choices":[{"not_picked":["Noxious Fumes","Acrobatics"],"picked":"Deadly Poison","floor":1},{"not_picked":["Quick Slash","Deadly Poison","Prepared"],"picked":"SKIP","floor":2},{"not_picked":["Masterful Stab","Heel Hook","Endless Agony"],"picked":"SKIP","floor":7},{"not_picked":["Flying Knee","Expertise"],"picked":"Acrobatics","floor":10},{"not_picked":["Slice","Dagger Spray"],"picked":"Grand Finale","floor":12},{"not_picked":["Skewer","Distraction","Slice"],"picked":"SKIP","floor":14},{"not_picked":["Dagger Spray","Blade Dance"],"picked":"Outmaneuver+1","floor":18},{"not_picked":["Poisoned Stab","Outmaneuver","Dodge and Roll"],"picked":"SKIP","floor":20}],"player_experience":1390124,"relics_obtained":[{"floor":7,"key":"Blue Candle"},{"floor":9,"key":"Anchor"},{"floor":12,"key":"Dream Catcher"}],"event_choices":[{"damage_healed":0,"gold_gain":0,"player_choice":"Lose Max HP","damage_taken":0,"relics_obtained":["Golden Idol"],"max_hp_gain":0,"max_hp_loss":6,"event_name":"Golden Idol","floor":4,"gold_loss":0},{"damage_healed":0,"gold_gain":75,"player_choice":"Gather Gold","damage_taken":11,"max_hp_gain":0,"max_hp_loss":0,"event_name":"World of Goop","floor":5,"gold_loss":0},{"damage_healed":0,"gold_gain":0,"player_choice":"Upgraded","damage_taken":0,"max_hp_gain":0,"max_hp_loss":0,"event_name":"Upgrade Shrine","floor":19,"gold_loss":0,"cards_upgraded":["Grand Finale"]},{"damage_healed":0,"gold_gain":0,"player_choice":"Ignored","damage_taken":0,"max_hp_gain":0,"max_hp_loss":0,"event_name":"The Mausoleum","floor":22,"gold_loss":0}],"is_beta":true,"boss_relics":[{"not_picked":["White Beast Statue","Snecko Eye"],"picked":"Ring of the Serpent"}],"items_purged_floors":[3,21],"is_endless":false,"potions_floor_spawned":[7,14,16,20],"killed_by":"Slavers","ascension_level":20}