{"gold_per_floor":[118,138,154,154,173,173,173,98,122,133,147,147,72,34,34,34],"floor_reached":16,"playtime":357,"items_purged":["Strike_B"],"score":161,"play_id":"88bcc677-f316-4d1f-aa4a-26df563ed64c","local_time":"20190306171859","is_ascension_mode":true,"campfire_choices":[{"data":"Zap","floor":6,"key":"SMITH"},{"data":"Turbo","floor":12,"key":"SMITH"},{"data":"Skim","floor":15,"key":"SMITH"}],"neow_cost":"NONE","seed_source_timestamp":340316872339134,"circlet_count":0,"master_deck":["AscendersBane","Strike_B","Defend_B","Defend_B","Defend_B","Defend_B","Zap+1","Dualcast+1","Rip and Tear","Skim+1","Glacier","Turbo+1","Steam","Ball Lightning","Self Repair"],"relics":["Cracked Core","Regal Pillow"],"potions_floor_usage":[2,11,11,16],"damage_taken":[{"damage":7,"enemies":"2 Louse","floor":1,"turns":2},{"damage":1,"enemies":"Cultist","floor":2,"turns":3},{"damage":0,"enemies":"Small Slimes","floor":3,"turns":4},{"damage":29,"enemies":"Exordium Thugs","floor":5,"turns":6},{"damage":10,"enemies":"2 Fungi Beasts","floor":10,"turns":3},{"damage":10,"enemies":"Gremlin Gang","floor":11,"turns":2},{"damage":11,"enemies":"Hexaghost","floor":16,"turns":7}],"seed_played":"7233628763140033346","potions_obtained":[{"floor":1,"key":"Energy Potion"},{"floor":2,"key":"PowerPotion"},{"floor":3,"key":"PowerPotion"},{"floor":11,"key":"Swift Potion"}],"is_trial":false,"path_per_floor":["M","M","M","?","M","R","?","$","T","M","M","R","?","$","R","B"],"character_chosen":"DEFECT","items_purchased":["Self Repair"],"campfire_rested":0,"item_purchase_floors":[14],"current_hp_per_floor":[57,56,56,56,27,27,27,27,27,17,7,7,7,7,7,0],"gold":34,"neow_bonus":"THREE_CARDS","is_prod":false,"is_daily":false,"chose_seed":false,"campfire_upgraded":3,"win_rate":0,"timestamp":1551863939,"path_taken":["M","M","M","?","?","R","?","?","T","M","?","R","?","?","R","BOSS"],"build_version":"2019-01-23","purchased_purges":1,"victory":false,"max_hp_per_floor":[71,71,71,71,71,71,71,71,71,71,71,71,71,71,71,71],"card_choices":[{"not_picked":["Go for the Eyes","Steam"],"picked":"Rip and Tear","floor":0},{"not_picked":["Hello World","Undo"],"picked":"Skim","floor":1},{"not_picked":["Steam","Sweeping Beam","Undo"],"picked":"SKIP","floor":2},{"not_picked":["Lockon","Conserve Battery"],"picked":"Glacier","floor":3},{"not_picked":["Coolheaded","Conserve Battery"],"picked":"Turbo","floor":5},{"not_picked":["Streamline","Leap"],"picked":"Steam","floor":10},{"not_picked":["Compile Driver","Tempest"],"picked":"Ball Lightning","floor":11}],"player_experience":1139434,"relics_obtained":[{"floor":9,"key":"Regal Pillow"}],"event_choices":[{"cards_removed":["Strike_B"],"damage_healed":0,"gold_gain":0,"player_choice":"Offered Basic","damage_taken":0,"max_hp_gain":0,"max_hp_loss":0,"event_name":"Bonfire Elementals","floor":4,"gold_loss":0},{"damage_healed":0,"gold_gain":0,"player_choice":"Upgraded","damage_taken":0,"max_hp_gain":0,"max_hp_loss":0,"event_name":"Upgrade Shrine","floor":7,"gold_loss":0,"cards_upgraded":["Dualcast"]},{"cards_removed":["Strike_B"],"damage_healed":0,"gold_gain":0,"player_choice":"Card Removal","damage_taken":0,"max_hp_gain":0,"max_hp_loss":0,"event_name":"The Cleric","floor":13,"gold_loss":75}],"is_beta":false,"boss_relics":[],"items_purged_floors":[8],"is_endless":false,"potions_floor_spawned":[1,2,3,11],"killed_by":"Hexaghost","ascension_level":15}