{"gold_per_floor":[114,114,114,64,77,77,102,115,115,115,143,16,16,54,54,175,175,190,190,211,234,149,192,192,192,264,284,303,327,327,227,227,347,347,363,696,696,392,410,111,128,128,197,272,272,286,286,302,302,302],"floor_reached":51,"playtime":1606,"items_purged":["Strike_G","Riddle With Holes+1","Riddle With Holes+1"],"score":965,"play_id":"4d16b39b-48d8-4a56-b58b-16dd7b41efd5","local_time":"20181118222304","is_ascension_mode":false,"campfire_choices":[{"data":"Malaise","floor":6,"key":"SMITH"},{"data":"Neutralize","floor":10,"key":"SMITH"},{"data":"Deadly Poison","floor":15,"key":"SMITH"},{"data":"Night Terror","floor":25,"key":"SMITH"},{"data":"Ghostly","floor":32,"key":"SMITH"},{"data":"Apotheosis+1","floor":45,"key":"PURGE"},{"data":"Blade Dance+1","floor":49,"key":"PURGE"}],"neow_cost":"PERCENT_DAMAGE","seed_source_timestamp":11029923319696,"circlet_count":0,"master_deck":["Defend_G+1","Defend_G+1","Defend_G+1","Survivor+1","Neutralize+1","Malaise+1","Backflip+1","Footwork+1","Deadly Poison+1","Footwork+1","Corpse Explosion+1","Corpse Explosion+1","Outmaneuver+1","Night Terror+1","Prepared+1","Wraith Form v2+1","Prepared+1","Ghostly+1","Ghostly+1","Ghostly+1","Ghostly+1","Ghostly+1","Adrenaline+1","Blur+1","Tactician+1","Well Laid Plans+1","Calculated Gamble+1","Footwork+1","Prepared"],"relics":["Ring of the Snake","Torii","Odd Mushroom","Thread and Needle","PreservedInsect","Nloth\u0027s Gift","Ornamental Fan","FossilizedHelix","Meat on the Bone","Letter Opener","Philosopher\u0027s Stone","Peace Pipe","Mark of the Bloom","Blue Candle"],"potions_floor_usage":[14,50,50],"damage_taken":[{"damage":0,"enemies":"Jaw Worm","floor":1,"turns":5},{"damage":0,"enemies":"Small Slimes","floor":5,"turns":3},{"damage":0,"enemies":"2 Louse","floor":7,"turns":3},{"damage":0,"enemies":"2 Fungi Beasts","floor":8,"turns":4},{"damage":1,"enemies":"The Mushroom Lair","floor":11,"turns":6},{"damage":1,"enemies":"3 Sentries","floor":14,"turns":11},{"damage":0,"enemies":"Hexaghost","floor":16,"turns":11},{"damage":12,"enemies":"2 Thieves","floor":18,"turns":3},{"damage":1,"enemies":"Chosen","floor":20,"turns":6},{"damage":6,"enemies":"Snecko","floor":21,"turns":7},{"damage":28,"enemies":"Slavers","floor":23,"turns":2},{"damage":0,"enemies":"3 Cultists","floor":27,"turns":3},{"damage":0,"enemies":"Cultist and Chosen","floor":28,"turns":6},{"damage":0,"enemies":"Centurion and Healer","floor":29,"turns":5},{"damage":0,"enemies":"Automaton","floor":33,"turns":14},{"damage":0,"enemies":"3 Darklings","floor":35,"turns":2},{"damage":0,"enemies":"3 Shapes","floor":39,"turns":3},{"damage":0,"enemies":"Writhing Mass","floor":41,"turns":8},{"damage":0,"enemies":"4 Shapes","floor":46,"turns":3},{"damage":0,"enemies":"Transient","floor":48,"turns":5},{"damage":0,"enemies":"Awakened One","floor":50,"turns":18}],"seed_played":"-7769094710596311846","potions_obtained":[{"floor":7,"key":"Regen Potion"},{"floor":11,"key":"Ancient Potion"},{"floor":16,"key":"FearPotion"},{"floor":21,"key":"GamblersBrew"},{"floor":23,"key":"Regen Potion"},{"floor":27,"key":"Explosive Potion"},{"floor":35,"key":"SkillPotion"}],"is_trial":false,"path_per_floor":["M","?","?","?","M","R","M","M","T","R","?","$","?","E","R","B",null,"M","?","M","M","?","E","?","R","T","M","M","M","?","$","R","B",null,"M","?","T","$","M","$","M","?","T","?","R","M","?","M","R","B",null],"character_chosen":"THE_SILENT","items_purchased":["Deadly Poison","Blur","Tactician","Well Laid Plans","Calculated Gamble","Apotheosis","Footwork"],"campfire_rested":0,"item_purchase_floors":[12,38,38,38,40,40,40],"current_hp_per_floor":[49,35,35,35,35,35,35,35,35,35,34,34,16,30,30,30,65,53,53,52,46,46,18,18,18,18,30,42,42,32,32,32,32,32,32,32,32,32,32,32,32,32,32,29,29,29,29,29,29,29],"gold":302,"neow_bonus":"TRANSFORM_TWO_CARDS","is_prod":false,"is_daily":false,"chose_seed":false,"campfire_upgraded":5,"win_rate":0,"timestamp":1542550984,"path_taken":["M","?","?","?","M","R","M","M","T","R","?","$","?","E","R","BOSS","M","?","?","M","?","E","?","R","T","?","M","M","?","?","R","BOSS","M","?","?","$","M","$","M","?","T","?","R","?","?","M","R","BOSS"],"build_version":"2018-11-15","purchased_purges":3,"victory":true,"max_hp_per_floor":[70,70,65,65,65,65,65,65,65,65,65,65,65,65,65,65,65,65,65,65,65,65,65,65,65,65,65,65,65,32,32,32,32,32,32,32,32,32,32,32,32,32,32,32,32,32,32,32,32,32],"card_choices":[{"not_picked":["Dodge and Roll","Dagger Throw","Quick Slash"],"picked":"SKIP","floor":1},{"not_picked":["Quick Slash","Sucker Punch"],"picked":"Backflip","floor":5},{"not_picked":["Cloak And Dagger","Underhanded Strike"],"picked":"Footwork","floor":7},{"not_picked":["Eviscerate","Quick Slash","Caltrops"],"picked":"SKIP","floor":8},{"not_picked":["Catalyst","Deadly Poison"],"picked":"Footwork","floor":14},{"not_picked":["Storm of Steel","Bullet Time"],"picked":"Corpse Explosion","floor":16},{"not_picked":["Predator","Dagger Throw"],"picked":"Outmaneuver","floor":18},{"not_picked":["Unload","Underhanded Strike"],"picked":"Night Terror","floor":20},{"not_picked":["Noxious Fumes","Riddle With Holes"],"picked":"Prepared+1","floor":21},{"not_picked":["Envenom","Prepared"],"picked":"Wraith Form v2","floor":23},{"not_picked":["Deflect+1","PiercingWail"],"picked":"Prepared","floor":27},{"not_picked":["Backflip","Malaise","Bane"],"picked":"SKIP","floor":28},{"not_picked":["Accuracy","Outmaneuver+1","Dagger Throw"],"picked":"SKIP","floor":29},{"not_picked":["Phantasmal Killer","A Thousand Cuts"],"picked":"Adrenaline","floor":33},{"not_picked":["Backflip","Flying Knee","Endless Agony+1"],"picked":"SKIP","floor":35},{"not_picked":["Dagger Throw","Backflip","Glass Knife"],"picked":"SKIP","floor":39},{"not_picked":["Deflect+1","Backflip","Predator"],"picked":"SKIP","floor":41},{"not_picked":["Endless Agony","PiercingWail"],"picked":"Prepared","floor":46},{"not_picked":["Dodge and Roll","Flechettes","Cloak And Dagger"],"picked":"SKIP","floor":48}],"player_experience":1096226,"relics_obtained":[{"floor":9,"key":"Torii"},{"floor":11,"key":"Odd Mushroom"},{"floor":14,"key":"PreservedInsect"},{"floor":23,"key":"FossilizedHelix"},{"floor":26,"key":"Letter Opener"},{"floor":37,"key":"Peace Pipe"},{"floor":43,"key":"Blue Candle"}],"event_choices":[{"damage_healed":0,"gold_gain":0,"player_choice":"Entered Light","damage_taken":14,"max_hp_gain":0,"max_hp_loss":0,"event_name":"Shining Light","floor":2,"gold_loss":0,"cards_upgraded":["Defend_G","Blade Dance"]},{"damage_healed":0,"gold_gain":0,"player_choice":"Lose Max HP","damage_taken":0,"relics_obtained":["Golden Idol"],"max_hp_gain":0,"max_hp_loss":5,"event_name":"Golden Idol","floor":3,"gold_loss":0},{"cards_removed":["Strike_G"],"damage_healed":0,"gold_gain":0,"player_choice":"Card Removal","damage_taken":0,"max_hp_gain":0,"max_hp_loss":0,"event_name":"The Cleric","floor":4,"gold_loss":50},{"damage_healed":0,"gold_gain":0,"player_choice":"Fought Mushrooms","damage_taken":0,"max_hp_gain":0,"max_hp_loss":0,"event_name":"Mushrooms","floor":11,"gold_loss":0},{"damage_healed":0,"gold_gain":0,"player_choice":"Success","damage_taken":18,"relics_obtained":["Thread and Needle"],"max_hp_gain":0,"max_hp_loss":0,"event_name":"Scrap Ooze","floor":13,"gold_loss":0},{"damage_healed":0,"gold_gain":0,"player_choice":"Traded Relic","damage_taken":0,"relics_obtained":["Nloth\u0027s Gift"],"max_hp_gain":0,"max_hp_loss":0,"event_name":"N\u0027loth","floor":19,"relics_lost":["Astrolabe"],"gold_loss":0},{"damage_healed":0,"gold_gain":0,"player_choice":"Obtained Relic","damage_taken":0,"relics_obtained":["Ornamental Fan"],"max_hp_gain":0,"max_hp_loss":0,"event_name":"Addict","floor":22,"gold_loss":85},{"damage_healed":0,"gold_gain":0,"player_choice":"Gave Potion","damage_taken":0,"relics_obtained":["Meat on the Bone"],"max_hp_gain":0,"max_hp_loss":0,"event_name":"WeMeetAgain","floor":24,"gold_loss":0},{"damage_healed":0,"gold_gain":0,"player_choice":"Became a Ghost","damage_taken":0,"max_hp_gain":0,"max_hp_loss":33,"event_name":"Ghosts","floor":30,"gold_loss":0,"cards_obtained":["Ghostly","Ghostly","Ghostly","Ghostly","Ghostly"]},{"damage_healed":0,"gold_gain":333,"player_choice":"Gave Idol","damage_taken":0,"max_hp_gain":0,"max_hp_loss":0,"event_name":"The Moai Head","floor":36,"relics_lost":["Golden Idol"],"gold_loss":0},{"damage_healed":0,"gold_gain":0,"player_choice":"Upgrade","damage_taken":0,"relics_obtained":["Mark of the Bloom"],"max_hp_gain":0,"max_hp_loss":0,"event_name":"MindBloom","floor":42,"gold_loss":0,"cards_upgraded":["Defend_G","Defend_G","Survivor","Backflip","Footwork","Footwork","Corpse Explosion","Outmaneuver","Wraith Form v2","Prepared","Ghostly","Ghostly","Ghostly","Ghostly","Adrenaline","Blur","Tactician","Well Laid Plans","Calculated Gamble","Apotheosis","Footwork"]},{"damage_healed":0,"gold_gain":75,"player_choice":"Touch","damage_taken":3,"max_hp_gain":0,"max_hp_loss":0,"event_name":"FaceTrader","floor":44,"gold_loss":0},{"damage_healed":0,"gold_gain":0,"player_choice":"Ignored","damage_taken":0,"max_hp_gain":0,"max_hp_loss":0,"event_name":"Mysterious Sphere","floor":47,"gold_loss":0}],"is_beta":true,"boss_relics":[{"not_picked":["Black Star","Orrery"],"picked":"Astrolabe"},{"not_picked":["Snecko Eye","Velvet Choker"],"picked":"Philosopher\u0027s Stone"}],"items_purged_floors":[12,31,38],"is_endless":false,"potions_floor_spawned":[7,11,16,21,23,27,28,35,48],"ascension_level":0}