{"gold_per_floor":[113,124,124,137,29,29,56,56,56,82,99,99,129,144,144,222,222,234,24,43,43,53,53,386,386,412,412,412,412,442,456,456,531,531,548,77,77,90,106,132,144,144,213,238,238],"floor_reached":45,"playtime":3096,"items_purged":["Shame"],"score":1081,"play_id":"ab16de0e-314e-46c9-9697-a273aa4a8bce","local_time":"20190527230629","is_ascension_mode":true,"campfire_choices":[{"data":"Neutralize","floor":6,"key":"SMITH"},{"floor":8,"key":"REST"},{"floor":12,"key":"REST"},{"data":"Catalyst","floor":15,"key":"SMITH"},{"data":"Apotheosis","floor":23,"key":"SMITH"},{"data":"A Thousand Cuts","floor":25,"key":"SMITH"},{"floor":27,"key":"REST"},{"data":"Adrenaline","floor":29,"key":"SMITH"},{"floor":32,"key":"REST"},{"floor":42,"key":"RECALL"}],"neow_cost":"NONE","seed_source_timestamp":118049905518512,"circlet_count":0,"master_deck":["AscendersBane","Defend_G","Defend_G","Defend_G","Defend_G","Defend_G","Strike_G","Strike_G","Survivor","Neutralize+1","Deadly Poison+1","Escape Plan","Backstab","Quick Slash","Backstab","Adrenaline+1","PiercingWail","Deflect","Caltrops","Catalyst+1","Dodge and Roll","A Thousand Cuts+1","Flying Knee+1","Well Laid Plans+1","Footwork+1","Cloak And Dagger+1","Apotheosis+1","Deflect+1","Footwork","Backflip+1","Acrobatics","Acrobatics+1","Burst","Master of Strategy","Deadly Poison","Footwork","Parasite","Concentrate+1"],"relics":["Ring of the Snake","Dream Catcher","Paper Crane","Turnip","Centennial Puzzle","Astrolabe","Sundial","Old Coin","Calipers","StoneCalendar","Fusion Hammer","Bronze Scales","Thread and Needle","Ornamental Fan","Boot"],"potions_floor_usage":[13,16,16,24,39],"damage_taken":[{"damage":3,"enemies":"2 Louse","floor":1,"turns":4},{"damage":9,"enemies":"Cultist","floor":2,"turns":6},{"damage":0,"enemies":"Jaw Worm","floor":4,"turns":5},{"damage":29,"enemies":"Gremlin Nob","floor":7,"turns":4},{"damage":30,"enemies":"3 Sentries","floor":10,"turns":11},{"damage":0,"enemies":"Lots of Slimes","floor":11,"turns":3},{"damage":6,"enemies":"Gremlin Nob","floor":13,"turns":3},{"damage":0,"enemies":"3 Louse","floor":14,"turns":3},{"damage":7,"enemies":"The Guardian","floor":16,"turns":7},{"damage":14,"enemies":"Spheric Guardian","floor":18,"turns":6},{"damage":4,"enemies":"Shell Parasite","floor":20,"turns":7},{"damage":8,"enemies":"Centurion and Healer","floor":22,"turns":7},{"damage":8,"enemies":"Book of Stabbing","floor":24,"turns":5},{"damage":15,"enemies":"Gremlin Leader","floor":30,"turns":9},{"damage":2,"enemies":"Sentry and Sphere","floor":31,"turns":6},{"damage":20,"enemies":"Automaton","floor":33,"turns":13},{"damage":0,"enemies":"3 Shapes","floor":35,"turns":4},{"damage":5,"enemies":"Orb Walker","floor":38,"turns":3},{"damage":0,"enemies":"Writhing Mass","floor":39,"turns":6},{"damage":0,"enemies":"Giant Head","floor":40,"turns":8},{"damage":0,"enemies":"Maw","floor":41,"turns":7},{"damage":44,"enemies":"Reptomancer","floor":44,"turns":7},{"damage":25,"enemies":"4 Shapes","floor":45,"turns":3}],"seed_played":"8055002402131831308","potions_obtained":[{"floor":2,"key":"PowerPotion"},{"floor":10,"key":"FearPotion"},{"floor":13,"key":"SteroidPotion"},{"floor":16,"key":"Strength Potion"},{"floor":24,"key":"GamblersBrew"},{"floor":30,"key":"SkillPotion"},{"floor":38,"key":"Ancient Potion"},{"floor":40,"key":"Ancient Potion"}],"is_trial":false,"path_per_floor":["M","M","?","M","$","R","E","R","T","E","M","R","E","M","R","B",null,"M","$","M","?","M","R","E","R","T","R","T","R","E","M","R","B",null,"M","$","?","M","M","E","M","R","T","E","M"],"character_chosen":"THE_SILENT","items_purchased":["Quick Slash","Backstab","Apotheosis","Master of Strategy","Bronze Scales","Deadly Poison"],"campfire_rested":4,"item_purchase_floors":[5,5,19,36,36,36],"current_hp_per_floor":[62,53,53,53,53,53,24,45,45,15,15,36,30,30,30,23,60,46,46,42,42,34,34,26,26,26,47,47,47,32,30,51,31,62,62,62,72,67,67,67,67,67,67,23,0],"gold":238,"neow_bonus":"TEN_PERCENT_HP_BONUS","is_prod":false,"is_daily":false,"chose_seed":false,"campfire_upgraded":5,"win_rate":0,"timestamp":1558991189,"path_taken":["M","M","?","M","$","R","E","R","T","E","M","R","E","M","R","BOSS","M","$","M","?","M","R","E","R","T","R","?","R","E","M","R","BOSS","M","?","?","M","M","E","?","R","T","E","M"],"build_version":"2019-01-23","purchased_purges":1,"victory":false,"max_hp_per_floor":[72,72,72,72,72,72,72,72,72,72,72,72,72,72,72,72,72,72,72,72,72,72,72,72,72,72,72,72,72,72,72,72,72,72,72,72,72,72,72,72,72,72,72,72,72],"card_choices":[{"not_picked":["Deflect","Prepared"],"picked":"Deadly Poison","floor":1},{"not_picked":["Deflect","Distraction"],"picked":"Escape Plan","floor":2},{"not_picked":["Flying Knee","Concentrate"],"picked":"Backstab","floor":4},{"not_picked":["Dagger Spray","Flying Knee"],"picked":"Adrenaline","floor":7},{"not_picked":["Outmaneuver","Bane"],"picked":"PiercingWail","floor":8},{"not_picked":["Slice","Grand Finale"],"picked":"Deflect","floor":10},{"not_picked":["Riddle With Holes","Masterful Stab","Acrobatics"],"picked":"SKIP","floor":11},{"not_picked":["Dagger Spray","Blade Dance"],"picked":"Caltrops","floor":12},{"not_picked":["Backflip","Quick Slash"],"picked":"Catalyst","floor":13},{"not_picked":["Outmaneuver","Caltrops"],"picked":"Dodge and Roll","floor":14},{"not_picked":["Corpse Explosion","Storm of Steel"],"picked":"A Thousand Cuts","floor":16},{"not_picked":["Backflip","Flying Knee"],"picked":"Cloak And Dagger+1","floor":18},{"not_picked":["Dodge and Roll","Deflect","Prepared"],"picked":"SKIP","floor":20},{"not_picked":["Bane","Prepared"],"picked":"Deflect+1","floor":22},{"not_picked":["Terror","Accuracy+1"],"picked":"Footwork","floor":24},{"not_picked":["Flying Knee","Endless Agony"],"picked":"Backflip+1","floor":27},{"not_picked":["Envenom","Infinite Blades"],"picked":"Acrobatics","floor":30},{"not_picked":["Poisoned Stab+1","Blade Dance","Dodge and Roll"],"picked":"SKIP","floor":31},{"not_picked":["Slice+1","Dodge and Roll"],"picked":"Acrobatics+1","floor":32},{"not_picked":["Bullet Time","Venomology"],"picked":"Burst","floor":33},{"not_picked":["Blade Dance","Dagger Throw+1","Bane+1"],"picked":"SKIP","floor":35},{"not_picked":["Blade Dance","Bane"],"picked":"Footwork","floor":38},{"not_picked":["Outmaneuver","Dagger Throw"],"picked":"Concentrate+1","floor":39},{"not_picked":["Dagger Throw","Slice","Dodge and Roll"],"picked":"SKIP","floor":40},{"not_picked":["Slice","Deadly Poison","Sucker Punch"],"picked":"SKIP","floor":41},{"not_picked":["Finisher+1","Dagger Throw+1","Masterful Stab+1"],"picked":"SKIP","floor":44}],"player_experience":595843,"relics_obtained":[{"floor":7,"key":"Dream Catcher"},{"floor":9,"key":"Paper Crane"},{"floor":10,"key":"Turnip"},{"floor":13,"key":"Centennial Puzzle"},{"floor":24,"key":"Old Coin"},{"floor":28,"key":"Calipers"},{"floor":30,"key":"StoneCalendar"},{"floor":40,"key":"Thread and Needle"},{"floor":43,"key":"Ornamental Fan"},{"floor":44,"key":"Boot"}],"event_choices":[{"damage_healed":0,"gold_gain":0,"player_choice":"Upgraded","damage_taken":0,"max_hp_gain":0,"max_hp_loss":0,"event_name":"Upgrade Shrine","floor":3,"gold_loss":0,"cards_upgraded":["Deadly Poison"]},{"damage_healed":0,"gold_gain":0,"player_choice":"Stole Relic","damage_taken":0,"relics_obtained":["Sundial"],"max_hp_gain":0,"max_hp_loss":0,"event_name":"Addict","floor":21,"gold_loss":0,"cards_obtained":["Shame"]},{"damage_healed":10,"gold_gain":0,"player_choice":"Full Heal","damage_taken":0,"max_hp_gain":0,"max_hp_loss":0,"event_name":"Wheel of Change","floor":37,"gold_loss":0}],"is_beta":false,"boss_relics":[{"not_picked":["Eternal Feather","Lizard Tail"],"picked":"Astrolabe"},{"not_picked":["Coffee Dripper","HoveringKite"],"picked":"Fusion Hammer"}],"items_purged_floors":[36],"is_endless":false,"potions_floor_spawned":[2,10,11,13,16,24,30,35,38,40],"killed_by":"4 Shapes","ascension_level":18}