{"gold_per_floor":[113,126,126,143,161,196,196,210,235,253,253,253,253,253,253,347,347,372,392,416,26,26,26,67,67,67,67,67,108,121,15,15,111,111,130,55,180,180,196,231,249,269,316,316,349,363,363,432,432,432,432,432,432,109,148,148],"floor_reached":56,"playtime":2553,"items_purged":["Ball Lightning","Cold Snap"],"score":2240,"play_id":"b0e10ed0-5d55-411f-95f2-cffd9ec292a6","local_time":"20190404182537","is_ascension_mode":true,"campfire_choices":[{"data":"Defragment","floor":7.0,"key":"SMITH"},{"data":"Loop","floor":11.0,"key":"SMITH"},{"data":"Zap","floor":13.0,"key":"SMITH"},{"data":"Dualcast","floor":15.0,"key":"SMITH"},{"data":"Blizzard","floor":23.0,"key":"SMITH"},{"data":"Turbo","floor":25.0,"key":"SMITH"},{"data":"Impatience","floor":32.0,"key":"SMITH"},{"data":"Recycle","floor":47.0,"key":"SMITH"},{"floor":49.0,"key":"RECALL"},{"data":"Biased Cognition","floor":53.0,"key":"SMITH"}],"neow_cost":"TEN_PERCENT_HP_LOSS","seed_source_timestamp":0,"circlet_count":0,"master_deck":["AscendersBane","Defend_B+1","Defend_B+1","Dualcast+1","Chill","Hologram+1","Reboot+1","Defragment+1","Loop+1","Electrodynamics","Biased Cognition+1","Blizzard+1","Turbo+1","Go for the Eyes","Impatience+1","All For One","Compile Driver","Recycle+1","Amplify","Coolheaded"],"special_seed":0,"relics":["Cracked Core","Shovel","War Paint","Golden Idol","Inserter","ClockworkSouvenir","Oddly Smooth Stone","Bag of Preparation","Juzu Bracelet","Nilry\u0027s Codex","DataDisk","Empty Cage","StoneCalendar","Pen Nib","Potion Belt","Ginger","Pocketwatch"],"potions_floor_usage":[56],"damage_taken":[{"damage":0.0,"enemies":"Cultist","floor":1.0,"turns":3.0},{"damage":5.0,"enemies":"Small Slimes","floor":2.0,"turns":4.0},{"damage":0.0,"enemies":"Jaw Worm","floor":4.0,"turns":5.0},{"damage":0.0,"enemies":"2 Fungi Beasts","floor":5.0,"turns":5.0},{"damage":20.0,"enemies":"3 Sentries","floor":6.0,"turns":12.0},{"damage":4.0,"enemies":"Exordium Wildlife","floor":8.0,"turns":6.0},{"damage":4.0,"enemies":"Blue Slaver","floor":10.0,"turns":4.0},{"damage":0.0,"enemies":"Slime Boss","floor":16.0,"turns":4.0},{"damage":0.0,"enemies":"Chosen","floor":18.0,"turns":3.0},{"damage":13.0,"enemies":"Shell Parasite","floor":19.0,"turns":4.0},{"damage":0.0,"enemies":"Sentry and Sphere","floor":20.0,"turns":3.0},{"damage":0.0,"enemies":"Book of Stabbing","floor":24.0,"turns":5.0},{"damage":0.0,"enemies":"Gremlin Leader","floor":29.0,"turns":4.0},{"damage":0.0,"enemies":"Chosen and Byrds","floor":30.0,"turns":4.0},{"damage":0.0,"enemies":"Automaton","floor":33.0,"turns":7.0},{"damage":0.0,"enemies":"3 Darklings","floor":35.0,"turns":3.0},{"damage":0.0,"enemies":"Mind Bloom Boss Battle","floor":37.0,"turns":5.0},{"damage":0.0,"enemies":"3 Shapes","floor":39.0,"turns":3.0},{"damage":21.0,"enemies":"Nemesis","floor":40.0,"turns":7.0},{"damage":0.0,"enemies":"Spire Growth","floor":41.0,"turns":3.0},{"damage":0.0,"enemies":"Sphere and 2 Shapes","floor":42.0,"turns":4.0},{"damage":0.0,"enemies":"Reptomancer","floor":45.0,"turns":7.0},{"damage":0.0,"enemies":"Jaw Worm Horde","floor":46.0,"turns":2.0},{"damage":9.0,"enemies":"2 Orb Walkers","floor":48.0,"turns":5.0},{"damage":10.0,"enemies":"Time Eater","floor":50.0,"turns":13.0},{"damage":6.0,"enemies":"Donu and Deca","floor":51.0,"turns":9.0},{"damage":43.0,"enemies":"Shield and Spear","floor":55.0,"turns":7.0},{"damage":2,"enemies":"The Heart","floor":56,"turns":1}],"seed_played":"-7614577412897221691","potions_obtained":[{"floor":2.0,"key":"AttackPotion"},{"floor":6.0,"key":"Strength Potion"},{"floor":16.0,"key":"SkillPotion"},{"floor":19.0,"key":"FocusPotion"},{"floor":33.0,"key":"Strength Potion"},{"floor":42.0,"key":"Ancient Potion"},{"floor":45.0,"key":"Block Potion"},{"floor":46.0,"key":"PowerPotion"},{"floor":55.0,"key":"SpeedPotion"}],"is_trial":false,"path_per_floor":["M","M","?","M","M","E","R","M","T","M","R","?","R","?","R","B",null,"M","M","M","$","?","R","E","R","T","?","?","E","M","$","R","B",null,"M","$","?","?","M","E","M","M","T","?","E","M","R","?","R","B","B",null,"R","$","E","B"],"character_chosen":"DEFECT","items_purchased":["ClockworkSouvenir","Oddly Smooth Stone","Impatience","Ancient Potion","Swift Potion","LiquidBronze"],"campfire_rested":0,"item_purchase_floors":[21,21,31,54,54,54],"current_hp_per_floor":[64,59,52,52,52,32,32,28,28,24,24,24,24,24,24,24,50,50,37,37,37,37,37,37,37,37,16,16,16,16,16,16,16,48,48,48,48,48,48,27,27,27,27,27,27,27,27,18,18,8,2,44,44,44,1,0],"gold":148,"neow_bonus":"REMOVE_TWO","is_prod":false,"is_daily":false,"chose_seed":false,"campfire_upgraded":9,"win_rate":0,"timestamp":1554373537,"path_taken":["M","?","?","M","M","E","R","M","T","M","R","?","R","?","R","BOSS","M","M","M","$","?","R","E","R","T","?","?","E","M","$","R","BOSS","M","$","?","?","M","E","M","M","T","?","E","M","R","?","R","BOSS","BOSS","R","$","E","BOSS"],"build_version":"2019-01-23","purchased_purges":2,"victory":false,"max_hp_per_floor":[64,64,64,64,64,64,64,64,64,64,64,58,58,58,58,58,58,58,58,58,58,58,58,58,58,58,58,58,58,58,58,58,58,58,58,58,58,58,58,58,58,58,58,58,58,58,58,58,58,58,58,58,58,58,58,58],"card_choices":[{"not_picked":["Conserve Battery","Beam Cell"],"picked":"Cold Snap","floor":1.0},{"not_picked":["Static Discharge","Rebound"],"picked":"Chill","floor":2.0},{"not_picked":["Steam","Stack"],"picked":"Hologram","floor":4.0},{"not_picked":["Redo","Sweeping Beam"],"picked":"Reboot","floor":5.0},{"not_picked":["Ball Lightning","Barrage"],"picked":"Defragment","floor":6.0},{"not_picked":["Gash","Cold Snap"],"picked":"Loop","floor":8.0},{"not_picked":["Defragment","Cold Snap"],"picked":"Electrodynamics","floor":10.0},{"not_picked":["Electrodynamics","Reboot"],"picked":"Biased Cognition","floor":16.0},{"not_picked":["Stack","Leap+1","Beam Cell"],"picked":"SKIP","floor":18.0},{"not_picked":["Barrage+1","Leap"],"picked":"Blizzard","floor":19.0},{"not_picked":["Steam Power+1","Stack"],"picked":"Turbo","floor":20.0},{"not_picked":["Static Discharge","Aggregate","Barrage"],"picked":"SKIP","floor":24.0},{"not_picked":["Force Field","Doom and Gloom","Lockon+1"],"picked":"SKIP","floor":29.0},{"not_picked":["Cold Snap","Hologram"],"picked":"Go for the Eyes","floor":30.0},{"not_picked":["Thunder Strike","Creative AI"],"picked":"All For One","floor":33.0},{"not_picked":["Chaos","Streamline"],"picked":"Compile Driver","floor":35.0},{"not_picked":["Force Field+1","Turbo","Cold Snap"],"picked":"SKIP","floor":39.0},{"not_picked":["Melter","Redo","Hologram"],"picked":"SKIP","floor":40.0},{"not_picked":["Blizzard","Storm+1","Compile Driver"],"picked":"SKIP","floor":41.0},{"not_picked":["Rebound","Darkness","Hologram"],"picked":"SKIP","floor":42.0},{"not_picked":["Gash","Defragment"],"picked":"Recycle","floor":45.0},{"not_picked":["Leap+1","Force Field+1","Reprogram"],"picked":"SKIP","floor":46.0},{"not_picked":["Sweeping Beam","Rebound"],"picked":"Amplify","floor":48.0},{"not_picked":["All For One","Storm"],"picked":"Coolheaded","floor":55.0}],"player_experience":1319734,"relics_obtained":[{"floor":6.0,"key":"Shovel"},{"floor":9.0,"key":"War Paint"},{"floor":24.0,"key":"Bag of Preparation"},{"floor":26.0,"key":"Juzu Bracelet"},{"floor":27.0,"key":"Nilry\u0027s Codex"},{"floor":29.0,"key":"DataDisk"},{"floor":37.0,"key":"StoneCalendar"},{"floor":40.0,"key":"Pen Nib"},{"floor":45.0,"key":"Potion Belt"},{"floor":48.0,"key":"Ginger"},{"floor":55.0,"key":"Pocketwatch"}],"event_choices":[{"cards_removed":["Strike_B"],"damage_healed":0.0,"max_hp_gain":0.0,"max_hp_loss":0.0,"gold_gain":0.0,"event_name":"Golden Wing","player_choice":"Card Removal","floor":3.0,"gold_loss":0.0,"damage_taken":7.0},{"damage_healed":0.0,"max_hp_gain":0.0,"max_hp_loss":6.0,"gold_gain":0.0,"event_name":"Golden Idol","player_choice":"Lose Max HP","floor":12.0,"gold_loss":0.0,"damage_taken":0.0,"relics_obtained":["Golden Idol"]},{"damage_healed":0.0,"max_hp_gain":0.0,"max_hp_loss":0.0,"gold_gain":0.0,"cards_transformed":["Strike_B"],"event_name":"Living Wall","player_choice":"Change","floor":14.0,"gold_loss":0.0,"damage_taken":0.0,"cards_obtained":["Ball Lightning"]},{"damage_healed":0.0,"max_hp_gain":0.0,"max_hp_loss":0.0,"gold_gain":0.0,"event_name":"Back to Basics","player_choice":"Simplicity","floor":22.0,"gold_loss":0.0,"damage_taken":0.0,"cards_upgraded":["Defend_B","Defend_B","Defend_B","Defend_B"]},{"damage_healed":0.0,"max_hp_gain":0.0,"max_hp_loss":0.0,"gold_gain":0.0,"event_name":"Cursed Tome","player_choice":"Obtained Book","floor":27.0,"gold_loss":0.0,"damage_taken":21.0},{"damage_healed":0.0,"max_hp_gain":0.0,"max_hp_loss":0.0,"gold_gain":0.0,"event_name":"The Mausoleum","player_choice":"Ignored","floor":28.0,"gold_loss":0.0,"damage_taken":0.0},{"damage_healed":0.0,"max_hp_gain":0.0,"max_hp_loss":0.0,"gold_gain":0.0,"event_name":"MindBloom","player_choice":"Fight","floor":37.0,"gold_loss":0.0,"damage_taken":0.0},{"damage_healed":0.0,"max_hp_gain":0.0,"max_hp_loss":0.0,"gold_gain":0.0,"event_name":"Tomb of Lord Red Mask","player_choice":"Ignored","floor":38.0,"gold_loss":0.0,"damage_taken":0.0},{"cards_removed":["Zap"],"damage_healed":0.0,"max_hp_gain":0.0,"max_hp_loss":0.0,"gold_gain":0.0,"event_name":"Falling","player_choice":"Removed Skill","floor":44.0,"gold_loss":0.0,"damage_taken":0.0},{"damage_healed":0.0,"max_hp_gain":0.0,"max_hp_loss":0.0,"gold_gain":0.0,"event_name":"Mysterious Sphere","player_choice":"Fight","floor":48.0,"gold_loss":0.0,"damage_taken":0.0}],"is_beta":false,"boss_relics":[{"not_picked":["Tiny House","Philosopher\u0027s Stone"],"picked":"Inserter"},{"not_picked":["Calling Bell","Fusion Hammer"],"picked":"Empty Cage"}],"items_purged_floors":[36,54],"is_endless":false,"potions_floor_spawned":[2,6,10,16,19,29,33,35,42,45,46,55],"killed_by":"The Heart","ascension_level":20}