{"gold_per_floor":[115,40,50,50,50,94,94,108,108,173,173,173,32,45,45,140,140,156,61,75,116,139,139,157,157,157,188,201,76,76,101,101,199,199,222,222,222,245,370,370,404,404,456,456,474,487,500,219,219,219,219,219,219,9,43,43],"floor_reached":57,"playtime":3373,"items_purged":["Strike_B","Strike_B","Barrage","Parasite"],"score":2795,"play_id":"6a5eaf63-ed63-425e-8fb6-d6a107250d99","local_time":"20190511200106","is_ascension_mode":true,"campfire_choices":[{"data":"Biased Cognition","floor":7.0,"key":"SMITH"},{"data":"Dualcast","floor":11.0,"key":"SMITH"},{"data":"Defragment","floor":15.0,"key":"SMITH"},{"data":"Turbo","floor":23.0,"key":"SMITH"},{"data":"Hologram","floor":25.0,"key":"SMITH"},{"data":"Heatsinks","floor":30.0,"key":"SMITH"},{"data":"Coolheaded","floor":32.0,"key":"SMITH"},{"data":"Zap","floor":40.0,"key":"PURGE"},{"data":"Ball Lightning","floor":42.0,"key":"PURGE"},{"floor":44.0,"key":"RECALL"},{"data":"Rip and Tear","floor":49.0,"key":"PURGE"},{"data":"Blizzard","floor":53.0,"key":"SMITH"}],"neow_cost":"PERCENT_DAMAGE","seed_source_timestamp":23707284644474,"circlet_count":0,"master_deck":["AscendersBane","Dualcast+1","Defragment+1","Biased Cognition+1","Coolheaded+1","Capacitor","Glacier","Creative AI","Cold Snap","Chill","Machine Learning","Heatsinks+1","Ball Lightning","Hologram+1","Turbo+1","Blizzard+1","Cold Snap+1","Core Surge","Chill+1","Echo Form","Skim+1"],"special_seed":0,"relics":["Cracked Core","Ginger","Golden Idol","Pear","Meat on the Bone","Tiny Chest","Centennial Puzzle","Pandora\u0027s Box","Red Mask","Letter Opener","Mango","Busted Crown","Darkstone Periapt","Peace Pipe","Gremlin Horn","Smiling Mask","ClockworkSouvenir","Frozen Eye","Happy Flower"],"potions_floor_usage":[56],"damage_taken":[{"damage":1.0,"enemies":"Cultist","floor":1.0,"turns":3.0},{"damage":4.0,"enemies":"2 Louse","floor":3.0,"turns":2.0},{"damage":30.0,"enemies":"3 Sentries","floor":6.0,"turns":8.0},{"damage":7.0,"enemies":"Jaw Worm","floor":8.0,"turns":3.0},{"damage":1.0,"enemies":"Lagavulin","floor":10.0,"turns":7.0},{"damage":6.0,"enemies":"Exordium Thugs","floor":14.0,"turns":3.0},{"damage":0.0,"enemies":"The Guardian","floor":16.0,"turns":8.0},{"damage":2.0,"enemies":"3 Byrds","floor":18.0,"turns":4.0},{"damage":0.0,"enemies":"2 Thieves","floor":20.0,"turns":4.0},{"damage":6.0,"enemies":"Masked Bandits","floor":21.0,"turns":4.0},{"damage":8.0,"enemies":"Centurion and Healer","floor":22.0,"turns":6.0},{"damage":1.0,"enemies":"3 Cultists","floor":24.0,"turns":6.0},{"damage":12.0,"enemies":"Gremlin Leader","floor":27.0,"turns":8.0},{"damage":4.0,"enemies":"Chosen and Byrds","floor":28.0,"turns":5.0},{"damage":16.0,"enemies":"Snake Plant","floor":31.0,"turns":4.0},{"damage":0.0,"enemies":"Collector","floor":33.0,"turns":9.0},{"damage":6.0,"enemies":"Orb Walker","floor":35.0,"turns":4.0},{"damage":0.0,"enemies":"3 Shapes","floor":38.0,"turns":5.0},{"damage":0.0,"enemies":"Mind Bloom Boss Battle","floor":39.0,"turns":5.0},{"damage":1.0,"enemies":"Nemesis","floor":41.0,"turns":6.0},{"damage":3.0,"enemies":"Writhing Mass","floor":45.0,"turns":6.0},{"damage":2.0,"enemies":"4 Shapes","floor":46.0,"turns":2.0},{"damage":3.0,"enemies":"3 Darklings","floor":47.0,"turns":3.0},{"damage":10.0,"enemies":"Time Eater","floor":50.0,"turns":11.0},{"damage":3.0,"enemies":"Donu and Deca","floor":51.0,"turns":7.0},{"damage":9.0,"enemies":"Shield and Spear","floor":55.0,"turns":5.0},{"damage":27,"enemies":"The Heart","floor":56,"turns":7}],"seed_played":"226138746439120204","potions_obtained":[{"floor":1.0,"key":"Swift Potion"},{"floor":10.0,"key":"SkillPotion"},{"floor":18.0,"key":"FocusPotion"},{"floor":28.0,"key":"SpeedPotion"}],"is_trial":false,"path_per_floor":["M","$","M","T","?","E","R","M","T","E","R","T","$","M","R","B",null,"M","$","M","?","M","R","M","R","T","E","M","$","R","M","R","B",null,"M","?","T","M","?","R","E","R","T","R","M","M","M","$","R","B","B",null,"R","$","E","B",null],"character_chosen":"DEFECT","items_purchased":["Capacitor","Turbo","Blizzard","ClockworkSouvenir","Frozen Eye"],"campfire_rested":0,"item_purchase_floors":[13,19,19,48,54],"current_hp_per_floor":[45,45,41,41,41,21,21,14,14,25,25,25,25,31,31,43,66,64,64,64,58,50,50,49,49,49,63,59,59,59,55,55,55,80,74,74,74,74,74,74,73,73,73,73,76,74,71,71,71,61,58,80,80,80,71,44],"gold":43,"neow_bonus":"ONE_RARE_RELIC","is_prod":false,"is_daily":false,"chose_seed":false,"campfire_upgraded":8,"win_rate":0,"timestamp":1557576066,"path_taken":["M","$","?","?","?","E","R","?","T","E","R","?","$","M","R","BOSS","M","$","?","?","M","R","M","R","T","E","M","?","R","M","R","BOSS","M","?","?","M","?","R","E","R","T","R","M","?","M","$","R","BOSS","BOSS","R","$","E","BOSS"],"build_version":"2019-01-23","purchased_purges":4,"victory":true,"max_hp_per_floor":[71,71,71,71,64,74,74,74,74,74,74,74,74,74,74,74,74,74,74,74,74,74,74,74,74,74,88,88,88,88,88,88,88,88,88,84,84,84,84,84,84,84,84,84,90,90,90,87,87,87,87,87,87,87,87,87],"card_choices":[{"not_picked":["Rebound","Ball Lightning"],"picked":"Rip and Tear","floor":1.0},{"not_picked":["Sweeping Beam","Chaos"],"picked":"Defragment","floor":3.0},{"not_picked":["Stack","Conserve Battery"],"picked":"Biased Cognition","floor":6.0},{"not_picked":["Blizzard","White Noise"],"picked":"Coolheaded","floor":8.0},{"not_picked":["Hologram","Beam Cell"],"picked":"Ball Lightning","floor":10.0},{"not_picked":["Skim","Coolheaded"],"picked":"Glacier","floor":14.0},{"not_picked":["All For One","Hyperbeam"],"picked":"Creative AI","floor":16.0},{"not_picked":["Stack","Redo"],"picked":"Hologram","floor":18.0},{"not_picked":["Beam Cell","Compile Driver+1"],"picked":"Cold Snap+1","floor":20.0},{"not_picked":["Barrage","Steam+1","Beam Cell"],"picked":"SKIP","floor":22.0},{"not_picked":["Redo","Coolheaded+1"],"picked":"Core Surge","floor":24.0},{"not_picked":["Lockon","Beam Cell","Melter"],"picked":"SKIP","floor":27.0},{"not_picked":["Melter","Beam Cell"],"picked":"Chill+1","floor":28.0},{"not_picked":["Beam Cell","Blizzard","Stack"],"picked":"SKIP","floor":31.0},{"not_picked":["Hyperbeam","Meteor Strike"],"picked":"Echo Form","floor":33.0},{"not_picked":["Genetic Algorithm"],"picked":"SKIP","floor":35.0},{"not_picked":["Gash"],"picked":"SKIP","floor":38.0},{"not_picked":[],"picked":"Skim+1","floor":39.0},{"not_picked":["Sweeping Beam"],"picked":"SKIP","floor":41.0},{"not_picked":["Streamline"],"picked":"SKIP","floor":45.0},{"not_picked":["Scrape"],"picked":"SKIP","floor":46.0},{"not_picked":["Chaos"],"picked":"SKIP","floor":47.0},{"not_picked":["Streamline"],"picked":"SKIP","floor":55.0}],"player_experience":4698472,"relics_obtained":[{"floor":6.0,"key":"Pear"},{"floor":9.0,"key":"Meat on the Bone"},{"floor":10.0,"key":"Tiny Chest"},{"floor":12.0,"key":"Centennial Puzzle"},{"floor":21.0,"key":"Red Mask"},{"floor":26.0,"key":"Letter Opener"},{"floor":27.0,"key":"Mango"},{"floor":37.0,"key":"Darkstone Periapt"},{"floor":39.0,"key":"Peace Pipe"},{"floor":41.0,"key":"Gremlin Horn"},{"floor":43.0,"key":"Smiling Mask"},{"floor":55.0,"key":"Happy Flower"}],"event_choices":[{"damage_healed":0.0,"max_hp_gain":0.0,"max_hp_loss":7.0,"gold_gain":0.0,"event_name":"Golden Idol","player_choice":"Lose Max HP","floor":5.0,"gold_loss":0.0,"damage_taken":0.0,"relics_obtained":["Golden Idol"]},{"damage_healed":0.0,"max_hp_gain":0.0,"max_hp_loss":0.0,"gold_gain":0.0,"event_name":"Masked Bandits","player_choice":"Fought Bandits","floor":21.0,"gold_loss":0.0,"damage_taken":0.0},{"damage_healed":0.0,"max_hp_gain":0.0,"max_hp_loss":4.0,"gold_gain":0.0,"event_name":"Winding Halls","player_choice":"Max HP","floor":36.0,"gold_loss":0.0,"damage_taken":0.0},{"damage_healed":0.0,"max_hp_gain":0.0,"max_hp_loss":0.0,"gold_gain":0.0,"event_name":"MindBloom","player_choice":"Fight","floor":39.0,"gold_loss":0.0,"damage_taken":0.0}],"is_beta":false,"boss_relics":[{"not_picked":["Coffee Dripper","Snecko Eye"],"picked":"Pandora\u0027s Box"},{"not_picked":["Velvet Choker","Orrery"],"picked":"Busted Crown"}],"items_purged_floors":[2,13,29,48],"is_endless":false,"potions_floor_spawned":[1,10,16,18,28,33,41,45],"ascension_level":20}