{"gold_per_floor":[112,112,112,128,50,50,81,22,22,22,43,86,86,102,102,200,200,224,242,242,242,167,183,198,198],"floor_reached":25,"playtime":649,"items_purged":["Bite"],"score":472,"play_id":"0efa3323-a8fa-4af7-82c7-7a4b29dc3f34","local_time":"20190122202908","is_ascension_mode":true,"campfire_choices":[{"data":"Noxious Fumes","floor":6.0,"key":"SMITH"},{"data":"Tactician","floor":10.0,"key":"SMITH"},{"data":"Neutralize","floor":13.0,"key":"SMITH"},{"data":"Corpse Explosion","floor":15.0,"key":"SMITH"}],"neow_cost":"NONE","seed_source_timestamp":18261431348211,"circlet_count":0,"master_deck":["AscendersBane","Defend_G","Defend_G","Defend_G","Defend_G","Defend_G","Survivor","Neutralize+1","Tactician+1","Noxious Fumes+1","Backflip","Acrobatics","Corpse Explosion+1","Bite","Bite","Bite"],"special_seed":0,"relics":["Ring of the Snake","NeowsBlessing","Golden Idol","Bronze Scales","Bag of Preparation","Unceasing Top","Fusion Hammer"],"potions_floor_usage":[],"damage_taken":[{"damage":0.0,"enemies":"Small Slimes","floor":1.0,"turns":1.0},{"damage":0.0,"enemies":"2 Louse","floor":4.0,"turns":1.0},{"damage":0.0,"enemies":"Lagavulin","floor":7.0,"turns":1.0},{"damage":0.0,"enemies":"Jaw Worm","floor":11.0,"turns":4.0},{"damage":17.0,"enemies":"3 Sentries","floor":12.0,"turns":4.0},{"damage":29.0,"enemies":"Lots of Slimes","floor":14.0,"turns":4.0},{"damage":1.0,"enemies":"Hexaghost","floor":16.0,"turns":7.0},{"damage":20,"enemies":"2 Thieves","floor":18,"turns":3},{"damage":21,"enemies":"Chosen","floor":19,"turns":5},{"damage":16,"enemies":"Shelled Parasite and Fungi","floor":23,"turns":8},{"damage":12,"enemies":"Snake Plant","floor":24,"turns":4},{"damage":13,"enemies":"Snecko","floor":25,"turns":2}],"seed_played":"-8569663445551832099","potions_obtained":[{"floor":1.0,"key":"Weak Potion"},{"floor":7.0,"key":"LiquidBronze"},{"floor":18,"key":"FearPotion"},{"floor":24,"key":"Fire Potion"}],"is_trial":false,"path_per_floor":["?","?","$","M","?","?","$","M","M"],"character_chosen":"THE_SILENT","items_purchased":["Noxious Fumes","Acrobatics"],"campfire_rested":0,"item_purchase_floors":[5,8],"current_hp_per_floor":[59,64,64,64,64,64,64,64,64,64,64,47,47,18,18,17,52,32,11,11,11,11,11,7,0],"gold":198,"neow_bonus":"THREE_ENEMY_KILL","is_prod":false,"is_daily":false,"chose_seed":false,"campfire_upgraded":4,"win_rate":0,"timestamp":1548160148,"path_taken":["M","?","?","M","?","R","E","$","T","R","M","E","R","M","R","BOSS","M","?","?","?","?","M","?","?"],"build_version":"2019-01-20","purchased_purges":1,"victory":false,"max_hp_per_floor":[66,71,64,64,64,64,64,64,64,64,64,64,64,64,64,64,64,64,64,44,44,44,44,44,44],"card_choices":[{"not_picked":["All Out Attack","Poisoned Stab"],"picked":"Tactician","floor":1.0},{"not_picked":["PiercingWail","Backstab","Prepared"],"picked":"SKIP","floor":4.0},{"not_picked":["Blade Dance","Dagger Throw"],"picked":"Backflip","floor":7.0},{"not_picked":["Dagger Throw","Masterful Stab"],"picked":"Corpse Explosion","floor":11.0},{"not_picked":["Poisoned Stab","Deadly Poison","Predator"],"picked":"SKIP","floor":12.0},{"not_picked":["Bane","PiercingWail","All Out Attack"],"picked":"SKIP","floor":14.0},{"not_picked":["Prepared","Flying Knee+1","Deflect"],"picked":"SKIP","floor":18},{"not_picked":["Backflip","Dagger Throw","Deflect"],"picked":"SKIP","floor":19},{"not_picked":["Terror+1","Tactician","PiercingWail"],"picked":"SKIP","floor":23},{"not_picked":["Poisoned Stab","Prepared","Bane"],"picked":"SKIP","floor":24}],"player_experience":1317549,"relics_obtained":[{"floor":7.0,"key":"Bronze Scales"},{"floor":9.0,"key":"Bag of Preparation"},{"floor":12.0,"key":"Unceasing Top"}],"event_choices":[{"damage_healed":0.0,"max_hp_gain":5.0,"max_hp_loss":0.0,"gold_gain":0.0,"event_name":"Big Fish","player_choice":"Donut","floor":2.0,"gold_loss":0.0,"damage_taken":0.0},{"damage_healed":0.0,"max_hp_gain":0.0,"max_hp_loss":7.0,"gold_gain":0.0,"event_name":"Golden Idol","player_choice":"Lose Max HP","floor":3.0,"gold_loss":0.0,"damage_taken":0.0,"relics_obtained":["Golden Idol"]},{"damage_healed":0,"gold_gain":0,"player_choice":"Became a vampire","damage_taken":0,"max_hp_gain":0,"max_hp_loss":20,"event_name":"Vampires","floor":20,"gold_loss":0,"cards_obtained":["Bite","Bite","Bite","Bite","Bite"]},{"cards_removed":["Bite"],"damage_healed":0,"gold_gain":0,"player_choice":"Elegance","damage_taken":0,"max_hp_gain":0,"max_hp_loss":0,"event_name":"Back to Basics","floor":21,"gold_loss":0}],"is_beta":true,"boss_relics":[{"not_picked":["Astrolabe","Calling Bell"],"picked":"Fusion Hammer"}],"items_purged_floors":[22],"is_endless":false,"potions_floor_spawned":[1,7,18,24],"killed_by":"Snecko","ascension_level":20}