{"gold_per_floor":[216,1,1,176,196,196,213,213,213,213,224,240,253,104,104,201,201,214,230,31,49,49,49,80,80,80,80,80,5,15,35,35,134,134,145,45,267,279,294,294,294,309,309,328,328,347,347,347,347,347],"floor_reached":51,"playtime":3195,"items_purged":["Doubt","Dash"],"score":714,"play_id":"e1d1aba6-630c-4ef2-a2e0-94cb02a6f630","local_time":"20181027122230","is_ascension_mode":false,"campfire_choices":[{"data":"Well Laid Plans","floor":6.0,"key":"SMITH"},{"data":"Neutralize","floor":8.0,"key":"SMITH"},{"data":"Night Terror","floor":10.0,"key":"SMITH"},{"data":"Noxious Fumes","floor":15.0,"key":"SMITH"},{"data":"Wraith Form v2","floor":23.0,"key":"SMITH"},{"data":"Footwork","floor":28.0,"key":"SMITH"},{"data":"Sucker Punch","floor":32.0,"key":"SMITH"},{"data":"Backflip","floor":40.0,"key":"SMITH"},{"data":"Caltrops","floor":45,"key":"SMITH"},{"floor":47,"key":"REST"},{"floor":49,"key":"REST"}],"neow_cost":"NONE","seed_source_timestamp":4439693752560,"circlet_count":0,"master_deck":["Survivor+1","Neutralize+1","Well Laid Plans+1","Night Terror+1","Backflip+1","Leg Sweep+1","Deadly Poison+1","Noxious Fumes+1","Wraith Form v2+1","Sucker Punch+1","Footwork+1","Caltrops+1","Blur+1","PiercingWail+1","Acrobatics+1","Deadly Poison+1","Backflip+1","Dodge and Roll+1","Conserve Battery+1","Offering+1","Prepared+1","Night Terror+1","BootSequence+1","Body Slam+1","BootSequence+1","Leap+1","Clothesline+1"],"special_seed":0,"relics":["Ring of the Snake","Toxic Egg 2","Pandora\u0027s Box","PrismaticShard","Red Mask","Cursed Key"],"potions_floor_usage":[50,50],"damage_taken":[{"damage":0.0,"enemies":"Jaw Worm","floor":1.0,"turns":4.0},{"damage":2.0,"enemies":"Small Slimes","floor":5.0,"turns":5.0},{"damage":0.0,"enemies":"Cultist","floor":7.0,"turns":4.0},{"damage":2.0,"enemies":"3 Louse","floor":11.0,"turns":5.0},{"damage":2.0,"enemies":"Large Slime","floor":12.0,"turns":7.0},{"damage":0.0,"enemies":"Blue Slaver","floor":13.0,"turns":5.0},{"damage":16.0,"enemies":"The Guardian","floor":16.0,"turns":9.0},{"damage":0.0,"enemies":"Shell Parasite","floor":18.0,"turns":5.0},{"damage":0.0,"enemies":"Chosen","floor":19.0,"turns":5.0},{"damage":6.0,"enemies":"Sentry and Sphere","floor":21.0,"turns":7.0},{"damage":15.0,"enemies":"Masked Bandits","floor":24.0,"turns":7.0},{"damage":0.0,"enemies":"Centurion and Healer","floor":30.0,"turns":9.0},{"damage":6.0,"enemies":"Cultist and Chosen","floor":31.0,"turns":7.0},{"damage":6.0,"enemies":"Automaton","floor":33.0,"turns":9.0},{"damage":0.0,"enemies":"3 Darklings","floor":35.0,"turns":6.0},{"damage":0.0,"enemies":"3 Shapes","floor":38.0,"turns":6.0},{"damage":0.0,"enemies":"Transient","floor":39.0,"turns":5.0},{"damage":1.0,"enemies":"4 Shapes","floor":42.0,"turns":6.0},{"damage":0,"enemies":"Writhing Mass","floor":44,"turns":8},{"damage":0,"enemies":"Sphere and 2 Shapes","floor":46,"turns":5},{"damage":0,"enemies":"Time Eater","floor":50,"turns":13}],"seed_played":"6400222307877150827","potions_obtained":[{"floor":5.0,"key":"LiquidBronze"},{"floor":7.0,"key":"GamblersBrew"},{"floor":12.0,"key":"LiquidBronze"},{"floor":19.0,"key":"Regen Potion"},{"floor":30.0,"key":"Weak Potion"},{"floor":33.0,"key":"Strength Potion"},{"floor":39.0,"key":"Strength Potion"}],"is_trial":false,"path_per_floor":["M","$","?","?","M","R","M","R","T","R","M","M","M","$","R","B",null,"M","M","$","M","$","R","?","?","T","?","R","?","M","M","R","B",null,"M","$","?","M","M","R","?","M","T","M","R","M","R","?","R","B"],"character_chosen":"THE_SILENT","items_purchased":["Well Laid Plans","Night Terror","Noxious Fumes","PrismaticShard"],"campfire_rested":2,"item_purchase_floors":[2,2,14,20],"current_hp_per_floor":[70,70,56,56,54,54,54,54,54,54,52,50,50,50,50,34,70,70,70,70,64,64,64,60,47,47,47,47,47,47,41,41,35,75,75,75,75,75,75,75,75,74,74,74,74,74,75,75,75,75],"gold":347,"neow_bonus":"HUNDRED_GOLD","is_prod":false,"is_daily":false,"chose_seed":false,"campfire_upgraded":9,"win_rate":0,"timestamp":1540614150,"path_taken":["M","$","?","?","M","R","M","R","T","R","M","M","M","$","R","BOSS","M","M","$","M","$","R","?","?","T","?","R","?","M","M","R","BOSS","M","$","?","M","M","R","?","?","T","M","R","M","R","?","R","BOSS"],"build_version":"2018-10-25v2","purchased_purges":2,"victory":true,"max_hp_per_floor":[70,70,70,70,70,70,70,70,70,70,70,70,70,70,70,70,70,70,70,70,70,70,70,70,75,75,75,75,75,75,75,75,75,75,75,75,75,75,75,75,75,75,75,75,75,75,75,75,75,75],"card_choices":[{"not_picked":["PiercingWail","Bane","Acrobatics"],"picked":"SKIP","floor":1.0},{"not_picked":["Bane","Quick Slash"],"picked":"Backflip","floor":5.0},{"not_picked":["Cloak And Dagger","Setup"],"picked":"Dash","floor":7.0},{"not_picked":["Dodge and Roll+1","Expertise+1"],"picked":"Leg Sweep+1","floor":11.0},{"not_picked":["Underhanded Strike","Dagger Throw","Blade Dance+1"],"picked":"SKIP","floor":12.0},{"not_picked":["Bane","Cloak And Dagger+1"],"picked":"Deadly Poison+1","floor":13.0},{"not_picked":["Venomology+1","Unload"],"picked":"Wraith Form v2","floor":16.0},{"not_picked":["Flying Knee","Concentrate+1"],"picked":"Backflip+1","floor":18.0},{"not_picked":["Skewer","Dagger Throw"],"picked":"Dodge and Roll+1","floor":19.0},{"not_picked":["Quick Slash","Wild Strike+1","Terror+1"],"picked":"SKIP","floor":21.0},{"not_picked":["Leap+1","Ball Lightning+1"],"picked":"Conserve Battery+1","floor":24.0},{"not_picked":["Dual Wield+1","Deflect+1"],"picked":"Offering+1","floor":30.0},{"not_picked":["Heavy Blade","Compile Driver"],"picked":"Prepared+1","floor":31.0},{"not_picked":["Seek+1","Storm of Steel+1"],"picked":"Night Terror+1","floor":33.0},{"not_picked":["Rage+1","Caltrops"],"picked":"Uppercut+1","floor":35.0},{"not_picked":["Combust","Pummel"],"picked":"BootSequence+1","floor":38.0},{"not_picked":["Headbutt+1","Headbutt"],"picked":"Body Slam+1","floor":39.0},{"not_picked":["Blade Dance+1","Swift Strike+1"],"picked":"BootSequence+1","floor":42.0},{"not_picked":["Reckless Charge+1","Flex+1"],"picked":"Leap+1","floor":44},{"not_picked":["Infinite Blades","Slice"],"picked":"Clothesline+1","floor":46}],"player_experience":666223,"relics_obtained":[{"floor":9.0,"key":"Toxic Egg 2"},{"floor":24.0,"key":"Red Mask"}],"event_choices":[{"damage_healed":0.0,"max_hp_gain":0.0,"max_hp_loss":0.0,"gold_gain":0.0,"event_name":"Shining Light","player_choice":"Entered Light","floor":3.0,"gold_loss":0.0,"damage_taken":14.0,"cards_upgraded":["Survivor","Defend_G"]},{"damage_healed":0.0,"max_hp_gain":0.0,"max_hp_loss":0.0,"gold_gain":175.0,"event_name":"Liars Game","player_choice":"AGREE","floor":4.0,"gold_loss":0.0,"damage_taken":0.0,"cards_obtained":["Doubt"]},{"damage_healed":0.0,"max_hp_gain":0.0,"max_hp_loss":0.0,"gold_gain":0.0,"event_name":"Masked Bandits","player_choice":"Fought Bandits","floor":24.0,"gold_loss":0.0,"damage_taken":0.0},{"damage_healed":0.0,"max_hp_gain":5.0,"max_hp_loss":0.0,"gold_gain":0.0,"event_name":"Forgotten Altar","player_choice":"Shed Blood","floor":25.0,"gold_loss":0.0,"damage_taken":18.0},{"cards_removed":["Skewer"],"damage_healed":0.0,"max_hp_gain":0.0,"max_hp_loss":0.0,"gold_gain":0.0,"event_name":"Back to Basics","player_choice":"Elegance","floor":27.0,"gold_loss":0.0,"damage_taken":0.0},{"cards_removed":["Flechettes"],"damage_healed":0.0,"max_hp_gain":0.0,"max_hp_loss":0.0,"gold_gain":0.0,"event_name":"Beggar","player_choice":"Gave Gold","floor":29.0,"gold_loss":75.0,"damage_taken":0.0},{"damage_healed":0.0,"max_hp_gain":0.0,"max_hp_loss":0.0,"gold_gain":222.0,"event_name":"Tomb of Lord Red Mask","player_choice":"Wore Mask","floor":37.0,"gold_loss":0.0,"damage_taken":0.0},{"cards_removed":["Uppercut"],"damage_healed":0.0,"max_hp_gain":0.0,"max_hp_loss":0.0,"gold_gain":0.0,"event_name":"Falling","player_choice":"Removed Attack","floor":41.0,"gold_loss":0.0,"damage_taken":0.0},{"cards_removed":["Outmaneuver"],"damage_healed":5,"gold_gain":0,"player_choice":"Offered Common","damage_taken":0,"max_hp_gain":0,"max_hp_loss":0,"event_name":"Bonfire Elementals","floor":48,"gold_loss":0},{"cards_removed":["Outmaneuver"],"damage_healed":5,"gold_gain":0,"player_choice":"Offered Special","damage_taken":0,"max_hp_gain":0,"max_hp_loss":0,"event_name":"Bonfire Elementals","floor":48,"gold_loss":0}],"is_beta":false,"boss_relics":[{"not_picked":["WristBlade","Astrolabe"],"picked":"Pandora\u0027s Box"},{"not_picked":["Empty Cage","Calling Bell"],"picked":"Cursed Key"}],"items_purged_floors":[14,36],"is_endless":false,"potions_floor_spawned":[5,7,12,19,30,33,35,38,39,46],"ascension_level":0}