{"gold_per_floor":[118,131,131,148,148,58,68,68,68,68,93,93,111,111,111,111],"floor_reached":16,"playtime":353,"items_purged":[],"score":200,"play_id":"2933706e-d4eb-4aeb-a6ca-715ccee218df","local_time":"20190327171643","is_ascension_mode":true,"campfire_choices":[{"data":"Defragment","floor":8.0,"key":"SMITH"},{"data":"Loop","floor":10.0,"key":"SMITH"},{"data":"Zap","floor":12.0,"key":"SMITH"},{"data":"Dualcast","floor":15,"key":"SMITH"}],"neow_cost":"CURSE","seed_source_timestamp":19786022752931,"circlet_count":0,"master_deck":["AscendersBane","Strike_B","Strike_B","Defend_B","Defend_B","Defend_B","Defend_B","Zap+1","Dualcast+1","Loop+1","Defragment+1","Recycle","Auto Shields","Defragment+1","Turbo","Amplify"],"special_seed":0,"relics":["Cracked Core","Sundial"],"potions_floor_usage":[13],"damage_taken":[{"damage":11.0,"enemies":"Jaw Worm","floor":1.0,"turns":5.0},{"damage":7.0,"enemies":"2 Louse","floor":2.0,"turns":4.0},{"damage":0.0,"enemies":"Cultist","floor":4.0,"turns":3.0},{"damage":7.0,"enemies":"Looter","floor":7.0,"turns":4.0},{"damage":28.0,"enemies":"Gremlin Nob","floor":11.0,"turns":4.0},{"damage":0,"enemies":"2 Fungi Beasts","floor":13,"turns":4},{"damage":12,"enemies":"Hexaghost","floor":16,"turns":7}],"seed_played":"-2174989474412482016","potions_obtained":[{"floor":2.0,"key":"Swift Potion"},{"floor":11.0,"key":"SpeedPotion"}],"is_trial":false,"path_per_floor":["M","M","?","M","?","$","M","R","T","R","E","R","M","?","R","B"],"character_chosen":"DEFECT","items_purchased":["Defragment"],"campfire_rested":0,"item_purchase_floors":[6],"current_hp_per_floor":[53,46,39,39,39,39,32,32,32,32,4,4,4,4,4,0],"gold":111,"neow_bonus":"TRANSFORM_TWO_CARDS","is_prod":false,"is_daily":false,"chose_seed":false,"campfire_upgraded":4,"win_rate":0,"timestamp":1553678203,"path_taken":["M","M","?","M","?","$","M","R","T","R","E","R","?","?","R","BOSS"],"build_version":"2019-01-23","purchased_purges":0,"victory":false,"max_hp_per_floor":[71,71,71,71,71,71,71,71,71,71,71,71,71,71,71,71],"card_choices":[{"not_picked":["FTL","Compile Driver"],"picked":"Recycle","floor":1.0},{"not_picked":["Beam Cell","Go for the Eyes"],"picked":"Auto Shields","floor":2.0},{"not_picked":["Redo","Leap","Barrage"],"picked":"SKIP","floor":4.0},{"not_picked":["Rebound","Melter"],"picked":"Turbo","floor":7.0},{"not_picked":["Redo","Sweeping Beam","Steam"],"picked":"SKIP","floor":11.0},{"not_picked":["Coolheaded","Static Discharge"],"picked":"Amplify","floor":13}],"player_experience":3901291,"relics_obtained":[{"floor":11.0,"key":"Sundial"}],"event_choices":[{"cards_removed":["Normality"],"damage_healed":0.0,"max_hp_gain":0.0,"max_hp_loss":0.0,"gold_gain":0.0,"event_name":"Golden Wing","player_choice":"Card Removal","floor":3.0,"gold_loss":0.0,"damage_taken":7.0},{"damage_healed":0.0,"max_hp_gain":0.0,"max_hp_loss":0.0,"gold_gain":0.0,"event_name":"Upgrade Shrine","player_choice":"Upgraded","floor":5.0,"gold_loss":0.0,"damage_taken":0.0,"cards_upgraded":["Defragment"]},{"damage_healed":0,"gold_gain":0,"player_choice":"Ignored","damage_taken":0,"max_hp_gain":0,"max_hp_loss":0,"event_name":"Liars Game","floor":14,"gold_loss":0}],"is_beta":false,"boss_relics":[],"items_purged_floors":[],"is_endless":false,"potions_floor_spawned":[2,11],"killed_by":"Hexaghost","ascension_level":20}