{"gold_per_floor":[112,129,70,70,82,82,99,99,122,140,140,153,178,253,253,330,330,341,54,54,54,54,54,64,84,111,111,26,26,51,61,61,138,138,156,56,66,66,66,98,98,129,129,129,109,109,109,138,138,138,138,138,138,26,56,56],"floor_reached":57,"playtime":2596,"items_purged":["Strike_B","Injury"],"score":2808,"play_id":"a5596e79-ebf6-4848-b18a-673e268645bb","local_time":"20190315161133","is_ascension_mode":true,"campfire_choices":[{"data":"Streamline","floor":6.0,"key":"SMITH"},{"data":"Doom and Gloom","floor":8.0,"key":"SMITH"},{"data":"Chaos","floor":15.0,"key":"SMITH"},{"data":"Coolheaded","floor":23.0,"key":"SMITH"},{"data":"Turbo","floor":27.0,"key":"SMITH"},{"data":"Defragment","floor":32.0,"key":"SMITH"},{"data":"Defragment","floor":41.0,"key":"SMITH"},{"data":"Skim","floor":44.0,"key":"SMITH"},{"data":"Skim","floor":46.0,"key":"SMITH"},{"floor":49.0,"key":"RECALL"},{"data":"Recycle","floor":53.0,"key":"SMITH"}],"neow_cost":"NONE","seed_source_timestamp":1109223837856206,"circlet_count":0,"master_deck":["AscendersBane","Defend_B","Defend_B","Defend_B","Zap","Dualcast","Leap","Skim+1","Turbo+1","Streamline+1","Doom and Gloom+1","Self Repair","Chaos+1","Coolheaded+1","All For One","Cold Snap","Reinforced Body","Skim+1","Genetic Algorithm","White Noise","Defragment+1","Defragment+1","Multi-Cast","Recycle+1","Defragment+1","Hologram+1","Clumsy","Redo+1","Turbo+1","Coolheaded+1"],"special_seed":0,"relics":["Cursed Key","Art of War","Anchor","Black Star","Juzu Bracelet","Bag of Preparation","Bronze Scales","Ice Cream","Turnip","Nuclear Battery","Toxic Egg 2","Bottled Tornado","Dream Catcher","Centennial Puzzle","Boot","DataDisk","Gremlin Horn","Ornamental Fan"],"potions_floor_usage":[56],"damage_taken":[{"damage":2.0,"enemies":"Jaw Worm","floor":1.0,"turns":3.0},{"damage":9.0,"enemies":"2 Louse","floor":2.0,"turns":3.0},{"damage":0.0,"enemies":"Cultist","floor":5.0,"turns":4.0},{"damage":0.0,"enemies":"2 Fungi Beasts","floor":7.0,"turns":3.0},{"damage":1.0,"enemies":"Large Slime","floor":10.0,"turns":5.0},{"damage":7.0,"enemies":"Looter","floor":12.0,"turns":5.0},{"damage":6.0,"enemies":"Lagavulin","floor":13.0,"turns":6.0},{"damage":14.0,"enemies":"The Guardian","floor":16.0,"turns":10.0},{"damage":16.0,"enemies":"Shell Parasite","floor":18.0,"turns":7.0},{"damage":5.0,"enemies":"Colosseum Slavers","floor":22.0,"turns":4.0},{"damage":0.0,"enemies":"Spheric Guardian","floor":24.0,"turns":4.0},{"damage":18.0,"enemies":"Snake Plant","floor":25.0,"turns":4.0},{"damage":29.0,"enemies":"Slavers","floor":30.0,"turns":4.0},{"damage":0.0,"enemies":"Centurion and Healer","floor":31.0,"turns":6.0},{"damage":38.0,"enemies":"Collector","floor":33.0,"turns":12.0},{"damage":9.0,"enemies":"Orb Walker","floor":35.0,"turns":4.0},{"damage":0.0,"enemies":"3 Shapes","floor":37.0,"turns":6.0},{"damage":35.0,"enemies":"Giant Head","floor":40.0,"turns":8.0},{"damage":11.0,"enemies":"Nemesis","floor":42.0,"turns":7.0},{"damage":33.0,"enemies":"Reptomancer","floor":48.0,"turns":4.0},{"damage":25.0,"enemies":"Time Eater","floor":50.0,"turns":4.0},{"damage":0.0,"enemies":"Donu and Deca","floor":51.0,"turns":7.0},{"damage":23.0,"enemies":"Shield and Spear","floor":55.0,"turns":6.0},{"damage":25,"enemies":"The Heart","floor":56,"turns":9}],"seed_played":"-7097098854333697406","potions_obtained":[{"floor":2.0,"key":"EssenceOfSteel"},{"floor":5.0,"key":"SpeedPotion"},{"floor":7.0,"key":"Ancient Potion"},{"floor":16.0,"key":"Block Potion"},{"floor":18.0,"key":"Energy Potion"},{"floor":30.0,"key":"LiquidBronze"},{"floor":35.0,"key":"SteroidPotion"},{"floor":45.0,"key":"Energy Potion"},{"floor":48.0,"key":"SneckoOil"}],"is_trial":false,"path_per_floor":["M","M","$","?","M","R","M","R","T","M","?","M","E","?","R","B",null,"M","$","?","?","?","R","M","M","T","R","?","$","E","M","R","B",null,"M","$","M","?","?","E","R","E","T","R","?","R","?","E","R","B","B",null,"R","$","E","B",null],"character_chosen":"DEFECT","items_purchased":["Turbo","Juzu Bracelet","Reinforced Body","Turbo+1","GamblersBrew"],"campfire_rested":0,"item_purchase_floors":[3,19,19,54,54],"current_hp_per_floor":[62,53,53,46,46,46,46,46,46,45,45,45,46,35,35,28,60,51,51,51,51,53,53,60,49,49,49,49,49,34,41,41,10,56,54,54,61,61,61,33,33,29,29,29,29,29,55,29,29,11,18,46,46,46,30,12],"gold":56,"neow_bonus":"BOSS_RELIC","is_prod":false,"is_daily":false,"chose_seed":false,"campfire_upgraded":10,"win_rate":0,"timestamp":1552637493,"path_taken":["M","M","$","?","M","R","M","R","T","M","?","?","E","?","R","BOSS","M","$","?","?","?","R","M","M","T","R","?","$","E","M","R","BOSS","M","$","M","?","?","E","R","E","T","R","?","R","?","E","R","BOSS","BOSS","R","$","E","BOSS"],"build_version":"2019-01-23","purchased_purges":2,"victory":true,"max_hp_per_floor":[71,71,71,71,71,71,71,71,71,71,71,71,71,71,71,71,71,71,71,71,71,71,71,71,71,71,71,71,71,71,71,71,71,71,71,71,71,71,67,67,67,67,67,67,67,67,55,55,55,55,55,55,55,55,55,55],"card_choices":[{"not_picked":["Gash","Beam Cell"],"picked":"Leap","floor":1.0},{"not_picked":["Cold Snap","Fission"],"picked":"Skim","floor":2.0},{"not_picked":["Sweeping Beam","Leap"],"picked":"Streamline","floor":5.0},{"not_picked":["Sweeping Beam","Stack"],"picked":"Doom and Gloom","floor":7.0},{"not_picked":["Gash","Conserve Battery"],"picked":"Self Repair","floor":10.0},{"not_picked":["Turbo","Hologram"],"picked":"Coolheaded","floor":12.0},{"not_picked":["Rip and Tear","Doom and Gloom","Sweeping Beam"],"picked":"SKIP","floor":13.0},{"not_picked":["Rainbow","Hyperbeam"],"picked":"All For One","floor":16.0},{"not_picked":["Barrage","FTL"],"picked":"Cold Snap","floor":18.0},{"not_picked":["Streamline+1","Steam Power","Fusion"],"picked":"SKIP","floor":24.0},{"not_picked":["Gash","Cold Snap"],"picked":"White Noise","floor":25.0},{"not_picked":["Creative AI","Chill"],"picked":"Defragment","floor":30.0},{"not_picked":["Doom and Gloom","Sweeping Beam"],"picked":"Defragment","floor":31.0},{"not_picked":["Thunder Strike","Buffer"],"picked":"Multi-Cast","floor":33.0},{"not_picked":["Ball Lightning","Coolheaded"],"picked":"Recycle","floor":35.0},{"not_picked":["Chill+1","Redo"],"picked":"Defragment+1","floor":37.0},{"not_picked":["Sweeping Beam","FTL","Darkness"],"picked":"SKIP","floor":40.0},{"not_picked":["Go for the Eyes","Streamline"],"picked":"Hologram+1","floor":42.0},{"not_picked":["Ball Lightning+1","Chill+1"],"picked":"Redo+1","floor":48.0},{"not_picked":["Rainbow+1","Steam+1"],"picked":"Coolheaded+1","floor":55.0}],"player_experience":1192300,"relics_obtained":[{"floor":9.0,"key":"Art of War"},{"floor":13.0,"key":"Anchor"},{"floor":26.0,"key":"Bag of Preparation"},{"floor":30.0,"key":"Ice Cream"},{"floor":30.0,"key":"Turnip"},{"floor":40.0,"key":"Toxic Egg 2"},{"floor":40.0,"key":"Bottled Tornado"},{"floor":42.0,"key":"Dream Catcher"},{"floor":42.0,"key":"Centennial Puzzle"},{"floor":48.0,"key":"Boot"},{"floor":48.0,"key":"DataDisk"},{"floor":55.0,"key":"Gremlin Horn"},{"floor":55.0,"key":"Ornamental Fan"}],"event_choices":[{"cards_removed":["Strike_B"],"damage_healed":0.0,"max_hp_gain":0.0,"max_hp_loss":0.0,"gold_gain":0.0,"event_name":"Golden Wing","player_choice":"Card Removal","floor":4.0,"gold_loss":0.0,"damage_taken":7.0},{"damage_healed":0.0,"max_hp_gain":0.0,"max_hp_loss":0.0,"gold_gain":0.0,"cards_transformed":["Strike_B"],"event_name":"Transmorgrifier","player_choice":"Transformed","floor":11.0,"gold_loss":0.0,"damage_taken":0.0,"cards_obtained":["Chaos"]},{"damage_healed":0.0,"max_hp_gain":0.0,"max_hp_loss":0.0,"gold_gain":75.0,"event_name":"World of Goop","player_choice":"Gather Gold","floor":14.0,"gold_loss":0.0,"damage_taken":11.0},{"damage_healed":0.0,"max_hp_gain":0.0,"max_hp_loss":0.0,"gold_gain":0.0,"cards_transformed":["Strike_B","Defend_B"],"event_name":"Drug Dealer","player_choice":"Became Test Subject","floor":20.0,"gold_loss":0.0,"damage_taken":0.0,"cards_obtained":["Skim","Genetic Algorithm"]},{"damage_healed":0.0,"max_hp_gain":0.0,"max_hp_loss":0.0,"gold_gain":0.0,"event_name":"Lab","player_choice":"Got Potions","floor":21.0,"gold_loss":0.0,"damage_taken":0.0},{"damage_healed":0.0,"max_hp_gain":0.0,"max_hp_loss":0.0,"gold_gain":0.0,"event_name":"Colosseum","player_choice":"Fight","floor":22.0,"gold_loss":0.0,"damage_taken":0.0},{"damage_healed":0.0,"max_hp_gain":0.0,"max_hp_loss":0.0,"gold_gain":0.0,"event_name":"Colosseum","player_choice":"Fled From Nobs","floor":22.0,"gold_loss":0.0,"damage_taken":0.0},{"damage_healed":0.0,"max_hp_gain":0.0,"max_hp_loss":0.0,"gold_gain":0.0,"event_name":"Addict","player_choice":"Obtained Relic","floor":28.0,"gold_loss":85.0,"damage_taken":0.0,"relics_obtained":["Bronze Scales"]},{"cards_removed":["Clumsy"],"damage_healed":0.0,"max_hp_gain":0.0,"max_hp_loss":0.0,"gold_gain":0.0,"event_name":"Fountain of Cleansing","player_choice":"Removed Curses","floor":38.0,"gold_loss":0.0,"damage_taken":0.0},{"damage_healed":0.0,"max_hp_gain":0.0,"max_hp_loss":4.0,"gold_gain":0.0,"event_name":"Winding Halls","player_choice":"Max HP","floor":39.0,"gold_loss":0.0,"damage_taken":0.0},{"damage_healed":0.0,"max_hp_gain":0.0,"max_hp_loss":0.0,"gold_gain":0.0,"event_name":"The Woman in Blue","player_choice":"Bought 1 Potion","floor":45.0,"gold_loss":0.0,"damage_taken":0.0},{"damage_healed":55.0,"max_hp_gain":0.0,"max_hp_loss":12.0,"gold_gain":0.0,"event_name":"The Moai Head","player_choice":"Heal","floor":47.0,"gold_loss":0.0,"damage_taken":0.0}],"is_beta":false,"boss_relics":[{"not_picked":["White Beast Statue","Runic Dome"],"picked":"Black Star"},{"not_picked":["Sozu","Empty Cage"],"picked":"Nuclear Battery"}],"items_purged_floors":[19,36],"is_endless":false,"potions_floor_spawned":[2,5,7,16,18,30,35,48],"ascension_level":20}