{"gold_per_floor":[114,134,134,146,13,45,45,63,63,63,63,7,24,358,358,433,433,452,65,65,65],"floor_reached":21,"playtime":548,"items_purged":[],"score":474,"play_id":"212f27fb-1733-4807-81cc-2e1f08aa0e82","local_time":"20190224014521","is_ascension_mode":true,"campfire_choices":[{"data":"Rip and Tear","floor":7.0,"key":"SMITH"},{"data":"Beam Cell","floor":10.0,"key":"SMITH"},{"data":"Hologram","floor":15.0,"key":"SMITH"}],"neow_cost":"NONE","seed_source_timestamp":539193467032351,"circlet_count":0,"master_deck":["AscendersBane","Strike_B","Strike_B","Strike_B+1","Strike_B","Defend_B","Defend_B","Defend_B","Defend_B","Zap","Dualcast","Capacitor","Rip and Tear+1","Cold Snap","Beam Cell+1","Auto Shields","Seek","Blizzard+1","Hologram+1","Steam","Rainbow","Stack+1","Electrodynamics"],"special_seed":0,"relics":["Cracked Core","Centennial Puzzle","Matryoshka","Whetstone","Letter Opener","Old Coin","Black Star","ClockworkSouvenir"],"potions_floor_usage":[16],"damage_taken":[{"damage":0.0,"enemies":"2 Louse","floor":1.0,"turns":3.0},{"damage":4.0,"enemies":"Small Slimes","floor":2.0,"turns":3.0},{"damage":7.0,"enemies":"Jaw Worm","floor":4.0,"turns":3.0},{"damage":26.0,"enemies":"Gremlin Nob","floor":6.0,"turns":4.0},{"damage":8.0,"enemies":"Lots of Slimes","floor":8.0,"turns":3.0},{"damage":0.0,"enemies":"Blue Slaver","floor":13.0,"turns":2.0},{"damage":3.0,"enemies":"3 Sentries","floor":14.0,"turns":5.0},{"damage":0,"enemies":"Slime Boss","floor":16,"turns":7},{"damage":20,"enemies":"Shell Parasite","floor":18,"turns":6},{"damage":4,"enemies":"3 Byrds","floor":21,"turns":2}],"seed_played":"-1096744517238172939","potions_obtained":[{"floor":4.0,"key":"Energy Potion"},{"floor":6.0,"key":"AttackPotion"},{"floor":14.0,"key":"PowerPotion"},{"floor":16,"key":"Ancient Potion"}],"is_trial":false,"path_per_floor":["M","M","?","M","$","E","R","M","T","R","?","$","M","E","R","B",null,"M","$","?","M"],"character_chosen":"DEFECT","items_purchased":["Beam Cell","Auto Shields","Hologram","Electrodynamics","ClockworkSouvenir"],"campfire_rested":0,"item_purchase_floors":[5,5,12,19,19],"current_hp_per_floor":[64,60,60,53,53,27,27,19,19,19,19,19,19,16,16,16,57,37,37,37,33],"gold":65,"neow_bonus":"RANDOM_COMMON_RELIC","is_prod":false,"is_daily":false,"chose_seed":false,"campfire_upgraded":3,"win_rate":0,"timestamp":1550943921,"path_taken":["M","M","?","M","$","E","R","M","T","R","?","?","M","E","R","BOSS","M","?","?","?"],"build_version":"2019-01-23","purchased_purges":0,"victory":false,"max_hp_per_floor":[71,71,71,71,71,71,71,71,71,71,71,71,71,71,71,71,71,71,71,71,71],"card_choices":[{"not_picked":["Leap","Reinforced Body"],"picked":"Capacitor","floor":1.0},{"not_picked":["Chill","Compile Driver"],"picked":"Rip and Tear","floor":2.0},{"not_picked":["Steam","Rebound"],"picked":"Cold Snap","floor":4.0},{"not_picked":["Buffer","Ball Lightning"],"picked":"Seek","floor":6.0},{"not_picked":["White Noise","Stack"],"picked":"Blizzard","floor":8.0},{"not_picked":["Genetic Algorithm","Redo"],"picked":"Steam","floor":13.0},{"not_picked":["Darkness","Lockon","Steam"],"picked":"SKIP","floor":14.0},{"not_picked":["Seek","Multi-Cast"],"picked":"Rainbow","floor":16},{"not_picked":["Steam","Gash"],"picked":"Stack+1","floor":18}],"player_experience":960437,"relics_obtained":[{"floor":6.0,"key":"Matryoshka"},{"floor":9.0,"key":"Whetstone"},{"floor":9.0,"key":"Letter Opener"},{"floor":14.0,"key":"Old Coin"}],"event_choices":[{"damage_healed":0.0,"max_hp_gain":0.0,"max_hp_loss":0.0,"gold_gain":0.0,"event_name":"Liars Game","player_choice":"Ignored","floor":3.0,"gold_loss":0.0,"damage_taken":0.0},{"damage_healed":0.0,"max_hp_gain":0.0,"max_hp_loss":0.0,"gold_gain":0.0,"event_name":"Shining Light","player_choice":"Ignored","floor":11.0,"gold_loss":0.0,"damage_taken":0.0},{"damage_healed":0,"gold_gain":0,"player_choice":"Ignored","damage_taken":0,"max_hp_gain":0,"max_hp_loss":0,"event_name":"N\u0027loth","floor":20,"gold_loss":0}],"is_beta":false,"boss_relics":[{"not_picked":["Fusion Hammer","White Beast Statue"],"picked":"Black Star"}],"items_purged_floors":[],"is_endless":false,"potions_floor_spawned":[4,6,14,16],"killed_by":"3 Byrds","ascension_level":20}