{"gold_per_floor":[367,384,384,395,11,11,36,48,102,23,52,62,62,81,81,183,183,198,212,212,4,19,19,33,65,65,65,65,65,164,178,178,278,278,294,294,313,31,44,44,61,61,61,96,96,96,96,116,116,116],"floor_reached":51,"playtime":1677,"items_purged":["Strike_B","Strike_B","Defend_B"],"score":722,"play_id":"3d35f087-6b79-47e9-b620-5df83949a574","local_time":"20190619002144","is_ascension_mode":false,"campfire_choices":[{"data":"Defragment","floor":6.0,"key":"SMITH"},{"data":"Capacitor","floor":13.0,"key":"SMITH"},{"data":"Defragment","floor":15.0,"key":"SMITH"},{"data":"Blizzard","floor":23.0,"key":"SMITH"},{"data":"Coolheaded","floor":27.0,"key":"SMITH"},{"data":"Heatsinks","floor":29.0,"key":"SMITH"},{"data":"Hologram","floor":32.0,"key":"SMITH"},{"data":"Storm","floor":40,"key":"SMITH"},{"data":"Dualcast","floor":42,"key":"SMITH"},{"data":"White Noise","floor":45,"key":"SMITH"},{"data":"Discovery","floor":49,"key":"SMITH"}],"neow_cost":"TEN_PERCENT_HP_LOSS","seed_source_timestamp":50216930306262,"circlet_count":0,"master_deck":["Strike_B+1","Strike_B+1","Defend_B+1","Defend_B","Defend_B+1","Zap+1","Dualcast+1","Defragment+1","Ball Lightning+1","Cold Snap","Heatsinks+1","Capacitor+1","Defragment+1","Glacier","Core Surge","White Noise","Blizzard+1","Coolheaded+1","Hologram+1","Machine Learning","Go for the Eyes+1","White Noise+1","Storm+1","Secret Technique","Discovery+1","Reinforced Body+1"],"special_seed":0,"relics":["Cracked Core","Bird Faced Urn","Pantograph","Whetstone","Odd Mushroom","Busted Crown","War Paint","DataDisk","Bottled Tornado","Runic Pyramid","Omamori","Strawberry"],"potions_floor_usage":[50,50,50,50],"damage_taken":[{"damage":0.0,"enemies":"Small Slimes","floor":1.0,"turns":4.0},{"damage":0.0,"enemies":"2 Louse","floor":2.0,"turns":2.0},{"damage":6.0,"enemies":"Jaw Worm","floor":4.0,"turns":2.0},{"damage":14.0,"enemies":"Lagavulin","floor":7.0,"turns":6.0},{"damage":2.0,"enemies":"Looter","floor":8.0,"turns":3.0},{"damage":14.0,"enemies":"The Mushroom Lair","floor":11.0,"turns":4.0},{"damage":5.0,"enemies":"Exordium Thugs","floor":12.0,"turns":6.0},{"damage":15.0,"enemies":"2 Fungi Beasts","floor":14.0,"turns":3.0},{"damage":26.0,"enemies":"Hexaghost","floor":16.0,"turns":8.0},{"damage":0.0,"enemies":"Spheric Guardian","floor":18.0,"turns":5.0},{"damage":12.0,"enemies":"3 Byrds","floor":19.0,"turns":5.0},{"damage":15.0,"enemies":"Centurion and Healer","floor":22.0,"turns":6.0},{"damage":5.0,"enemies":"Cultist and Chosen","floor":24.0,"turns":6.0},{"damage":19.0,"enemies":"Book of Stabbing","floor":25.0,"turns":6.0},{"damage":0.0,"enemies":"Sentry and Sphere","floor":31.0,"turns":4.0},{"damage":7.0,"enemies":"Automaton","floor":33.0,"turns":7.0},{"damage":23,"enemies":"3 Darklings","floor":35,"turns":5},{"damage":8,"enemies":"3 Shapes","floor":37,"turns":4},{"damage":0,"enemies":"Writhing Mass","floor":39,"turns":5},{"damage":27,"enemies":"Jaw Worm Horde","floor":41,"turns":5},{"damage":40,"enemies":"Reptomancer","floor":44,"turns":4},{"damage":0,"enemies":"Spire Growth","floor":48,"turns":3},{"damage":37,"enemies":"Donu and Deca","floor":50,"turns":8}],"seed_played":"-8631542485837929158","potions_obtained":[{"floor":1.0,"key":"FocusPotion"},{"floor":2.0,"key":"EssenceOfSteel"},{"floor":11.0,"key":"SneckoOil"},{"floor":14.0,"key":"EntropicBrew"},{"floor":22.0,"key":"Ancient Potion"}],"is_trial":false,"path_per_floor":["M","M","?","M","$","R","E","M","T","$","?","M","R","M","R","B",null,"M","M","?","$","M","R","M","E","T","R","T","R","?","M","R","B",null,"M","?","M","$","M","R","M","R","T","E","R","$","?","M","R","B",null],"character_chosen":"DEFECT","items_purchased":["Bird Faced Urn","Capacitor","White Noise","Blizzard","White Noise","Storm"],"campfire_rested":0,"item_purchase_floors":[5,10,21,21,38,38],"current_hp_per_floor":[68,68,54,48,48,48,36,38,38,38,30,33,33,26,26,33,68,68,60,60,60,55,55,60,51,51,51,51,51,51,61,61,61,68,51,51,55,55,68,68,57,57,57,40,40,40,30,48,48,50],"gold":116,"neow_bonus":"TWO_FIFTY_GOLD","is_prod":false,"is_daily":false,"chose_seed":false,"campfire_upgraded":11,"win_rate":0,"timestamp":1560874904,"path_taken":["M","M","?","M","$","R","E","M","T","$","?","M","R","M","R","BOSS","M","M","?","$","M","R","M","E","T","R","?","R","?","M","R","BOSS","M","?","M","$","M","R","M","R","T","E","R","$","?","M","R","BOSS"],"build_version":"2019-01-23","purchased_purges":3,"victory":true,"max_hp_per_floor":[68,68,68,68,68,68,68,68,68,68,68,68,68,68,68,68,68,68,68,68,68,68,68,68,68,68,68,68,68,68,68,68,68,68,68,68,68,68,68,68,68,68,68,75,75,75,75,75,75,75],"card_choices":[{"not_picked":["Chill","Rebound"],"picked":"Defragment","floor":1.0},{"not_picked":["Double Energy","Steam"],"picked":"Ball Lightning","floor":2.0},{"not_picked":["Aggregate","Force Field"],"picked":"Cold Snap","floor":4.0},{"not_picked":["Rebound","Ball Lightning"],"picked":"Heatsinks","floor":7.0},{"not_picked":["Conserve Battery","Turbo","Beam Cell"],"picked":"SKIP","floor":8.0},{"not_picked":["Meteor Strike","Streamline"],"picked":"Defragment","floor":11.0},{"not_picked":["Lockon","Barrage","Blizzard"],"picked":"SKIP","floor":12.0},{"not_picked":["Beam Cell","Coolheaded"],"picked":"Glacier","floor":14.0},{"not_picked":["Seek","Multi-Cast"],"picked":"Core Surge","floor":16.0},{"not_picked":["Gash"],"picked":"SKIP","floor":18.0},{"not_picked":["Turbo"],"picked":"SKIP","floor":19.0},{"not_picked":[],"picked":"Coolheaded","floor":22.0},{"not_picked":["Conserve Battery"],"picked":"SKIP","floor":24.0},{"not_picked":["Go for the Eyes"],"picked":"SKIP","floor":25.0},{"not_picked":[],"picked":"Hologram","floor":31.0},{"not_picked":[],"picked":"Machine Learning","floor":33.0},{"not_picked":["Go for the Eyes"],"picked":"SKIP","floor":35},{"not_picked":[],"picked":"Go for the Eyes+1","floor":37},{"not_picked":["Undo"],"picked":"SKIP","floor":39},{"not_picked":["Fusion+1"],"picked":"SKIP","floor":41},{"not_picked":["Compile Driver+1"],"picked":"SKIP","floor":44},{"not_picked":[],"picked":"Secret Technique","floor":47},{"not_picked":[],"picked":"Discovery","floor":47},{"not_picked":[],"picked":"Reinforced Body+1","floor":48}],"player_experience":5429445,"relics_obtained":[{"floor":7.0,"key":"Pantograph"},{"floor":9.0,"key":"Whetstone"},{"floor":11.0,"key":"Odd Mushroom"},{"floor":25.0,"key":"War Paint"},{"floor":26.0,"key":"DataDisk"},{"floor":28.0,"key":"Bottled Tornado"},{"floor":43,"key":"Omamori"},{"floor":44,"key":"Strawberry"}],"event_choices":[{"damage_healed":0.0,"max_hp_gain":0.0,"max_hp_loss":0.0,"gold_gain":0.0,"event_name":"Shining Light","player_choice":"Entered Light","floor":3.0,"gold_loss":0.0,"damage_taken":14.0,"cards_upgraded":["Defend_B","Strike_B"]},{"damage_healed":0.0,"max_hp_gain":0.0,"max_hp_loss":0.0,"gold_gain":0.0,"event_name":"Mushrooms","player_choice":"Fought Mushrooms","floor":11.0,"gold_loss":0.0,"damage_taken":0.0},{"damage_healed":0.0,"max_hp_gain":0.0,"max_hp_loss":0.0,"gold_gain":0.0,"event_name":"Cursed Tome","player_choice":"Ignored","floor":20.0,"gold_loss":0.0,"damage_taken":0.0},{"damage_healed":0.0,"max_hp_gain":0.0,"max_hp_loss":0.0,"gold_gain":99.0,"event_name":"Nest","player_choice":"Stole From Cult","floor":30.0,"gold_loss":0.0,"damage_taken":0.0},{"damage_healed":0,"gold_gain":0,"player_choice":"Ignored","damage_taken":0,"max_hp_gain":0,"max_hp_loss":0,"event_name":"Tomb of Lord Red Mask","floor":36,"gold_loss":0},{"damage_healed":0,"gold_gain":0,"player_choice":"Memory 3","damage_taken":10,"max_hp_gain":0,"max_hp_loss":0,"event_name":"SensoryStone","floor":47,"gold_loss":0}],"is_beta":false,"boss_relics":[{"not_picked":["FrozenCore","White Beast Statue"],"picked":"Busted Crown"},{"not_picked":["Pandora\u0027s Box","Nuclear Battery"],"picked":"Runic Pyramid"}],"items_purged_floors":[5,21,38],"is_endless":false,"potions_floor_spawned":[1,2,11,14,16,18,22,24,35,41,44,48],"ascension_level":0}