{"gold_per_floor":[17,28,39,53,53,53,64,74,74,74,74,107,122,122,135,151,151,225,225,235,63,74,74,74,91,91,91,111,124,124,196,223,223,223,148,148,222,222,234,244,294,305,317,317,345,15,63,75,95,95,114,127,127,127,127,127,127,27,59,59],"floor_reached":61,"playtime":4179,"items_purged":["Strike_G","Defend_G"],"score":2668,"play_id":"01e04abd-41ee-47cc-91c2-83234530b3e6","local_time":"20190321154032","is_ascension_mode":true,"campfire_choices":[{"data":"Deadly Poison","floor":6.0,"key":"SMITH"},{"data":"Bouncing Flask","floor":14.0,"key":"SMITH"},{"data":"Malaise","floor":17.0,"key":"SMITH"},{"data":"Night Terror","floor":27.0,"key":"SMITH"},{"data":"Ghostly","floor":36.0,"key":"SMITH"},{"data":"Expertise","floor":44.0,"key":"SMITH"},{"data":"Wraith Form v2","floor":50.0,"key":"SMITH"},{"floor":53.0,"key":"RECALL"},{"data":"Catalyst","floor":57.0,"key":"SMITH"}],"neow_cost":"NO_GOLD","seed_source_timestamp":9959095337161,"circlet_count":0,"master_deck":["AscendersBane","Defend_G+1","Defend_G","Defend_G+1","Defend_G","Strike_G+1","Survivor","Neutralize","Chrysalis+1","Sadistic Nature+1","Deadly Poison+1","Escape Plan","ReplayTheSpireMod:Speed Training","Bouncing Flask+1","Malaise+1","Night Terror+1","Well Laid Plans+1","Sneak Up+1","Backflip+1","Backflip","Concentrate","Ghostly+1","Ghostly","Ghostly","Poison Darts","Wraith Form v2+1","Terror+1","Toxin Wave+1","Corpse Explosion+1","Expertise+1","ReplayTheSpireMod:Tripwire+1","Catalyst+1","Sneak Up"],"special_seed":0,"relics":["Ring of the Snake","Snack Pack","Whetstone","ChewingGum","Guide Book","Sundial","ReplayTheSpireMod:Bottled Flurry","Pantograph","Astrolabe","Simple Rune","Byrd Skull","Basket Of Snakes"],"potions_floor_usage":[60],"damage_taken":[{"damage":28.0,"enemies":"Cultist","floor":1.0,"turns":6.0},{"damage":4.0,"enemies":"Jaw Worm","floor":2.0,"turns":5.0},{"damage":1.0,"enemies":"Small Slimes","floor":3.0,"turns":3.0},{"damage":0.0,"enemies":"Gremlin Gang","floor":4.0,"turns":5.0},{"damage":13.0,"enemies":"Lots of Slimes","floor":7.0,"turns":5.0},{"damage":9.0,"enemies":"Large Slime","floor":8.0,"turns":5.0},{"damage":9.0,"enemies":"Erikyupuro","floor":12.0,"turns":11.0},{"damage":4.0,"enemies":"Blue Slaver","floor":13.0,"turns":3.0},{"damage":0.0,"enemies":"Looter","floor":15.0,"turns":2.0},{"damage":0.0,"enemies":"2 Fungi Beasts","floor":16.0,"turns":4.0},{"damage":5.0,"enemies":"Hexaghost","floor":18.0,"turns":7.0},{"damage":0.0,"enemies":"Spheric Guardian","floor":20.0,"turns":3.0},{"damage":1.0,"enemies":"Chosen","floor":22.0,"turns":4.0},{"damage":7.0,"enemies":"Centurion and Healer","floor":25.0,"turns":6.0},{"damage":22.0,"enemies":"Shelled Parasite and Fungi","floor":28.0,"turns":5.0},{"damage":3.0,"enemies":"Snake Plant","floor":29.0,"turns":4.0},{"damage":0.0,"enemies":"Replay:Snechameleon","floor":32.0,"turns":7.0},{"damage":14.0,"enemies":"Champ","floor":37.0,"turns":11.0},{"damage":1.0,"enemies":"3 Darklings","floor":39.0,"turns":5.0},{"damage":2.0,"enemies":"3 Shapes","floor":40.0,"turns":6.0},{"damage":1.0,"enemies":"Jaw Worm Horde","floor":42.0,"turns":5.0},{"damage":1.0,"enemies":"Transient","floor":43.0,"turns":6.0},{"damage":15.0,"enemies":"Nemesis","floor":45.0,"turns":11.0},{"damage":0.0,"enemies":"Maw","floor":48.0,"turns":8.0},{"damage":0.0,"enemies":"3 Darklings","floor":49.0,"turns":4.0},{"damage":0.0,"enemies":"4 Shapes","floor":51.0,"turns":4.0},{"damage":0.0,"enemies":"Spire Growth","floor":52.0,"turns":5.0},{"damage":33.0,"enemies":"Awakened One","floor":54.0,"turns":24.0},{"damage":6.0,"enemies":"Time Eater","floor":55.0,"turns":10.0},{"damage":13.0,"enemies":"Shield and Spear","floor":59.0,"turns":8.0},{"damage":32,"enemies":"The Heart","floor":60,"turns":7}],"seed_played":"-1174489524903345606","potions_obtained":[{"floor":3.0,"key":"GamblersBrew"},{"floor":4.0,"key":"Regen Potion"},{"floor":8.0,"key":"Poison Potion"},{"floor":16.0,"key":"Venom Potion"},{"floor":18.0,"key":"Poison Potion"},{"floor":29.0,"key":"Regen Potion"},{"floor":37.0,"key":"AttackPotion"},{"floor":45.0,"key":"LifebloodPotion"},{"floor":59.0,"key":"FearPotion"}],"is_trial":false,"path_per_floor":["M","M","M","M","?","R","M","M","T","PTL","PTL","E","M","R","M","M","R","B",null,"M","$","M","PTL","PTL","M","?","R","M","M","T","T","E","?","?","$","R","B",null,"M","M","?","M","M","R","E","$","T","M","M","R","M","M","R","B","B",null,"R","$","E","B",null],"character_chosen":"THE_SILENT","items_purchased":["Guide Book","Byrd Skull"],"campfire_rested":0,"item_purchase_floors":[21,46],"current_hp_per_floor":[31,27,26,26,26,26,28,19,19,19,19,12,8,8,8,8,8,5,51,53,53,54,54,54,47,47,47,25,22,22,22,37,33,33,33,33,21,30,29,27,27,26,25,25,10,10,10,10,10,10,10,10,10,8,27,32,32,32,19,1],"gold":59,"neow_bonus":"RANDOM_COLORLESS_2","is_prod":false,"is_daily":false,"chose_seed":false,"campfire_upgraded":8,"win_rate":0,"timestamp":1553154032,"path_taken":["M","M","M","?","?","R","M","M","T","PTL","PTL","E","?","R","M","M","R","BOSS","M","$","M","PTL","PTL","M","?","R","M","M","T","?","E","?","?","$","R","BOSS","M","?","?","M","?","R","E","?","T","M","M","R","M","M","R","BOSS","BOSS","R","$","E","BOSS"],"build_version":"2019-01-23","purchased_purges":2,"victory":true,"max_hp_per_floor":[66,66,66,66,66,66,66,66,66,66,66,66,66,66,66,66,66,66,66,66,66,66,66,66,66,66,66,66,66,66,66,66,33,33,33,33,33,33,33,33,33,33,33,33,33,33,33,33,33,33,33,33,33,33,33,33,33,33,33,33],"card_choices":[{"not_picked":["Flechettes","Outmaneuver"],"picked":"Dagger Throw","floor":1.0},{"not_picked":["Cloak And Dagger","Outmaneuver"],"picked":"Deadly Poison","floor":2.0},{"not_picked":["Quick Slash","Masterful Stab"],"picked":"Deadly Poison","floor":3.0},{"not_picked":["Crippling Poison","Doppelganger","Outmaneuver"],"picked":"SKIP","floor":4.0},{"not_picked":["Underhanded Strike","Dodge and Roll","Dagger Throw"],"picked":"SKIP","floor":7.0},{"not_picked":["Quick Slash","Deflect"],"picked":"Escape Plan","floor":8.0},{"not_picked":["Sucker Punch","Heel Hook"],"picked":"ReplayTheSpireMod:Speed Training","floor":12.0},{"not_picked":["Skewer","Underhanded Strike"],"picked":"Bouncing Flask","floor":13.0},{"not_picked":["All Out Attack","Crippling Poison","Deflect"],"picked":"SKIP","floor":15.0},{"not_picked":["Finisher","Bane"],"picked":"Malaise","floor":16.0},{"not_picked":["Tools of the Trade","Envenom"],"picked":"Night Terror","floor":18.0},{"not_picked":["Riddle With Holes","Dash+1"],"picked":"Well Laid Plans+1","floor":20.0},{"not_picked":["Quick Slash","Bouncing Flask"],"picked":"Sneak Up+1","floor":22.0},{"not_picked":["ReplayTheSpireMod:Shiv Toss","Skewer","Slice"],"picked":"SKIP","floor":25.0},{"not_picked":["Poisoned Stab","Sucker Punch"],"picked":"Backflip+1","floor":28.0},{"not_picked":["Endless Agony","Concentrate"],"picked":"Backflip","floor":29.0},{"not_picked":["Predator","Slice"],"picked":"Concentrate","floor":32.0},{"not_picked":["Storm of Steel","Envenom"],"picked":"Wraith Form v2","floor":37.0},{"not_picked":["Flechettes","Deadly Poison+1","Slice"],"picked":"SKIP","floor":39.0},{"not_picked":["Eviscerate","Deadly Poison","Crippling Poison"],"picked":"SKIP","floor":40.0},{"not_picked":["Prepared+1","Dagger Spray+1","Underhanded Strike"],"picked":"SKIP","floor":42.0},{"not_picked":["Poisoned Stab","Expertise","Footwork+1"],"picked":"SKIP","floor":43.0},{"not_picked":["Poisoned Stab","Footwork+1"],"picked":"Expertise","floor":43.0},{"not_picked":["ReplayTheSpireMod:From All Sides","Dagger Throw+1","Riddle With Holes"],"picked":"SKIP","floor":45.0},{"not_picked":["Dagger Throw","Endless Agony","Footwork"],"picked":"SKIP","floor":48.0},{"not_picked":["Underhanded Strike+1","Dagger Throw"],"picked":"ReplayTheSpireMod:Tripwire+1","floor":49.0},{"not_picked":["Concentrate","Prepared+1"],"picked":"Catalyst","floor":51.0},{"not_picked":["Acrobatics","Choke","Fluid Movement"],"picked":"SKIP","floor":52.0},{"not_picked":["Calculated Gamble","Sucker Punch+1"],"picked":"Sneak Up","floor":59.0}],"player_experience":3761795,"relics_obtained":[{"floor":9.0,"key":"Snack Pack"},{"floor":12.0,"key":"Whetstone"},{"floor":30.0,"key":"Sundial"},{"floor":31.0,"key":"ReplayTheSpireMod:Bottled Flurry"},{"floor":32.0,"key":"Pantograph"},{"floor":45.0,"key":"Simple Rune"},{"floor":59.0,"key":"Basket Of Snakes"}],"event_choices":[{"cards_removed":["Strike_G"],"damage_healed":0.0,"max_hp_gain":0.0,"max_hp_loss":0.0,"gold_gain":0.0,"event_name":"Purifier","player_choice":"Purged","floor":5.0,"gold_loss":0.0,"damage_taken":0.0},{"damage_healed":0.0,"max_hp_gain":0.0,"max_hp_loss":0.0,"gold_gain":0.0,"event_name":"Cursed Tome","player_choice":"Ignored","floor":26.0,"gold_loss":0.0,"damage_taken":0.0},{"damage_healed":0.0,"max_hp_gain":0.0,"max_hp_loss":33.0,"gold_gain":0.0,"event_name":"Ghosts","player_choice":"Became a Ghost","floor":33.0,"gold_loss":0.0,"damage_taken":0.0,"cards_obtained":["Ghostly","Ghostly","Ghostly"]},{"damage_healed":0.0,"max_hp_gain":0.0,"max_hp_loss":0.0,"gold_gain":0.0,"cards_transformed":["Strike_G"],"event_name":"Transmorgrifier","player_choice":"Transformed","floor":34.0,"gold_loss":0.0,"damage_taken":0.0,"cards_obtained":["Poison Darts"]},{"damage_healed":0.0,"max_hp_gain":0.0,"max_hp_loss":0.0,"gold_gain":50.0,"event_name":"Golden Shrine","player_choice":"Pray","floor":41.0,"gold_loss":0.0,"damage_taken":0.0}],"is_beta":false,"boss_relics":[{"not_picked":["Kintsugi","Snecko Eye"],"picked":"ChewingGum"},{"not_picked":["Eternal Feather","Tiny House"],"picked":"Astrolabe"}],"items_purged_floors":[35,58],"is_endless":false,"potions_floor_spawned":[3,4,8,16,18,25,29,37,39,43,45,49,59],"ascension_level":20}