{"gold_per_floor":[216,216,141,151,170,184,184,218,242,259,259,259,259,259],"floor_reached":14,"playtime":327,"items_purged":["Strike_B"],"score":180,"play_id":"30244a65-4dfc-452c-8ff9-e9454faa1c1d","local_time":"20190401184211","is_ascension_mode":true,"campfire_choices":[{"data":"Zap","floor":7,"key":"SMITH"},{"data":"Dualcast","floor":12,"key":"SMITH"}],"neow_cost":"NONE","seed_source_timestamp":23921572883689,"circlet_count":0,"master_deck":["AscendersBane","Strike_B+1","Strike_B+1","Strike_B","Defend_B","Defend_B","Defend_B","Defend_B+1","Zap+1","Dualcast+1","Conserve Battery","Self Repair","FTL","Hologram+1","Glacier"],"relics":["Cracked Core","Regal Pillow","Whetstone","Pen Nib","Dodecahedron"],"potions_floor_usage":[8,14],"damage_taken":[{"damage":7,"enemies":"Jaw Worm","floor":1,"turns":3},{"damage":2,"enemies":"Cultist","floor":4,"turns":4},{"damage":1,"enemies":"2 Louse","floor":5,"turns":2},{"damage":30,"enemies":"Large Slime","floor":6,"turns":7},{"damage":16,"enemies":"Lagavulin","floor":8,"turns":7},{"damage":4,"enemies":"Blue Slaver","floor":10,"turns":3},{"damage":29,"enemies":"Gremlin Nob","floor":14,"turns":3}],"seed_played":"-2071697263541508617","potions_obtained":[{"floor":5,"key":"Regen Potion"},{"floor":6,"key":"Fire Potion"},{"floor":10,"key":"Regen Potion"}],"is_trial":false,"path_per_floor":["M","?","$","M","M","M","R","E","T","M","?","R","?","E"],"character_chosen":"DEFECT","items_purchased":[],"campfire_rested":0,"item_purchase_floors":[],"current_hp_per_floor":[57,57,57,55,54,31,31,37,37,40,35,35,14,0],"gold":259,"neow_bonus":"HUNDRED_GOLD","is_prod":false,"is_daily":false,"chose_seed":false,"campfire_upgraded":2,"win_rate":0,"timestamp":1554115331,"path_taken":["M","?","$","?","M","M","R","E","T","M","?","R","?","E"],"build_version":"2019-01-23","purchased_purges":1,"victory":false,"max_hp_per_floor":[71,71,71,71,71,71,71,71,71,71,71,71,71,71],"card_choices":[{"not_picked":["Turbo","Rebound"],"picked":"Ball Lightning","floor":1},{"not_picked":["Go for the Eyes","Sweeping Beam"],"picked":"Conserve Battery","floor":4},{"not_picked":["Cold Snap","Barrage"],"picked":"Self Repair","floor":5},{"not_picked":["Go for the Eyes","Machine Learning"],"picked":"FTL","floor":6},{"not_picked":["Lockon","Sweeping Beam"],"picked":"Hologram","floor":8},{"not_picked":["Stack","Streamline"],"picked":"Glacier","floor":10}],"player_experience":3985231,"relics_obtained":[{"floor":8,"key":"Whetstone"},{"floor":9,"key":"Pen Nib"}],"event_choices":[{"cards_removed":["Ball Lightning"],"damage_healed":0,"gold_gain":0,"player_choice":"Gave Card","damage_taken":0,"relics_obtained":["Regal Pillow"],"max_hp_gain":0,"max_hp_loss":0,"event_name":"WeMeetAgain","floor":2,"gold_loss":0},{"damage_healed":0,"gold_gain":0,"player_choice":"Success","damage_taken":5,"relics_obtained":["Dodecahedron"],"max_hp_gain":0,"max_hp_loss":0,"event_name":"Scrap Ooze","floor":11,"gold_loss":0},{"damage_healed":0,"gold_gain":0,"player_choice":"Entered Light","damage_taken":21,"max_hp_gain":0,"max_hp_loss":0,"event_name":"Shining Light","floor":13,"gold_loss":0,"cards_upgraded":["Hologram","Defend_B"]}],"is_beta":false,"boss_relics":[],"items_purged_floors":[3],"is_endless":false,"potions_floor_spawned":[5,6,10],"killed_by":"Gremlin Nob","ascension_level":20}