{"gold_per_floor":[111,123,43,43,54,54,74,74,127,127,52,52,75,34,34,108,108,124,141,41,61,73,73,73,73,96,121,133,145,157,169,181,264,276,306,112,122,0,0,31,31,47,99,99,126,126,126,145,145,145,145],"floor_reached":51,"playtime":3332,"items_purged":["Strike_G","Strike_G"],"score":1532,"play_id":"9bb3963f-ec3d-4d9e-a6df-4372b7b1167f","local_time":"20190218134143","is_ascension_mode":true,"campfire_choices":[{"data":"Well Laid Plans","floor":6.0,"key":"SMITH"},{"data":"Cloak And Dagger","floor":8.0,"key":"SMITH"},{"data":"Bouncing Flask","floor":10.0,"key":"SMITH"},{"data":"Well Laid Plans","floor":15.0,"key":"SMITH"},{"data":"Neutralize","floor":23.0,"key":"SMITH"},{"floor":25.0,"key":"REST"},{"floor":28.0,"key":"REST"},{"floor":30.0,"key":"REST"},{"data":"Footwork","floor":32.0,"key":"SMITH"},{"floor":41.0,"key":"REST"},{"floor":44.0,"key":"RECALL"},{"data":"Apotheosis","floor":46.0,"key":"SMITH"},{"floor":49.0,"key":"REST"}],"neow_cost":"NONE","seed_source_timestamp":16824417117977,"circlet_count":0,"master_deck":["AscendersBane","Defend_G","Defend_G","Defend_G","Defend_G","Strike_G","Strike_G","Survivor","Neutralize+1","Clumsy","Decay","Regret","Bouncing Flask+1","Dash","Well Laid Plans+1","Cloak And Dagger+1","Well Laid Plans+1","Storm of Steel","Calculated Gamble","Distraction","Well Laid Plans","Footwork+1","Adrenaline","Apotheosis+1","Corpse Explosion","After Image","Tactician","Injury","Calculated Gamble","Writhe","Burst"],"special_seed":0,"relics":["Calling Bell","Orichalcum","Blue Candle","Dead Branch","Runic Dome","Enchiridion","MawBank","Nloth\u0027s Gift","Cursed Key","Red Mask","Regal Pillow","Snake Skull","Bottled Flame"],"potions_floor_usage":[51],"damage_taken":[{"damage":2.0,"enemies":"Cultist","floor":1.0,"turns":4.0},{"damage":3.0,"enemies":"Small Slimes","floor":2.0,"turns":3.0},{"damage":1.0,"enemies":"Jaw Worm","floor":5.0,"turns":6.0},{"damage":7.0,"enemies":"Gremlin Gang","floor":7.0,"turns":7.0},{"damage":2.0,"enemies":"Slime Boss","floor":16.0,"turns":7.0},{"damage":13.0,"enemies":"Shell Parasite","floor":18.0,"turns":6.0},{"damage":1.0,"enemies":"Spheric Guardian","floor":19.0,"turns":5.0},{"damage":13.0,"enemies":"Snake Plant","floor":21.0,"turns":6.0},{"damage":6.0,"enemies":"Sentry and Sphere","floor":22.0,"turns":5.0},{"damage":18.0,"enemies":"Centurion and Healer","floor":27.0,"turns":6.0},{"damage":41.0,"enemies":"Collector","floor":33.0,"turns":9.0},{"damage":4.0,"enemies":"Orb Walker","floor":35.0,"turns":4.0},{"damage":2.0,"enemies":"3 Darklings","floor":37.0,"turns":5.0},{"damage":34.0,"enemies":"Nemesis","floor":40.0,"turns":9.0},{"damage":2.0,"enemies":"4 Shapes","floor":42.0,"turns":5.0},{"damage":4.0,"enemies":"Reptomancer","floor":45.0,"turns":6.0},{"damage":10.0,"enemies":"Jaw Worm Horde","floor":48.0,"turns":3.0},{"damage":28,"enemies":"Time Eater","floor":50,"turns":15},{"damage":40,"enemies":"Awakened One","floor":51,"turns":3}],"seed_played":"7412005159347564128","potions_obtained":[{"floor":1.0,"key":"Block Potion"},{"floor":7.0,"key":"SteroidPotion"},{"floor":16.0,"key":"Swift Potion"},{"floor":18.0,"key":"PowerPotion"},{"floor":27.0,"key":"Block Potion"},{"floor":33.0,"key":"GamblersBrew"},{"floor":40.0,"key":"LiquidBronze"},{"floor":45.0,"key":"EssenceOfSteel"}],"is_trial":false,"path_per_floor":["M","M","$","?","M","R","M","R","T","R","$","?","T","$","R","B",null,"M","M","$","M","M","R","?","R","T","M","R","?","R","?","R","B",null,"M","$","M","?","?","E","R","M","T","R","E","R","?","M","R","B","B"],"character_chosen":"THE_SILENT","items_purchased":["Well Laid Plans","Well Laid Plans","Apotheosis"],"campfire_rested":5,"item_purchase_floors":[3,14,36],"current_hp_per_floor":[57,54,54,54,53,53,46,46,46,46,46,46,46,46,46,44,61,48,47,47,34,28,28,7,26,26,8,27,27,46,46,46,5,51,47,47,45,45,45,11,45,43,43,43,39,39,52,42,66,38,0],"gold":145,"neow_bonus":"BOSS_RELIC","is_prod":false,"is_daily":false,"chose_seed":false,"campfire_upgraded":7,"win_rate":0,"timestamp":1550468503,"path_taken":["M","M","$","?","?","R","M","R","T","R","?","?","?","$","R","BOSS","M","M","$","?","M","R","?","R","T","M","R","?","R","?","R","BOSS","M","$","M","?","?","E","R","M","T","R","E","R","?","M","R","BOSS","BOSS"],"build_version":"2019-01-23","purchased_purges":2,"victory":false,"max_hp_per_floor":[66,66,66,66,66,66,66,66,66,66,66,66,66,66,66,66,66,66,66,66,66,66,66,66,66,66,66,66,66,66,66,66,66,66,66,66,66,66,66,66,66,66,66,66,66,66,66,66,66,66,66],"card_choices":[{"not_picked":["Eviscerate","Deadly Poison"],"picked":"Bouncing Flask","floor":1.0},{"not_picked":["Reflex","Acrobatics"],"picked":"Dash","floor":2.0},{"not_picked":["Masterful Stab","PiercingWail","Outmaneuver"],"picked":"SKIP","floor":5.0},{"not_picked":["Dodge and Roll","Underhanded Strike"],"picked":"Cloak And Dagger","floor":7.0},{"not_picked":["Die Die Die","Envenom"],"picked":"Storm of Steel","floor":16.0},{"not_picked":["Cloak And Dagger","Blade Dance"],"picked":"Calculated Gamble","floor":18.0},{"not_picked":["PiercingWail","Prepared"],"picked":"Distraction","floor":19.0},{"not_picked":["Flying Knee","Finisher","Phantasmal Killer"],"picked":"SKIP","floor":21.0},{"not_picked":["Heel Hook","Deadly Poison"],"picked":"Well Laid Plans","floor":22.0},{"not_picked":["Blade Dance","Sucker Punch+1","Slice"],"picked":"SKIP","floor":27.0},{"not_picked":["Corpse Explosion","Venomology"],"picked":"Adrenaline","floor":33.0},{"not_picked":["Bane","Flying Knee","Cloak And Dagger"],"picked":"SKIP","floor":35.0},{"not_picked":["Slice","Flying Knee"],"picked":"Corpse Explosion","floor":37.0},{"not_picked":["Footwork+1","Well Laid Plans"],"picked":"After Image","floor":40.0},{"not_picked":["Prepared","Sucker Punch+1"],"picked":"Tactician","floor":42.0},{"not_picked":["Bane","Backflip"],"picked":"Calculated Gamble","floor":45.0},{"not_picked":["Skewer","Dash"],"picked":"Burst","floor":48.0}],"player_experience":2899589,"relics_obtained":[{"floor":0.0,"key":"Orichalcum"},{"floor":0.0,"key":"Blue Candle"},{"floor":0.0,"key":"Dead Branch"},{"floor":9.0,"key":"Potion Belt"},{"floor":24.0,"key":"Enchiridion"},{"floor":26.0,"key":"MawBank"},{"floor":40.0,"key":"Regal Pillow"},{"floor":43.0,"key":"Snake Skull"},{"floor":45.0,"key":"Bottled Flame"}],"event_choices":[{"cards_removed":["Strike_G"],"damage_healed":0.0,"max_hp_gain":0.0,"max_hp_loss":0.0,"gold_gain":0.0,"event_name":"Bonfire Elementals","player_choice":"Offered Basic","floor":4.0,"gold_loss":0.0,"damage_taken":0.0},{"damage_healed":0.0,"max_hp_gain":0.0,"max_hp_loss":0.0,"gold_gain":0.0,"event_name":"The Cleric","player_choice":"Leave","floor":12.0,"gold_loss":0.0,"damage_taken":0.0},{"damage_healed":0.0,"max_hp_gain":0.0,"max_hp_loss":0.0,"gold_gain":0.0,"event_name":"Cursed Tome","player_choice":"Obtained Book","floor":24.0,"gold_loss":0.0,"damage_taken":21.0},{"damage_healed":0.0,"max_hp_gain":0.0,"max_hp_loss":0.0,"gold_gain":0.0,"event_name":"The Library","player_choice":"Read","floor":29.0,"gold_loss":0.0,"damage_taken":0.0,"cards_obtained":["Footwork"]},{"damage_healed":0.0,"max_hp_gain":0.0,"max_hp_loss":0.0,"gold_gain":0.0,"event_name":"N\u0027loth","player_choice":"Traded Relic","floor":31.0,"relics_lost":["Potion Belt"],"gold_loss":0.0,"damage_taken":0.0,"relics_obtained":["Nloth\u0027s Gift"]},{"damage_healed":0.0,"max_hp_gain":0.0,"max_hp_loss":0.0,"gold_gain":0.0,"event_name":"Tomb of Lord Red Mask","player_choice":"Paid","floor":38.0,"gold_loss":122.0,"damage_taken":0.0,"relics_obtained":["Red Mask"]},{"cards_removed":["Defend_G"],"damage_healed":0.0,"max_hp_gain":0.0,"max_hp_loss":0.0,"gold_gain":0.0,"event_name":"Falling","player_choice":"Removed Skill","floor":39.0,"gold_loss":0.0,"damage_taken":0.0},{"damage_healed":13.0,"max_hp_gain":0.0,"max_hp_loss":0.0,"gold_gain":0.0,"event_name":"Winding Halls","player_choice":"Writhe","floor":47.0,"gold_loss":0.0,"damage_taken":0.0,"cards_obtained":["Writhe"]}],"is_beta":false,"boss_relics":[{"not_picked":["Tiny House","White Beast Statue"],"picked":"Runic Dome"},{"not_picked":["Busted Crown","Coffee Dripper"],"picked":"Cursed Key"}],"items_purged_floors":[11,20],"is_endless":false,"potions_floor_spawned":[1,7,16,18,27,33,40,45,48],"killed_by":"Awakened One","ascension_level":20}