{"gold_per_floor":[363,363,381,399,422,422,422,158,158,158,13,38,59,79,79,168,168,181,181,118,133,166,166,166,166,212,137,160,173,187,201,201,201],"floor_reached":33,"playtime":2099,"items_purged":["Injury","Strike_B","Strike_B","Strike_B"],"score":486,"play_id":"dc1d89d1-3243-4f3e-b519-6e6e8fdaac87","local_time":"20181111125058","is_ascension_mode":true,"campfire_choices":[{"floor":6.0,"key":"REST"},{"floor":10.0,"key":"REST"},{"floor":15.0,"key":"REST"},{"floor":23,"key":"REST"},{"floor":25,"key":"REST"},{"floor":32,"key":"REST"}],"neow_cost":"PERCENT_DAMAGE","seed_source_timestamp":5334019449730,"circlet_count":0,"master_deck":["AscendersBane","Defend_B","Defend_B","Defend_B","Defend_B","Zap","Dualcast","Consume","Ball Lightning","Reboot","Conserve Battery","Magnetism+1","Turbo","Sunder","Turbo","Electrodynamics+1","Coolheaded","Reinforced Body+1","Hello World+1","Chill","Seek","Go for the Eyes","Glacier","Hologram"],"special_seed":0,"relics":["Cracked Core","Golden Idol","Membership Card","Frozen Egg 2","Velvet Choker","Strawberry"],"potions_floor_usage":[16,16],"damage_taken":[{"damage":11.0,"enemies":"2 Louse","floor":1.0,"turns":2.0},{"damage":9.0,"enemies":"Jaw Worm","floor":3.0,"turns":3.0},{"damage":1.0,"enemies":"Cultist","floor":4.0,"turns":3.0},{"damage":11.0,"enemies":"Exordium Thugs","floor":5.0,"turns":4.0},{"damage":13.0,"enemies":"2 Fungi Beasts","floor":12.0,"turns":5.0},{"damage":20.0,"enemies":"3 Louse","floor":13.0,"turns":4.0},{"damage":1.0,"enemies":"Looter","floor":14.0,"turns":3.0},{"damage":47,"enemies":"Slime Boss","floor":16,"turns":7},{"damage":20,"enemies":"3 Byrds","floor":18,"turns":3},{"damage":6,"enemies":"Chosen","floor":21,"turns":5},{"damage":4,"enemies":"Centurion and Healer","floor":22,"turns":7},{"damage":19,"enemies":"Shelled Parasite and Fungi","floor":28,"turns":4},{"damage":8,"enemies":"3 Cultists","floor":29,"turns":3},{"damage":5,"enemies":"Snake Plant","floor":30,"turns":5},{"damage":0,"enemies":"Cultist and Chosen","floor":31,"turns":9},{"damage":89,"enemies":"Automaton","floor":33,"turns":10}],"seed_played":"-8714251071599008966","potions_obtained":[{"floor":1.0,"key":"FearPotion"},{"floor":4.0,"key":"Block Potion"},{"floor":12.0,"key":"Dexterity Potion"},{"floor":13.0,"key":"Poison Potion"},{"floor":18,"key":"FearPotion"},{"floor":30,"key":"SteroidPotion"}],"is_trial":false,"path_per_floor":["M","?","M","M","M","R","?","$","T","R","$","M","M","M","R","B",null,"M","?","$","M","M","R","?","R","T","$","M","M","M","M","R","B"],"character_chosen":"DEFECT","items_purchased":["Membership Card","Magnetism+1"],"campfire_rested":6,"item_purchase_floors":[8,11],"current_hp_per_floor":[35,35,26,25,14,35,40,40,40,62,62,49,29,28,50,3,58,38,38,38,32,28,50,50,72,79,79,60,52,47,47,71,0],"gold":201,"neow_bonus":"TWO_FIFTY_GOLD","is_prod":false,"is_daily":false,"chose_seed":false,"campfire_upgraded":0,"win_rate":0,"timestamp":1541911858,"path_taken":["M","?","M","M","M","R","?","$","T","R","?","M","M","M","R","BOSS","M","?","$","?","M","R","?","R","T","?","M","M","M","M","R","BOSS"],"build_version":"2018-11-08","purchased_purges":4,"victory":false,"max_hp_per_floor":[71,71,71,71,71,71,76,76,76,76,76,76,76,76,76,76,76,76,76,76,76,76,76,76,76,83,83,83,83,83,83,83,83],"card_choices":[{"not_picked":["Gash","Barrage"],"picked":"Consume","floor":1.0},{"not_picked":["Compile Driver","Sweeping Beam"],"picked":"Ball Lightning","floor":3.0},{"not_picked":["Streamline","Hello World"],"picked":"Reboot","floor":4.0},{"not_picked":["Steam","Tempest"],"picked":"Conserve Battery","floor":5.0},{"not_picked":["Coolheaded","Hologram"],"picked":"Turbo","floor":12.0},{"not_picked":["Go for the Eyes","Coolheaded"],"picked":"Sunder","floor":13.0},{"not_picked":["Gash","Redo"],"picked":"Turbo","floor":14.0},{"not_picked":["Rainbow","Thunder Strike"],"picked":"Electrodynamics+1","floor":16},{"not_picked":["Turbo","Beam Cell"],"picked":"Coolheaded","floor":18},{"not_picked":["Cold Snap","Hello World+1"],"picked":"Reinforced Body+1","floor":21},{"not_picked":["Stack","Leap"],"picked":"Hello World+1","floor":22},{"not_picked":["Doom and Gloom","Rebound","Redo"],"picked":"SKIP","floor":28},{"not_picked":["Beam Cell","Ball Lightning"],"picked":"Go for the Eyes","floor":29},{"not_picked":["Hologram","Skim"],"picked":"Glacier","floor":30},{"not_picked":["Gash","Steam"],"picked":"Hologram","floor":31}],"player_experience":973594,"relics_obtained":[{"floor":9.0,"key":"Frozen Egg 2"},{"floor":26,"key":"Strawberry"}],"event_choices":[{"damage_healed":0.0,"max_hp_gain":0.0,"max_hp_loss":0.0,"gold_gain":0.0,"event_name":"Golden Idol","player_choice":"Take Wound","floor":2.0,"gold_loss":0.0,"damage_taken":0.0,"relics_obtained":["Golden Idol"],"cards_obtained":["Injury"]},{"damage_healed":0.0,"max_hp_gain":5.0,"max_hp_loss":0.0,"gold_gain":0.0,"event_name":"Big Fish","player_choice":"Donut","floor":7.0,"gold_loss":0.0,"damage_taken":0.0},{"cards_removed":["Strike_B"],"damage_healed":0,"gold_gain":0,"player_choice":"Purged","damage_taken":0,"max_hp_gain":0,"max_hp_loss":0,"event_name":"Purifier","floor":19,"gold_loss":0},{"damage_healed":0,"gold_gain":0,"player_choice":"2 cards matched","damage_taken":0,"max_hp_gain":0,"max_hp_loss":0,"event_name":"Match and Keep!","floor":24,"gold_loss":0,"cards_obtained":["Chill","Seek"]}],"is_beta":false,"boss_relics":[{"not_picked":["Philosopher\u0027s Stone","Lizard Tail"],"picked":"Velvet Choker"}],"items_purged_floors":[8,11,20,27],"is_endless":false,"potions_floor_spawned":[1,4,12,13,18,30],"killed_by":"Automaton","ascension_level":20}