{"gold_per_floor":[110,16,16,16,31,31,64,64,88,129,141,166,196,232,244,333,345,345,270,270,270,270],"floor_reached":22,"playtime":676,"items_purged":[],"score":388,"play_id":"9e7d942e-a6f2-4c06-88c4-e0b30dd835ee","local_time":"20190205211533","is_ascension_mode":true,"campfire_choices":[{"data":"Dualcast","floor":6.0,"key":"SMITH"},{"data":"Zap","floor":8.0,"key":"SMITH"},{"data":"Self Repair","floor":11.0,"key":"SMITH"},{"data":"Beam Cell","floor":15.0,"key":"SMITH"}],"neow_cost":"TEN_PERCENT_HP_LOSS","seed_source_timestamp":24716525824170,"circlet_count":0,"master_deck":["AscendersBane","Strike_B","Strike_B","Strike_B","Defend_B","Defend_B","Defend_B","Defend_B","Zap+1","Dualcast+1","PanicButton","Purity","Ball Lightning","Ball Lightning","Self Repair+1","BootSequence","Self Repair","Ball Lightning","Beam Cell+1","Fission","Self Repair"],"special_seed":0,"relics":["Cracked Core","Bag of Preparation","MawBank","PreservedInsect","Odd Mushroom","Ectoplasm"],"potions_floor_usage":[21],"damage_taken":[{"damage":8.0,"enemies":"Small Slimes","floor":1.0,"turns":4.0},{"damage":11.0,"enemies":"2 Louse","floor":5.0,"turns":2.0},{"damage":40.0,"enemies":"3 Sentries","floor":7.0,"turns":7.0},{"damage":16.0,"enemies":"Lagavulin","floor":10.0,"turns":5.0},{"damage":0.0,"enemies":"Jaw Worm","floor":12.0,"turns":3.0},{"damage":9.0,"enemies":"Exordium Thugs","floor":13.0,"turns":4.0},{"damage":6.0,"enemies":"The Mushroom Lair","floor":14.0,"turns":4.0},{"damage":18.0,"enemies":"Slime Boss","floor":16.0,"turns":7.0},{"damage":33,"enemies":"Spheric Guardian","floor":18,"turns":5},{"damage":18,"enemies":"Chosen","floor":20,"turns":5},{"damage":41,"enemies":"3 Cultists","floor":21,"turns":6},{"damage":36,"enemies":"Centurion and Healer","floor":22,"turns":6}],"seed_played":"-4848797289263902985","potions_obtained":[{"floor":1.0,"key":"EssenceOfSteel"},{"floor":10.0,"key":"Fire Potion"},{"floor":14.0,"key":"Weak Potion"},{"floor":16.0,"key":"Fire Potion"},{"floor":21,"key":"SneckoOil"}],"is_trial":false,"path_per_floor":["M","$","?","$","M","R","E","R","T","E","R","M","M","?","R","B",null,"M","?","M","M","M"],"character_chosen":"DEFECT","items_purchased":["Ball Lightning","Self Repair"],"campfire_rested":0,"item_purchase_floors":[2,2],"current_hp_per_floor":[56,56,56,56,52,52,19,19,19,10,10,20,28,32,32,31,56,40,40,46,29,0],"gold":270,"neow_bonus":"RANDOM_COLORLESS_2","is_prod":false,"is_daily":false,"chose_seed":false,"campfire_upgraded":4,"win_rate":0,"timestamp":1549372533,"path_taken":["M","$","?","$","M","R","E","R","T","E","R","M","M","?","R","BOSS","M","?","M","M","M"],"build_version":"2019-01-23","purchased_purges":0,"victory":false,"max_hp_per_floor":[64,64,64,64,64,64,64,64,64,64,64,64,64,64,64,64,64,64,64,64,64,64],"card_choices":[{"not_picked":["Stack","Storm"],"picked":"Ball Lightning","floor":1.0},{"not_picked":["Rebound","Sweeping Beam","Scrape"],"picked":"SKIP","floor":5.0},{"not_picked":["Compile Driver","Rebound"],"picked":"BootSequence","floor":7.0},{"not_picked":["Storm","Rip and Tear","Aggregate"],"picked":"SKIP","floor":10.0},{"not_picked":["Hyperbeam","Redo"],"picked":"Self Repair","floor":12.0},{"not_picked":["Leap","Rip and Tear"],"picked":"Ball Lightning","floor":13.0},{"not_picked":["Turbo","Conserve Battery"],"picked":"Beam Cell","floor":14.0},{"not_picked":["Multi-Cast","Amplify"],"picked":"Fission","floor":16.0},{"not_picked":["Fusion","Leap"],"picked":"Self Repair","floor":18},{"not_picked":["Darkness","Sweeping Beam+1","Steam"],"picked":"SKIP","floor":20},{"not_picked":["Leap","Turbo","Rebound"],"picked":"SKIP","floor":21}],"player_experience":2549785,"relics_obtained":[{"floor":7.0,"key":"Bag of Preparation"},{"floor":9.0,"key":"MawBank"},{"floor":10.0,"key":"PreservedInsect"},{"floor":14.0,"key":"Odd Mushroom"}],"event_choices":[{"damage_healed":0.0,"max_hp_gain":0.0,"max_hp_loss":0.0,"gold_gain":0.0,"event_name":"The Cleric","player_choice":"Leave","floor":3.0,"gold_loss":0.0,"damage_taken":0.0},{"damage_healed":0.0,"max_hp_gain":0.0,"max_hp_loss":0.0,"gold_gain":0.0,"event_name":"Mushrooms","player_choice":"Fought Mushrooms","floor":14.0,"gold_loss":0.0,"damage_taken":0.0},{"cards_removed":["Strike_B"],"damage_healed":0,"gold_gain":0,"player_choice":"Gave Gold","damage_taken":0,"max_hp_gain":0,"max_hp_loss":0,"event_name":"Beggar","floor":19,"gold_loss":75}],"is_beta":false,"boss_relics":[{"not_picked":["Snecko Eye","Astrolabe"],"picked":"Ectoplasm"}],"items_purged_floors":[],"is_endless":false,"potions_floor_spawned":[1,10,14,16,21],"killed_by":"Centurion and Healer","ascension_level":20}