{"gold_per_floor":[110,130,10,10,20,20,32,32,56,119,119,133,158,158,158,158],"floor_reached":16,"playtime":347,"items_purged":["Strike_B"],"score":200,"play_id":"7f960ebf-14fa-4dd1-aeab-743d6429fc49","local_time":"20190506145858","is_ascension_mode":true,"campfire_choices":[{"data":"Loop","floor":6.0,"key":"SMITH"},{"data":"Hyperbeam","floor":8.0,"key":"SMITH"},{"data":"Chaos","floor":15,"key":"SMITH"}],"neow_cost":"NONE","seed_source_timestamp":23279947594185,"circlet_count":0,"master_deck":["AscendersBane","Strike_B","Strike_B","Strike_B","Defend_B","Defend_B","Defend_B","Defend_B","Zap","Dualcast","Cold Snap","Turbo","Loop+1","Ball Lightning","Hyperbeam+1","Chaos+1"],"special_seed":0,"relics":["Cracked Core","NeowsBlessing","Vajra","Omamori","Happy Flower","Art of War","Symbiotic Virus"],"potions_floor_usage":[13,16],"damage_taken":[{"damage":0.0,"enemies":"Cultist","floor":1.0,"turns":1.0},{"damage":0.0,"enemies":"Small Slimes","floor":2.0,"turns":1.0},{"damage":0.0,"enemies":"2 Louse","floor":5.0,"turns":1.0},{"damage":4.0,"enemies":"2 Fungi Beasts","floor":7.0,"turns":4.0},{"damage":20.0,"enemies":"Lagavulin Event","floor":10.0,"turns":5.0},{"damage":0.0,"enemies":"Exordium Thugs","floor":12.0,"turns":1.0},{"damage":9,"enemies":"Lagavulin","floor":13,"turns":7},{"damage":0,"enemies":"The Guardian","floor":16,"turns":2}],"seed_played":"-1555782995076027345","potions_obtained":[{"floor":2.0,"key":"SneckoOil"},{"floor":5.0,"key":"Weak Potion"},{"floor":7.0,"key":"Dexterity Potion"},{"floor":10.0,"key":"SkillPotion"}],"is_trial":false,"path_per_floor":["M","M","$","?","M","R","M","R","T","?","?","M","E","?","R","B"],"character_chosen":"DEFECT","items_purchased":["Loop"],"campfire_rested":0,"item_purchase_floors":[3],"current_hp_per_floor":[64,64,64,64,64,64,60,60,60,40,14,14,5,5,5,5],"gold":158,"neow_bonus":"THREE_ENEMY_KILL","is_prod":false,"is_daily":false,"chose_seed":false,"campfire_upgraded":3,"win_rate":0,"timestamp":1557125938,"path_taken":["M","?","$","?","M","R","M","R","T","?","?","M","E","?","R","BOSS"],"build_version":"2019-01-23","purchased_purges":1,"victory":false,"max_hp_per_floor":[71,71,71,71,71,71,71,71,71,71,71,71,71,71,71,71],"card_choices":[{"not_picked":["Sweeping Beam","Beam Cell"],"picked":"Cold Snap","floor":1.0},{"not_picked":["Cold Snap","Beam Cell"],"picked":"Turbo","floor":2.0},{"not_picked":["Coolheaded","Doom and Gloom"],"picked":"Ball Lightning","floor":5.0},{"not_picked":["Compile Driver","Cold Snap"],"picked":"Hyperbeam","floor":7.0},{"not_picked":["Turbo","Compile Driver","Beam Cell"],"picked":"SKIP","floor":12.0},{"not_picked":["Multi-Cast","FTL"],"picked":"Chaos","floor":13}],"player_experience":4616131,"relics_obtained":[{"floor":9.0,"key":"Vajra"},{"floor":10.0,"key":"Omamori"},{"floor":13,"key":"Art of War"}],"event_choices":[{"damage_healed":0.0,"max_hp_gain":0.0,"max_hp_loss":0.0,"gold_gain":0.0,"event_name":"Liars Game","player_choice":"Ignored","floor":4.0,"gold_loss":0.0,"damage_taken":0.0},{"damage_healed":0.0,"max_hp_gain":0.0,"max_hp_loss":0.0,"gold_gain":0.0,"event_name":"Dead Adventurer","player_choice":"Searched \u00271\u0027 times","floor":10.0,"gold_loss":0.0,"damage_taken":0.0},{"damage_healed":0.0,"max_hp_gain":0.0,"max_hp_loss":0.0,"gold_gain":0.0,"event_name":"Scrap Ooze","player_choice":"Success","floor":11.0,"gold_loss":0.0,"damage_taken":26.0,"relics_obtained":["Happy Flower"]},{"damage_healed":0,"gold_gain":0,"player_choice":"Box","damage_taken":0,"relics_obtained":["Symbiotic Virus"],"max_hp_gain":0,"max_hp_loss":0,"event_name":"Big Fish","floor":14,"gold_loss":0,"cards_obtained":["Regret"]}],"is_beta":false,"boss_relics":[],"items_purged_floors":[3],"is_endless":false,"potions_floor_spawned":[2,5,7,10],"killed_by":"The Guardian","ascension_level":20}