{"gold_per_floor":[114,45,58,58,71,71,96,96,96,116,131,161,86,36,36,138,138,156,169,169,183,83,83,44,59,84,84,64,74,85,51,51,156,156,166,178,178,178,178,178,178,278,304,323,323,339,339,352,352,352],"floor_reached":51,"playtime":1732,"items_purged":["Pain","Strike_B"],"score":682,"play_id":"45b7393d-c74e-44c7-97a2-6b483a58104c","local_time":"20190612040134","is_ascension_mode":false,"campfire_choices":[{"data":"Consume","floor":6.0,"key":"SMITH"},{"data":"Redo","floor":15.0,"key":"SMITH"},{"data":"Recycle","floor":23,"key":"SMITH"},{"data":"Defragment","floor":27,"key":"SMITH"},{"data":"Defragment","floor":32,"key":"SMITH"},{"data":"Discovery","floor":40,"key":"SMITH"},{"data":"Capacitor","floor":41,"key":"SMITH"},{"data":"Rainbow","floor":45,"key":"SMITH"},{"data":"Turbo","floor":47,"key":"SMITH"},{"data":"Skim","floor":49,"key":"SMITH"}],"neow_cost":"TEN_PERCENT_HP_LOSS","seed_source_timestamp":61229237695179,"circlet_count":0,"master_deck":["Defend_B","Zap","Dualcast","Recycle+1","Consume+1","Ball Lightning","Echo Form","Chill","Redo+1","Rainbow+1","Self Repair","Defragment+1","All For One","Defragment+1","Turbo+1","Skim+1","White Noise+1","Heatsinks","Core Surge","Coolheaded+1","Amplify+1","Capacitor+1","Heatsinks+1","Discovery+1","Multi-Cast"],"special_seed":0,"relics":["Cracked Core","Ancient Tea Set","Gremlin Horn","WarpedTongs","WingedGreaves","Runic Pyramid","Potion Belt","Astrolabe","Pocketwatch","Dream Catcher"],"potions_floor_usage":[50,50,50,50],"damage_taken":[{"damage":1.0,"enemies":"Cultist","floor":1.0,"turns":3.0},{"damage":2.0,"enemies":"2 Louse","floor":3.0,"turns":2.0},{"damage":0.0,"enemies":"Small Slimes","floor":5.0,"turns":3.0},{"damage":16.0,"enemies":"3 Sentries","floor":7.0,"turns":5.0},{"damage":11.0,"enemies":"Red Slaver","floor":10.0,"turns":3.0},{"damage":5.0,"enemies":"Lots of Slimes","floor":11.0,"turns":2.0},{"damage":5.0,"enemies":"Lagavulin","floor":12.0,"turns":6.0},{"damage":16.0,"enemies":"Slime Boss","floor":16.0,"turns":6.0},{"damage":0.0,"enemies":"Chosen","floor":18.0,"turns":4.0},{"damage":13.0,"enemies":"Shell Parasite","floor":19.0,"turns":5.0},{"damage":9,"enemies":"Snecko","floor":21,"turns":4},{"damage":6,"enemies":"3 Cultists","floor":25,"turns":5},{"damage":1,"enemies":"Cultist and Chosen","floor":29,"turns":5},{"damage":0,"enemies":"Snecko","floor":30,"turns":4},{"damage":7,"enemies":"Collector","floor":33,"turns":6},{"damage":33,"enemies":"3 Darklings","floor":35,"turns":4},{"damage":22,"enemies":"3 Shapes","floor":36,"turns":4},{"damage":0,"enemies":"Mind Bloom Boss Battle","floor":42,"turns":6},{"damage":0,"enemies":"Sphere and 2 Shapes","floor":44,"turns":5},{"damage":0,"enemies":"3 Darklings","floor":46,"turns":4},{"damage":0,"enemies":"Jaw Worm Horde","floor":48,"turns":3},{"damage":8,"enemies":"Donu and Deca","floor":50,"turns":6}],"seed_played":"8066695116708547693","potions_obtained":[{"floor":1.0,"key":"Strength Potion"},{"floor":5.0,"key":"Swift Potion"},{"floor":10.0,"key":"FearPotion"},{"floor":11.0,"key":"Explosive Potion"},{"floor":19.0,"key":"Weak Potion"},{"floor":28,"key":"Fire Potion"},{"floor":30,"key":"Swift Potion"},{"floor":35,"key":"FocusPotion"}],"is_trial":false,"path_per_floor":["M","$","M","T","M","R","E","?","T","M","M","E","$","$","R","B",null,"M","M","?","M","$","R","$","M","T","R","?","M","M","$","R","B",null,"M","M","?","?","?","R","R","?","T","M","R","M","R","M","R","B",null],"character_chosen":"DEFECT","items_purchased":["Consume","Redo","Defragment","Heatsinks"],"campfire_rested":0,"item_purchase_floors":[2,14,24,31],"current_hp_per_floor":[67,67,65,65,65,65,49,49,49,38,33,28,28,28,28,12,68,68,68,68,66,66,66,66,68,68,68,68,68,68,68,68,68,68,49,41,41,31,31,31,31,38,38,58,58,68,68,68,68,67],"gold":352,"neow_bonus":"REMOVE_TWO","is_prod":false,"is_daily":false,"chose_seed":false,"campfire_upgraded":10,"win_rate":0,"timestamp":1560283294,"path_taken":["M","$","M","?","M","R","E","?","T","?","M","E","?","$","R","BOSS","M","M","?","?","$","R","?","M","T","R","?","M","M","$","R","BOSS","M","?","?","?","?","R","R","?","T","M","R","M","R","M","R","BOSS"],"build_version":"2019-01-23","purchased_purges":2,"victory":true,"max_hp_per_floor":[68,68,68,68,68,68,68,68,68,68,68,68,68,68,68,68,68,68,68,68,68,68,68,68,68,68,68,68,68,68,68,68,68,68,68,68,68,68,68,68,68,68,68,68,68,68,68,68,68,68],"card_choices":[{"not_picked":["Force Field","Double Energy"],"picked":"Recycle","floor":1.0},{"not_picked":["Hello World","Compile Driver","Stack"],"picked":"SKIP","floor":3.0},{"not_picked":["Genetic Algorithm","Sweeping Beam"],"picked":"Ball Lightning","floor":5.0},{"not_picked":["Rebound","Sunder","Stack"],"picked":"SKIP","floor":7.0},{"not_picked":["Chaos","Force Field","FTL"],"picked":"SKIP","floor":10.0},{"not_picked":["Redo","Turbo"],"picked":"Echo Form","floor":11.0},{"not_picked":["Redo","Turbo"],"picked":"Chill","floor":12.0},{"not_picked":["Meteor Strike","Hyperbeam"],"picked":"Rainbow","floor":16.0},{"not_picked":["Blizzard","Go for the Eyes"],"picked":"Self Repair","floor":18.0},{"not_picked":["Gash","Scrape"],"picked":"Defragment","floor":19.0},{"not_picked":["Streamline+1","Leap+1","FTL"],"picked":"SKIP","floor":21},{"not_picked":["Static Discharge","Go for the Eyes"],"picked":"Turbo","floor":25},{"not_picked":["Beam Cell+1","Leap"],"picked":"Skim","floor":29},{"not_picked":["Stack","Cold Snap"],"picked":"White Noise+1","floor":30},{"not_picked":["Buffer","Echo Form"],"picked":"Core Surge","floor":33},{"not_picked":["Lockon","Hologram"],"picked":"Capacitor","floor":35},{"not_picked":["Glacier+1","Hologram"],"picked":"Heatsinks+1","floor":36},{"not_picked":["Enlightenment","Apotheosis"],"picked":"Discovery","floor":38},{"not_picked":["Barrage+1","Steam","Scrape"],"picked":"SKIP","floor":44},{"not_picked":["Ball Lightning","Streamline","Fusion"],"picked":"SKIP","floor":46},{"not_picked":["BootSequence+1","Go for the Eyes"],"picked":"Multi-Cast","floor":48}],"player_experience":5085931,"relics_obtained":[{"floor":4.0,"key":"Ancient Tea Set"},{"floor":7.0,"key":"Gremlin Horn"},{"floor":12.0,"key":"WingedGreaves"},{"floor":26,"key":"Potion Belt"},{"floor":42,"key":"Pocketwatch"},{"floor":43,"key":"Dream Catcher"}],"event_choices":[{"damage_healed":0.0,"max_hp_gain":0.0,"max_hp_loss":0.0,"gold_gain":0.0,"event_name":"Accursed Blacksmith","player_choice":"Rummage","floor":8.0,"gold_loss":0.0,"damage_taken":0.0,"relics_obtained":["WarpedTongs"],"cards_obtained":["Pain"]},{"damage_healed":0,"gold_gain":0,"cards_transformed":["Strike_B"],"player_choice":"Transformed","damage_taken":0,"max_hp_gain":0,"max_hp_loss":0,"event_name":"Transmorgrifier","floor":20,"gold_loss":0,"cards_obtained":["All For One"]},{"damage_healed":0,"gold_gain":0,"player_choice":"Bought 1 Potion","damage_taken":0,"max_hp_gain":0,"max_hp_loss":0,"event_name":"The Woman in Blue","floor":28,"gold_loss":0},{"damage_healed":0,"gold_gain":0,"player_choice":"Ignored","damage_taken":0,"max_hp_gain":0,"max_hp_loss":0,"event_name":"Mysterious Sphere","floor":37,"gold_loss":0},{"damage_healed":0,"gold_gain":0,"player_choice":"Memory 3","damage_taken":10,"max_hp_gain":0,"max_hp_loss":0,"event_name":"SensoryStone","floor":38,"gold_loss":0},{"cards_removed":["FTL"],"damage_healed":0,"gold_gain":0,"player_choice":"Removed Attack","damage_taken":0,"max_hp_gain":0,"max_hp_loss":0,"event_name":"Falling","floor":39,"gold_loss":0},{"damage_healed":0,"gold_gain":0,"player_choice":"Fight","damage_taken":0,"max_hp_gain":0,"max_hp_loss":0,"event_name":"MindBloom","floor":42,"gold_loss":0}],"is_beta":false,"boss_relics":[{"not_picked":["Inserter","Black Star"],"picked":"Runic Pyramid"},{"not_picked":["Tiny House","Coffee Dripper"],"picked":"Astrolabe"}],"items_purged_floors":[13,22],"is_endless":false,"potions_floor_spawned":[1,5,10,11,19,25,30,35,44,46],"ascension_level":0}