{"gold_per_floor":[110,23,123,48,62,92,92,92,92,103,103,117,133,153,153,153],"floor_reached":16,"playtime":265,"items_purged":["Strike_R"],"score":254,"play_id":"72d1eff9-32cf-4a61-8d0b-991c6b104465","local_time":"20190223154518","is_ascension_mode":true,"campfire_choices":[{"floor":8,"key":"DIG"},{"floor":15,"key":"DIG"}],"neow_cost":"NONE","seed_source_timestamp":18221946997803,"circlet_count":0,"master_deck":["AscendersBane","Strike_R","Strike_R","Strike_R","Strike_R","Defend_R","Defend_R","Defend_R","Defend_R","Bash","Flex","Evolve","Feel No Pain","Spot Weakness","Pain","Shockwave","Dropkick","True Grit"],"relics":["Burning Blood","NeowsBlessing","Shovel","Mummified Hand","Sundial","WarpedTongs","Torii"],"potions_floor_usage":[13],"damage_taken":[{"damage":0,"enemies":"Cultist","floor":1,"turns":1},{"damage":0,"enemies":"Small Slimes","floor":5,"turns":1},{"damage":0,"enemies":"Lagavulin","floor":6,"turns":1},{"damage":5,"enemies":"2 Louse","floor":10,"turns":4},{"damage":17,"enemies":"2 Fungi Beasts","floor":12,"turns":4},{"damage":34,"enemies":"Lots of Slimes","floor":13,"turns":5},{"damage":25,"enemies":"Gremlin Gang","floor":14,"turns":4},{"damage":32,"enemies":"Slime Boss","floor":16,"turns":3}],"seed_played":"-340602872034068521","potions_obtained":[{"floor":5,"key":"LiquidBronze"},{"floor":12,"key":"SkillPotion"}],"is_trial":false,"path_per_floor":["M","$","?","$","M","E","$","R","T","M","?","M","M","M","R","B"],"character_chosen":"IRONCLAD","items_purchased":["Evolve"],"campfire_rested":0,"item_purchase_floors":[2],"current_hp_per_floor":[74,74,74,74,75,75,75,75,75,75,75,64,36,17,17,0],"gold":153,"neow_bonus":"THREE_ENEMY_KILL","is_prod":false,"is_daily":false,"chose_seed":false,"campfire_upgraded":0,"win_rate":0,"timestamp":1550907918,"path_taken":["M","$","?","$","?","E","$","R","T","M","?","?","M","M","R","BOSS"],"build_version":"2019-01-23","purchased_purges":1,"victory":false,"max_hp_per_floor":[75,75,75,75,75,75,75,75,75,75,75,75,75,75,75,75],"card_choices":[{"not_picked":["Twin Strike","Thunderclap"],"picked":"Flex","floor":1},{"not_picked":["Ghostly Armor","Havoc","Twin Strike"],"picked":"SKIP","floor":5},{"not_picked":["Combust","Clash"],"picked":"Feel No Pain","floor":6},{"not_picked":["Perfected Strike","Ghostly Armor"],"picked":"Spot Weakness","floor":10},{"not_picked":["Combust","Clothesline"],"picked":"Shockwave","floor":12},{"not_picked":["Shrug It Off","Cleave"],"picked":"Dropkick","floor":13},{"not_picked":["Twin Strike","Body Slam"],"picked":"True Grit","floor":14}],"player_experience":3078290,"relics_obtained":[{"floor":6,"key":"Shovel"},{"floor":8,"key":"Mummified Hand"},{"floor":9,"key":"Sundial"},{"floor":15,"key":"Torii"}],"event_choices":[{"damage_healed":0,"gold_gain":100,"player_choice":"Gold","damage_taken":0,"max_hp_gain":0,"max_hp_loss":0,"event_name":"Wheel of Change","floor":3,"gold_loss":0},{"damage_healed":0,"gold_gain":0,"player_choice":"Rummage","damage_taken":0,"relics_obtained":["WarpedTongs"],"max_hp_gain":0,"max_hp_loss":0,"event_name":"Accursed Blacksmith","floor":11,"gold_loss":0,"cards_obtained":["Pain"]}],"is_beta":false,"boss_relics":[],"items_purged_floors":[4],"is_endless":false,"potions_floor_spawned":[5,12],"killed_by":"Slime Boss","ascension_level":20}