{"gold_per_floor":[112,187,20,195,11,11,11,11,11,11,27,47,60,60,60,162,162,172,72,88,106,106,106,125,0,0,0,0,0,0,16,16,116,116,135,145,145,145,155,155,166,166,166,178,28,128,154,170,170,170],"floor_reached":51,"playtime":1458,"items_purged":["Strike_B","Doubt","Strike_B","Strike_B"],"score":635,"play_id":"85bbb54e-0e2b-490d-808a-ea1cc71d718f","local_time":"20190619004718","is_ascension_mode":false,"campfire_choices":[{"data":"Apotheosis","floor":6.0,"key":"SMITH"},{"data":"Self Repair","floor":8.0,"key":"SMITH"},{"data":"Genetic Algorithm","floor":10.0,"key":"SMITH"},{"data":"Machine Learning","floor":15.0,"key":"SMITH"},{"data":"Streamline","floor":23.0,"key":"SMITH"},{"data":"RitualDagger","floor":29.0,"key":"SMITH"},{"data":"Skim","floor":32.0,"key":"SMITH"},{"data":"Heatsinks","floor":40,"key":"SMITH"},{"data":"Capacitor","floor":42,"key":"SMITH"},{"data":"Seek","floor":49,"key":"SMITH"}],"neow_cost":"NONE","seed_source_timestamp":52049985216404,"circlet_count":0,"master_deck":["Defend_B","Defend_B","Defend_B","Defend_B","Zap","Dualcast","Genetic Algorithm+1","Streamline+1","Self Repair+1","Apotheosis+1","Machine Learning+1","Rip and Tear","Core Surge","Cold Snap","Blizzard+1","Coolheaded","Skim+1","RitualDagger+1","Coolheaded","Creative AI","Heatsinks+1","Capacitor+1","Seek+1"],"special_seed":0,"relics":["Cracked Core","Boot","DataDisk","Coffee Dripper","Torii","Regal Pillow","Velvet Choker","Frozen Egg 2","Turnip","Strawberry"],"potions_floor_usage":[50,50,50],"damage_taken":[{"damage":1.0,"enemies":"Jaw Worm","floor":1.0,"turns":3.0},{"damage":0.0,"enemies":"Small Slimes","floor":11.0,"turns":5.0},{"damage":0.0,"enemies":"2 Louse","floor":12.0,"turns":2.0},{"damage":30.0,"enemies":"Gremlin Gang","floor":13.0,"turns":5.0},{"damage":19.0,"enemies":"Slime Boss","floor":16.0,"turns":8.0},{"damage":0.0,"enemies":"Spheric Guardian","floor":18.0,"turns":3.0},{"damage":0.0,"enemies":"Chosen","floor":20.0,"turns":3.0},{"damage":3.0,"enemies":"Centurion and Healer","floor":21.0,"turns":6.0},{"damage":21.0,"enemies":"Snake Plant","floor":24.0,"turns":3.0},{"damage":0.0,"enemies":"Sentry and Sphere","floor":31.0,"turns":5.0},{"damage":22.0,"enemies":"Collector","floor":33.0,"turns":9.0},{"damage":7.0,"enemies":"3 Shapes","floor":35.0,"turns":4.0},{"damage":9.0,"enemies":"3 Darklings","floor":36.0,"turns":6.0},{"damage":0,"enemies":"Maw","floor":39,"turns":8},{"damage":1,"enemies":"Transient","floor":41,"turns":5},{"damage":11,"enemies":"3 Darklings","floor":44,"turns":5},{"damage":0,"enemies":"Mind Bloom Boss Battle","floor":46,"turns":5},{"damage":11,"enemies":"Sphere and 2 Shapes","floor":48,"turns":4},{"damage":31,"enemies":"Donu and Deca","floor":50,"turns":8}],"seed_played":"-4452275794946679917","potions_obtained":[{"floor":1.0,"key":"Swift Potion"},{"floor":24.0,"key":"EssenceOfSteel"},{"floor":33.0,"key":"PowerPotion"},{"floor":35.0,"key":"Ancient Potion"}],"is_trial":false,"path_per_floor":["M","?","$","?","$","R","$","R","T","R","M","M","M","?","R","B",null,"M","$","M","M","$","R","M","$","T","?","?","R","T","M","R","B",null,"M","M","?","?","M","R","M","R","T","M","$","?","T","M","R","B",null],"character_chosen":"DEFECT","items_purchased":["Streamline","Self Repair","Apotheosis"],"campfire_rested":0,"item_purchase_floors":[3,3,5],"current_hp_per_floor":[74,63,63,63,63,63,63,63,63,63,73,73,53,53,53,44,75,75,75,75,75,75,75,64,64,64,64,58,58,58,68,68,56,75,75,75,71,71,71,71,71,71,71,70,70,71,78,77,77,56],"gold":170,"neow_bonus":"REMOVE_CARD","is_prod":false,"is_daily":false,"chose_seed":false,"campfire_upgraded":10,"win_rate":0,"timestamp":1560876438,"path_taken":["M","?","$","?","?","R","$","R","T","R","M","M","M","?","R","BOSS","M","$","?","M","$","R","M","$","T","?","?","R","?","M","R","BOSS","M","M","?","?","M","R","M","R","T","M","$","?","?","M","R","BOSS"],"build_version":"2019-01-23","purchased_purges":4,"victory":true,"max_hp_per_floor":[75,75,75,75,75,75,75,75,75,75,75,75,75,75,75,75,75,75,75,75,75,75,75,75,75,75,75,75,75,75,75,75,75,75,75,75,71,71,71,71,71,71,71,71,71,71,78,78,78,78],"card_choices":[{"not_picked":["Streamline","Go for the Eyes"],"picked":"Genetic Algorithm","floor":1.0},{"not_picked":["Leap","Barrage","Go for the Eyes"],"picked":"SKIP","floor":11.0},{"not_picked":["Streamline","Rip and Tear"],"picked":"Machine Learning","floor":12.0},{"not_picked":["Go for the Eyes","Steam Power"],"picked":"Rip and Tear","floor":13.0},{"not_picked":["Thunder Strike","Meteor Strike"],"picked":"Core Surge","floor":16.0},{"not_picked":["Turbo","Aggregate"],"picked":"Cold Snap","floor":18.0},{"not_picked":["Reprogram+1","Steam","Cold Snap"],"picked":"SKIP","floor":20.0},{"not_picked":["Compile Driver","Ball Lightning"],"picked":"Blizzard+1","floor":21.0},{"not_picked":["Leap","Auto Shields+1"],"picked":"Coolheaded","floor":24.0},{"not_picked":["Ball Lightning","Barrage"],"picked":"Coolheaded","floor":31.0},{"not_picked":["Meteor Strike","Rainbow"],"picked":"Creative AI","floor":33.0},{"not_picked":["Barrage+1","Go for the Eyes","Conserve Battery"],"picked":"SKIP","floor":35.0},{"not_picked":["Aggregate+1","Beam Cell+1","Reinforced Body"],"picked":"SKIP","floor":36.0},{"not_picked":["Heatsinks","Compile Driver","Stack"],"picked":"SKIP","floor":39},{"not_picked":["Compile Driver","Stack"],"picked":"Heatsinks","floor":39},{"not_picked":["Cold Snap","Chaos+1"],"picked":"Capacitor","floor":41},{"not_picked":["Redo+1","Cold Snap+1","Stack"],"picked":"SKIP","floor":44},{"not_picked":["Rebound+1","Beam Cell"],"picked":"Seek","floor":48}],"player_experience":5431122,"relics_obtained":[{"floor":9.0,"key":"Boot"},{"floor":26.0,"key":"Torii"},{"floor":30.0,"key":"Regal Pillow"},{"floor":43,"key":"Frozen Egg 2"},{"floor":46,"key":"Turnip"},{"floor":47,"key":"Strawberry"}],"event_choices":[{"damage_healed":0.0,"max_hp_gain":0.0,"max_hp_loss":0.0,"gold_gain":75.0,"event_name":"World of Goop","player_choice":"Gather Gold","floor":2.0,"gold_loss":0.0,"damage_taken":11.0},{"damage_healed":0.0,"max_hp_gain":0.0,"max_hp_loss":0.0,"gold_gain":175.0,"event_name":"Liars Game","player_choice":"AGREE","floor":4.0,"gold_loss":0.0,"damage_taken":0.0,"cards_obtained":["Doubt"]},{"damage_healed":0.0,"max_hp_gain":0.0,"max_hp_loss":0.0,"gold_gain":0.0,"event_name":"WeMeetAgain","player_choice":"Gave Potion","floor":14.0,"gold_loss":0.0,"damage_taken":0.0,"relics_obtained":["DataDisk"]},{"damage_healed":0.0,"max_hp_gain":0.0,"max_hp_loss":0.0,"gold_gain":0.0,"event_name":"The Library","player_choice":"Read","floor":27.0,"gold_loss":0.0,"damage_taken":0.0,"cards_obtained":["Skim"]},{"damage_healed":0.0,"max_hp_gain":0.0,"max_hp_loss":0.0,"gold_gain":0.0,"event_name":"Nest","player_choice":"Joined the Cult","floor":28.0,"gold_loss":0.0,"damage_taken":6.0,"cards_obtained":["RitualDagger"]},{"damage_healed":0.0,"max_hp_gain":0.0,"max_hp_loss":4.0,"gold_gain":0.0,"event_name":"Winding Halls","player_choice":"Max HP","floor":37.0,"gold_loss":0.0,"damage_taken":0.0},{"damage_healed":0,"gold_gain":0,"player_choice":"Memory 1","damage_taken":0,"max_hp_gain":0,"max_hp_loss":0,"event_name":"SensoryStone","floor":38,"gold_loss":0},{"damage_healed":0,"gold_gain":0,"player_choice":"Fight","damage_taken":0,"max_hp_gain":0,"max_hp_loss":0,"event_name":"MindBloom","floor":46,"gold_loss":0}],"is_beta":false,"boss_relics":[{"not_picked":["White Beast Statue","Black Star"],"picked":"Coffee Dripper"},{"not_picked":["Runic Dome","Cursed Key"],"picked":"Velvet Choker"}],"items_purged_floors":[3,19,25,45],"is_endless":false,"potions_floor_spawned":[1,24,33,35,48],"ascension_level":0}