{"gold_per_floor":[363,376,376,526,526,526,538,158,158,158,191,208,208,208],"floor_reached":14,"playtime":518,"items_purged":["Shame"],"score":176,"play_id":"4a3fea9f-9d81-4dc6-ae6e-87b7c98e3db1","local_time":"20190411094931","is_ascension_mode":true,"campfire_choices":[{"data":"Neutralize","floor":6,"key":"SMITH"},{"data":"Noxious Fumes","floor":10,"key":"SMITH"},{"data":"Catalyst","floor":13,"key":"SMITH"}],"neow_cost":"CURSE","seed_source_timestamp":2752423090129,"circlet_count":0,"master_deck":["AscendersBane","Defend_G","Defend_G","Defend_G","Defend_G","Defend_G","Strike_G","Strike_G","Strike_G","Strike_G","Survivor","Neutralize+1","Escape Plan","All Out Attack","Tactician","Doubt","Unload","Noxious Fumes+1","Night Terror","Catalyst","Catalyst+1"],"special_seed":0,"relics":["Ring of the Snake","The Courier"],"potions_floor_usage":[12],"damage_taken":[{"damage":2.0,"enemies":"Cultist","floor":1.0,"turns":4.0},{"damage":3.0,"enemies":"Small Slimes","floor":2.0,"turns":5.0},{"damage":7,"enemies":"Jaw Worm","floor":7,"turns":4},{"damage":45,"enemies":"Gremlin Nob","floor":11,"turns":5},{"damage":0,"enemies":"3 Louse","floor":12,"turns":2},{"damage":0,"enemies":"Exordium Thugs","floor":14,"turns":1}],"seed_played":"-4620973181093552323","potions_obtained":[{"floor":1.0,"key":"AttackPotion"},{"floor":11,"key":"Poison Potion"},{"floor":12,"key":"Strength Potion"}],"is_trial":false,"path_per_floor":["M","M","?","?","?","R","M","$","T","R","E","M","R","M"],"character_chosen":"THE_SILENT","items_purchased":["Noxious Fumes","Night Terror","Catalyst"],"campfire_rested":0,"item_purchase_floors":[8,8,8],"current_hp_per_floor":[57,54,54,54,54,54,47,47,47,47,2,2,2,2],"gold":208,"neow_bonus":"TWO_FIFTY_GOLD","is_prod":false,"is_daily":false,"chose_seed":false,"campfire_upgraded":3,"win_rate":0,"timestamp":1554947371,"path_taken":["M","?","?","?","?","R","M","$","T","R","E","?","R","M"],"build_version":"2019-01-23","purchased_purges":1,"victory":false,"max_hp_per_floor":[66,66,66,66,66,66,66,66,66,66,66,66,66,66],"card_choices":[{"not_picked":["Acrobatics","Dodge and Roll"],"picked":"Escape Plan","floor":1.0},{"not_picked":["Eviscerate","Finisher"],"picked":"All Out Attack","floor":2.0},{"not_picked":["Dagger Throw","Setup","Dodge and Roll"],"picked":"SKIP","floor":7},{"not_picked":["Terror","Outmaneuver","Expertise"],"picked":"SKIP","floor":11},{"not_picked":["Escape Plan","Distraction"],"picked":"Catalyst","floor":12}],"player_experience":4231842,"relics_obtained":[{"floor":11,"key":"The Courier"}],"event_choices":[{"damage_healed":0.0,"max_hp_gain":0.0,"max_hp_loss":0.0,"gold_gain":0.0,"cards_transformed":["Strike_G"],"event_name":"Living Wall","player_choice":"Change","floor":3.0,"gold_loss":0.0,"damage_taken":0.0,"cards_obtained":["Tactician"]},{"damage_healed":0.0,"max_hp_gain":0.0,"max_hp_loss":0.0,"gold_gain":150.0,"event_name":"Liars Game","player_choice":"AGREE","floor":4.0,"gold_loss":0.0,"damage_taken":0.0,"cards_obtained":["Doubt"]},{"damage_healed":0,"gold_gain":0,"player_choice":"1 cards matched","damage_taken":0,"max_hp_gain":0,"max_hp_loss":0,"event_name":"Match and Keep!","floor":5,"gold_loss":0,"cards_obtained":["Unload"]}],"is_beta":false,"boss_relics":[],"items_purged_floors":[8],"is_endless":false,"potions_floor_spawned":[1,11,12],"killed_by":"Exordium Thugs","ascension_level":20}