{"gold_per_floor":[113,56,131,131,56,82,82,110,161,161,171,200,218,238,238,238],"floor_reached":16,"playtime":422,"items_purged":[],"score":316,"play_id":"7b5a2b5b-fee5-495d-aeea-97588239d8de","local_time":"20190101194549","is_ascension_mode":true,"campfire_choices":[{"data":"Acrobatics","floor":7,"key":"SMITH"},{"data":"Calculated Gamble","floor":10,"key":"SMITH"},{"data":"Calculated Gamble","floor":15,"key":"SMITH"}],"neow_cost":"NONE","seed_source_timestamp":28785929577894,"circlet_count":0,"master_deck":["AscendersBane","Defend_G","Defend_G","Defend_G","Defend_G","Strike_G","Strike_G","Strike_G","Strike_G","Strike_G","Survivor","Neutralize","Tactician","Acrobatics+1","Acrobatics","Calculated Gamble+1","Flechettes","Calculated Gamble+1"],"relics":["Ring of the Snake","NeowsBlessing","Anchor","Pen Nib","Bag of Preparation","Odd Mushroom"],"potions_floor_usage":[],"damage_taken":[{"damage":0,"enemies":"Small Slimes","floor":1,"turns":1},{"damage":0,"enemies":"Gremlin Nob","floor":6,"turns":1},{"damage":0,"enemies":"3 Sentries","floor":8,"turns":1},{"damage":4,"enemies":"Jaw Worm","floor":11,"turns":5},{"damage":24,"enemies":"The Mushroom Lair","floor":12,"turns":7},{"damage":0,"enemies":"2 Louse","floor":13,"turns":2},{"damage":4,"enemies":"Exordium Wildlife","floor":14,"turns":4},{"damage":0,"enemies":"Slime Boss","floor":16,"turns":2}],"seed_played":"5149796370829944039","potions_obtained":[{"floor":6,"key":"Weak Potion"},{"floor":14,"key":"Block Potion"}],"is_trial":false,"path_per_floor":["M","$","?","?","?","E","R","E","T","R","M","?","M","M","R","B"],"character_chosen":"THE_SILENT","items_purchased":["Acrobatics"],"campfire_rested":0,"item_purchase_floors":[2],"current_hp_per_floor":[59,59,48,53,53,53,53,53,53,53,49,25,25,21,21,21],"gold":238,"neow_bonus":"THREE_ENEMY_KILL","is_prod":false,"is_daily":false,"chose_seed":false,"campfire_upgraded":3,"win_rate":0,"timestamp":1546343149,"path_taken":["M","$","?","?","?","E","R","E","T","R","M","?","M","M","R","BOSS"],"build_version":"2018-12-20","purchased_purges":0,"victory":false,"max_hp_per_floor":[66,66,66,71,71,71,71,71,71,71,71,71,71,71,71,71],"card_choices":[{"not_picked":["Dagger Spray","Eviscerate"],"picked":"Tactician","floor":1},{"not_picked":["Deadly Poison","Dagger Throw"],"picked":"Acrobatics","floor":6},{"not_picked":["Tactician","Blade Dance"],"picked":"Calculated Gamble","floor":8},{"not_picked":["PiercingWail","Deflect","Tactician"],"picked":"SKIP","floor":11},{"not_picked":["Escape Plan","Blade Dance"],"picked":"Flechettes","floor":12},{"not_picked":["Flying Knee","Poisoned Stab","Prepared"],"picked":"SKIP","floor":13},{"not_picked":["Flying Knee","Dodge and Roll"],"picked":"Calculated Gamble","floor":14}],"player_experience":1655168,"relics_obtained":[{"floor":6,"key":"Anchor"},{"floor":8,"key":"Pen Nib"},{"floor":9,"key":"Bag of Preparation"},{"floor":12,"key":"Odd Mushroom"}],"event_choices":[{"damage_healed":0,"gold_gain":75,"player_choice":"Gather Gold","damage_taken":11,"max_hp_gain":0,"max_hp_loss":0,"event_name":"World of Goop","floor":3,"gold_loss":0},{"damage_healed":0,"gold_gain":0,"player_choice":"Donut","damage_taken":0,"max_hp_gain":5,"max_hp_loss":0,"event_name":"Big Fish","floor":4,"gold_loss":0},{"cards_removed":["Defend_G"],"damage_healed":0,"gold_gain":0,"player_choice":"Card Removal","damage_taken":0,"max_hp_gain":0,"max_hp_loss":0,"event_name":"The Cleric","floor":5,"gold_loss":75},{"damage_healed":0,"gold_gain":0,"player_choice":"Fought Mushrooms","damage_taken":0,"max_hp_gain":0,"max_hp_loss":0,"event_name":"Mushrooms","floor":12,"gold_loss":0}],"is_beta":false,"boss_relics":[],"items_purged_floors":[],"is_endless":false,"potions_floor_spawned":[6,14],"killed_by":"Slime Boss","ascension_level":20}