{"gold_per_floor":[110,31,49,60,70,70,80,80,133,145,145,218,229,257,257,257],"floor_reached":16,"playtime":449,"items_purged":[],"score":198,"play_id":"1495963f-f6d8-4a44-9da8-f06ba8543e89","local_time":"20181114211855","is_ascension_mode":true,"campfire_choices":[{"data":"Skewer","floor":6,"key":"SMITH"},{"data":"Footwork","floor":8,"key":"SMITH"},{"data":"Neutralize","floor":11,"key":"SMITH"},{"data":"Well Laid Plans","floor":15,"key":"SMITH"}],"neow_cost":"NONE","seed_source_timestamp":9769928365307,"circlet_count":0,"master_deck":["AscendersBane","Defend_G","Defend_G","Defend_G","Defend_G","Defend_G","Strike_G","Strike_G","Strike_G","Strike_G","Strike_G","Survivor","Neutralize+1","Skewer+1","Footwork+1","Prepared","Well Laid Plans+1","Flying Knee"],"relics":["Ring of the Snake","NeowsBlessing","Strawberry","Paper Crane","Letter Opener"],"potions_floor_usage":[14,16],"damage_taken":[{"damage":0,"enemies":"Cultist","floor":1,"turns":1},{"damage":0,"enemies":"Jaw Worm","floor":3,"turns":1},{"damage":0,"enemies":"Small Slimes","floor":4,"turns":1},{"damage":13,"enemies":"3 Louse","floor":5,"turns":4},{"damage":15,"enemies":"Large Slime","floor":7,"turns":9},{"damage":8,"enemies":"Exordium Wildlife","floor":10,"turns":6},{"damage":0,"enemies":"Blue Slaver","floor":13,"turns":4},{"damage":1,"enemies":"Lagavulin","floor":14,"turns":10},{"damage":18,"enemies":"Slime Boss","floor":16,"turns":5}],"seed_played":"-6286346083070683603","potions_obtained":[{"floor":5,"key":"Block Potion"},{"floor":7,"key":"FearPotion"},{"floor":10,"key":"Fire Potion"}],"is_trial":false,"path_per_floor":["M","$","M","M","M","R","M","R","T","M","R","T","M","E","R","B"],"character_chosen":"THE_SILENT","items_purchased":["Footwork"],"campfire_rested":0,"item_purchase_floors":[2],"current_hp_per_floor":[59,59,59,59,46,46,31,31,38,30,30,30,30,29,29,11],"gold":257,"neow_bonus":"THREE_ENEMY_KILL","is_prod":false,"is_daily":false,"chose_seed":false,"campfire_upgraded":4,"win_rate":0,"timestamp":1542201535,"path_taken":["M","?","?","?","M","R","M","R","T","M","R","?","M","E","R","BOSS"],"build_version":"2018-11-13","purchased_purges":0,"victory":false,"max_hp_per_floor":[66,66,66,66,66,66,66,66,73,73,73,73,73,73,73,73],"card_choices":[{"not_picked":["Dagger Throw","Cloak And Dagger"],"picked":"Skewer","floor":1},{"not_picked":["Eviscerate","Slice"],"picked":"Prepared","floor":3},{"not_picked":["Cloak And Dagger","Dodge and Roll","Deflect"],"picked":"SKIP","floor":4},{"not_picked":["Noxious Fumes","Eviscerate"],"picked":"Well Laid Plans","floor":5},{"not_picked":["Setup","Distraction","Slice"],"picked":"SKIP","floor":7},{"not_picked":["Dagger Throw","Slice","Crippling Poison"],"picked":"SKIP","floor":10},{"not_picked":["Eviscerate","Blade Dance","Acrobatics"],"picked":"SKIP","floor":13},{"not_picked":["Riddle With Holes","Phantasmal Killer"],"picked":"Flying Knee","floor":14}],"player_experience":1056150,"relics_obtained":[{"floor":9,"key":"Strawberry"},{"floor":12,"key":"Paper Crane"},{"floor":14,"key":"Letter Opener"}],"event_choices":[],"is_beta":true,"boss_relics":[],"items_purged_floors":[],"is_endless":false,"potions_floor_spawned":[5,7,10,13],"killed_by":"Slime Boss","ascension_level":18}