{"gold_per_floor":[366,383,393,48,68,96,96,130,157,184,184,49,59,73,73,150,150,166,183,183,133,145,164,198,198,198,198,198,210,222,115,115,187,187,202,152,165,115,115,115,148,166,236,253,281,281,292,318,318,318,318],"floor_reached":52,"playtime":2456,"items_purged":["Pain","Strike_G","Strike_G","Strike_G","Strike_G","Defend_G"],"score":2568,"play_id":"3639bf00-1f9a-4fc0-a38a-71680b4b45e5","local_time":"20181120104932","is_ascension_mode":true,"campfire_choices":[{"data":"Apotheosis","floor":7.0,"key":"SMITH"},{"data":"Well Laid Plans","floor":15.0,"key":"SMITH"},{"data":"Ghostly","floor":25,"key":"SMITH"},{"data":"Ghostly","floor":28,"key":"SMITH"},{"data":"Acrobatics","floor":32,"key":"SMITH"},{"floor":40,"key":"RECALL"}],"neow_cost":"CURSE","seed_source_timestamp":1308600838487,"circlet_count":0,"master_deck":["AscendersBane","Defend_G+1","Defend_G+1","Defend_G+1","Defend_G+1","Survivor+1","Neutralize+1","Deadly Poison+1","Noxious Fumes+1","Deadly Poison+1","Well Laid Plans+1","Apotheosis+1","Heel Hook+1","Acrobatics+1","Catalyst+1","Backflip+1","Reflex+1","Adrenaline+1","Grand Finale+1","Acrobatics+1","Ghostly+1","Ghostly+1","Ghostly+1","Blur+1","Prepared+1","Adrenaline+1"],"special_seed":0,"relics":["Ring of the Snake","Pen Nib","PreservedInsect","Smiling Mask","Potion Belt","Coffee Dripper","Boot","Gremlin Horn","Busted Crown","Paper Crane","Sundial","WingedGreaves","Mark of the Bloom","Lantern"],"potions_floor_usage":[24,33,33,51,51,51,51],"damage_taken":[{"damage":1.0,"enemies":"2 Louse","floor":1.0,"turns":4.0},{"damage":2.0,"enemies":"Small Slimes","floor":2.0,"turns":3.0},{"damage":4.0,"enemies":"Cultist","floor":3.0,"turns":4.0},{"damage":0.0,"enemies":"Large Slime","floor":5.0,"turns":4.0},{"damage":24.0,"enemies":"Gremlin Nob","floor":6.0,"turns":4.0},{"damage":19.0,"enemies":"3 Sentries","floor":8.0,"turns":6.0},{"damage":9.0,"enemies":"Gremlin Nob","floor":10.0,"turns":3.0},{"damage":0.0,"enemies":"Blue Slaver","floor":13.0,"turns":4.0},{"damage":0.0,"enemies":"Exordium Thugs","floor":14.0,"turns":3.0},{"damage":0.0,"enemies":"Slime Boss","floor":16.0,"turns":4.0},{"damage":28.0,"enemies":"Shell Parasite","floor":18.0,"turns":5.0},{"damage":0.0,"enemies":"Spheric Guardian","floor":19.0,"turns":3.0},{"damage":2.0,"enemies":"Snecko","floor":22.0,"turns":5.0},{"damage":3.0,"enemies":"3 Cultists","floor":23.0,"turns":3.0},{"damage":0,"enemies":"Slavers","floor":24,"turns":3},{"damage":0,"enemies":"Sentry and Sphere","floor":29,"turns":5},{"damage":1,"enemies":"Shelled Parasite and Fungi","floor":30,"turns":5},{"damage":0,"enemies":"Automaton","floor":33,"turns":5},{"damage":0,"enemies":"3 Shapes","floor":35,"turns":3},{"damage":8,"enemies":"Orb Walker","floor":37,"turns":4},{"damage":0,"enemies":"Reptomancer","floor":41,"turns":3},{"damage":0,"enemies":"3 Darklings","floor":42,"turns":3},{"damage":0,"enemies":"Spire Growth","floor":44,"turns":3},{"damage":0,"enemies":"Giant Head","floor":45,"turns":4},{"damage":5,"enemies":"Sphere and 2 Shapes","floor":47,"turns":4},{"damage":0,"enemies":"Reptomancer","floor":48,"turns":2},{"damage":0,"enemies":"Time Eater","floor":50,"turns":7},{"damage":0,"enemies":"Awakened One","floor":51,"turns":13}],"seed_played":"3279154361390398540","potions_obtained":[{"floor":5.0,"key":"Fruit Juice"},{"floor":6.0,"key":"Swift Potion"},{"floor":13.0,"key":"Strength Potion"},{"floor":16.0,"key":"Fire Potion"},{"floor":22.0,"key":"FearPotion"},{"floor":23.0,"key":"Ancient Potion"},{"floor":30,"key":"Swift Potion"},{"floor":42,"key":"Fire Potion"},{"floor":45,"key":"SteroidPotion"}],"is_trial":false,"path_per_floor":["M","M","M","$","M","E","R","E","T","E","?","$","M","M","R","B",null,"M","M","?","$","M","M","E","R","T","?","R","M","M","$","R","B",null,"M","$","M","$","?","R","E","M","T","M","E","?","M","E","R","B","B",null],"character_chosen":"THE_SILENT","items_purchased":["Well Laid Plans","Apotheosis","Reflex","Prepared"],"campfire_rested":0,"item_purchase_floors":[4,4,12,31],"current_hp_per_floor":[58,56,52,52,52,33,33,14,14,5,28,28,28,28,28,28,60,32,32,32,32,30,27,27,27,27,27,27,27,26,26,26,26,33,33,33,25,25,25,25,25,25,25,25,25,25,20,20,20,20,20],"gold":318,"neow_bonus":"TWO_FIFTY_GOLD","is_prod":false,"is_daily":false,"chose_seed":false,"campfire_upgraded":5,"win_rate":0,"timestamp":1542682172,"path_taken":["M","M","M","$","M","E","R","E","T","E","?","$","M","M","R","BOSS","M","M","?","$","M","M","E","R","T","?","R","M","M","$","R","BOSS","M","$","M","$","?","R","E","?","T","M","E","?","M","E","R","BOSS","BOSS"],"build_version":"2018-11-15","purchased_purges":6,"victory":true,"max_hp_per_floor":[66,66,66,66,66,71,71,71,71,71,71,71,71,71,71,71,71,71,71,35,35,35,35,35,35,35,35,35,35,35,35,35,35,35,35,35,35,35,35,35,35,35,35,35,35,35,35,35,35,35,35],"card_choices":[{"not_picked":["PiercingWail","Skewer"],"picked":"Deadly Poison","floor":1.0},{"not_picked":["PiercingWail","Flying Knee"],"picked":"Noxious Fumes","floor":2.0},{"not_picked":["Catalyst","Distraction"],"picked":"Deadly Poison","floor":3.0},{"not_picked":["Dagger Throw","Well Laid Plans"],"picked":"Heel Hook","floor":5.0},{"not_picked":["Flying Knee","Concentrate"],"picked":"Acrobatics","floor":6.0},{"not_picked":["Bouncing Flask","Sucker Punch"],"picked":"Catalyst","floor":8.0},{"not_picked":["Dash","Infinite Blades"],"picked":"Backflip","floor":10.0},{"not_picked":["Dagger Throw","Skewer"],"picked":"Adrenaline","floor":13.0},{"not_picked":["Dagger Throw","Sucker Punch","Dagger Spray"],"picked":"SKIP","floor":14.0},{"not_picked":["Venomology","Doppelganger"],"picked":"Grand Finale","floor":16.0},{"not_picked":["Flechettes","Eviscerate+1"],"picked":"Acrobatics","floor":18.0},{"not_picked":["Quick Slash","Cloak And Dagger","Dash"],"picked":"SKIP","floor":19.0},{"not_picked":["Deadly Poison","Dodge and Roll+1","Choke+1"],"picked":"SKIP","floor":22.0},{"not_picked":["Outmaneuver","Infinite Blades","Deadly Poison"],"picked":"SKIP","floor":23.0},{"not_picked":["Slice","Heel Hook+1"],"picked":"Blur","floor":24},{"not_picked":["Noxious Fumes","Sucker Punch","Dagger Spray"],"picked":"SKIP","floor":29},{"not_picked":["Endless Agony","Underhanded Strike","Quick Slash"],"picked":"SKIP","floor":30},{"not_picked":["Phantasmal Killer","Bullet Time"],"picked":"Adrenaline","floor":33},{"not_picked":["Backflip"],"picked":"SKIP","floor":35},{"not_picked":["Sucker Punch"],"picked":"SKIP","floor":37},{"not_picked":["Choke+1"],"picked":"SKIP","floor":41},{"not_picked":["Endless Agony"],"picked":"SKIP","floor":42},{"not_picked":["Dagger Throw"],"picked":"SKIP","floor":44},{"not_picked":["Dodge and Roll"],"picked":"SKIP","floor":45},{"not_picked":["Finisher"],"picked":"SKIP","floor":47},{"not_picked":["Flying Knee"],"picked":"SKIP","floor":48}],"player_experience":1111255,"relics_obtained":[{"floor":6.0,"key":"Pen Nib"},{"floor":8.0,"key":"PreservedInsect"},{"floor":9.0,"key":"Smiling Mask"},{"floor":10.0,"key":"Potion Belt"},{"floor":24,"key":"Boot"},{"floor":26,"key":"Gremlin Horn"},{"floor":41,"key":"Paper Crane"},{"floor":43,"key":"Sundial"},{"floor":45,"key":"WingedGreaves"},{"floor":48,"key":"Lantern"}],"event_choices":[{"damage_healed":23.0,"max_hp_gain":0.0,"max_hp_loss":0.0,"gold_gain":0.0,"event_name":"Big Fish","player_choice":"Banana","floor":11.0,"gold_loss":0.0,"damage_taken":0.0},{"damage_healed":0.0,"max_hp_gain":0.0,"max_hp_loss":36.0,"gold_gain":0.0,"event_name":"Ghosts","player_choice":"Became a Ghost","floor":20.0,"gold_loss":0.0,"damage_taken":0.0,"cards_obtained":["Ghostly","Ghostly","Ghostly"]},{"cards_removed":["Strike_G"],"damage_healed":0,"gold_gain":0,"player_choice":"Elegance","damage_taken":0,"max_hp_gain":0,"max_hp_loss":0,"event_name":"Back to Basics","floor":27,"gold_loss":0},{"damage_healed":0,"gold_gain":0,"player_choice":"Upgraded","damage_taken":0,"max_hp_gain":0,"max_hp_loss":0,"event_name":"Upgrade Shrine","floor":39,"gold_loss":0,"cards_upgraded":["Acrobatics"]},{"damage_healed":0,"gold_gain":0,"player_choice":"Upgrade","damage_taken":0,"relics_obtained":["Mark of the Bloom"],"max_hp_gain":0,"max_hp_loss":0,"event_name":"MindBloom","floor":46,"gold_loss":0,"cards_upgraded":["Defend_G","Defend_G","Defend_G","Defend_G","Survivor","Neutralize","Deadly Poison","Noxious Fumes","Deadly Poison","Heel Hook","Catalyst","Backflip","Reflex","Adrenaline","Grand Finale","Ghostly","Blur","Prepared","Adrenaline"]}],"is_beta":true,"boss_relics":[{"not_picked":["Snecko Eye","Philosopher\u0027s Stone"],"picked":"Coffee Dripper"},{"not_picked":["Tiny House","Calling Bell"],"picked":"Busted Crown"}],"items_purged_floors":[4,12,21,31,36,38],"is_endless":false,"potions_floor_spawned":[5,6,13,16,22,23,30,42,45,47],"ascension_level":20}