{"gold_per_floor":[114,134,148,164,177,177,192,192,192,192,267,281,128,128,128,252,252,275,289,302,427,427,427,458,458,458,458,483,115,133,156,156,277,277,300,318,125,144,269,269,288,288,288,288,307,307,326,346,346,346],"floor_reached":51,"playtime":1822,"items_purged":["Strike_B","Strike_B","Strike_B"],"score":765,"play_id":"1db7f403-092c-45fd-889a-0433cfc517fe","local_time":"20190613034012","is_ascension_mode":false,"campfire_choices":[{"data":"Sunder","floor":6.0,"key":"SMITH"},{"data":"Consume","floor":8.0,"key":"SMITH"},{"data":"Dualcast","floor":10.0,"key":"SMITH"},{"data":"Capacitor","floor":15.0,"key":"SMITH"},{"data":"Coolheaded","floor":23.0,"key":"SMITH"},{"data":"Coolheaded","floor":25.0,"key":"SMITH"},{"data":"White Noise","floor":27.0,"key":"SMITH"},{"data":"Skim","floor":32.0,"key":"SMITH"},{"data":"Storm","floor":40.0,"key":"SMITH"},{"data":"Capacitor","floor":44,"key":"SMITH"},{"data":"Zap","floor":49,"key":"SMITH"}],"neow_cost":"PERCENT_DAMAGE","seed_source_timestamp":60542550037741,"circlet_count":0,"master_deck":["Defend_B","Defend_B","Defend_B","Zap+1","Dualcast+1","Creative AI","Sunder+1","Consume+1","Coolheaded+1","Coolheaded+1","White Noise+1","Capacitor+1","Electrodynamics","Redo+1","Turbo+1","Glacier","Double Energy+1","Skim+1","Master of Strategy","Capacitor+1","Creative AI","Storm+1","Capacitor+1"],"special_seed":0,"relics":["Cracked Core","Meat on the Bone","Golden Idol","Coffee Dripper","Ginger","Mummified Hand","Bird Faced Urn","Unceasing Top","Cursed Key","Thread and Needle"],"potions_floor_usage":[],"damage_taken":[{"damage":1.0,"enemies":"Cultist","floor":1.0,"turns":3.0},{"damage":3.0,"enemies":"Small Slimes","floor":2.0,"turns":3.0},{"damage":7.0,"enemies":"2 Louse","floor":3.0,"turns":2.0},{"damage":2.0,"enemies":"Blue Slaver","floor":4.0,"turns":6.0},{"damage":4.0,"enemies":"2 Fungi Beasts","floor":5.0,"turns":2.0},{"damage":1.0,"enemies":"Looter","floor":7.0,"turns":5.0},{"damage":6.0,"enemies":"Red Slaver","floor":12.0,"turns":5.0},{"damage":13.0,"enemies":"Slime Boss","floor":16.0,"turns":9.0},{"damage":0.0,"enemies":"Spheric Guardian","floor":18.0,"turns":5.0},{"damage":6.0,"enemies":"Shell Parasite","floor":19.0,"turns":6.0},{"damage":7.0,"enemies":"Chosen and Byrds","floor":20.0,"turns":5.0},{"damage":0.0,"enemies":"Colosseum Slavers","floor":21.0,"turns":3.0},{"damage":12.0,"enemies":"Colosseum Nobs","floor":21.0,"turns":4.0},{"damage":15.0,"enemies":"Slavers","floor":24.0,"turns":5.0},{"damage":6.0,"enemies":"Cultist and Chosen","floor":28.0,"turns":4.0},{"damage":3.0,"enemies":"3 Cultists","floor":30.0,"turns":4.0},{"damage":9.0,"enemies":"Shelled Parasite and Fungi","floor":31.0,"turns":5.0},{"damage":4.0,"enemies":"Champ","floor":33.0,"turns":10.0},{"damage":13.0,"enemies":"Orb Walker","floor":35.0,"turns":3.0},{"damage":0.0,"enemies":"3 Shapes","floor":36.0,"turns":5.0},{"damage":12.0,"enemies":"Transient","floor":38.0,"turns":5.0},{"damage":0.0,"enemies":"Mind Bloom Boss Battle","floor":39.0,"turns":3.0},{"damage":0.0,"enemies":"Maw","floor":41.0,"turns":3.0},{"damage":0,"enemies":"3 Darklings","floor":45,"turns":1},{"damage":0,"enemies":"Transient","floor":47,"turns":5},{"damage":18,"enemies":"Jaw Worm Horde","floor":48,"turns":2},{"damage":0,"enemies":"Donu and Deca","floor":50,"turns":3}],"seed_played":"-2593273571887169546","potions_obtained":[{"floor":2.0,"key":"SpeedPotion"},{"floor":3.0,"key":"EssenceOfSteel"},{"floor":12.0,"key":"SpeedPotion"},{"floor":16.0,"key":"FearPotion"},{"floor":19.0,"key":"Explosive Potion"},{"floor":28.0,"key":"SkillPotion"},{"floor":31.0,"key":"Weak Potion"}],"is_trial":false,"path_per_floor":["M","M","M","M","M","R","M","R","T","R","?","M","$","?","R","B",null,"M","M","M","?","?","R","E","R","T","R","M","$","M","M","R","B",null,"M","M","$","M","?","R","M","?","T","R","M","?","M","M","R","B",null],"character_chosen":"DEFECT","items_purchased":["Capacitor","Master of Strategy","Capacitor","Storm"],"campfire_rested":0,"item_purchase_floors":[13,29,29,37],"current_hp_per_floor":[53,50,43,41,37,37,36,36,36,36,25,31,31,31,31,30,69,69,63,56,44,44,44,41,41,41,41,49,49,54,57,57,69,69,68,69,69,69,69,69,69,69,69,69,69,69,69,59,59,69],"gold":346,"neow_bonus":"THREE_RARE_CARDS","is_prod":false,"is_daily":false,"chose_seed":false,"campfire_upgraded":11,"win_rate":0,"timestamp":1560368412,"path_taken":["M","?","?","?","M","R","M","R","T","R","?","M","$","?","R","BOSS","M","M","M","?","?","R","E","R","T","R","M","$","M","M","R","BOSS","M","M","$","M","?","R","M","?","T","R","?","?","M","M","R","BOSS"],"build_version":"2019-01-23","purchased_purges":3,"victory":true,"max_hp_per_floor":[75,75,75,75,75,75,75,75,75,75,75,75,75,69,69,69,69,69,69,69,69,69,69,69,69,69,69,69,69,69,69,69,69,69,69,69,69,69,69,69,69,69,69,69,69,69,69,69,69,69],"card_choices":[{"not_picked":["Thunder Strike","Reboot"],"picked":"Creative AI","floor":0.0},{"not_picked":["Conserve Battery","Leap"],"picked":"Sunder","floor":1.0},{"not_picked":["Rebound","Steam"],"picked":"Consume","floor":2.0},{"not_picked":["Conserve Battery","Gash"],"picked":"Coolheaded","floor":3.0},{"not_picked":["Consume","Compile Driver"],"picked":"Coolheaded","floor":4.0},{"not_picked":["Chaos","Redo","Go for the Eyes"],"picked":"SKIP","floor":5.0},{"not_picked":["Force Field","Scrape","Chaos"],"picked":"SKIP","floor":7.0},{"not_picked":["Cold Snap","Tempest"],"picked":"White Noise","floor":12.0},{"not_picked":["Buffer","Biased Cognition"],"picked":"Electrodynamics","floor":16.0},{"not_picked":["Streamline","Ball Lightning"],"picked":"Redo+1","floor":18.0},{"not_picked":["Redo+1","Doom and Gloom","Auto Shields"],"picked":"SKIP","floor":19.0},{"not_picked":["Doom and Gloom","Gash"],"picked":"Turbo+1","floor":20.0},{"not_picked":["Doom and Gloom","Barrage"],"picked":"Glacier","floor":21.0},{"not_picked":["Hologram","Compile Driver+1"],"picked":"Double Energy+1","floor":24.0},{"not_picked":["Streamline","Heatsinks"],"picked":"Skim","floor":28.0},{"not_picked":["Static Discharge","Compile Driver","Double Energy"],"picked":"SKIP","floor":30.0},{"not_picked":["Lockon+1","Turbo","Steam"],"picked":"SKIP","floor":31.0},{"not_picked":["Biased Cognition","All For One"],"picked":"Creative AI","floor":33.0},{"not_picked":["Cold Snap","Compile Driver","Conserve Battery"],"picked":"SKIP","floor":35.0},{"not_picked":["Sweeping Beam+1","Redo","Lockon+1"],"picked":"SKIP","floor":36.0},{"not_picked":["Barrage+1","Conserve Battery+1","Rip and Tear"],"picked":"SKIP","floor":38.0},{"not_picked":["Melter","Sweeping Beam"],"picked":"Capacitor+1","floor":39.0},{"not_picked":["Hyperbeam","Turbo+1","Chaos+1"],"picked":"SKIP","floor":41.0},{"not_picked":["Hello World","Steam+1","Compile Driver"],"picked":"SKIP","floor":45},{"not_picked":["Rebound","Rip and Tear","Barrage"],"picked":"SKIP","floor":47},{"not_picked":["Compile Driver+1","Steam","Barrage+1"],"picked":"SKIP","floor":48}],"player_experience":5129820,"relics_obtained":[{"floor":9.0,"key":"Meat on the Bone"},{"floor":21.0,"key":"Ginger"},{"floor":21.0,"key":"Mummified Hand"},{"floor":24.0,"key":"Bird Faced Urn"},{"floor":26.0,"key":"Unceasing Top"},{"floor":39.0,"key":"Thread and Needle"}],"event_choices":[{"damage_healed":0.0,"max_hp_gain":0.0,"max_hp_loss":0.0,"gold_gain":75.0,"event_name":"World of Goop","player_choice":"Gather Gold","floor":11.0,"gold_loss":0.0,"damage_taken":11.0},{"damage_healed":0.0,"max_hp_gain":0.0,"max_hp_loss":6.0,"gold_gain":0.0,"event_name":"Golden Idol","player_choice":"Lose Max HP","floor":14.0,"gold_loss":0.0,"damage_taken":0.0,"relics_obtained":["Golden Idol"]},{"damage_healed":0.0,"max_hp_gain":0.0,"max_hp_loss":0.0,"gold_gain":0.0,"event_name":"Colosseum","player_choice":"Fight","floor":21.0,"gold_loss":0.0,"damage_taken":0.0},{"damage_healed":0.0,"max_hp_gain":0.0,"max_hp_loss":0.0,"gold_gain":0.0,"event_name":"Colosseum","player_choice":"Fought Nobs","floor":21.0,"gold_loss":0.0,"damage_taken":0.0},{"damage_healed":0.0,"max_hp_gain":0.0,"max_hp_loss":0.0,"gold_gain":0.0,"event_name":"Vampires","player_choice":"Ignored","floor":22.0,"gold_loss":0.0,"damage_taken":0.0},{"damage_healed":0.0,"max_hp_gain":0.0,"max_hp_loss":0.0,"gold_gain":0.0,"event_name":"MindBloom","player_choice":"Fight","floor":39.0,"gold_loss":0.0,"damage_taken":0.0},{"cards_removed":["Strike_B"],"damage_healed":0.0,"max_hp_gain":0.0,"max_hp_loss":0.0,"gold_gain":0.0,"event_name":"Bonfire Elementals","player_choice":"Offered Basic","floor":42.0,"gold_loss":0.0,"damage_taken":0.0},{"cards_removed":["Defend_B"],"damage_healed":0,"gold_gain":0,"player_choice":"Removed Skill","damage_taken":0,"max_hp_gain":0,"max_hp_loss":0,"event_name":"Falling","floor":46,"gold_loss":0}],"is_beta":false,"boss_relics":[{"not_picked":["Orrery","Eternal Feather"],"picked":"Coffee Dripper"},{"not_picked":["Fusion Hammer","Runic Dome"],"picked":"Cursed Key"}],"items_purged_floors":[13,29,37],"is_endless":false,"potions_floor_spawned":[2,3,12,16,19,21,28,30,31,36,47],"ascension_level":0}