{"gold_per_floor":[118,118,128,278,3,34,34,49,124,45,45,57,85,99,99,176,176,193,193,209,93,93,120,133,162,162,87,87,119,135,169,169,243,243,254,254,274,293,193,226,241,258,258,283,303,303,332,347,347,347,347,347,347,11,37,37],"floor_reached":57,"playtime":2903,"items_purged":["Doubt","Masterful Stab","Eviscerate"],"score":3499,"play_id":"a95e9bd4-5ab8-4a71-8c51-b904e219006f","local_time":"20190410074725","is_ascension_mode":true,"campfire_choices":[{"data":"Deadly Poison","floor":7.0,"key":"SMITH"},{"data":"Well Laid Plans","floor":11.0,"key":"SMITH"},{"data":"Acrobatics","floor":15.0,"key":"SMITH"},{"data":"Expertise","floor":28.0,"key":"SMITH"},{"data":"Calculated Gamble","floor":32.0,"key":"SMITH"},{"data":"Tactician","floor":46.0,"key":"SMITH"},{"floor":49.0,"key":"RECALL"},{"data":"Reflex","floor":53,"key":"SMITH"}],"neow_cost":"NONE","seed_source_timestamp":9570219497554,"circlet_count":0,"master_deck":["AscendersBane","Survivor","Neutralize","Deadly Poison+1","Caltrops","Well Laid Plans+1","Storm of Steel","Acrobatics+1","Malaise","Slice","Slice","Quick Slash","Prepared","Grand Finale","Venomology","Cloak And Dagger","Footwork","Tactician+1","Expertise+1","Acrobatics+1","Calculated Gamble+1","Reflex+1","Tactician+1"],"special_seed":0,"relics":["Ring of the Snake","NeowsBlessing","Potion Belt","TwistedFunnel","Ornamental Fan","Tingsha","Pandora\u0027s Box","Oddly Smooth Stone","Gremlin Horn","Nunchaku","Red Mask","Dodecahedron","Lizard Tail","Girya","Meat on the Bone","Ninja Scroll","Centennial Puzzle","ClockworkSouvenir","Shuriken"],"potions_floor_usage":[50,51,55,56,56,56,56,56],"damage_taken":[{"damage":0.0,"enemies":"2 Louse","floor":1.0,"turns":1.0},{"damage":0.0,"enemies":"Cultist","floor":3.0,"turns":1.0},{"damage":0.0,"enemies":"Lagavulin","floor":6.0,"turns":1.0},{"damage":0.0,"enemies":"Small Slimes","floor":8.0,"turns":2.0},{"damage":7.0,"enemies":"Exordium Thugs","floor":12.0,"turns":4.0},{"damage":34.0,"enemies":"Gremlin Nob","floor":13.0,"turns":4.0},{"damage":1.0,"enemies":"Large Slime","floor":14.0,"turns":5.0},{"damage":9.0,"enemies":"Hexaghost","floor":16.0,"turns":9.0},{"damage":11.0,"enemies":"Shell Parasite","floor":18.0,"turns":3.0},{"damage":0.0,"enemies":"3 Byrds","floor":20.0,"turns":2.0},{"damage":8.0,"enemies":"Slavers","floor":23.0,"turns":2.0},{"damage":15.0,"enemies":"Centurion and Healer","floor":24.0,"turns":5.0},{"damage":0.0,"enemies":"Gremlin Leader","floor":25.0,"turns":5.0},{"damage":0.0,"enemies":"Masked Bandits","floor":29.0,"turns":1.0},{"damage":0.0,"enemies":"Snake Plant","floor":30.0,"turns":2.0},{"damage":7.0,"enemies":"Slavers","floor":31.0,"turns":2.0},{"damage":0.0,"enemies":"Automaton","floor":33.0,"turns":3.0},{"damage":0.0,"enemies":"3 Darklings","floor":35.0,"turns":1.0},{"damage":0.0,"enemies":"Orb Walker","floor":37.0,"turns":1.0},{"damage":3.0,"enemies":"Transient","floor":38.0,"turns":6.0},{"damage":0.0,"enemies":"Giant Head","floor":40.0,"turns":4.0},{"damage":0.0,"enemies":"3 Darklings","floor":41.0,"turns":1.0},{"damage":0.0,"enemies":"Jaw Worm Horde","floor":42.0,"turns":1.0},{"damage":0.0,"enemies":"Nemesis","floor":44.0,"turns":5.0},{"damage":12.0,"enemies":"Maw","floor":45.0,"turns":3.0},{"damage":0.0,"enemies":"Reptomancer","floor":47.0,"turns":1.0},{"damage":0.0,"enemies":"Writhing Mass","floor":48.0,"turns":2.0},{"damage":0,"enemies":"Donu and Deca","floor":50,"turns":3},{"damage":0,"enemies":"Awakened One","floor":51,"turns":3},{"damage":2,"enemies":"Shield and Spear","floor":55,"turns":3},{"damage":59,"enemies":"The Heart","floor":56,"turns":5}],"seed_played":"-6230977899461043903","potions_obtained":[{"floor":1.0,"key":"SteroidPotion"},{"floor":3.0,"key":"EntropicBrew"},{"floor":12.0,"key":"EssenceOfSteel"},{"floor":18.0,"key":"SteroidPotion"},{"floor":25.0,"key":"Swift Potion"},{"floor":30.0,"key":"EssenceOfSteel"},{"floor":35.0,"key":"PowerPotion"},{"floor":40.0,"key":"PowerPotion"},{"floor":55,"key":"Swift Potion"}],"is_trial":false,"path_per_floor":["M","?","M","?","$","E","R","M","T","$","R","M","E","M","R","B",null,"M","?","M","$","?","E","M","E","T","?","R","?","M","E","R","B",null,"M","?","M","M","$","E","M","M","T","E","M","R","E","M","R","B","B",null,"R","$","E","B",null],"character_chosen":"THE_SILENT","items_purchased":["TwistedFunnel","Deadly Poison","Well Laid Plans","Expertise","ClockworkSouvenir"],"campfire_rested":0,"item_purchase_floors":[5,5,10,21,54],"current_hp_per_floor":[59,59,59,59,59,59,59,59,59,59,59,52,18,17,17,8,52,41,41,41,41,41,33,18,18,18,18,18,18,18,11,11,11,52,52,48,48,45,45,45,45,45,45,59,47,47,47,56,56,56,56,64,64,64,62,15],"gold":37,"neow_bonus":"THREE_ENEMY_KILL","is_prod":false,"is_daily":false,"chose_seed":false,"campfire_upgraded":7,"win_rate":0,"timestamp":1554853645,"path_taken":["M","?","?","?","?","E","R","M","T","$","R","?","E","M","R","BOSS","M","?","M","$","?","E","?","E","T","?","R","?","M","E","R","BOSS","M","?","M","M","$","E","M","M","T","E","M","R","E","M","R","BOSS","BOSS","R","$","E","BOSS"],"build_version":"2019-01-23","purchased_purges":3,"victory":true,"max_hp_per_floor":[66,66,66,66,66,66,66,66,66,66,66,66,66,66,66,66,66,66,66,66,66,66,66,66,66,66,66,66,66,66,66,66,66,66,66,66,66,66,66,66,66,66,66,66,66,66,66,66,66,66,66,66,66,66,66,66],"card_choices":[{"not_picked":["Underhanded Strike","Blade Dance"],"picked":"Poisoned Stab","floor":1.0},{"not_picked":["Flying Knee","Blade Dance","Dagger Throw"],"picked":"SKIP","floor":3.0},{"not_picked":["Endless Agony","Terror"],"picked":"Caltrops","floor":6.0},{"not_picked":["Deadly Poison","Dodge and Roll","Endless Agony"],"picked":"SKIP","floor":8.0},{"not_picked":["Eviscerate","Masterful Stab","Endless Agony"],"picked":"SKIP","floor":12.0},{"not_picked":["Setup","Prepared"],"picked":"Storm of Steel","floor":13.0},{"not_picked":["PiercingWail","Backstab"],"picked":"Acrobatics","floor":14.0},{"not_picked":["Phantasmal Killer","Die Die Die"],"picked":"Malaise","floor":16.0},{"not_picked":["Deflect","Deadly Poison","Cloak And Dagger"],"picked":"SKIP","floor":18.0},{"not_picked":["Deadly Poison","Dagger Throw"],"picked":"Tactician+1","floor":20.0},{"not_picked":["Footwork","Caltrops","Distraction"],"picked":"SKIP","floor":23.0},{"not_picked":["Deadly Poison","Flying Knee","Blade Dance+1"],"picked":"SKIP","floor":24.0},{"not_picked":["Bane","Quick Slash"],"picked":"Calculated Gamble","floor":25.0},{"not_picked":["Masterful Stab","Finisher","PiercingWail"],"picked":"SKIP","floor":30.0},{"not_picked":["Burst","Finisher","Crippling Poison"],"picked":"SKIP","floor":31.0},{"not_picked":["Expertise","Underhanded Strike","Choke+1"],"picked":"SKIP","floor":35.0},{"not_picked":["PiercingWail","Terror","Predator+1"],"picked":"SKIP","floor":37.0},{"not_picked":["Slice","Accuracy","Infinite Blades+1"],"picked":"SKIP","floor":38.0},{"not_picked":["Finisher","Deflect"],"picked":"Reflex","floor":40.0},{"not_picked":["Predator","Footwork","PiercingWail+1"],"picked":"SKIP","floor":41.0},{"not_picked":["Infinite Blades","Dagger Throw","Underhanded Strike+1"],"picked":"SKIP","floor":42.0},{"not_picked":["PiercingWail","Reflex","Envenom"],"picked":"SKIP","floor":44.0},{"not_picked":["Deadly Poison+1","Deflect"],"picked":"Tactician","floor":45.0},{"not_picked":["Quick Slash","Masterful Stab","Deadly Poison"],"picked":"SKIP","floor":47.0},{"not_picked":["Blur","Flying Knee","Blade Dance+1"],"picked":"SKIP","floor":48.0},{"not_picked":["Night Terror","PiercingWail","Glass Knife"],"picked":"SKIP","floor":55}],"player_experience":4188087,"relics_obtained":[{"floor":6.0,"key":"Ornamental Fan"},{"floor":13.0,"key":"Tingsha"},{"floor":23.0,"key":"Oddly Smooth Stone"},{"floor":25.0,"key":"Gremlin Horn"},{"floor":26.0,"key":"Nunchaku"},{"floor":29.0,"key":"Red Mask"},{"floor":31.0,"key":"Dodecahedron"},{"floor":40.0,"key":"Girya"},{"floor":43.0,"key":"Meat on the Bone"},{"floor":44.0,"key":"Ninja Scroll"},{"floor":47.0,"key":"Centennial Puzzle"},{"floor":55,"key":"Shuriken"}],"event_choices":[{"damage_healed":0.0,"max_hp_gain":0.0,"max_hp_loss":0.0,"gold_gain":0.0,"event_name":"WeMeetAgain","player_choice":"Gave Potion","floor":2.0,"gold_loss":0.0,"damage_taken":0.0,"relics_obtained":["Potion Belt"]},{"damage_healed":0.0,"max_hp_gain":0.0,"max_hp_loss":0.0,"gold_gain":150.0,"event_name":"Liars Game","player_choice":"AGREE","floor":4.0,"gold_loss":0.0,"damage_taken":0.0,"cards_obtained":["Doubt"]},{"damage_healed":0.0,"max_hp_gain":0.0,"max_hp_loss":0.0,"gold_gain":0.0,"event_name":"Cursed Tome","player_choice":"Ignored","floor":19.0,"gold_loss":0.0,"damage_taken":0.0},{"damage_healed":0.0,"max_hp_gain":0.0,"max_hp_loss":0.0,"gold_gain":0.0,"event_name":"Duplicator","player_choice":"Copied","floor":22.0,"gold_loss":0.0,"damage_taken":0.0,"cards_obtained":["Acrobatics"]},{"cards_removed":["Poisoned Stab"],"damage_healed":0.0,"max_hp_gain":0.0,"max_hp_loss":0.0,"gold_gain":0.0,"event_name":"Beggar","player_choice":"Gave Gold","floor":27.0,"gold_loss":75.0,"damage_taken":0.0},{"damage_healed":0.0,"max_hp_gain":0.0,"max_hp_loss":0.0,"gold_gain":0.0,"event_name":"Masked Bandits","player_choice":"Fought Bandits","floor":29.0,"gold_loss":0.0,"damage_taken":0.0},{"damage_healed":0.0,"max_hp_gain":0.0,"max_hp_loss":0.0,"gold_gain":0.0,"event_name":"The Woman in Blue","player_choice":"Bought 0 Potions","floor":36.0,"gold_loss":0.0,"damage_taken":0.0}],"is_beta":false,"boss_relics":[{"not_picked":["Runic Pyramid","Black Star"],"picked":"Pandora\u0027s Box"},{"not_picked":["Philosopher\u0027s Stone","WristBlade"],"picked":"Lizard Tail"}],"items_purged_floors":[21,39,54],"is_endless":false,"potions_floor_spawned":[1,3,12,18,25,30,35,40,42,48,55],"ascension_level":20}