{"gold_per_floor":[116,133,58,58,58,58,68,86,86,86,103,138,138,153,153,153],"floor_reached":16,"playtime":787,"items_purged":["Strike_G"],"score":204,"play_id":"a093f7bf-0e5b-4e39-b844-f1131e379fa8","local_time":"20190126203008","is_ascension_mode":true,"campfire_choices":[{"data":"Flechettes","floor":6.0,"key":"SMITH"},{"data":"Expertise","floor":13.0,"key":"SMITH"},{"data":"Acrobatics","floor":15.0,"key":"SMITH"}],"neow_cost":"NONE","seed_source_timestamp":13995024403337,"circlet_count":0,"master_deck":["AscendersBane","Defend_G","Defend_G","Defend_G","Defend_G","Defend_G","Strike_G","Survivor","Neutralize","Flechettes+1","Expertise+1","Footwork","Acrobatics+1"],"special_seed":0,"relics":["Ring of the Snake","Ancient Tea Set","Molten Egg 2"],"potions_floor_usage":[16,16],"damage_taken":[{"damage":7.0,"enemies":"Cultist","floor":1.0,"turns":5.0},{"damage":0.0,"enemies":"2 Louse","floor":2.0,"turns":4.0},{"damage":0.0,"enemies":"Small Slimes","floor":7.0,"turns":3.0},{"damage":0.0,"enemies":"Blue Slaver","floor":8.0,"turns":5.0},{"damage":11.0,"enemies":"Large Slime","floor":11.0,"turns":8.0},{"damage":30.0,"enemies":"Lagavulin","floor":12.0,"turns":5.0},{"damage":8.0,"enemies":"Exordium Thugs","floor":14.0,"turns":9.0},{"damage":22,"enemies":"Hexaghost","floor":16,"turns":10}],"seed_played":"-3496556683095604471","potions_obtained":[{"floor":1.0,"key":"Weak Potion"},{"floor":12.0,"key":"PowerPotion"}],"is_trial":false,"path_per_floor":["M","M","$","?","?","R","M","M","T","?","M","E","R","M","R","B"],"character_chosen":"THE_SILENT","items_purchased":[],"campfire_rested":0,"item_purchase_floors":[],"current_hp_per_floor":[52,52,52,52,52,52,52,52,52,66,55,25,25,17,17,0],"gold":153,"neow_bonus":"TRANSFORM_CARD","is_prod":false,"is_daily":false,"chose_seed":false,"campfire_upgraded":3,"win_rate":0,"timestamp":1548505808,"path_taken":["M","M","$","?","?","R","M","?","T","?","M","E","R","M","R","BOSS"],"build_version":"2019-01-23","purchased_purges":1,"victory":false,"max_hp_per_floor":[66,66,66,66,66,66,66,66,66,66,66,66,66,66,66,66],"card_choices":[{"not_picked":["Blur","Poisoned Stab","Masterful Stab"],"picked":"SKIP","floor":1.0},{"not_picked":["Cloak And Dagger","Prepared","Blade Dance"],"picked":"SKIP","floor":2.0},{"not_picked":["Dodge and Roll","Poisoned Stab"],"picked":"Footwork","floor":7.0},{"not_picked":["Infinite Blades","Outmaneuver"],"picked":"Acrobatics","floor":8.0},{"not_picked":["Deflect","Envenom","Prepared"],"picked":"SKIP","floor":11.0},{"not_picked":["Terror","Heel Hook","Bane"],"picked":"SKIP","floor":12.0},{"not_picked":["Acrobatics","Blade Dance","Cloak And Dagger"],"picked":"SKIP","floor":14.0}],"player_experience":1353819,"relics_obtained":[{"floor":9.0,"key":"Ancient Tea Set"},{"floor":12.0,"key":"Molten Egg 2"}],"event_choices":[{"damage_healed":0.0,"max_hp_gain":0.0,"max_hp_loss":0.0,"gold_gain":0.0,"cards_transformed":["Strike_G"],"event_name":"Living Wall","player_choice":"Change","floor":4.0,"gold_loss":0.0,"damage_taken":0.0,"cards_obtained":["Expertise"]},{"cards_removed":["Strike_G"],"damage_healed":0.0,"max_hp_gain":0.0,"max_hp_loss":0.0,"gold_gain":0.0,"event_name":"Bonfire Elementals","player_choice":"Offered Basic","floor":5.0,"gold_loss":0.0,"damage_taken":0.0},{"damage_healed":14.0,"max_hp_gain":0.0,"max_hp_loss":0.0,"gold_gain":0.0,"event_name":"Wheel of Change","player_choice":"Full Heal","floor":10.0,"gold_loss":0.0,"damage_taken":0.0}],"is_beta":true,"boss_relics":[],"items_purged_floors":[3],"is_endless":false,"potions_floor_spawned":[1,12,14],"killed_by":"Hexaghost","ascension_level":20}