{"gold_per_floor":[118,118,128,146,156,156,182,202,253,253,273,302,302,332,332,332],"floor_reached":16,"playtime":362,"items_purged":[],"score":224,"play_id":"3731f4d6-9c2e-4e5b-8470-df851717e892","local_time":"20190224002619","is_ascension_mode":true,"campfire_choices":[{"data":"Sunder","floor":6.0,"key":"SMITH"},{"floor":10.0,"key":"REST"},{"data":"Hologram","floor":15,"key":"SMITH"}],"neow_cost":"NONE","seed_source_timestamp":534698407730523,"circlet_count":0,"master_deck":["AscendersBane","Strike_B","Strike_B","Strike_B","Defend_B","Defend_B","Defend_B","Defend_B","Zap","Dualcast","Cold Snap","Capacitor","Hologram+1","Steam","Sunder+1","Turbo","Compile Driver","Skim","Glacier"],"special_seed":0,"relics":["Cracked Core","NeowsBlessing","Regal Pillow","Anchor","Bottled Tornado","Pen Nib"],"potions_floor_usage":[],"damage_taken":[{"damage":0.0,"enemies":"2 Louse","floor":1.0,"turns":1.0},{"damage":0.0,"enemies":"Small Slimes","floor":3.0,"turns":1.0},{"damage":0.0,"enemies":"Jaw Worm","floor":4.0,"turns":1.0},{"damage":12.0,"enemies":"Exordium Thugs","floor":5.0,"turns":4.0},{"damage":24.0,"enemies":"3 Sentries","floor":7.0,"turns":5.0},{"damage":16.0,"enemies":"Gremlin Gang","floor":8.0,"turns":5.0},{"damage":0.0,"enemies":"Exordium Wildlife","floor":11.0,"turns":2.0},{"damage":14.0,"enemies":"Lagavulin","floor":12.0,"turns":7.0},{"damage":9,"enemies":"Hexaghost","floor":16,"turns":9}],"seed_played":"-484300279605249041","potions_obtained":[{"floor":4.0,"key":"GamblersBrew"},{"floor":7.0,"key":"EssenceOfSteel"},{"floor":12.0,"key":"Block Potion"}],"is_trial":false,"path_per_floor":["M","?","M","M","M","R","E","M","T","R","M","E","?","?","R","B"],"character_chosen":"DEFECT","items_purchased":[],"campfire_rested":1,"item_purchase_floors":[],"current_hp_per_floor":[64,64,64,64,52,52,28,12,12,48,48,34,34,34,34,25],"gold":332,"neow_bonus":"THREE_ENEMY_KILL","is_prod":false,"is_daily":false,"chose_seed":false,"campfire_upgraded":2,"win_rate":0,"timestamp":1550939179,"path_taken":["M","?","M","M","M","R","E","M","T","R","M","E","?","?","R","BOSS"],"build_version":"2019-01-23","purchased_purges":0,"victory":false,"max_hp_per_floor":[71,71,71,71,71,71,71,71,71,71,71,71,71,71,71,71],"card_choices":[{"not_picked":["Barrage","Fusion"],"picked":"Cold Snap","floor":1.0},{"not_picked":["Barrage","Redo"],"picked":"Hologram","floor":3.0},{"not_picked":["White Noise","Rebound"],"picked":"Steam","floor":4.0},{"not_picked":["Beam Cell","Force Field"],"picked":"Sunder","floor":5.0},{"not_picked":["Self Repair","Reprogram"],"picked":"Turbo","floor":7.0},{"not_picked":["Leap","Reprogram"],"picked":"Compile Driver","floor":8.0},{"not_picked":["Go for the Eyes","Rebound"],"picked":"Skim","floor":11.0},{"not_picked":["FTL","Recycle"],"picked":"Glacier","floor":12.0}],"player_experience":956874,"relics_obtained":[{"floor":7.0,"key":"Regal Pillow"},{"floor":9.0,"key":"Anchor"},{"floor":12.0,"key":"Bottled Tornado"}],"event_choices":[{"damage_healed":0.0,"max_hp_gain":0.0,"max_hp_loss":0.0,"gold_gain":0.0,"cards_transformed":["Strike_B"],"event_name":"Living Wall","player_choice":"Change","floor":2.0,"gold_loss":0.0,"damage_taken":0.0,"cards_obtained":["Capacitor"]},{"damage_healed":0,"gold_gain":0,"player_choice":"Fled","damage_taken":0,"max_hp_gain":0,"max_hp_loss":0,"event_name":"Scrap Ooze","floor":13,"gold_loss":0},{"damage_healed":0,"gold_gain":30,"player_choice":"Searched \u00272\u0027 times","damage_taken":0,"relics_obtained":["Pen Nib"],"max_hp_gain":0,"max_hp_loss":0,"event_name":"Dead Adventurer","floor":14,"gold_loss":0}],"is_beta":false,"boss_relics":[],"items_purged_floors":[],"is_endless":false,"potions_floor_spawned":[4,7,12],"killed_by":"Hexaghost","ascension_level":20}