{"gold_per_floor":[113,123,123,123,137,137,157,190,190,208,208],"floor_reached":11,"playtime":246,"items_purged":[],"score":150,"play_id":"f06d1945-cce4-4ed4-996e-be573a9d9f9c","local_time":"20190404192326","is_ascension_mode":true,"campfire_choices":[{"data":"Loop","floor":6,"key":"SMITH"}],"neow_cost":"NONE","seed_source_timestamp":689914800520592,"circlet_count":0,"master_deck":["AscendersBane","Strike_B","Strike_B","Strike_B","Strike_B","Defend_B","Defend_B","Defend_B","Defend_B","Zap","Dualcast","Go for the Eyes","Gash","Pain","Loop+1","Tempest","Melter","Consume"],"relics":["Coffee Dripper","WarpedTongs","Potion Belt","Vajra"],"potions_floor_usage":[11],"damage_taken":[{"damage":4,"enemies":"Small Slimes","floor":1,"turns":4},{"damage":1,"enemies":"Cultist","floor":2,"turns":3},{"damage":8,"enemies":"2 Louse","floor":5,"turns":4},{"damage":2,"enemies":"2 Fungi Beasts","floor":7,"turns":4},{"damage":17,"enemies":"Lagavulin","floor":8,"turns":6},{"damage":16,"enemies":"Blue Slaver","floor":10,"turns":3},{"damage":3,"enemies":"Gremlin Nob","floor":11,"turns":3}],"seed_played":"6580099252415055951","potions_obtained":[{"floor":1,"key":"SpeedPotion"},{"floor":7,"key":"GamblersBrew"}],"is_trial":false,"path_per_floor":["M","M","?","?","M","R","M","E","T","M","E"],"character_chosen":"DEFECT","items_purchased":[],"campfire_rested":0,"item_purchase_floors":[],"current_hp_per_floor":[60,59,59,59,51,51,49,32,32,16,13],"gold":208,"neow_bonus":"BOSS_RELIC","is_prod":false,"is_daily":false,"chose_seed":false,"campfire_upgraded":1,"win_rate":0,"timestamp":1554377006,"path_taken":["M","M","?","?","M","R","?","E","T","M","E"],"build_version":"2019-01-23","purchased_purges":0,"victory":false,"max_hp_per_floor":[71,71,71,71,71,71,71,71,71,71,71],"card_choices":[{"not_picked":["Stack","Hologram"],"picked":"Go for the Eyes","floor":1},{"not_picked":["Redo","Leap"],"picked":"Gash","floor":2},{"not_picked":["Conserve Battery","Aggregate"],"picked":"Loop","floor":5},{"not_picked":["Cold Snap","Barrage"],"picked":"Tempest","floor":7},{"not_picked":["Redo","Melter","Leap"],"picked":"SKIP","floor":8},{"not_picked":["Redo","Leap"],"picked":"Melter","floor":8},{"not_picked":["Rebound","Reinforced Body"],"picked":"Consume","floor":10}],"player_experience":1323671,"relics_obtained":[{"floor":8,"key":"Potion Belt"},{"floor":9,"key":"Vajra"}],"event_choices":[{"damage_healed":0,"gold_gain":0,"player_choice":"Ignored","damage_taken":0,"max_hp_gain":0,"max_hp_loss":0,"event_name":"Liars Game","floor":3,"gold_loss":0},{"damage_healed":0,"gold_gain":0,"player_choice":"Rummage","damage_taken":0,"relics_obtained":["WarpedTongs"],"max_hp_gain":0,"max_hp_loss":0,"event_name":"Accursed Blacksmith","floor":4,"gold_loss":0,"cards_obtained":["Pain"]}],"is_beta":false,"boss_relics":[],"items_purged_floors":[],"is_endless":false,"potions_floor_spawned":[1,7],"killed_by":"Gremlin Nob","ascension_level":20}