{"gold_per_floor":[359,64,83,83,94,94,94,40,40,40,40,115,115,140,140,229,229,243,243,143,143,164,207,207,230,230,253,253,268,303,178,178,273,273,294,294,6,25,50,50,66,100,100,135,196,21,45,84,84,84,84,84,84,84,125,125],"floor_reached":57,"playtime":2363,"items_purged":["Strike_G","Strike_G","Strike_G","Defend_G","Defend_G"],"score":3261,"play_id":"db84b226-863e-4ff8-9489-e5afedf953b0","local_time":"20190215212133","is_ascension_mode":true,"campfire_choices":[{"data":"Well Laid Plans","floor":6.0,"key":"SMITH"},{"data":"Flechettes","floor":10.0,"key":"SMITH"},{"data":"Acrobatics","floor":15,"key":"SMITH"},{"data":"Neutralize","floor":24,"key":"SMITH"},{"data":"Calculated Gamble","floor":28,"key":"SMITH"},{"data":"Corpse Explosion","floor":32,"key":"SMITH"},{"data":"Acrobatics","floor":40,"key":"SMITH"},{"floor":49,"key":"RECALL"},{"data":"Survivor","floor":53,"key":"SMITH"}],"neow_cost":"TEN_PERCENT_HP_LOSS","seed_source_timestamp":46508142926144,"circlet_count":0,"master_deck":["AscendersBane","Defend_G","Defend_G","Survivor+1","Neutralize+1","Well Laid Plans+1","Flechettes+1","Acrobatics+1","Corpse Explosion+1","Calculated Gamble+1","After Image+1","Acrobatics+1"],"special_seed":0,"relics":["Ring of the Snake","Medical Kit","Matryoshka","Golden Idol","Sundial","Mango","Runic Pyramid","Du-Vu Doll","Dream Catcher","Frozen Egg 2","PreservedInsect","Coffee Dripper","StoneCalendar","Bag of Preparation","Prayer Wheel","Turnip","Lantern"],"potions_floor_usage":[18,23,33,42,56],"damage_taken":[{"damage":1.0,"enemies":"Cultist","floor":1.0,"turns":5.0},{"damage":0.0,"enemies":"Small Slimes","floor":3.0,"turns":5.0},{"damage":2.0,"enemies":"Jaw Worm","floor":5.0,"turns":5.0},{"damage":0,"enemies":"Looter","floor":14,"turns":3},{"damage":7,"enemies":"Hexaghost","floor":16,"turns":12},{"damage":2,"enemies":"Shell Parasite","floor":18,"turns":5},{"damage":0,"enemies":"Spheric Guardian","floor":22,"turns":3},{"damage":12,"enemies":"Gremlin Leader","floor":23,"turns":5},{"damage":3,"enemies":"Snake Plant","floor":25,"turns":3},{"damage":7,"enemies":"Shelled Parasite and Fungi","floor":27,"turns":3},{"damage":0,"enemies":"Cultist and Chosen","floor":29,"turns":2},{"damage":0,"enemies":"Book of Stabbing","floor":30,"turns":3},{"damage":12,"enemies":"Automaton","floor":33,"turns":3},{"damage":0,"enemies":"3 Darklings","floor":35,"turns":3},{"damage":0,"enemies":"Orb Walker","floor":38,"turns":2},{"damage":0,"enemies":"Spire Growth","floor":39,"turns":2},{"damage":0,"enemies":"4 Shapes","floor":41,"turns":2},{"damage":0,"enemies":"Reptomancer","floor":42,"turns":2},{"damage":0,"enemies":"Giant Head","floor":44,"turns":2},{"damage":0,"enemies":"2 Orb Walkers","floor":45,"turns":1},{"damage":0,"enemies":"3 Darklings","floor":47,"turns":1},{"damage":0,"enemies":"Nemesis","floor":48,"turns":1},{"damage":0,"enemies":"Donu and Deca","floor":50,"turns":1},{"damage":0,"enemies":"Awakened One","floor":51,"turns":2},{"damage":0,"enemies":"Shield and Spear","floor":55,"turns":1},{"damage":59,"enemies":"The Heart","floor":56,"turns":4}],"seed_played":"-5044656370272880366","potions_obtained":[{"floor":1.0,"key":"FairyPotion"},{"floor":5.0,"key":"Dexterity Potion"},{"floor":16,"key":"LiquidBronze"},{"floor":18,"key":"Dexterity Potion"},{"floor":27,"key":"GamblersBrew"},{"floor":30,"key":"AttackPotion"},{"floor":41,"key":"GamblersBrew"},{"floor":44,"key":"SneckoOil"},{"floor":45,"key":"SkillPotion"}],"is_trial":false,"path_per_floor":["M","$","M","T","M","R","?","$","T","R","?","?","?","M","R","B",null,"M","?","$","?","M","E","R","M","T","M","R","M","E","$","R","B",null,"M","?","$","M","M","R","M","E","T","E","?","$","M","E","R","B","B",null,"R","$","E","B",null],"character_chosen":"THE_SILENT","items_purchased":["Medical Kit","Acrobatics","Acrobatics","GhostInAJar"],"campfire_rested":0,"item_purchase_floors":[2,8,37,37],"current_hp_per_floor":[58,58,58,58,56,56,54,54,68,68,68,57,50,50,50,43,62,60,60,60,60,60,48,48,45,45,38,38,38,38,38,38,26,58,58,58,58,58,58,58,58,58,58,58,58,58,58,58,58,58,58,66,66,66,66,7],"gold":125,"neow_bonus":"TWO_FIFTY_GOLD","is_prod":false,"is_daily":false,"chose_seed":false,"campfire_upgraded":8,"win_rate":0,"timestamp":1550236893,"path_taken":["M","$","M","?","M","R","?","$","T","R","?","?","?","M","R","BOSS","M","?","$","?","M","E","R","M","T","?","R","M","E","$","R","BOSS","M","?","$","M","M","R","?","E","T","E","?","$","M","E","R","BOSS","BOSS","R","$","E","BOSS"],"build_version":"2019-01-23","purchased_purges":5,"victory":true,"max_hp_per_floor":[60,60,60,60,60,60,54,54,68,68,68,68,68,68,68,68,68,68,68,68,68,68,68,68,68,68,68,68,68,68,68,68,68,68,68,68,68,68,68,68,68,68,68,68,68,68,68,68,68,68,68,68,68,68,68,68],"card_choices":[{"not_picked":["Endless Agony","Flying Knee"],"picked":"Well Laid Plans","floor":1.0},{"not_picked":["Deflect","Outmaneuver"],"picked":"Flechettes","floor":3.0},{"not_picked":["Slice","Skewer","Underhanded Strike"],"picked":"SKIP","floor":5.0},{"not_picked":["Cloak And Dagger","Crippling Poison","Deadly Poison"],"picked":"SKIP","floor":14},{"not_picked":["Adrenaline","Wraith Form v2"],"picked":"Corpse Explosion","floor":16},{"not_picked":["Underhanded Strike","Blade Dance","Prepared"],"picked":"SKIP","floor":18},{"not_picked":["Cloak And Dagger","Dodge and Roll","Underhanded Strike"],"picked":"SKIP","floor":22},{"not_picked":["Cloak And Dagger","Dagger Spray","Corpse Explosion"],"picked":"SKIP","floor":23},{"not_picked":["Eviscerate","Crippling Poison"],"picked":"Calculated Gamble","floor":25},{"not_picked":["Sucker Punch","Dagger Throw","Bane"],"picked":"SKIP","floor":27},{"not_picked":["Bane+1","Slice","Outmaneuver"],"picked":"SKIP","floor":29},{"not_picked":["Sucker Punch+1","Storm of Steel","Setup"],"picked":"SKIP","floor":30},{"not_picked":["Grand Finale","Storm of Steel"],"picked":"After Image+1","floor":33},{"not_picked":["Deadly Poison","Blade Dance","Outmaneuver"],"picked":"SKIP","floor":35},{"not_picked":["Poisoned Stab","Flying Knee","Distraction+1"],"picked":"SKIP","floor":38},{"not_picked":["Quick Slash","Backflip","Acrobatics+1"],"picked":"SKIP","floor":39},{"not_picked":["Calculated Gamble+1","Escape Plan","Sucker Punch+1"],"picked":"SKIP","floor":41},{"not_picked":["Expertise","Blur+1","Backflip"],"picked":"SKIP","floor":42},{"not_picked":["Skewer","Dagger Throw","Caltrops+1"],"picked":"SKIP","floor":44},{"not_picked":["Quick Slash+1","Skewer","Choke"],"picked":"SKIP","floor":47},{"not_picked":["Outmaneuver","Poisoned Stab","PiercingWail+1"],"picked":"SKIP","floor":47},{"not_picked":["Outmaneuver+1","Acrobatics","A Thousand Cuts+1"],"picked":"SKIP","floor":48},{"not_picked":["Caltrops+1","PiercingWail","Flying Knee"],"picked":"SKIP","floor":55}],"player_experience":2791308,"relics_obtained":[{"floor":4.0,"key":"Matryoshka"},{"floor":9.0,"key":"Sundial"},{"floor":9.0,"key":"Mango"},{"floor":23,"key":"Du-Vu Doll"},{"floor":26,"key":"Dream Catcher"},{"floor":26,"key":"Frozen Egg 2"},{"floor":30,"key":"PreservedInsect"},{"floor":42,"key":"StoneCalendar"},{"floor":44,"key":"Bag of Preparation"},{"floor":45,"key":"Prayer Wheel"},{"floor":48,"key":"Turnip"},{"floor":55,"key":"Lantern"}],"event_choices":[{"damage_healed":0.0,"max_hp_gain":0.0,"max_hp_loss":6.0,"gold_gain":0.0,"event_name":"Golden Idol","player_choice":"Lose Max HP","floor":7.0,"gold_loss":0.0,"damage_taken":0.0,"relics_obtained":["Golden Idol"]},{"damage_healed":0,"gold_gain":0,"player_choice":"Searched \u00270\u0027 times","damage_taken":0,"max_hp_gain":0,"max_hp_loss":0,"event_name":"Dead Adventurer","floor":11,"gold_loss":0},{"damage_healed":0,"gold_gain":75,"player_choice":"Gather Gold","damage_taken":11,"max_hp_gain":0,"max_hp_loss":0,"event_name":"World of Goop","floor":12,"gold_loss":0},{"cards_removed":["Strike_G"],"damage_healed":0,"gold_gain":0,"player_choice":"Card Removal","damage_taken":7,"max_hp_gain":0,"max_hp_loss":0,"event_name":"Golden Wing","floor":13,"gold_loss":0},{"cards_removed":["Strike_G"],"damage_healed":0,"gold_gain":0,"player_choice":"Elegance","damage_taken":0,"max_hp_gain":0,"max_hp_loss":0,"event_name":"Back to Basics","floor":19,"gold_loss":0},{"damage_healed":0,"gold_gain":0,"player_choice":"Ignored","damage_taken":0,"max_hp_gain":0,"max_hp_loss":0,"event_name":"N\u0027loth","floor":21,"gold_loss":0},{"cards_removed":["Defend_G"],"damage_healed":0,"gold_gain":0,"player_choice":"Purged","damage_taken":0,"max_hp_gain":0,"max_hp_loss":0,"event_name":"Purifier","floor":36,"gold_loss":0},{"damage_healed":0,"gold_gain":0,"player_choice":"Fight","damage_taken":0,"max_hp_gain":0,"max_hp_loss":0,"event_name":"Mysterious Sphere","floor":45,"gold_loss":0}],"is_beta":false,"boss_relics":[{"not_picked":["Fusion Hammer","HoveringKite"],"picked":"Runic Pyramid"},{"not_picked":["Snecko Eye","WristBlade"],"picked":"Coffee Dripper"}],"items_purged_floors":[2,20,31,37,46],"is_endless":false,"potions_floor_spawned":[1,5,16,18,27,29,30,38,41,44,45,55],"ascension_level":20}