{"gold_per_floor":[213,213,213,229,35,35,47,47,71,83,101,101,132,45,45,124,124,144,43,43,43,43,71,71,90,90,90,90,90,90,90,90,167,167,186,186,199,218,47,82,82,82],"floor_reached":42,"playtime":1261,"items_purged":[],"score":814,"play_id":"f032ccb0-1785-47cc-82c3-aed69826d507","local_time":"20181218095608","is_ascension_mode":true,"campfire_choices":[{"data":"Apotheosis","floor":6.0,"key":"SMITH"},{"data":"Inflame","floor":8.0,"key":"SMITH"},{"data":"Inflame","floor":15.0,"key":"SMITH"},{"floor":24.0,"key":"REST"},{"floor":27.0,"key":"REST"},{"floor":30.0,"key":"REST"},{"floor":32.0,"key":"REST"},{"floor":41.0,"key":"REST"}],"neow_cost":"NONE","seed_source_timestamp":780240360245,"circlet_count":0,"master_deck":["AscendersBane","Defend_R","Defend_R","Defend_R","Defend_R","Bash","Second Wind","Apotheosis+1","Inflame+1","Inflame+1","Shrug It Off","Parasite","Pommel Strike","Evolve","Offering+1","Disarm+1","Flash of Steel","True Grit","Dropkick","Offering+1","Fiend Fire","Shrug It Off+1"],"special_seed":0,"relics":["Burning Blood","Potion Belt","Paper Frog","Fusion Hammer","Ancient Tea Set","Juzu Bracelet","Empty Cage","Bag of Marbles","Ornamental Fan"],"potions_floor_usage":[42],"damage_taken":[{"damage":21.0,"enemies":"Jaw Worm","floor":1.0,"turns":4.0},{"damage":15.0,"enemies":"Small Slimes","floor":4.0,"turns":4.0},{"damage":3.0,"enemies":"Cultist","floor":7.0,"turns":4.0},{"damage":9.0,"enemies":"Looter","floor":10.0,"turns":4.0},{"damage":16.0,"enemies":"Exordium Wildlife","floor":11.0,"turns":5.0},{"damage":26.0,"enemies":"3 Sentries","floor":13.0,"turns":8.0},{"damage":22.0,"enemies":"Slime Boss","floor":16.0,"turns":7.0},{"damage":23.0,"enemies":"2 Thieves","floor":18.0,"turns":4.0},{"damage":38.0,"enemies":"Slavers","floor":23.0,"turns":6.0},{"damage":28.0,"enemies":"Shell Parasite","floor":25.0,"turns":6.0},{"damage":26.0,"enemies":"Colosseum Slavers","floor":28.0,"turns":4.0},{"damage":17.0,"enemies":"Collector","floor":33.0,"turns":5.0},{"damage":9.0,"enemies":"3 Shapes","floor":35.0,"turns":5.0},{"damage":12.0,"enemies":"Orb Walker","floor":37.0,"turns":2.0},{"damage":27.0,"enemies":"Transient","floor":38.0,"turns":6.0},{"damage":13.0,"enemies":"Nemesis","floor":40.0,"turns":3.0},{"damage":59,"enemies":"Reptomancer","floor":42,"turns":2}],"seed_played":"-1126195404211089497","potions_obtained":[{"floor":1.0,"key":"FearPotion"},{"floor":10.0,"key":"FearPotion"},{"floor":18.0,"key":"Weak Potion"},{"floor":37.0,"key":"Energy Potion"},{"floor":38.0,"key":"PowerPotion"}],"is_trial":false,"path_per_floor":["M","?","?","M","$","R","M","R","T","M","M","?","E","$","R","B",null,"M","$","?","$","?","E","R","M","T","R","?","?","R","?","R","B",null,"M","?","M","M","$","E","R","E"],"character_chosen":"IRONCLAD","items_purchased":["Apotheosis","Evolve","Flash of Steel","Bag of Marbles"],"campfire_rested":5,"item_purchase_floors":[5,14,19,39],"current_hp_per_floor":[53,53,53,44,44,44,47,47,47,44,34,52,32,32,32,16,60,43,43,43,43,43,11,33,11,11,33,13,13,35,35,57,46,68,65,65,59,38,38,31,53,0],"gold":82,"neow_bonus":"HUNDRED_GOLD","is_prod":false,"is_daily":false,"chose_seed":false,"campfire_upgraded":3,"win_rate":0,"timestamp":1545098168,"path_taken":["M","?","?","?","$","R","M","R","T","M","M","?","E","$","R","BOSS","M","$","?","?","?","E","R","?","T","R","?","?","R","?","R","BOSS","M","?","M","M","$","E","R","E"],"build_version":"2018-12-13","purchased_purges":0,"victory":false,"max_hp_per_floor":[75,75,75,75,75,75,75,75,75,75,75,75,75,75,75,75,75,75,75,75,75,75,75,75,75,75,75,75,75,75,75,75,75,75,75,75,75,75,75,75,75,75],"card_choices":[{"not_picked":["Entrench","Havoc","Bloodletting"],"picked":"SKIP","floor":1.0},{"not_picked":["Shrug It Off","True Grit"],"picked":"Second Wind","floor":4.0},{"not_picked":["Burning Pact","Intimidate"],"picked":"Inflame","floor":7.0},{"not_picked":["Cleave","Armaments"],"picked":"Inflame","floor":10.0},{"not_picked":["Twin Strike","Sever Soul"],"picked":"Shrug It Off","floor":11.0},{"not_picked":["Warcry","Fire Breathing"],"picked":"Pommel Strike","floor":13.0},{"not_picked":["Dark Embrace","Double Tap"],"picked":"Offering","floor":16.0},{"not_picked":["Reckless Charge","Blood for Blood"],"picked":"Disarm","floor":18.0},{"not_picked":["Reckless Charge","Clothesline"],"picked":"True Grit","floor":23.0},{"not_picked":["Bloodletting+1","Entrench+1"],"picked":"Dropkick","floor":25.0},{"not_picked":["Bludgeon","Limit Break"],"picked":"Fiend Fire","floor":33.0},{"not_picked":["Sword Boomerang+1","Rampage"],"picked":"Shrug It Off+1","floor":35.0},{"not_picked":["Corruption","Rampage+1","Anger+1"],"picked":"SKIP","floor":37.0},{"not_picked":["Intimidate","Sever Soul","Clothesline"],"picked":"SKIP","floor":38.0},{"not_picked":["Armaments","Twin Strike","Rupture"],"picked":"SKIP","floor":40.0}],"player_experience":1333227,"relics_obtained":[{"floor":13.0,"key":"Paper Frog"},{"floor":23.0,"key":"Ancient Tea Set"},{"floor":26.0,"key":"Juzu Bracelet"},{"floor":40.0,"key":"Ornamental Fan"}],"event_choices":[{"cards_removed":["Strike_R"],"damage_healed":0.0,"max_hp_gain":0.0,"max_hp_loss":0.0,"gold_gain":0.0,"event_name":"Living Wall","player_choice":"Forget","floor":2.0,"gold_loss":0.0,"damage_taken":0.0},{"damage_healed":0.0,"max_hp_gain":0.0,"max_hp_loss":0.0,"gold_gain":0.0,"event_name":"WeMeetAgain","player_choice":"Gave Potion","floor":3.0,"gold_loss":0.0,"damage_taken":0.0,"relics_obtained":["Potion Belt"]},{"damage_healed":18.0,"max_hp_gain":0.0,"max_hp_loss":0.0,"gold_gain":0.0,"event_name":"Mushrooms","player_choice":"Healed and dodged fight","floor":12.0,"gold_loss":0.0,"damage_taken":0.0,"cards_obtained":["Parasite"]},{"damage_healed":0.0,"max_hp_gain":0.0,"max_hp_loss":0.0,"gold_gain":0.0,"event_name":"Accursed Blacksmith","player_choice":"Forge","floor":20.0,"gold_loss":0.0,"damage_taken":0.0,"cards_upgraded":["Offering"]},{"damage_healed":0.0,"max_hp_gain":0.0,"max_hp_loss":0.0,"gold_gain":0.0,"event_name":"Upgrade Shrine","player_choice":"Upgraded","floor":22.0,"gold_loss":0.0,"damage_taken":0.0,"cards_upgraded":["Disarm"]},{"damage_healed":0.0,"max_hp_gain":0.0,"max_hp_loss":0.0,"gold_gain":0.0,"event_name":"Colosseum","player_choice":"Fight","floor":28.0,"gold_loss":0.0,"damage_taken":0.0},{"damage_healed":0.0,"max_hp_gain":0.0,"max_hp_loss":0.0,"gold_gain":0.0,"event_name":"Colosseum","player_choice":"Fled From Nobs","floor":28.0,"gold_loss":0.0,"damage_taken":0.0},{"damage_healed":0.0,"max_hp_gain":0.0,"max_hp_loss":0.0,"gold_gain":0.0,"event_name":"Duplicator","player_choice":"Copied","floor":29.0,"gold_loss":0.0,"damage_taken":0.0,"cards_obtained":["Offering"]},{"cards_removed":["Strike_R"],"damage_healed":0.0,"max_hp_gain":0.0,"max_hp_loss":0.0,"gold_gain":0.0,"event_name":"Bonfire Elementals","player_choice":"Offered Basic","floor":31.0,"gold_loss":0.0,"damage_taken":0.0},{"cards_removed":["Strike_R"],"damage_healed":0.0,"max_hp_gain":0.0,"max_hp_loss":0.0,"gold_gain":0.0,"event_name":"Falling","player_choice":"Removed Attack","floor":36.0,"gold_loss":0.0,"damage_taken":0.0}],"is_beta":false,"boss_relics":[{"not_picked":["Orrery","Runic Dome"],"picked":"Fusion Hammer"},{"not_picked":["Black Star","Velvet Choker"],"picked":"Empty Cage"}],"items_purged_floors":[],"is_endless":false,"potions_floor_spawned":[1,10,18,37,38],"killed_by":"Reptomancer","ascension_level":17}