{"gold_per_floor":[211,5,16,16,16,16,45,70,70,70,83,117,127,154,154,229,229,248,188,113,113,87,87,2,2,27,27,42,92,92,122,122,198,198,215,42,58,71,71,102,102,121,145,245,135,169,169,67,67,67,67,67,67,22,50,50],"floor_reached":56,"playtime":3661,"items_purged":["Strike_G"],"score":2124,"play_id":"5d357f03-c18a-49ec-9075-e4773e9f760a","local_time":"20190216171226","is_ascension_mode":true,"campfire_choices":[{"data":"Neutralize","floor":6.0,"key":"SMITH"},{"data":"Footwork","floor":10.0,"key":"SMITH"},{"data":"Well Laid Plans","floor":15.0,"key":"SMITH"},{"data":"Blade Dance","floor":23.0,"key":"SMITH"},{"data":"Tactician","floor":25.0,"key":"SMITH"},{"data":"Backflip","floor":32.0,"key":"SMITH"},{"data":"Cloak And Dagger","floor":41.0,"key":"SMITH"},{"floor":47.0,"key":"RECALL"},{"data":"Panache","floor":49.0,"key":"SMITH"},{"data":"Accuracy","floor":53,"key":"SMITH"}],"neow_cost":"NONE","seed_source_timestamp":25994459228783,"circlet_count":0,"master_deck":["AscendersBane","Defend_G","Defend_G","Defend_G","Defend_G","Defend_G","Survivor","Neutralize+1","Footwork+1","Backstab+1","Tactician+1","Masterful Stab","Endless Agony","Backflip+1","Blade Dance+1","Well Laid Plans+1","Storm of Steel+1","Well Laid Plans+1","Cloak And Dagger+1","Backflip","Dagger Throw+1","Panache+1","Secret Technique","Accuracy+1","Acrobatics"],"special_seed":0,"relics":["Ring of the Snake","Vajra","The Courier","Odd Mushroom","Kunai","Bottled Lightning","Bag of Marbles","Busted Crown","Oddly Smooth Stone","Bottled Flame","WristBlade","Potion Belt","Bronze Scales","Whetstone","Shovel","Juzu Bracelet","Centennial Puzzle"],"potions_floor_usage":[56],"damage_taken":[{"damage":0.0,"enemies":"2 Louse","floor":1.0,"turns":5.0},{"damage":0.0,"enemies":"Small Slimes","floor":3.0,"turns":4.0},{"damage":19.0,"enemies":"3 Sentries","floor":7.0,"turns":14.0},{"damage":7.0,"enemies":"The Mushroom Lair","floor":8.0,"turns":4.0},{"damage":0.0,"enemies":"Jaw Worm","floor":11.0,"turns":2.0},{"damage":21.0,"enemies":"Gremlin Nob","floor":12.0,"turns":5.0},{"damage":0.0,"enemies":"Large Slime","floor":13.0,"turns":5.0},{"damage":0.0,"enemies":"Lagavulin","floor":14.0,"turns":9.0},{"damage":0.0,"enemies":"Slime Boss","floor":16.0,"turns":11.0},{"damage":0.0,"enemies":"3 Byrds","floor":18.0,"turns":6.0},{"damage":0.0,"enemies":"Colosseum Slavers","floor":21.0,"turns":6.0},{"damage":0.0,"enemies":"2 Thieves","floor":22.0,"turns":4.0},{"damage":4.0,"enemies":"Snake Plant","floor":28.0,"turns":5.0},{"damage":1.0,"enemies":"Gremlin Leader","floor":31.0,"turns":10.0},{"damage":2.0,"enemies":"Collector","floor":33.0,"turns":21.0},{"damage":0.0,"enemies":"3 Shapes","floor":35.0,"turns":8.0},{"damage":0.0,"enemies":"Orb Walker","floor":37.0,"turns":2.0},{"damage":0.0,"enemies":"Jaw Worm Horde","floor":38.0,"turns":4.0},{"damage":4.0,"enemies":"Reptomancer","floor":40.0,"turns":5.0},{"damage":0.0,"enemies":"Sphere and 2 Shapes","floor":42.0,"turns":4.0},{"damage":0.0,"enemies":"Mind Bloom Boss Battle","floor":44.0,"turns":5.0},{"damage":0.0,"enemies":"Nemesis","floor":46.0,"turns":7.0},{"damage":12.0,"enemies":"Donu and Deca","floor":50.0,"turns":11.0},{"damage":0.0,"enemies":"Time Eater","floor":51.0,"turns":13.0},{"damage":53,"enemies":"Shield and Spear","floor":55,"turns":5},{"damage":33,"enemies":"The Heart","floor":56,"turns":2}],"seed_played":"-3300035308322386963","potions_obtained":[{"floor":3.0,"key":"Energy Potion"},{"floor":7.0,"key":"PowerPotion"},{"floor":13.0,"key":"Explosive Potion"},{"floor":14.0,"key":"Ancient Potion"},{"floor":18.0,"key":"SkillPotion"},{"floor":28.0,"key":"GamblersBrew"},{"floor":33.0,"key":"AttackPotion"},{"floor":37.0,"key":"EssenceOfSteel"},{"floor":42.0,"key":"Block Potion"},{"floor":44.0,"key":"Explosive Potion"},{"floor":46.0,"key":"EssenceOfSteel"}],"is_trial":false,"path_per_floor":["M","$","M","?","?","R","E","?","T","R","M","E","M","E","R","B",null,"M","$","?","?","M","R","?","R","T","?","M","?","?","E","R","B",null,"M","$","M","M","?","E","R","M","T","?","?","E","R","$","R","B","B",null,"R","$","E","B"],"character_chosen":"THE_SILENT","items_purchased":["Footwork","Vajra","Backflip","Potion Belt","Accuracy","GhostInAJar","Acrobatics"],"campfire_rested":0,"item_purchase_floors":[2,2,36,36,48,48,54],"current_hp_per_floor":[59,59,59,59,59,59,40,33,33,33,33,12,12,12,12,12,53,53,53,53,53,53,53,53,53,53,53,49,49,49,48,48,46,61,61,61,61,61,51,47,47,47,47,47,47,47,47,47,47,35,35,58,58,58,5,0],"gold":50,"neow_bonus":"HUNDRED_GOLD","is_prod":false,"is_daily":false,"chose_seed":false,"campfire_upgraded":9,"win_rate":0,"timestamp":1550308346,"path_taken":["M","$","M","?","?","R","E","?","T","R","M","E","M","E","R","BOSS","M","$","?","?","M","R","?","R","T","?","?","?","?","E","R","BOSS","M","$","M","?","?","E","R","M","T","?","?","E","R","$","R","BOSS","BOSS","R","$","E","BOSS"],"build_version":"2019-01-23","purchased_purges":1,"victory":false,"max_hp_per_floor":[66,66,66,66,66,66,66,66,66,66,66,66,66,66,66,66,66,66,66,66,66,66,66,66,66,66,66,66,66,66,66,66,66,66,66,66,66,66,66,66,66,66,66,66,66,66,66,66,66,66,66,66,66,66,66,66],"card_choices":[{"not_picked":["Quick Slash","Acrobatics","Bane"],"picked":"SKIP","floor":1.0},{"not_picked":["Blade Dance","Finisher"],"picked":"Backstab","floor":3.0},{"not_picked":["Acrobatics","Flying Knee"],"picked":"Tactician","floor":7.0},{"not_picked":["All Out Attack","Eviscerate"],"picked":"Masterful Stab","floor":8.0},{"not_picked":["Dodge and Roll","Prepared"],"picked":"Endless Agony","floor":11.0},{"not_picked":["Deadly Poison","Eviscerate"],"picked":"Backflip","floor":12.0},{"not_picked":["Bouncing Flask","Reflex"],"picked":"Blade Dance","floor":13.0},{"not_picked":["Footwork","Grand Finale"],"picked":"Well Laid Plans","floor":14.0},{"not_picked":["Doppelganger","Glass Knife"],"picked":"Storm of Steel","floor":16.0},{"not_picked":["Caltrops"],"picked":"SKIP","floor":18.0},{"not_picked":["Deadly Poison"],"picked":"SKIP","floor":22.0},{"not_picked":["Flying Knee"],"picked":"SKIP","floor":28.0},{"not_picked":["Flying Knee+1"],"picked":"SKIP","floor":31.0},{"not_picked":[],"picked":"Cloak And Dagger","floor":35.0},{"not_picked":[],"picked":"Dagger Throw+1","floor":37.0},{"not_picked":["Underhanded Strike"],"picked":"SKIP","floor":38.0},{"not_picked":[],"picked":"Panache","floor":39.0},{"not_picked":[],"picked":"Secret Technique","floor":39.0},{"not_picked":["Quick Slash"],"picked":"SKIP","floor":40.0},{"not_picked":["Deflect"],"picked":"SKIP","floor":42.0},{"not_picked":["Dagger Throw+1"],"picked":"SKIP","floor":46.0},{"not_picked":["Bullet Time"],"picked":"SKIP","floor":55}],"player_experience":2823712,"relics_obtained":[{"floor":7.0,"key":"The Courier"},{"floor":8.0,"key":"Odd Mushroom"},{"floor":9.0,"key":"Kunai"},{"floor":12.0,"key":"Bottled Lightning"},{"floor":14.0,"key":"Bag of Marbles"},{"floor":31.0,"key":"Bottled Flame"},{"floor":40.0,"key":"Bronze Scales"},{"floor":43.0,"key":"Whetstone"},{"floor":44.0,"key":"Shovel"},{"floor":46.0,"key":"Juzu Bracelet"},{"floor":55,"key":"Centennial Puzzle"}],"event_choices":[{"cards_removed":["Strike_G"],"damage_healed":0.0,"max_hp_gain":0.0,"max_hp_loss":0.0,"gold_gain":0.0,"event_name":"Living Wall","player_choice":"Forget","floor":4.0,"gold_loss":0.0,"damage_taken":0.0},{"damage_healed":0.0,"max_hp_gain":0.0,"max_hp_loss":0.0,"gold_gain":0.0,"event_name":"Liars Game","player_choice":"Ignored","floor":5.0,"gold_loss":0.0,"damage_taken":0.0},{"damage_healed":0.0,"max_hp_gain":0.0,"max_hp_loss":0.0,"gold_gain":0.0,"event_name":"Mushrooms","player_choice":"Fought Mushrooms","floor":8.0,"gold_loss":0.0,"damage_taken":0.0},{"cards_removed":["Strike_G"],"damage_healed":0.0,"max_hp_gain":0.0,"max_hp_loss":0.0,"gold_gain":0.0,"event_name":"Beggar","player_choice":"Gave Gold","floor":20.0,"gold_loss":75.0,"damage_taken":0.0},{"damage_healed":0.0,"max_hp_gain":0.0,"max_hp_loss":0.0,"gold_gain":0.0,"event_name":"Colosseum","player_choice":"Fight","floor":21.0,"gold_loss":0.0,"damage_taken":0.0},{"damage_healed":0.0,"max_hp_gain":0.0,"max_hp_loss":0.0,"gold_gain":0.0,"event_name":"Colosseum","player_choice":"Fled From Nobs","floor":21.0,"gold_loss":0.0,"damage_taken":0.0},{"damage_healed":0.0,"max_hp_gain":0.0,"max_hp_loss":0.0,"gold_gain":0.0,"event_name":"Addict","player_choice":"Obtained Relic","floor":24.0,"gold_loss":85.0,"damage_taken":0.0,"relics_obtained":["Oddly Smooth Stone"]},{"damage_healed":0.0,"max_hp_gain":0.0,"max_hp_loss":0.0,"gold_gain":0.0,"event_name":"Duplicator","player_choice":"Copied","floor":27.0,"gold_loss":0.0,"damage_taken":0.0,"cards_obtained":["Well Laid Plans"]},{"damage_healed":0.0,"max_hp_gain":0.0,"max_hp_loss":0.0,"gold_gain":50.0,"event_name":"Nest","player_choice":"Stole From Cult","floor":29.0,"gold_loss":0.0,"damage_taken":0.0},{"cards_removed":["Strike_G"],"damage_healed":0.0,"max_hp_gain":0.0,"max_hp_loss":0.0,"gold_gain":0.0,"event_name":"Purifier","player_choice":"Purged","floor":30.0,"gold_loss":0.0,"damage_taken":0.0},{"damage_healed":0.0,"max_hp_gain":0.0,"max_hp_loss":0.0,"gold_gain":0.0,"event_name":"SensoryStone","player_choice":"Memory 3","floor":39.0,"gold_loss":0.0,"damage_taken":10.0},{"damage_healed":0.0,"max_hp_gain":0.0,"max_hp_loss":0.0,"gold_gain":0.0,"event_name":"MindBloom","player_choice":"Fight","floor":44.0,"gold_loss":0.0,"damage_taken":0.0},{"cards_removed":["Strike_G"],"damage_healed":0.0,"max_hp_gain":0.0,"max_hp_loss":0.0,"gold_gain":0.0,"event_name":"Designer","player_choice":"Upgrade and Remove","floor":45.0,"gold_loss":110.0,"damage_taken":0.0,"cards_upgraded":["Storm of Steel"]}],"is_beta":false,"boss_relics":[{"not_picked":["Velvet Choker","Calling Bell"],"picked":"Busted Crown"},{"not_picked":["Snecko Eye","Eternal Feather"],"picked":"WristBlade"}],"items_purged_floors":[19],"is_endless":false,"potions_floor_spawned":[3,7,13,14,18,28,33,37,42,44,46],"killed_by":"The Heart","ascension_level":20}