{"path_per_floor":["M","M","M","?","M","E","$","R","T","R","M","?","M","M","R","B",null,"M","?","M","?","M","R"],"character_chosen":"THE_SILENT","items_purchased":[],"gold_per_floor":[111,126,145,95,105,131,131,131,154,154,174,174,193,210,210,306,306,318,318,307,307,323,323,323],"floor_reached":24,"campfire_rested":2,"playtime":743,"item_purchase_floors":[],"current_hp_per_floor":[63,63,59,59,44,2,2,23,23,44,44,44,44,44,44,44,64,60,60,45,45,14,14,0],"items_purged":[],"gold":323,"score":350,"play_id":"cba584df-6c02-4f94-b91a-5e9f034e8d3e","local_time":"20180528161127","is_prod":false,"is_daily":false,"chose_seed":false,"is_ascension_mode":true,"campfire_upgraded":2,"win_rate":0,"timestamp":1527495087,"campfire_choices":[{"floor":8,"key":"REST"},{"floor":10,"key":"REST"},{"data":"Cloak And Dagger","floor":15,"key":"SMITH"},{"data":"Finisher","floor":23,"key":"SMITH"}],"path_taken":["M","M","M","?","M","E","$","R","T","R","M","?","M","M","R","BOSS","M","?","?","?","M","R","E"],"build_version":"2018-05-25","seed_source_timestamp":20634697438340,"purchased_purges":0,"victory":false,"master_deck":["Defend_G","Defend_G","Defend_G","Defend_G","Defend_G","Strike_G","Strike_G","Strike_G","Survivor","Neutralize","Terror+1","Slice","Poisoned Stab","Dagger Spray","All Out Attack","Finisher+1","Slice","Cloak And Dagger+1","Adrenaline","Slice+1","Setup+1","Backstab","Calculated Gamble+1"],"max_hp_per_floor":[70,70,70,70,70,70,70,70,70,70,70,70,70,70,70,70,70,70,70,70,70,70,70,70],"relics":["Ring of the Snake","Anchor","Potion Belt","Runic Pyramid"],"card_choices":[{"not_picked":["Bane","Reflex"],"picked":"Terror","floor":0},{"not_picked":["Eviscerate","Poisoned Stab"],"picked":"Slice","floor":1},{"not_picked":["Terror","Poisoned Stab","Deadly Poison"],"picked":"SKIP","floor":2},{"not_picked":["Deadly Poison","PiercingWail"],"picked":"Poisoned Stab","floor":3},{"not_picked":["Accuracy","Bullet Time"],"picked":"Dagger Spray","floor":5},{"not_picked":["Dash","Quick Slash"],"picked":"All Out Attack","floor":6},{"not_picked":["Riddle With Holes","Sucker Punch"],"picked":"Finisher","floor":11},{"not_picked":["Sucker Punch","Bouncing Flask"],"picked":"Slice","floor":13},{"not_picked":["PiercingWail","Malaise"],"picked":"Cloak And Dagger","floor":14},{"not_picked":["Grand Finale","Doppelganger"],"picked":"Adrenaline","floor":16},{"not_picked":["Malaise","Prepared"],"picked":"Slice+1","floor":18},{"not_picked":["Backflip","Prepared"],"picked":"Backstab","floor":20},{"not_picked":["Endless Agony","Flying Knee"],"picked":"Calculated Gamble+1","floor":22}],"player_experience":507552,"potions_floor_usage":[16,16,16,16,16,16,16,18,18,18,22],"damage_taken":[{"damage":0,"enemies":"2 Louse","floor":1,"turns":3},{"damage":0,"enemies":"Cultist","floor":2,"turns":3},{"damage":4,"enemies":"Jaw Worm","floor":3,"turns":3},{"damage":15,"enemies":"Gremlin Gang","floor":5,"turns":8},{"damage":42,"enemies":"Lagavulin","floor":6,"turns":7},{"damage":0,"enemies":"Large Slime","floor":11,"turns":5},{"damage":0,"enemies":"Lots of Slimes","floor":13,"turns":3},{"damage":0,"enemies":"Gremlin Gang","floor":14,"turns":2},{"damage":0,"enemies":"Hexaghost","floor":16,"turns":6},{"damage":4,"enemies":"3 Byrds","floor":18,"turns":4},{"damage":15,"enemies":"2 Thieves","floor":20,"turns":4},{"damage":31,"enemies":"Chosen and Byrds","floor":22,"turns":8},{"damage":17,"enemies":"Gremlin Leader","floor":24,"turns":3}],"relics_obtained":[{"floor":6,"key":"Anchor"},{"floor":9,"key":"Potion Belt"}],"event_choices":[{"event_name":"The Cleric","player_choice":"Card Removal","floor":4,"damage_taken":0},{"event_name":"Upgrade Shrine","player_choice":"Upgraded","floor":12,"damage_taken":0},{"event_name":"Transmorgrifier","player_choice":"Transform","floor":19,"damage_taken":0},{"event_name":"Upgrade Shrine","player_choice":"Upgraded","floor":21,"damage_taken":0}],"boss_relics":[{"not_picked":["Velvet Choker","Snecko Eye"],"picked":"Runic Pyramid"}],"items_purged_floors":[],"potions_floor_spawned":[1,5,13,14],"seed_played":"7299312590500492693","killed_by":"Gremlin Leader","ascension_level":8,"potions_obtained":[{"floor":1,"key":"Ancient Potion"},{"floor":5,"key":"SpeedPotion"},{"floor":13,"key":"Poison Potion"},{"floor":14,"key":"EntropicBrew"}],"is_trial":false}