{"gold_per_floor":[118,130,130,50,67,67,67,67,144,160,178,205,240,281,293,382,394,417,11,45,56,56,85,85,85,85,98,148,164,164,189,189,189],"floor_reached":33,"playtime":2257,"items_purged":["Strike_G"],"score":611,"play_id":"11f0dcf9-4534-4ceb-8be3-111f2f236cac","local_time":"20190726003433","is_ascension_mode":true,"campfire_choices":[{"data":"Skewer","floor":6.0,"key":"SMITH"},{"floor":8.0,"key":"REST"},{"data":"A Thousand Cuts","floor":15.0,"key":"SMITH"},{"floor":25,"key":"REST"},{"data":"Catalyst","floor":30,"key":"SMITH"},{"data":"Footwork","floor":32,"key":"SMITH"}],"neow_cost":"NONE","seed_source_timestamp":52891721457463,"circlet_count":0,"master_deck":["AscendersBane","Defend_G","Defend_G","Defend_G","Defend_G","Defend_G","Survivor","Neutralize+1","Dagger Throw","Skewer+1","PiercingWail","Backstab","A Thousand Cuts+1","Crippling Poison","Backflip","Malaise","Footwork+1","Catalyst+1","Bite","Bite","Bite","Bite","Bite","Deadly Poison","Backflip"],"special_seed":0,"relics":["Ring of the Snake","Anchor","Bag of Preparation","Pantograph","MawBank","Pen Nib","Snake Skull","Busted Crown","Membership Card","Juzu Bracelet","Red Mask","Sundial","Question Card","Dream Catcher"],"potions_floor_usage":[20,31,33],"damage_taken":[{"damage":2.0,"enemies":"Jaw Worm","floor":1.0,"turns":5.0},{"damage":0.0,"enemies":"2 Louse","floor":2.0,"turns":4.0},{"damage":0.0,"enemies":"Cultist","floor":5.0,"turns":3.0},{"damage":0.0,"enemies":"Exordium Thugs","floor":10.0,"turns":4.0},{"damage":2.0,"enemies":"Large Slime","floor":11.0,"turns":6.0},{"damage":20.0,"enemies":"3 Sentries","floor":12.0,"turns":7.0},{"damage":3.0,"enemies":"Gremlin Nob","floor":14.0,"turns":3.0},{"damage":24.0,"enemies":"Slime Boss","floor":16.0,"turns":9.0},{"damage":1,"enemies":"2 Thieves","floor":18,"turns":4},{"damage":21,"enemies":"Masked Bandits","floor":20,"turns":4},{"damage":0,"enemies":"3 Byrds","floor":21,"turns":5},{"damage":28,"enemies":"Gremlin Leader","floor":23,"turns":7},{"damage":0,"enemies":"Snake Plant","floor":27,"turns":9},{"damage":22,"enemies":"Shelled Parasite and Fungi","floor":29,"turns":12},{"damage":24,"enemies":"Slavers","floor":31,"turns":4},{"damage":78,"enemies":"Champ","floor":33,"turns":16}],"seed_played":"3058518714342553455","potions_obtained":[{"floor":1.0,"key":"Block Potion"},{"floor":10.0,"key":"FearPotion"},{"floor":11.0,"key":"AttackPotion"},{"floor":16.0,"key":"Ancient Potion"},{"floor":18,"key":"Dexterity Potion"},{"floor":27,"key":"LiquidBronze"}],"is_trial":false,"path_per_floor":["M","M","?","$","M","R","?","R","T","M","M","E","T","E","R","B",null,"M","$","?","M","?","E","?","R","T","M","?","M","R","E","R","B"],"character_chosen":"THE_SILENT","items_purchased":["Skewer","Membership Card","Footwork","Juzu Bracelet","Catalyst"],"campfire_rested":2,"item_purchase_floors":[4,19,19,19,19],"current_hp_per_floor":[57,57,31,31,31,31,31,50,50,50,48,28,28,25,25,26,56,55,55,34,34,34,6,6,19,19,39,39,41,41,23,23,0],"gold":189,"neow_bonus":"RANDOM_COMMON_RELIC","is_prod":false,"is_daily":false,"chose_seed":false,"campfire_upgraded":4,"win_rate":0,"timestamp":1564094073,"path_taken":["M","M","?","$","M","R","?","R","T","?","M","E","?","E","R","BOSS","M","$","?","M","?","E","?","R","T","M","?","M","R","E","R","BOSS"],"build_version":"2019-07-17","purchased_purges":1,"victory":false,"max_hp_per_floor":[66,66,66,66,66,66,66,66,66,66,66,66,66,66,66,66,66,66,66,66,66,66,66,46,46,46,46,46,46,46,46,46,46],"card_choices":[{"not_picked":["Bouncing Flask","Blade Dance"],"picked":"Dagger Throw","floor":1.0},{"not_picked":["Distraction","Acrobatics","Calculated Gamble"],"picked":"SKIP","floor":2.0},{"not_picked":["Underhanded Strike","Predator"],"picked":"PiercingWail","floor":5.0},{"not_picked":["Outmaneuver","Quick Slash"],"picked":"Backstab","floor":10.0},{"not_picked":["Flying Knee","All Out Attack"],"picked":"A Thousand Cuts","floor":11.0},{"not_picked":["Prepared","Quick Slash"],"picked":"Crippling Poison","floor":12.0},{"not_picked":["Dagger Throw","Grand Finale"],"picked":"Backflip","floor":14.0},{"not_picked":["Tools of the Trade","Phantasmal Killer"],"picked":"Malaise","floor":16.0},{"not_picked":["Distraction"],"picked":"SKIP","floor":18},{"not_picked":["Concentrate"],"picked":"SKIP","floor":21},{"not_picked":["Endless Agony"],"picked":"SKIP","floor":23},{"not_picked":["Dagger Throw"],"picked":"Deadly Poison","floor":27},{"not_picked":["Prepared","Flying Knee"],"picked":"SKIP","floor":29},{"not_picked":["Backstab+1"],"picked":"Backflip","floor":31}],"player_experience":764726,"relics_obtained":[{"floor":9.0,"key":"Pantograph"},{"floor":12.0,"key":"MawBank"},{"floor":13.0,"key":"Pen Nib"},{"floor":14.0,"key":"Snake Skull"},{"floor":20,"key":"Red Mask"},{"floor":23,"key":"Sundial"},{"floor":26,"key":"Question Card"},{"floor":31,"key":"Dream Catcher"}],"event_choices":[{"damage_healed":0.0,"max_hp_gain":0.0,"max_hp_loss":0.0,"gold_gain":0.0,"event_name":"Scrap Ooze","player_choice":"Success","floor":3.0,"gold_loss":0.0,"damage_taken":26.0,"relics_obtained":["Bag of Preparation"]},{"damage_healed":0.0,"max_hp_gain":0.0,"max_hp_loss":0.0,"gold_gain":0.0,"event_name":"Upgrade Shrine","player_choice":"Upgraded","floor":7.0,"gold_loss":0.0,"damage_taken":0.0,"cards_upgraded":["Neutralize"]},{"damage_healed":0,"gold_gain":0,"player_choice":"Fought Bandits","damage_taken":0,"max_hp_gain":0,"max_hp_loss":0,"event_name":"Masked Bandits","floor":20,"gold_loss":0},{"damage_healed":0,"gold_gain":0,"player_choice":"Ignored","damage_taken":0,"max_hp_gain":0,"max_hp_loss":0,"event_name":"The Mausoleum","floor":22,"gold_loss":0},{"damage_healed":0,"gold_gain":0,"player_choice":"Became a vampire","damage_taken":0,"max_hp_gain":0,"max_hp_loss":20,"event_name":"Vampires","floor":24,"gold_loss":0,"cards_obtained":["Bite","Bite","Bite","Bite","Bite"]},{"damage_healed":0,"gold_gain":50,"player_choice":"Stole From Cult","damage_taken":0,"max_hp_gain":0,"max_hp_loss":0,"event_name":"Nest","floor":28,"gold_loss":0}],"is_beta":false,"boss_relics":[{"not_picked":["White Beast Statue","Orrery"],"picked":"Busted Crown"}],"items_purged_floors":[19],"is_endless":false,"potions_floor_spawned":[1,10,11,16,18,27,29],"killed_by":"Champ","ascension_level":20}