{"gold_per_floor":[115,40,40,54,68,68,87,87,112,112,112,132,132,143,143,143],"floor_reached":16,"playtime":398,"items_purged":["Strike_G"],"score":184,"play_id":"144e8274-2d9f-4df8-9bce-e1f5c171dbca","local_time":"20190219184603","is_ascension_mode":true,"campfire_choices":[{"data":"Neutralize","floor":6.0,"key":"SMITH"},{"data":"Leg Sweep","floor":8.0,"key":"SMITH"},{"data":"Backflip","floor":11,"key":"SMITH"},{"data":"Survivor","floor":13,"key":"SMITH"},{"data":"Defend_G","floor":15,"key":"SMITH"}],"neow_cost":"PERCENT_DAMAGE","seed_source_timestamp":37874204974523,"circlet_count":0,"master_deck":["AscendersBane","Defend_G+1","Defend_G","Defend_G","Defend_G","Defend_G","Strike_G","Strike_G","Strike_G","Strike_G","Survivor+1","Neutralize+1","Corpse Explosion+1","Leg Sweep+1","Backstab","Backflip+1"],"special_seed":0,"relics":["Ring of the Snake","Omamori","Oddly Smooth Stone"],"potions_floor_usage":[],"damage_taken":[{"damage":0.0,"enemies":"2 Louse","floor":1.0,"turns":2.0},{"damage":4.0,"enemies":"Cultist","floor":4.0,"turns":4.0},{"damage":0.0,"enemies":"Small Slimes","floor":5.0,"turns":3.0},{"damage":1.0,"enemies":"Looter","floor":7.0,"turns":4.0},{"damage":0,"enemies":"2 Fungi Beasts","floor":12,"turns":1},{"damage":0,"enemies":"Blue Slaver","floor":14,"turns":3},{"damage":43,"enemies":"Hexaghost","floor":16,"turns":11}],"seed_played":"5554898515940923480","potions_obtained":[{"floor":5.0,"key":"FearPotion"},{"floor":12,"key":"SteroidPotion"}],"is_trial":false,"path_per_floor":["M","$","?","M","M","R","M","R","T","?","R","M","R","M","R","B"],"character_chosen":"THE_SILENT","items_purchased":[],"campfire_rested":0,"item_purchase_floors":[],"current_hp_per_floor":[44,44,44,40,40,40,39,39,39,39,39,39,39,39,39,0],"gold":143,"neow_bonus":"THREE_RARE_CARDS","is_prod":false,"is_daily":false,"chose_seed":false,"campfire_upgraded":5,"win_rate":0,"timestamp":1550573163,"path_taken":["M","$","?","M","?","R","M","R","T","?","R","M","R","M","R","BOSS"],"build_version":"2019-01-23","purchased_purges":1,"victory":false,"max_hp_per_floor":[66,66,66,66,66,66,66,66,66,66,66,66,66,66,66,66],"card_choices":[{"not_picked":["Phantasmal Killer","Bullet Time"],"picked":"Corpse Explosion","floor":0.0},{"not_picked":["Prepared","Cloak And Dagger","Reflex"],"picked":"SKIP","floor":1.0},{"not_picked":["Sucker Punch","Masterful Stab"],"picked":"Leg Sweep","floor":4.0},{"not_picked":["Underhanded Strike","Dagger Throw"],"picked":"Backstab","floor":5.0},{"not_picked":["Blade Dance","Choke"],"picked":"Backflip","floor":7.0},{"not_picked":["Leg Sweep","Deflect","Distraction"],"picked":"SKIP","floor":12},{"not_picked":["Underhanded Strike","Outmaneuver","Sucker Punch"],"picked":"SKIP","floor":14}],"player_experience":2964303,"relics_obtained":[{"floor":9.0,"key":"Omamori"}],"event_choices":[{"damage_healed":0.0,"max_hp_gain":0.0,"max_hp_loss":0.0,"gold_gain":0.0,"event_name":"Upgrade Shrine","player_choice":"Upgraded","floor":3.0,"gold_loss":0.0,"damage_taken":0.0,"cards_upgraded":["Corpse Explosion"]},{"damage_healed":0,"gold_gain":0,"player_choice":"Box","damage_taken":0,"relics_obtained":["Oddly Smooth Stone"],"max_hp_gain":0,"max_hp_loss":0,"event_name":"Big Fish","floor":10,"gold_loss":0,"cards_obtained":["Regret"]}],"is_beta":false,"boss_relics":[],"items_purged_floors":[2],"is_endless":false,"potions_floor_spawned":[5,12],"killed_by":"Hexaghost","ascension_level":20}