{"gold_per_floor":[362,437,145,145,163,163,182,182,182,204,232,260,272,318,330,442,454,477,489,521,533,222,257,172,197,197,197,207,207,207,207,207,309,309,326,326,378,46,63,76,103,103,126,126,126,126,126,145,145,145],"floor_reached":51,"playtime":1201,"items_purged":["Strike_R","Strike_R","Defend_R"],"score":1183,"play_id":"95b49195-a1bb-4aaa-a97a-01817843662c","local_time":"20181020014333","is_ascension_mode":true,"campfire_choices":[{"data":"Whirlwind","floor":6.0,"key":"SMITH"},{"data":"Flex","floor":8.0,"key":"SMITH"},{"data":"Inflame","floor":13.0,"key":"SMITH"},{"data":"Bash","floor":15.0,"key":"SMITH"},{"data":"Inflame","floor":27.0,"key":"SMITH"},{"floor":29.0,"key":"REST"},{"data":"Feed","floor":32.0,"key":"SMITH"},{"floor":42.0,"key":"REST"},{"floor":49.0,"key":"REST"}],"neow_cost":"PERCENT_DAMAGE","seed_source_timestamp":199862969151748,"circlet_count":0,"master_deck":["Strike_R","Defend_R","Defend_R","Defend_R","Bash+1","AscendersBane","Flex+1","Whirlwind+1","Inflame+1","Shrug It Off","Thunderclap","Battle Trance","Feed+1","Inflame+1","Pummel","Pummel","Armaments+1","Offering","Madness"],"special_seed":0,"relics":["Burning Blood","Pen Nib","MawBank","Boot","Sozu","Ancient Tea Set","Lantern","Red Skull","WingedGreaves","Pantograph","FaceOfCleric","Busted Crown","Unceasing Top","Lee\u0027s Waffle","Charon\u0027s Ashes","Vajra","Art of War"],"potions_floor_usage":[],"damage_taken":[{"damage":5.0,"enemies":"Cultist","floor":1.0,"turns":4.0},{"damage":9.0,"enemies":"Jaw Worm","floor":5.0,"turns":4.0},{"damage":0.0,"enemies":"2 Louse","floor":7.0,"turns":1.0},{"damage":8.0,"enemies":"Large Slime","floor":10.0,"turns":4.0},{"damage":0.0,"enemies":"Exordium Wildlife","floor":11.0,"turns":3.0},{"damage":0.0,"enemies":"Gremlin Gang","floor":12.0,"turns":1.0},{"damage":10.0,"enemies":"Gremlin Nob","floor":14.0,"turns":3.0},{"damage":37.0,"enemies":"Hexaghost","floor":16.0,"turns":7.0},{"damage":15.0,"enemies":"2 Thieves","floor":18.0,"turns":3.0},{"damage":6.0,"enemies":"Shell Parasite","floor":20.0,"turns":2.0},{"damage":34.0,"enemies":"Slavers","floor":23.0,"turns":4.0},{"damage":14.0,"enemies":"Gremlin Leader","floor":25.0,"turns":5.0},{"damage":0.0,"enemies":"3 Cultists","floor":28.0,"turns":3.0},{"damage":54.0,"enemies":"Collector","floor":33.0,"turns":5.0},{"damage":0.0,"enemies":"3 Shapes","floor":35.0,"turns":2.0},{"damage":23.0,"enemies":"2 Orb Walkers","floor":37.0,"turns":2.0},{"damage":17.0,"enemies":"Orb Walker","floor":39.0,"turns":2.0},{"damage":11.0,"enemies":"Spire Growth","floor":40.0,"turns":3.0},{"damage":44.0,"enemies":"Reptomancer","floor":41.0,"turns":4.0},{"damage":0.0,"enemies":"Jaw Worm Horde","floor":48.0,"turns":1.0},{"damage":104,"enemies":"Awakened One","floor":50,"turns":11}],"seed_played":"1546113057474344576","potions_obtained":[{"floor":1.0,"key":"SteroidPotion"},{"floor":7.0,"key":"LiquidBronze"},{"floor":12.0,"key":"Swift Potion"}],"is_trial":false,"path_per_floor":["M","?","$","?","M","R","M","R","T","M","M","M","R","E","R","B",null,"M","?","M","?","$","E","?","E","T","R","M","R","?","?","R","B",null,"M","?","?","$","M","M","E","R","T","?","?","T","$","M","R","B"],"character_chosen":"IRONCLAD","items_purchased":["Whirlwind","Pen Nib","Ancient Tea Set","Pummel","Lee\u0027s Waffle"],"campfire_rested":3,"item_purchase_floors":[3,3,22,22,38],"current_hp_per_floor":[52,41,41,41,38,38,44,44,44,42,48,54,54,50,50,19,65,56,56,56,56,56,31,31,23,23,23,29,53,53,53,53,35,75,82,82,66,97,87,87,50,81,81,68,68,68,68,75,105,8],"gold":145,"neow_bonus":"TWO_FIFTY_GOLD","is_prod":false,"is_daily":false,"chose_seed":false,"campfire_upgraded":6,"win_rate":0,"timestamp":1539971013,"path_taken":["M","?","$","?","M","R","M","R","T","M","M","?","R","E","R","BOSS","M","?","M","?","$","E","?","E","T","R","?","R","?","?","R","BOSS","M","?","?","$","?","M","E","R","T","?","?","?","?","M","R","BOSS"],"build_version":"2018-10-18","purchased_purges":3,"victory":true,"max_hp_per_floor":[80,80,80,80,80,80,80,80,80,80,80,80,80,80,80,80,80,80,80,80,80,80,83,83,83,83,83,83,83,83,83,83,88,88,89,89,90,97,98,103,104,104,104,104,104,104,104,105,105,106],"card_choices":[{"not_picked":["Body Slam","Anger"],"picked":"Flex","floor":1.0},{"not_picked":["Warcry","Anger","Combust"],"picked":"SKIP","floor":5.0},{"not_picked":["Havoc","Iron Wave","Wild Strike"],"picked":"SKIP","floor":7.0},{"not_picked":["Cleave","Flex"],"picked":"Inflame","floor":10.0},{"not_picked":["Iron Wave","Warcry"],"picked":"Shrug It Off","floor":11.0},{"not_picked":["Cleave","Whirlwind"],"picked":"Thunderclap","floor":12.0},{"not_picked":["Perfected Strike","Thunderclap"],"picked":"Battle Trance","floor":14.0},{"not_picked":["Brutality","Berserk"],"picked":"Feed","floor":16.0},{"not_picked":["Pommel Strike","Headbutt"],"picked":"Inflame","floor":18.0},{"not_picked":["Armaments","Perfected Strike","Anger+1"],"picked":"SKIP","floor":20.0},{"not_picked":["Perfected Strike","Exhume"],"picked":"Armaments+1","floor":23.0},{"not_picked":["Headbutt","Cleave","Searing Blow"],"picked":"SKIP","floor":25.0},{"not_picked":["Cleave","Flex","Iron Wave"],"picked":"SKIP","floor":28.0},{"not_picked":["Exhume","Feed"],"picked":"Offering","floor":33.0},{"not_picked":["Metallicize"],"picked":"SKIP","floor":35.0},{"not_picked":["Evolve"],"picked":"SKIP","floor":39.0},{"not_picked":["Power Through"],"picked":"SKIP","floor":40.0},{"not_picked":["Carnage"],"picked":"SKIP","floor":41.0},{"not_picked":["Disarm+1"],"picked":"SKIP","floor":48.0}],"player_experience":345293,"relics_obtained":[{"floor":9.0,"key":"MawBank"},{"floor":14.0,"key":"Boot"},{"floor":23.0,"key":"Lantern"},{"floor":25.0,"key":"WingedGreaves"},{"floor":26.0,"key":"Pantograph"},{"floor":37.0,"key":"Unceasing Top"},{"floor":41.0,"key":"Charon\u0027s Ashes"},{"floor":43.0,"key":"Vajra"},{"floor":46.0,"key":"Art of War"}],"event_choices":[{"damage_healed":0.0,"max_hp_gain":0.0,"max_hp_loss":0.0,"gold_gain":75.0,"event_name":"World of Goop","player_choice":"Gather Gold","floor":2.0,"gold_loss":0.0,"damage_taken":11.0},{"damage_healed":0.0,"max_hp_gain":0.0,"max_hp_loss":0.0,"gold_gain":0.0,"event_name":"Liars Game","player_choice":"Ignored","floor":4.0,"gold_loss":0.0,"damage_taken":0.0},{"damage_healed":0.0,"max_hp_gain":0.0,"max_hp_loss":0.0,"gold_gain":0.0,"event_name":"The Library","player_choice":"Read","floor":19.0,"gold_loss":0.0,"damage_taken":0.0,"cards_obtained":["Pummel"]},{"cards_removed":["Strike_R"],"damage_healed":0.0,"max_hp_gain":0.0,"max_hp_loss":0.0,"gold_gain":0.0,"event_name":"Back to Basics","player_choice":"Elegance","floor":21.0,"gold_loss":0.0,"damage_taken":0.0},{"damage_healed":0.0,"max_hp_gain":0.0,"max_hp_loss":0.0,"gold_gain":0.0,"event_name":"Addict","player_choice":"Obtained Relic","floor":24.0,"gold_loss":85.0,"damage_taken":0.0,"relics_obtained":["Red Skull"]},{"damage_healed":0.0,"max_hp_gain":0.0,"max_hp_loss":0.0,"gold_gain":0.0,"event_name":"FaceTrader","player_choice":"Trade","floor":30.0,"gold_loss":0.0,"damage_taken":0.0,"relics_obtained":["FaceOfCleric"]},{"cards_removed":["Strike_R"],"damage_healed":0.0,"max_hp_gain":0.0,"max_hp_loss":0.0,"gold_gain":0.0,"event_name":"Purifier","player_choice":"Purged","floor":31.0,"gold_loss":0.0,"damage_taken":0.0},{"damage_healed":0.0,"max_hp_gain":0.0,"max_hp_loss":0.0,"gold_gain":0.0,"event_name":"Match and Keep!","player_choice":"0 cards matched","floor":36.0,"gold_loss":0.0,"damage_taken":0.0,"cards_obtained":[]},{"damage_healed":0.0,"max_hp_gain":0.0,"max_hp_loss":0.0,"gold_gain":0.0,"event_name":"Mysterious Sphere","player_choice":"Fight","floor":37.0,"gold_loss":0.0,"damage_taken":0.0},{"damage_healed":0.0,"max_hp_gain":0.0,"max_hp_loss":0.0,"gold_gain":0.0,"event_name":"Winding Halls","player_choice":"Embrace Madness","floor":44.0,"gold_loss":0.0,"damage_taken":13.0,"cards_obtained":["Madness","Madness"]},{"cards_removed":["Madness"],"damage_healed":0.0,"max_hp_gain":0.0,"max_hp_loss":0.0,"gold_gain":0.0,"event_name":"Falling","player_choice":"Removed Skill","floor":45.0,"gold_loss":0.0,"damage_taken":0.0}],"is_beta":false,"boss_relics":[{"not_picked":["Cursed Key","Eternal Feather"],"picked":"Sozu"},{"not_picked":["Fusion Hammer","Velvet Choker"],"picked":"Busted Crown"}],"items_purged_floors":[3,22,38],"is_endless":false,"potions_floor_spawned":[1,7,12,14,25,28,35,37],"ascension_level":12}