{"gold_per_floor":[117,136,152,152,152,152,77,77,77,1,1,14,14,33,33,123,123,138,158,83,107,107,107,7,7,34,34,57,130,180,230,230,230],"floor_reached":33,"playtime":587,"items_purged":["Strike_R","Defend_R"],"score":483,"play_id":"6d1643a7-0562-4415-ab4f-529fdfe51fb4","local_time":"20181111000706","is_ascension_mode":true,"campfire_choices":[{"data":"Searing Blow","floor":6.0,"key":"SMITH"},{"data":"Searing Blow+1","floor":8.0,"key":"SMITH"},{"data":"Searing Blow+2","floor":11.0,"key":"SMITH"},{"data":"Searing Blow+3","floor":15.0,"key":"SMITH"},{"data":"Searing Blow+4","floor":23.0,"key":"SMITH"},{"data":"Searing Blow+5","floor":25.0,"key":"SMITH"},{"data":"Searing Blow+6","floor":27.0,"key":"SMITH"},{"floor":32.0,"key":"REST"}],"neow_cost":"NONE","seed_source_timestamp":41456486222079,"circlet_count":0,"master_deck":["AscendersBane","Strike_R","Strike_R","Strike_R","Defend_R","Defend_R","Defend_R","Bash","Feed","Clash","Searing Blow+7","Impervious","Feed+1","Bludgeon+1","Warcry+1"],"special_seed":0,"relics":["Burning Blood","Golden Idol","Runic Dome","SsserpentHead","Anchor","Nloth\u0027s Gift"],"potions_floor_usage":[],"damage_taken":[{"damage":7.0,"enemies":"Jaw Worm","floor":1.0,"turns":5.0},{"damage":5.0,"enemies":"2 Louse","floor":2.0,"turns":3.0},{"damage":2.0,"enemies":"Cultist","floor":3.0,"turns":4.0},{"damage":8.0,"enemies":"Large Slime","floor":12.0,"turns":3.0},{"damage":6.0,"enemies":"2 Fungi Beasts","floor":14.0,"turns":4.0},{"damage":36.0,"enemies":"The Guardian","floor":16.0,"turns":7.0},{"damage":11.0,"enemies":"Shell Parasite","floor":18.0,"turns":2.0},{"damage":0.0,"enemies":"Chosen","floor":19.0,"turns":2.0},{"damage":45.0,"enemies":"Snake Plant","floor":21.0,"turns":4.0},{"damage":21.0,"enemies":"Shelled Parasite and Fungi","floor":28.0,"turns":3.0},{"damage":0.0,"enemies":"Snecko","floor":29.0,"turns":2.0},{"damage":109,"enemies":"Champ","floor":33,"turns":7}],"seed_played":"9017745321730049415","potions_obtained":[{"floor":14.0,"key":"FearPotion"},{"floor":16.0,"key":"Fire Potion"},{"floor":21.0,"key":"Swift Potion"},{"floor":28.0,"key":"EssenceOfSteel"}],"is_trial":false,"path_per_floor":["M","M","M","?","?","R","$","R","T","$","R","M","?","M","R","B",null,"M","M","?","M","?","R","$","R","T","R","M","M","?","?","R","B"],"character_chosen":"IRONCLAD","items_purchased":["Impervious"],"campfire_rested":1,"item_purchase_floors":[10],"current_hp_per_floor":[70,74,81,76,76,76,76,76,76,76,76,77,77,84,84,54,78,77,87,87,48,48,48,48,48,48,48,37,47,47,47,77,0],"gold":230,"neow_bonus":"ONE_RANDOM_RARE_CARD","is_prod":false,"is_daily":false,"chose_seed":false,"campfire_upgraded":7,"win_rate":0,"timestamp":1541866026,"path_taken":["M","M","M","?","?","R","$","R","T","?","R","M","?","M","R","BOSS","M","M","?","M","?","R","$","R","T","R","M","?","?","?","R","BOSS"],"build_version":"2018-11-08","purchased_purges":2,"victory":false,"max_hp_per_floor":[78,81,84,76,76,76,76,76,76,76,76,79,79,86,86,86,86,90,94,94,94,94,94,94,94,94,94,98,102,102,102,102,102],"card_choices":[{"not_picked":["Warcry","Shrug It Off"],"picked":"Clash","floor":1.0},{"not_picked":["True Grit","Clash"],"picked":"Searing Blow","floor":2.0},{"not_picked":["Dropkick","Searing Blow","Shrug It Off"],"picked":"SKIP","floor":3.0},{"not_picked":["Iron Wave+1","Shockwave"],"picked":"Feed+1","floor":12.0},{"not_picked":["Havoc","Pummel+1","Ghostly Armor"],"picked":"SKIP","floor":14.0},{"not_picked":["Double Tap","Reaper+1"],"picked":"Bludgeon+1","floor":16.0},{"not_picked":["Dropkick+1","Wild Strike+1","Perfected Strike+1"],"picked":"SKIP","floor":18.0},{"not_picked":["Dual Wield","Iron Wave+1","True Grit"],"picked":"SKIP","floor":19.0},{"not_picked":["Metallicize+1","Flex","Armaments"],"picked":"SKIP","floor":21.0},{"not_picked":["Feel No Pain","Flex"],"picked":"Warcry+1","floor":28.0},{"not_picked":["Dual Wield","Rampage+1","Thunderclap+1"],"picked":"SKIP","floor":29.0}],"player_experience":968609,"relics_obtained":[{"floor":9.0,"key":"Molten Egg 2"},{"floor":26.0,"key":"Anchor"}],"event_choices":[{"damage_healed":0.0,"max_hp_gain":0.0,"max_hp_loss":8.0,"gold_gain":0.0,"event_name":"Golden Idol","player_choice":"Lose Max HP","floor":4.0,"gold_loss":0.0,"damage_taken":0.0,"relics_obtained":["Golden Idol"]},{"damage_healed":0.0,"max_hp_gain":0.0,"max_hp_loss":0.0,"gold_gain":0.0,"event_name":"Shining Light","player_choice":"Ignored","floor":5.0,"gold_loss":0.0,"damage_taken":0.0},{"damage_healed":0.0,"max_hp_gain":0.0,"max_hp_loss":0.0,"gold_gain":0.0,"event_name":"Liars Game","player_choice":"Ignored","floor":13.0,"gold_loss":0.0,"damage_taken":0.0},{"cards_removed":["Strike_R"],"damage_healed":0.0,"max_hp_gain":0.0,"max_hp_loss":0.0,"gold_gain":0.0,"event_name":"Beggar","player_choice":"Gave Gold","floor":20.0,"gold_loss":75.0,"damage_taken":0.0},{"damage_healed":0.0,"max_hp_gain":0.0,"max_hp_loss":0.0,"gold_gain":0.0,"event_name":"FaceTrader","player_choice":"Trade","floor":22.0,"gold_loss":0.0,"damage_taken":0.0,"relics_obtained":["SsserpentHead"]},{"damage_healed":0.0,"max_hp_gain":0.0,"max_hp_loss":0.0,"gold_gain":0.0,"event_name":"Cursed Tome","player_choice":"Ignored","floor":30.0,"gold_loss":0.0,"damage_taken":0.0},{"damage_healed":0.0,"max_hp_gain":0.0,"max_hp_loss":0.0,"gold_gain":0.0,"event_name":"N\u0027loth","player_choice":"Traded Relic","floor":31.0,"relics_lost":["Molten Egg 2"],"gold_loss":0.0,"damage_taken":0.0,"relics_obtained":["Nloth\u0027s Gift"]}],"is_beta":false,"boss_relics":[{"not_picked":["Ectoplasm","Eternal Feather"],"picked":"Runic Dome"}],"items_purged_floors":[7,24],"is_endless":false,"potions_floor_spawned":[14,16,21,28],"killed_by":"Champ","ascension_level":19}