{"gold_per_floor":[115,130,55,67,83,83,97,97,97,97,111,111,122,154,154,259,259,276,15,15,25,43,43,63,63,116,116,126,126,145,159,159,264,264,276,151,200,118,137,137,171,171,195,195,8,27,38,49,49,49],"floor_reached":51,"playtime":1545,"items_purged":["Strike_R","Strike_R","Defend_R","Blood for Blood+1"],"score":808,"play_id":"7acaa577-d667-4529-b2cf-3d6ea1e9e122","local_time":"20190630122826","is_ascension_mode":false,"campfire_choices":[{"data":"Blood for Blood","floor":6.0,"key":"SMITH"},{"data":"True Grit","floor":8.0,"key":"SMITH"},{"data":"Blood for Blood","floor":12.0,"key":"SMITH"},{"data":"Bash","floor":15.0,"key":"SMITH"},{"data":"Deep Breath","floor":23,"key":"SMITH"},{"data":"Brutality","floor":25,"key":"SMITH"},{"data":"Juggernaut","floor":29,"key":"SMITH"},{"data":"Burning Pact","floor":32,"key":"SMITH"},{"data":"Rampage","floor":40,"key":"SMITH"},{"data":"Burning Pact","floor":42,"key":"SMITH"},{"data":"Feel No Pain","floor":49,"key":"SMITH"}],"neow_cost":"NONE","seed_source_timestamp":269602073292,"circlet_count":0,"master_deck":["Defend_R","Defend_R","Defend_R","Bash+1","True Grit+1","Blood for Blood+1","Juggernaut+1","Feel No Pain+1","Brutality+1","Dropkick","Deep Breath+1","Ghostly","Ghostly","Ghostly","Ghostly","Ghostly","Burning Pact+1","Burning Pact+1","Reaper","Rampage+1","Offering","Second Wind"],"special_seed":0,"relics":["Burning Blood","Self Forming Clay","Dodecahedron","Philosopher\u0027s Stone","Juzu Bracelet","Empty Cage","Unceasing Top","Paper Frog","Red Skull"],"potions_floor_usage":[22,28,50,50],"damage_taken":[{"damage":6.0,"enemies":"Cultist","floor":1.0,"turns":3.0},{"damage":4.0,"enemies":"2 Louse","floor":2.0,"turns":3.0},{"damage":7.0,"enemies":"Small Slimes","floor":4.0,"turns":4.0},{"damage":6.0,"enemies":"2 Fungi Beasts","floor":5.0,"turns":5.0},{"damage":7.0,"enemies":"Exordium Wildlife","floor":7.0,"turns":4.0},{"damage":11.0,"enemies":"Large Slime","floor":11.0,"turns":5.0},{"damage":9.0,"enemies":"2 Fungi Beasts","floor":13.0,"turns":4.0},{"damage":13.0,"enemies":"Gremlin Nob","floor":14.0,"turns":4.0},{"damage":18.0,"enemies":"Hexaghost","floor":16.0,"turns":7.0},{"damage":2,"enemies":"Spheric Guardian","floor":18,"turns":3},{"damage":4,"enemies":"Shell Parasite","floor":21,"turns":4},{"damage":4,"enemies":"Chosen and Byrds","floor":22,"turns":5},{"damage":3,"enemies":"Snecko","floor":24,"turns":4},{"damage":6,"enemies":"Cultist and Chosen","floor":28,"turns":6},{"damage":7,"enemies":"Shelled Parasite and Fungi","floor":30,"turns":5},{"damage":4,"enemies":"Centurion and Healer","floor":31,"turns":4},{"damage":7,"enemies":"Automaton","floor":33,"turns":8},{"damage":3,"enemies":"3 Shapes","floor":35,"turns":4},{"damage":5,"enemies":"2 Orb Walkers","floor":37,"turns":4},{"damage":8,"enemies":"Orb Walker","floor":39,"turns":3},{"damage":10,"enemies":"Nemesis","floor":41,"turns":7},{"damage":5,"enemies":"Writhing Mass","floor":46,"turns":4},{"damage":5,"enemies":"Transient","floor":47,"turns":5},{"damage":9,"enemies":"Spire Growth","floor":48,"turns":3},{"damage":8,"enemies":"Time Eater","floor":50,"turns":9}],"seed_played":"1691183099351762445","potions_obtained":[{"floor":2.0,"key":"Swift Potion"},{"floor":4.0,"key":"Swift Potion"},{"floor":5.0,"key":"Dexterity Potion"},{"floor":11.0,"key":"SkillPotion"},{"floor":22,"key":"GamblersBrew"},{"floor":30,"key":"SkillPotion"},{"floor":47,"key":"GamblersBrew"}],"is_trial":false,"path_per_floor":["M","M","$","M","M","R","M","R","T","$","M","R","M","E","R","B",null,"M","$","?","M","M","R","M","R","T","?","M","R","M","M","R","B",null,"M","$","?","$","M","R","E","R","T","?","$","M","M","M","R","B",null],"character_chosen":"IRONCLAD","items_purchased":["Dropkick","Deep Breath","Rampage","Second Wind"],"campfire_rested":0,"item_purchase_floors":[19,19,38,45],"current_hp_per_floor":[80,80,80,79,79,79,78,78,78,78,73,73,70,63,63,51,80,80,80,40,40,40,40,40,40,40,40,40,40,39,40,40,39,40,40,40,40,40,40,40,40,40,40,38,38,38,38,38,38,37],"gold":49,"neow_bonus":"REMOVE_CARD","is_prod":false,"is_daily":false,"chose_seed":false,"campfire_upgraded":11,"win_rate":0,"timestamp":1561868906,"path_taken":["M","M","$","M","?","R","M","R","T","$","M","R","M","E","R","BOSS","M","$","?","M","M","R","M","R","T","?","M","R","M","M","R","BOSS","M","?","?","?","M","R","E","R","T","?","$","M","M","M","R","BOSS"],"build_version":"2019-01-23","purchased_purges":4,"victory":true,"max_hp_per_floor":[80,80,80,80,80,80,80,80,80,80,80,80,80,80,80,80,80,80,80,40,40,40,40,40,40,40,40,40,40,40,40,40,40,40,40,40,40,40,40,40,40,40,40,38,38,38,38,38,38,38],"card_choices":[{"not_picked":["Shrug It Off","Twin Strike"],"picked":"True Grit","floor":1.0},{"not_picked":["Reckless Charge","Combust","Blood for Blood"],"picked":"SKIP","floor":2.0},{"not_picked":["Reckless Charge","Combust"],"picked":"Blood for Blood","floor":2.0},{"not_picked":["Sentinel","Whirlwind"],"picked":"Blood for Blood","floor":4.0},{"not_picked":["Warcry","Power Through"],"picked":"Juggernaut","floor":5.0},{"not_picked":["Shrug It Off","Heavy Blade","Thunderclap"],"picked":"SKIP","floor":7.0},{"not_picked":["Perfected Strike","Sword Boomerang","Thunderclap"],"picked":"SKIP","floor":11.0},{"not_picked":["Entrench","Heavy Blade","Armaments"],"picked":"SKIP","floor":13.0},{"not_picked":["Rage","Thunderclap"],"picked":"Feel No Pain","floor":14.0},{"not_picked":["Bludgeon","Impervious"],"picked":"Brutality","floor":16.0},{"not_picked":["Sword Boomerang","Sever Soul","Anger"],"picked":"SKIP","floor":18},{"not_picked":["Cleave","Armaments","Clothesline+1"],"picked":"SKIP","floor":21},{"not_picked":["Pommel Strike","Headbutt","Thunderclap"],"picked":"SKIP","floor":22},{"not_picked":["Entrench+1","True Grit","Headbutt"],"picked":"SKIP","floor":24},{"not_picked":["Warcry","True Grit","Perfected Strike"],"picked":"SKIP","floor":28},{"not_picked":["Sword Boomerang+1","Reaper"],"picked":"Burning Pact","floor":30},{"not_picked":["Headbutt+1","Rampage"],"picked":"Burning Pact","floor":31},{"not_picked":["Limit Break","Immolate"],"picked":"Reaper","floor":33},{"not_picked":["Uppercut","Power Through","Iron Wave"],"picked":"SKIP","floor":35},{"not_picked":["Body Slam","Clothesline+1"],"picked":"Offering","floor":39},{"not_picked":["Perfected Strike","Heavy Blade+1","Sever Soul+1"],"picked":"SKIP","floor":41},{"not_picked":["True Grit+1","Thunderclap+1","Rage"],"picked":"SKIP","floor":46},{"not_picked":["Iron Wave","Body Slam","Dropkick+1"],"picked":"SKIP","floor":47},{"not_picked":["Flex+1","Heavy Blade+1","Ghostly Armor+1"],"picked":"SKIP","floor":48}],"player_experience":5586408,"relics_obtained":[{"floor":9.0,"key":"Self Forming Clay"},{"floor":14.0,"key":"Dodecahedron"},{"floor":26,"key":"Juzu Bracelet"},{"floor":37,"key":"Unceasing Top"},{"floor":41,"key":"Paper Frog"},{"floor":43,"key":"Red Skull"}],"event_choices":[{"damage_healed":0,"gold_gain":0,"player_choice":"Became a Ghost","damage_taken":0,"max_hp_gain":0,"max_hp_loss":40,"event_name":"Ghosts","floor":20,"gold_loss":0,"cards_obtained":["Ghostly","Ghostly","Ghostly","Ghostly","Ghostly"]},{"damage_healed":0,"gold_gain":0,"player_choice":"Bought 0 Potions","damage_taken":0,"max_hp_gain":0,"max_hp_loss":0,"event_name":"The Woman in Blue","floor":27,"gold_loss":0},{"damage_healed":0,"gold_gain":0,"player_choice":"Fight","damage_taken":0,"max_hp_gain":0,"max_hp_loss":0,"event_name":"Mysterious Sphere","floor":37,"gold_loss":0},{"damage_healed":0,"gold_gain":0,"player_choice":"Max HP","damage_taken":0,"max_hp_gain":0,"max_hp_loss":2,"event_name":"Winding Halls","floor":44,"gold_loss":0}],"is_beta":false,"boss_relics":[{"not_picked":["Runic Cube","Pandora\u0027s Box"],"picked":"Philosopher\u0027s Stone"},{"not_picked":["Fusion Hammer","Black Star"],"picked":"Empty Cage"}],"items_purged_floors":[3,19,36,45],"is_endless":false,"potions_floor_spawned":[2,4,5,7,11,18,22,30,31,46,47],"ascension_level":0}