{"gold_per_floor":[118,43,61,61,61,61,111,128,128,144,161,179,190,210,210,284,284,294,306,31,31,51,77,77,77,104,163,181,81,113,130,130,201,201,212,235,235,252,252,278,278,290,290,303,178,196,196,221,221,221,221,221,221,79,79],"floor_reached":55,"playtime":2260,"items_purged":["Strike_G","Strike_G","Strike_G"],"score":2287,"play_id":"892307b6-b78d-4b9c-9591-a6d223bb2d0c","local_time":"20190118140954","is_ascension_mode":true,"campfire_choices":[{"floor":6.0,"key":"RECALL"},{"data":"Catalyst","floor":15.0,"key":"SMITH"},{"data":"Master of Strategy","floor":24.0,"key":"SMITH"},{"data":"Footwork","floor":32.0,"key":"SMITH"},{"data":"Grand Finale","floor":41.0,"key":"SMITH"},{"floor":49.0,"key":"DIG"},{"floor":53.0,"key":"DIG"}],"neow_cost":"NONE","seed_source_timestamp":49308672276396,"circlet_count":0,"master_deck":["AscendersBane","Defend_G","Defend_G","Defend_G","Defend_G","Defend_G","Strike_G+1","Survivor+1","Neutralize+1","Terror","Poisoned Stab","Catalyst+1","Footwork+1","Grand Finale+1","Calculated Gamble+1","Master of Strategy+1","Backflip+1","Acrobatics+1","Prepared+1","Outmaneuver+1","Reflex+1"],"special_seed":0,"relics":["Ring of the Snake","Mercury Hourglass","Runic Pyramid","Thread and Needle","Toxic Egg 2","Snake Skull","Tiny Chest","Mango","WristBlade","Oddly Smooth Stone","Sundial","Shovel","Bottled Lightning","Bag of Preparation","Pantograph"],"potions_floor_usage":[],"damage_taken":[{"damage":0.0,"enemies":"2 Louse","floor":1.0,"turns":2.0},{"damage":6.0,"enemies":"Jaw Worm","floor":3.0,"turns":9.0},{"damage":0.0,"enemies":"Cultist","floor":8.0,"turns":5.0},{"damage":0.0,"enemies":"Looter","floor":10.0,"turns":4.0},{"damage":0.0,"enemies":"Lots of Slimes","floor":11.0,"turns":3.0},{"damage":9.0,"enemies":"Exordium Thugs","floor":12.0,"turns":3.0},{"damage":8.0,"enemies":"3 Louse","floor":13.0,"turns":3.0},{"damage":7.0,"enemies":"Lots of Slimes","floor":14.0,"turns":3.0},{"damage":0.0,"enemies":"Hexaghost","floor":16.0,"turns":8.0},{"damage":18.0,"enemies":"2 Thieves","floor":18.0,"turns":3.0},{"damage":14.0,"enemies":"Shell Parasite","floor":19.0,"turns":4.0},{"damage":0.0,"enemies":"Cultist and Chosen","floor":22.0,"turns":3.0},{"damage":11.0,"enemies":"Book of Stabbing","floor":23.0,"turns":5.0},{"damage":0.0,"enemies":"Slavers","floor":27.0,"turns":1.0},{"damage":0.0,"enemies":"Shelled Parasite and Fungi","floor":28.0,"turns":1.0},{"damage":0.0,"enemies":"Book of Stabbing","floor":30.0,"turns":5.0},{"damage":0.0,"enemies":"Snake Plant","floor":31.0,"turns":3.0},{"damage":0.0,"enemies":"Champ","floor":33.0,"turns":7.0},{"damage":0.0,"enemies":"3 Darklings","floor":35.0,"turns":2.0},{"damage":0.0,"enemies":"Orb Walker","floor":38.0,"turns":3.0},{"damage":0.0,"enemies":"Reptomancer","floor":40.0,"turns":4.0},{"damage":0.0,"enemies":"3 Darklings","floor":42.0,"turns":2.0},{"damage":0.0,"enemies":"Sphere and 2 Shapes","floor":44.0,"turns":2.0},{"damage":0.0,"enemies":"Spire Growth","floor":46.0,"turns":4.0},{"damage":0.0,"enemies":"Nemesis","floor":48.0,"turns":3.0},{"damage":11.0,"enemies":"Donu and Deca","floor":50.0,"turns":7.0},{"damage":31.0,"enemies":"Time Eater","floor":51.0,"turns":6.0},{"damage":73,"enemies":"Shield and Spear","floor":55,"turns":2}],"seed_played":"-40304571227114014","potions_obtained":[{"floor":1.0,"key":"FearPotion"},{"floor":10.0,"key":"Fruit Juice"},{"floor":14.0,"key":"Poison Potion"},{"floor":16.0,"key":"Energy Potion"},{"floor":22.0,"key":"Weak Potion"},{"floor":28.0,"key":"Poison Potion"},{"floor":33.0,"key":"FearPotion"},{"floor":39.0,"key":"GhostInAJar"},{"floor":44.0,"key":"Swift Potion"}],"is_trial":false,"path_per_floor":["M","?","M","?","?","R","T","M","T","M","M","M","M","M","R","B",null,"M","M","$","T","M","E","R","?","T","E","M","$","E","M","R","B",null,"M","T","?","M","?","E","R","M","T","M","$","M","?","E","R","B","B",null,"R","$","E"],"character_chosen":"THE_SILENT","items_purchased":["Master of Strategy","Reflex+1","Dexterity Potion"],"campfire_rested":0,"item_purchase_floors":[20,54,54],"current_hp_per_floor":[59,59,53,53,33,33,33,33,33,38,38,29,21,14,14,14,57,39,25,25,25,25,14,14,14,14,14,14,14,28,28,28,28,71,71,71,71,71,71,71,71,71,71,71,71,71,71,71,71,60,29,71,71,71,0],"gold":79,"neow_bonus":"UPGRADE_CARD","is_prod":false,"is_daily":false,"chose_seed":false,"campfire_upgraded":4,"win_rate":0,"timestamp":1547791794,"path_taken":["M","?","M","?","?","R","?","?","T","M","M","M","M","M","R","BOSS","M","M","$","?","M","E","R","?","T","E","M","$","E","?","R","BOSS","M","?","?","M","?","E","R","M","T","?","$","M","?","E","R","BOSS","BOSS","R","$","E"],"build_version":"2019-01-16","purchased_purges":3,"victory":false,"max_hp_per_floor":[66,66,66,66,66,66,66,66,66,71,71,71,71,71,71,71,71,71,71,71,71,71,71,71,71,71,71,71,71,85,85,85,85,85,85,85,85,85,85,85,85,85,85,85,85,85,85,85,85,85,85,85,85,85,85],"card_choices":[{"not_picked":["Infinite Blades","Prepared","PiercingWail"],"picked":"SKIP","floor":1.0},{"not_picked":["Dagger Throw","Flying Knee","Outmaneuver"],"picked":"SKIP","floor":3.0},{"not_picked":["Dodge and Roll","Setup"],"picked":"Terror","floor":8.0},{"not_picked":["Caltrops","Footwork"],"picked":"Poisoned Stab","floor":10.0},{"not_picked":["Cloak And Dagger","Bane","Leg Sweep"],"picked":"SKIP","floor":11.0},{"not_picked":["Wraith Form v2","Acrobatics"],"picked":"Catalyst","floor":12.0},{"not_picked":["Distraction","Finisher","Caltrops"],"picked":"SKIP","floor":13.0},{"not_picked":["Caltrops","Prepared"],"picked":"Footwork","floor":14.0},{"not_picked":["After Image","Adrenaline"],"picked":"Grand Finale","floor":16.0},{"not_picked":["Poisoned Stab","Dagger Throw+1"],"picked":"Calculated Gamble+1","floor":18.0},{"not_picked":["Quick Slash+1","Sucker Punch","PiercingWail"],"picked":"SKIP","floor":19.0},{"not_picked":["Slice+1","Caltrops","Unload"],"picked":"SKIP","floor":22.0},{"not_picked":["Blade Dance","Quick Slash","Flying Knee"],"picked":"SKIP","floor":23.0},{"not_picked":["Expertise+1","Grand Finale"],"picked":"Backflip+1","floor":27.0},{"not_picked":["Choke","Dodge and Roll+1"],"picked":"Acrobatics+1","floor":28.0},{"not_picked":["Setup+1","Backflip+1","Unload"],"picked":"SKIP","floor":30.0},{"not_picked":["Outmaneuver+1","Poisoned Stab","Cloak And Dagger+1"],"picked":"SKIP","floor":31.0},{"not_picked":["Flying Knee","Underhanded Strike"],"picked":"Prepared+1","floor":35.0},{"not_picked":["Quick Slash","Dash"],"picked":"Outmaneuver+1","floor":38.0},{"not_picked":["PiercingWail+1","Cloak And Dagger+1","Quick Slash"],"picked":"SKIP","floor":40.0},{"not_picked":["Outmaneuver+1","Finisher+1","Terror+1"],"picked":"SKIP","floor":42.0},{"not_picked":["Dodge and Roll+1","Quick Slash","Prepared+1"],"picked":"SKIP","floor":44.0},{"not_picked":["Heel Hook","Bane+1","Deadly Poison+1"],"picked":"SKIP","floor":46.0},{"not_picked":["Bane","Dagger Throw","Burst+1"],"picked":"SKIP","floor":48.0}],"player_experience":1299648,"relics_obtained":[{"floor":9.0,"key":"Mercury Hourglass"},{"floor":21.0,"key":"Thread and Needle"},{"floor":23.0,"key":"Toxic Egg 2"},{"floor":26.0,"key":"Snake Skull"},{"floor":27.0,"key":"Tiny Chest"},{"floor":30.0,"key":"Mango"},{"floor":36.0,"key":"Oddly Smooth Stone"},{"floor":40.0,"key":"Sundial"},{"floor":43.0,"key":"Shovel"},{"floor":48.0,"key":"Bottled Lightning"},{"floor":49.0,"key":"Bag of Preparation"},{"floor":53.0,"key":"Pantograph"}],"event_choices":[{"cards_removed":["Strike_G"],"damage_healed":0.0,"max_hp_gain":0.0,"max_hp_loss":0.0,"gold_gain":0.0,"event_name":"The Cleric","player_choice":"Card Removal","floor":2.0,"gold_loss":75.0,"damage_taken":0.0},{"damage_healed":0.0,"max_hp_gain":0.0,"max_hp_loss":0.0,"gold_gain":0.0,"event_name":"Liars Game","player_choice":"Ignored","floor":4.0,"gold_loss":0.0,"damage_taken":0.0},{"damage_healed":0.0,"max_hp_gain":0.0,"max_hp_loss":0.0,"gold_gain":0.0,"event_name":"Shining Light","player_choice":"Entered Light","floor":5.0,"gold_loss":0.0,"damage_taken":20.0,"cards_upgraded":["Survivor","Strike_G"]},{"damage_healed":0.0,"max_hp_gain":0.0,"max_hp_loss":0.0,"gold_gain":0.0,"event_name":"N\u0027loth","player_choice":"Ignored","floor":25.0,"gold_loss":0.0,"damage_taken":0.0},{"damage_healed":0.0,"max_hp_gain":0.0,"max_hp_loss":0.0,"gold_gain":0.0,"event_name":"SensoryStone","player_choice":"Memory 1","floor":37.0,"gold_loss":0.0,"damage_taken":0.0},{"damage_healed":0.0,"max_hp_gain":0.0,"max_hp_loss":0.0,"gold_gain":0.0,"event_name":"Lab","player_choice":"Got Potions","floor":39.0,"gold_loss":0.0,"damage_taken":0.0},{"damage_healed":0.0,"max_hp_gain":0.0,"max_hp_loss":0.0,"gold_gain":0.0,"event_name":"Duplicator","player_choice":"Ignored","floor":47.0,"gold_loss":0.0,"damage_taken":0.0}],"is_beta":true,"boss_relics":[{"not_picked":["Philosopher\u0027s Stone","Pandora\u0027s Box"],"picked":"Runic Pyramid"},{"not_picked":["Eternal Feather","Snecko Eye"],"picked":"WristBlade"}],"items_purged_floors":[20,29,45],"is_endless":false,"potions_floor_spawned":[1,10,14,16,22,28,33,44],"killed_by":"Shield and Spear","ascension_level":20}