{"gold_per_floor":[113,63,78,78,78,78,93,93,93,93,105,68,102,117,117,221,221,238,418,274,274,292,292,292],"floor_reached":24,"playtime":528,"items_purged":["Rupture"],"score":243,"play_id":"a3feaed0-ec5f-4f12-ab25-e5d011f0d996","local_time":"20180920135221","is_ascension_mode":true,"campfire_choices":[{"data":"Body Slam","floor":6,"key":"SMITH"},{"data":"True Grit","floor":8,"key":"SMITH"},{"data":"Demon Form","floor":15,"key":"SMITH"},{"floor":23,"key":"REST"}],"neow_cost":"NONE","seed_source_timestamp":3989953690241,"circlet_count":0,"master_deck":["Strike_R+1","Strike_R","Strike_R+1","Defend_R","Defend_R","Defend_R","Bash","Body Slam+1","True Grit+1","Rage","Shockwave","Demon Form+1","Juggernaut","Shrug It Off","Second Wind","Warcry+1"],"relics":["Burning Blood","NeowsBlessing","Incense Burner","Molten Egg 2","Sozu"],"potions_floor_usage":[13,22],"damage_taken":[{"damage":0,"enemies":"Jaw Worm","floor":1,"turns":1},{"damage":0,"enemies":"Cultist","floor":3,"turns":1},{"damage":0,"enemies":"Small Slimes","floor":7,"turns":1},{"damage":11,"enemies":"Looter","floor":11,"turns":3},{"damage":13,"enemies":"Gremlin Nob","floor":13,"turns":4},{"damage":21,"enemies":"Red Slaver","floor":14,"turns":4},{"damage":41,"enemies":"The Guardian","floor":16,"turns":11},{"damage":24,"enemies":"Chosen","floor":18,"turns":5},{"damage":0,"enemies":"2 Thieves","floor":22,"turns":3},{"damage":36,"enemies":"Slavers","floor":24,"turns":3}],"seed_played":"6443021016510279376","potions_obtained":[{"floor":3,"key":"Swift Potion"},{"floor":7,"key":"Ancient Potion"},{"floor":14,"key":"GamblersBrew"},{"floor":16,"key":"Block Potion"}],"is_trial":false,"path_per_floor":["M","?","M","?","?","R","M","R","T","?","M","$","E","M","R","B",null,"M","?","$","?","M","R"],"character_chosen":"IRONCLAD","items_purchased":["Rupture","Second Wind"],"campfire_rested":1,"item_purchase_floors":[12,20],"current_hp_per_floor":[80,80,80,64,64,64,70,70,70,70,65,65,58,43,43,8,62,44,20,20,20,26,50,14],"gold":292,"neow_bonus":"THREE_ENEMY_KILL","is_prod":false,"is_daily":false,"chose_seed":false,"campfire_upgraded":3,"win_rate":0,"timestamp":1537422741,"path_taken":["M","?","M","?","?","R","M","R","T","?","?","$","E","M","R","BOSS","M","?","$","?","?","R","E"],"build_version":"2018-09-06","purchased_purges":1,"victory":false,"max_hp_per_floor":[80,80,80,80,80,80,80,80,80,80,80,80,80,80,80,80,80,80,80,80,80,80,80,80],"card_choices":[{"not_picked":["Armaments","Anger","Twin Strike"],"picked":"SKIP","floor":1},{"not_picked":["Ghostly Armor","Clash"],"picked":"Body Slam","floor":3},{"not_picked":["Headbutt","Wild Strike"],"picked":"True Grit","floor":7},{"not_picked":["Dual Wield","Carnage"],"picked":"Shockwave","floor":11},{"not_picked":["Spot Weakness","Warcry"],"picked":"Demon Form","floor":13},{"not_picked":["Headbutt+1","True Grit","Entrench"],"picked":"SKIP","floor":14},{"not_picked":["Brutality","Impervious"],"picked":"Juggernaut","floor":16},{"not_picked":["Flame Barrier","Headbutt+1"],"picked":"Shrug It Off","floor":18},{"not_picked":["Clash+1","Sever Soul+1"],"picked":"Warcry+1","floor":22}],"player_experience":36953,"relics_obtained":[{"floor":9,"key":"Incense Burner"},{"floor":13,"key":"Molten Egg 2"}],"event_choices":[{"event_name":"The Cleric","player_choice":"Card Removal","floor":2,"damage_taken":0},{"event_name":"Shining Light","player_choice":"Entered Light","floor":4,"damage_taken":0},{"event_name":"Purifier","player_choice":"One Purge","floor":5,"damage_taken":0},{"event_name":"Living Wall","player_choice":"Change","floor":10,"damage_taken":0},{"event_name":"Knowing Skull","player_choice":"GOLD GOLD ","floor":19,"damage_taken":0},{"event_name":"Ghosts","player_choice":"Ignored","floor":21,"damage_taken":0}],"is_beta":false,"boss_relics":[{"not_picked":["Runic Cube","Lizard Tail"],"picked":"Sozu"}],"items_purged_floors":[20],"is_endless":false,"potions_floor_spawned":[3,7,14,16],"killed_by":"Slavers","ascension_level":5}