{"gold_per_floor":[116,116,133,147,72,72,87,87,87,117,117,132,32,61,61,135,135,151,151,161,1,20,20,51,66,90,90,90,102,116,35,35,112,112,122,122,175,55,71,71],"floor_reached":40,"playtime":1293,"items_purged":["Strike_G","Strike_G","Pain","Regret"],"score":816,"play_id":"30185a15-2cbd-4829-b8b5-96ad40fd5282","local_time":"20181113124901","is_ascension_mode":true,"campfire_choices":[{"data":"Dash","floor":6,"key":"SMITH"},{"data":"Deadly Poison","floor":8,"key":"SMITH"},{"data":"Neutralize","floor":11,"key":"SMITH"},{"data":"Survivor","floor":15,"key":"SMITH"},{"data":"Noxious Fumes","floor":23,"key":"SMITH"},{"floor":27,"key":"REST"},{"floor":32,"key":"REST"}],"neow_cost":"NONE","seed_source_timestamp":4856940680804,"circlet_count":0,"master_deck":["AscendersBane","Defend_G","Defend_G","Defend_G","Defend_G","Defend_G","Strike_G","Strike_G","Survivor+1","Neutralize+1","Dash+1","Deadly Poison+1","Adrenaline","Backstab","Backflip","Noxious Fumes+1","Calculated Gamble+1","Escape Plan","Purity","Reflex+1","Clumsy"],"relics":["Ring of the Snake","NeowsBlessing","PreservedInsect","Letter Opener","The Courier","Cursed Key","WarpedTongs","Happy Flower","Snake Skull","Sozu","Tiny Chest"],"potions_floor_usage":[],"damage_taken":[{"damage":0,"enemies":"2 Louse","floor":1,"turns":1},{"damage":0,"enemies":"Cultist","floor":3,"turns":1},{"damage":0,"enemies":"Jaw Worm","floor":4,"turns":1},{"damage":2,"enemies":"3 Louse","floor":7,"turns":6},{"damage":17,"enemies":"Lagavulin","floor":10,"turns":6},{"damage":9,"enemies":"Exordium Thugs","floor":12,"turns":5},{"damage":5,"enemies":"3 Sentries","floor":14,"turns":9},{"damage":17,"enemies":"Hexaghost","floor":16,"turns":12},{"damage":10,"enemies":"Chosen","floor":18,"turns":6},{"damage":7,"enemies":"Shell Parasite","floor":20,"turns":8},{"damage":13,"enemies":"Cultist and Chosen","floor":22,"turns":7},{"damage":0,"enemies":"Slavers","floor":24,"turns":5},{"damage":3,"enemies":"Chosen and Byrds","floor":25,"turns":5},{"damage":16,"enemies":"Snake Plant","floor":29,"turns":4},{"damage":16,"enemies":"Snecko","floor":30,"turns":6},{"damage":16,"enemies":"Collector","floor":33,"turns":8},{"damage":1,"enemies":"Orb Walker","floor":35,"turns":4},{"damage":33,"enemies":"3 Shapes","floor":39,"turns":4},{"damage":29,"enemies":"Jaw Worm Horde","floor":40,"turns":1}],"seed_played":"1949852154065253469","potions_obtained":[{"floor":4,"key":"Ancient Potion"},{"floor":7,"key":"Fire Potion"}],"is_trial":false,"path_per_floor":["M","?","M","M","$","R","M","R","T","E","R","M","$","E","R","B",null,"M","?","M","$","M","R","E","M","T","R","$","M","M","$","R","B",null,"M","?","T","$","M","M"],"character_chosen":"THE_SILENT","items_purchased":["Noxious Fumes","Purity"],"campfire_rested":2,"item_purchase_floors":[21,31],"current_hp_per_floor":[59,59,59,59,59,59,57,57,57,40,40,31,31,26,26,9,52,42,42,35,35,22,22,22,19,19,38,38,22,6,6,25,9,52,51,51,51,51,18,0],"gold":71,"neow_bonus":"THREE_ENEMY_KILL","is_prod":false,"is_daily":false,"chose_seed":false,"campfire_upgraded":5,"win_rate":0,"timestamp":1542084541,"path_taken":["M","?","M","M","?","R","M","R","T","E","R","M","?","E","R","BOSS","M","?","M","$","M","R","E","M","T","R","?","M","?","$","R","BOSS","M","?","?","$","M","?"],"build_version":"2018-11-08","purchased_purges":4,"victory":false,"max_hp_per_floor":[66,66,66,66,66,66,66,66,66,66,66,66,66,66,66,66,66,66,66,66,66,66,66,66,66,66,66,66,66,66,66,66,66,66,66,66,66,66,66,66],"card_choices":[{"not_picked":["Dodge and Roll","Choke","Cloak And Dagger"],"picked":"SKIP","floor":1},{"not_picked":["Acrobatics","Prepared"],"picked":"Dash","floor":3},{"not_picked":["Crippling Poison","Caltrops","Bane"],"picked":"SKIP","floor":4},{"not_picked":["Dagger Spray","Expertise"],"picked":"Deadly Poison","floor":7},{"not_picked":["Outmaneuver","Blade Dance","Bane"],"picked":"SKIP","floor":10},{"not_picked":["Outmaneuver","Dagger Spray","Cloak And Dagger"],"picked":"SKIP","floor":12},{"not_picked":["Distraction","Acrobatics","A Thousand Cuts"],"picked":"SKIP","floor":14},{"not_picked":["Wraith Form v2","Unload"],"picked":"Adrenaline","floor":16},{"not_picked":["Dagger Spray","Eviscerate"],"picked":"Backstab","floor":18},{"not_picked":["Sucker Punch","Dodge and Roll"],"picked":"Backflip","floor":20},{"not_picked":["Slice","Setup"],"picked":"Calculated Gamble+1","floor":22},{"not_picked":["Venomology","Cloak And Dagger","Bane"],"picked":"SKIP","floor":24},{"not_picked":["Slice","Poisoned Stab"],"picked":"Escape Plan","floor":25},{"not_picked":["Blade Dance","Quick Slash","Bane"],"picked":"SKIP","floor":29},{"not_picked":["Quick Slash","Poisoned Stab","Expertise"],"picked":"SKIP","floor":30},{"not_picked":["Heel Hook","Cloak And Dagger"],"picked":"Reflex+1","floor":35},{"not_picked":["Dagger Throw","Blade Dance","Deflect"],"picked":"SKIP","floor":39}],"player_experience":1041729,"relics_obtained":[{"floor":9,"key":"PreservedInsect"},{"floor":10,"key":"Letter Opener"},{"floor":14,"key":"The Courier"},{"floor":24,"key":"Happy Flower"},{"floor":26,"key":"Snake Skull"},{"floor":37,"key":"Tiny Chest"}],"event_choices":[{"cards_removed":["Strike_G"],"damage_healed":0,"gold_gain":0,"player_choice":"Purged","damage_taken":0,"max_hp_gain":0,"max_hp_loss":0,"event_name":"Purifier","floor":2,"gold_loss":0},{"damage_healed":0,"gold_gain":0,"player_choice":"Rummage","damage_taken":0,"relics_obtained":["WarpedTongs"],"max_hp_gain":0,"max_hp_loss":0,"event_name":"Accursed Blacksmith","floor":19,"gold_loss":0,"cards_obtained":["Pain"]},{"damage_healed":0,"gold_gain":0,"player_choice":"Ignored","damage_taken":0,"max_hp_gain":0,"max_hp_loss":0,"event_name":"Tomb of Lord Red Mask","floor":36,"gold_loss":0}],"is_beta":true,"boss_relics":[{"not_picked":["White Beast Statue","Velvet Choker"],"picked":"Cursed Key"},{"not_picked":["Runic Dome","Eternal Feather"],"picked":"Sozu"}],"items_purged_floors":[5,13,21,38],"is_endless":false,"potions_floor_spawned":[4,7,18,24,29,33],"killed_by":"Jaw Worm Horde","ascension_level":17}