{"gold_per_floor":[118,132,79,79,79,79,148,167,194,194,35,76,76,95,95,95],"floor_reached":16,"playtime":253,"items_purged":["Strike_B"],"score":266,"play_id":"56b580cc-409a-4122-a974-511e34701359","local_time":"20190301225014","is_ascension_mode":true,"campfire_choices":[{"data":"Zap","floor":6,"key":"SMITH"},{"data":"Consume","floor":10,"key":"SMITH"},{"data":"Loop","floor":15,"key":"SMITH"}],"neow_cost":"NONE","seed_source_timestamp":112846828447741,"circlet_count":0,"master_deck":["AscendersBane","Strike_B","Strike_B","Defend_B","Defend_B","Defend_B","Defend_B","Zap+1","Dualcast","Loop+1","FTL","Cold Snap","Darkness+1","Consume+1","Stack","Blizzard","Double Energy","Conserve Battery"],"relics":["Cracked Core","NeowsBlessing","Golden Idol","Tiny Chest","PreservedInsect","Centennial Puzzle"],"potions_floor_usage":[],"damage_taken":[{"damage":0,"enemies":"2 Louse","floor":1,"turns":1},{"damage":0,"enemies":"Jaw Worm","floor":2,"turns":1},{"damage":0,"enemies":"3 Sentries","floor":7,"turns":1},{"damage":0,"enemies":"Cultist","floor":8,"turns":4},{"damage":39,"enemies":"Gremlin Nob","floor":12,"turns":4},{"damage":7,"enemies":"Large Slime","floor":14,"turns":4},{"damage":20,"enemies":"Hexaghost","floor":16,"turns":7}],"seed_played":"-8044299875055794192","potions_obtained":[{"floor":7,"key":"SpeedPotion"},{"floor":8,"key":"Swift Potion"},{"floor":14,"key":"Fire Potion"}],"is_trial":false,"path_per_floor":["M","M","$","?","?","R","E","M","T","R","$","E","?","M","R","B"],"character_chosen":"DEFECT","items_purchased":["Cold Snap","Blizzard"],"campfire_rested":0,"item_purchase_floors":[3,11],"current_hp_per_floor":[64,64,64,64,64,64,64,64,64,64,64,25,25,18,18,0],"gold":95,"neow_bonus":"THREE_ENEMY_KILL","is_prod":false,"is_daily":false,"chose_seed":false,"campfire_upgraded":3,"win_rate":0,"timestamp":1551451814,"path_taken":["M","M","$","?","?","R","E","M","T","R","$","E","?","?","R","BOSS"],"build_version":"2019-01-23","purchased_purges":1,"victory":false,"max_hp_per_floor":[71,71,71,71,64,64,64,64,64,64,64,64,64,64,64,64],"card_choices":[{"not_picked":["Compile Driver","Go for the Eyes"],"picked":"Loop","floor":1},{"not_picked":["Barrage","Compile Driver"],"picked":"FTL","floor":2},{"not_picked":["Leap","FTL"],"picked":"Consume","floor":7},{"not_picked":["Beam Cell","Gash"],"picked":"Stack","floor":8},{"not_picked":["Fission","FTL"],"picked":"Double Energy","floor":12},{"not_picked":["Steam","Sweeping Beam"],"picked":"Conserve Battery","floor":14}],"player_experience":1062767,"relics_obtained":[{"floor":7,"key":"Tiny Chest"},{"floor":9,"key":"PreservedInsect"},{"floor":12,"key":"Centennial Puzzle"}],"event_choices":[{"damage_healed":0,"gold_gain":0,"cards_transformed":["Strike_B"],"player_choice":"Change","damage_taken":0,"max_hp_gain":0,"max_hp_loss":0,"event_name":"Living Wall","floor":4,"gold_loss":0,"cards_obtained":["Darkness"]},{"damage_healed":0,"gold_gain":0,"player_choice":"Lose Max HP","damage_taken":0,"relics_obtained":["Golden Idol"],"max_hp_gain":0,"max_hp_loss":7,"event_name":"Golden Idol","floor":5,"gold_loss":0},{"damage_healed":0,"gold_gain":0,"player_choice":"Upgraded","damage_taken":0,"max_hp_gain":0,"max_hp_loss":0,"event_name":"Upgrade Shrine","floor":13,"gold_loss":0,"cards_upgraded":["Darkness"]}],"is_beta":false,"boss_relics":[],"items_purged_floors":[11],"is_endless":false,"potions_floor_spawned":[7,8,12,14],"killed_by":"Hexaghost","ascension_level":20}