{"gold_per_floor":[113,38,38,57,37,37,63,63,63,63,98,23,33,62,62,62],"floor_reached":16,"playtime":335,"items_purged":["Strike_R"],"score":282,"play_id":"238eb255-e0fc-4cc2-bbc8-41e32f569c6e","local_time":"20181115210129","is_ascension_mode":true,"campfire_choices":[{"data":"Inflame","floor":6,"key":"SMITH"},{"data":"Flex","floor":8,"key":"SMITH"},{"data":"Thunderclap","floor":10,"key":"SMITH"},{"data":"Feed","floor":15,"key":"SMITH"}],"neow_cost":"NONE","seed_source_timestamp":1332524063751000,"circlet_count":0,"master_deck":["AscendersBane","Strike_R","Strike_R","Defend_R","Defend_R","Defend_R","Defend_R","Bash","Inflame+1","Flex+1","Thunderclap+1","Sever Soul","Shrug It Off","Feed+1"],"relics":["Burning Blood","NeowsBlessing","Art of War","Question Card","Juzu Bracelet","Kunai"],"potions_floor_usage":[11,11],"damage_taken":[{"damage":0,"enemies":"Jaw Worm","floor":1,"turns":1},{"damage":0,"enemies":"2 Louse","floor":4,"turns":2},{"damage":0,"enemies":"Lagavulin","floor":7,"turns":1},{"damage":40,"enemies":"3 Sentries","floor":11,"turns":7},{"damage":6,"enemies":"Cultist","floor":13,"turns":3},{"damage":45,"enemies":"Lagavulin","floor":14,"turns":7},{"damage":41,"enemies":"Hexaghost","floor":16,"turns":8}],"seed_played":"-1504684538775044653","potions_obtained":[{"floor":5,"key":"Regen Potion"},{"floor":7,"key":"Regen Potion"},{"floor":11,"key":"Poison Potion"}],"is_trial":false,"path_per_floor":["M","?","?","M","?","R","E","R","T","R","E","$","M","E","R","B"],"character_chosen":"IRONCLAD","items_purchased":[],"campfire_rested":0,"item_purchase_floors":[],"current_hp_per_floor":[74,74,74,75,75,75,75,75,75,75,75,75,75,36,36,0],"gold":62,"neow_bonus":"THREE_ENEMY_KILL","is_prod":false,"is_daily":false,"chose_seed":false,"campfire_upgraded":4,"win_rate":0,"timestamp":1542286889,"path_taken":["M","?","?","?","?","R","E","R","T","R","E","$","M","E","R","BOSS"],"build_version":"2018-11-14","purchased_purges":1,"victory":false,"max_hp_per_floor":[75,75,75,75,75,75,75,75,75,75,75,75,75,75,75,75],"card_choices":[{"not_picked":["Havoc","Iron Wave","Warcry"],"picked":"SKIP","floor":1},{"not_picked":["Rage","Headbutt"],"picked":"Flex","floor":4},{"not_picked":["Clash","Demon Form"],"picked":"Thunderclap","floor":7},{"not_picked":["Rupture","Infernal Blade","Pommel Strike"],"picked":"Sever Soul","floor":11},{"not_picked":["Spot Weakness","Perfected Strike","Clothesline"],"picked":"Shrug It Off","floor":13},{"not_picked":["Headbutt","Seeing Red","Iron Wave"],"picked":"Feed","floor":14}],"player_experience":493108,"relics_obtained":[{"floor":7,"key":"Art of War"},{"floor":9,"key":"Question Card"},{"floor":11,"key":"Juzu Bracelet"},{"floor":14,"key":"Kunai"}],"event_choices":[{"cards_removed":["Strike_R"],"damage_healed":0,"gold_gain":0,"player_choice":"Card Removal","damage_taken":0,"max_hp_gain":0,"max_hp_loss":0,"event_name":"The Cleric","floor":2,"gold_loss":75},{"damage_healed":0,"gold_gain":0,"cards_transformed":["Strike_R"],"player_choice":"Transformed","damage_taken":0,"max_hp_gain":0,"max_hp_loss":0,"event_name":"Transmorgrifier","floor":3,"gold_loss":0,"cards_obtained":["Inflame"]},{"damage_healed":0,"gold_gain":0,"player_choice":"Bought 1 Potion","damage_taken":0,"max_hp_gain":0,"max_hp_loss":0,"event_name":"The Woman in Blue","floor":5,"gold_loss":0}],"is_beta":true,"boss_relics":[],"items_purged_floors":[12],"is_endless":false,"potions_floor_spawned":[7,11],"killed_by":"Hexaghost","ascension_level":20}