{"gold_per_floor":[111,3,19,29,29,62,62,86,109,109,147,147,183,202,202,295,295,315,315,339,354,354,354,354],"floor_reached":24,"playtime":812,"items_purged":[],"score":582,"play_id":"3fb8090b-1910-4cac-9671-fb86c893817b","local_time":"20190223235342","is_ascension_mode":true,"campfire_choices":[{"data":"Coolheaded","floor":7.0,"key":"SMITH"},{"floor":10.0,"key":"REST"},{"data":"Loop","floor":12.0,"key":"SMITH"},{"data":"Defragment","floor":15.0,"key":"SMITH"},{"data":"Fission","floor":23,"key":"SMITH"}],"neow_cost":"TEN_PERCENT_HP_LOSS","seed_source_timestamp":532110671904570,"circlet_count":0,"master_deck":["AscendersBane","Strike_B","Strike_B","Strike_B","Strike_B","Defend_B","Defend_B","Defend_B","Defend_B","Zap","Dualcast","Biased Cognition","Loop+1","Doom and Gloom","Steam","Coolheaded+1","Recycle","Turbo","Blizzard","Turbo","Defragment+1","Capacitor","Fission+1","Skim","Conserve Battery","BootSequence+1","Coolheaded","Hologram+1","Defragment+1"],"special_seed":0,"relics":["Cracked Core","Golden Idol","Centennial Puzzle","Bag of Preparation","Oddly Smooth Stone","Prayer Wheel","Cursed Key"],"potions_floor_usage":[21,21],"damage_taken":[{"damage":0.0,"enemies":"Jaw Worm","floor":1.0,"turns":3.0},{"damage":0.0,"enemies":"Small Slimes","floor":3.0,"turns":2.0},{"damage":8.0,"enemies":"2 Louse","floor":4.0,"turns":3.0},{"damage":36.0,"enemies":"3 Sentries","floor":6.0,"turns":8.0},{"damage":7.0,"enemies":"2 Fungi Beasts","floor":8.0,"turns":3.0},{"damage":11.0,"enemies":"Gremlin Nob","floor":11.0,"turns":3.0},{"damage":12.0,"enemies":"Lagavulin","floor":13.0,"turns":6.0},{"damage":0.0,"enemies":"Gremlin Gang","floor":14.0,"turns":3.0},{"damage":0.0,"enemies":"Slime Boss","floor":16.0,"turns":7.0},{"damage":9.0,"enemies":"3 Byrds","floor":18.0,"turns":6.0},{"damage":17.0,"enemies":"Spheric Guardian","floor":20.0,"turns":7.0},{"damage":5,"enemies":"Centurion and Healer","floor":21,"turns":7},{"damage":8,"enemies":"Slavers","floor":24,"turns":3}],"seed_played":"-4571314451655226714","potions_obtained":[{"floor":1.0,"key":"SteroidPotion"},{"floor":6.0,"key":"SpeedPotion"},{"floor":14.0,"key":"Explosive Potion"},{"floor":16.0,"key":"Strength Potion"}],"is_trial":false,"path_per_floor":["M","$","M","M","?","E","R","M","T","R","E","R","E","M","R","B",null,"M","?","M","M","?","R","E"],"character_chosen":"DEFECT","items_purchased":["Doom and Gloom","Steam"],"campfire_rested":1,"item_purchase_floors":[2,2],"current_hp_per_floor":[64,64,64,56,56,20,20,13,13,30,19,19,7,7,7,7,45,36,36,19,14,14,14,6],"gold":354,"neow_bonus":"THREE_RARE_CARDS","is_prod":false,"is_daily":false,"chose_seed":false,"campfire_upgraded":4,"win_rate":0,"timestamp":1550937222,"path_taken":["M","$","M","M","?","E","R","M","T","R","E","R","E","M","R","BOSS","M","?","M","M","?","R","E"],"build_version":"2019-01-23","purchased_purges":0,"victory":false,"max_hp_per_floor":[64,64,64,64,58,58,58,58,58,58,58,58,58,58,58,58,58,58,58,58,58,58,58,58],"card_choices":[{"not_picked":["Buffer","Fission"],"picked":"Biased Cognition","floor":0.0},{"not_picked":["Beam Cell","Streamline"],"picked":"Loop","floor":1.0},{"not_picked":["Darkness","Leap"],"picked":"Coolheaded","floor":3.0},{"not_picked":["Streamline","Compile Driver"],"picked":"Recycle","floor":4.0},{"not_picked":["Hologram","Blizzard"],"picked":"Turbo","floor":6.0},{"not_picked":["Rip and Tear","Creative AI","Gash"],"picked":"SKIP","floor":8.0},{"not_picked":["Go for the Eyes","Coolheaded"],"picked":"Blizzard","floor":11.0},{"not_picked":["Aggregate","Reprogram"],"picked":"Turbo","floor":13.0},{"not_picked":["Cold Snap","Barrage"],"picked":"Defragment","floor":14.0},{"not_picked":["Beam Cell","Tempest"],"picked":"Capacitor","floor":14.0},{"not_picked":["Amplify","Meteor Strike"],"picked":"Fission","floor":16.0},{"not_picked":["Compile Driver","Double Energy"],"picked":"Skim","floor":18.0},{"not_picked":["Melter+1","Chaos"],"picked":"Conserve Battery","floor":18.0},{"not_picked":["Stack","Reprogram+1"],"picked":"BootSequence+1","floor":20.0},{"not_picked":["Redo","Conserve Battery"],"picked":"Coolheaded","floor":20.0},{"not_picked":["Static Discharge","Aggregate+1"],"picked":"Hologram+1","floor":21},{"not_picked":["Chaos","Gash"],"picked":"Defragment+1","floor":21}],"player_experience":954737,"relics_obtained":[{"floor":6.0,"key":"Centennial Puzzle"},{"floor":9.0,"key":"Bag of Preparation"},{"floor":11.0,"key":"Oddly Smooth Stone"},{"floor":13.0,"key":"Prayer Wheel"}],"event_choices":[{"damage_healed":0.0,"max_hp_gain":0.0,"max_hp_loss":6.0,"gold_gain":0.0,"event_name":"Golden Idol","player_choice":"Lose Max HP","floor":5.0,"gold_loss":0.0,"damage_taken":0.0,"relics_obtained":["Golden Idol"]},{"damage_healed":0.0,"max_hp_gain":0.0,"max_hp_loss":0.0,"gold_gain":0.0,"event_name":"Ghosts","player_choice":"Ignored","floor":19.0,"gold_loss":0.0,"damage_taken":0.0},{"damage_healed":0,"gold_gain":0,"player_choice":"Ignored","damage_taken":0,"max_hp_gain":0,"max_hp_loss":0,"event_name":"Cursed Tome","floor":22,"gold_loss":0}],"is_beta":false,"boss_relics":[{"not_picked":["White Beast Statue","Fusion Hammer"],"picked":"Cursed Key"}],"items_purged_floors":[],"is_endless":false,"potions_floor_spawned":[1,6,14,16,20],"killed_by":"Slavers","ascension_level":20}