{"gold_per_floor":[109,34,54,54,54,79,89,89,89,102,102,119,119,132,132,132],"floor_reached":16,"playtime":589,"items_purged":["Strike_R"],"score":204,"play_id":"08c9f199-65fb-489c-a8be-9d9525559c3b","local_time":"20181123175008","is_ascension_mode":true,"campfire_choices":[{"floor":8.0,"key":"REST"},{"floor":11.0,"key":"REST"},{"data":"Spot Weakness","floor":15,"key":"SMITH"}],"neow_cost":"NONE","seed_source_timestamp":5224767590707,"circlet_count":0,"master_deck":["AscendersBane","Strike_R","Strike_R","Strike_R","Defend_R","Defend_R","Defend_R","Defend_R","Bash","Shrug It Off","Ghostly Armor","Flame Barrier","Carnage","Flex","Spot Weakness+1","Fiend Fire"],"special_seed":0,"relics":["Burning Blood","Prayer Wheel"],"potions_floor_usage":[],"damage_taken":[{"damage":16.0,"enemies":"Jaw Worm","floor":1.0,"turns":6.0},{"damage":1.0,"enemies":"Small Slimes","floor":3.0,"turns":5.0},{"damage":59.0,"enemies":"3 Sentries","floor":6.0,"turns":12.0},{"damage":4.0,"enemies":"Cultist","floor":7.0,"turns":6.0},{"damage":24.0,"enemies":"3 Louse","floor":10.0,"turns":10.0},{"damage":7.0,"enemies":"Lots of Slimes","floor":12.0,"turns":6.0},{"damage":8,"enemies":"Blue Slaver","floor":14,"turns":4},{"damage":38,"enemies":"Slime Boss","floor":16,"turns":3}],"seed_played":"-2310230557671228461","potions_obtained":[{"floor":5.0,"key":"AttackPotion"},{"floor":5.0,"key":"Energy Potion"},{"floor":7.0,"key":"PowerPotion"},{"floor":10.0,"key":"Poison Potion"},{"floor":12.0,"key":"Strength Potion"}],"is_trial":false,"path_per_floor":["M","$","M","?","?","E","M","R","T","M","R","M","?","M","R","B"],"character_chosen":"IRONCLAD","items_purchased":[],"campfire_rested":2,"item_purchase_floors":[],"current_hp_per_floor":[58,58,63,63,63,10,12,34,34,16,38,37,33,31,31,0],"gold":132,"neow_bonus":"REMOVE_CARD","is_prod":false,"is_daily":false,"chose_seed":true,"campfire_upgraded":1,"win_rate":0,"timestamp":1542966608,"path_taken":["M","$","M","?","?","E","M","R","T","?","R","M","?","M","R","BOSS"],"build_version":"2018-11-15","purchased_purges":1,"victory":false,"max_hp_per_floor":[75,75,75,75,75,75,75,75,75,75,75,75,75,75,75,75],"card_choices":[{"not_picked":["Thunderclap","Body Slam"],"picked":"Shrug It Off","floor":1.0},{"not_picked":["Rupture","Cleave","Clothesline"],"picked":"SKIP","floor":3.0},{"not_picked":["Dark Embrace","Wild Strike"],"picked":"Ghostly Armor","floor":6.0},{"not_picked":["Clash","Rage"],"picked":"Flame Barrier","floor":7.0},{"not_picked":["Fire Breathing","Sword Boomerang","Havoc"],"picked":"SKIP","floor":7.0},{"not_picked":["Headbutt","Battle Trance"],"picked":"Carnage","floor":10.0},{"not_picked":["Carnage","Shrug It Off"],"picked":"Flex","floor":10.0},{"not_picked":["Combust","Wild Strike"],"picked":"Spot Weakness","floor":12.0},{"not_picked":["Havoc","Anger"],"picked":"Fiend Fire","floor":12.0},{"not_picked":["True Grit","Clothesline","Feel No Pain"],"picked":"SKIP","floor":14},{"not_picked":["Rage","Thunderclap","Perfected Strike"],"picked":"SKIP","floor":14}],"player_experience":1113860,"relics_obtained":[{"floor":6.0,"key":"Prayer Wheel"}],"event_choices":[{"damage_healed":0.0,"max_hp_gain":0.0,"max_hp_loss":0.0,"gold_gain":0.0,"event_name":"The Cleric","player_choice":"Leave","floor":4.0,"gold_loss":0.0,"damage_taken":0.0},{"damage_healed":0.0,"max_hp_gain":0.0,"max_hp_loss":0.0,"gold_gain":0.0,"event_name":"Lab","player_choice":"Got Potions","floor":5.0,"gold_loss":0.0,"damage_taken":0.0},{"damage_healed":0,"gold_gain":0,"player_choice":"Bought 0 Potions","damage_taken":0,"max_hp_gain":0,"max_hp_loss":0,"event_name":"The Woman in Blue","floor":13,"gold_loss":0}],"is_beta":false,"boss_relics":[],"items_purged_floors":[2],"is_endless":false,"potions_floor_spawned":[7,10,12],"killed_by":"Slime Boss","ascension_level":20}