{"gold_per_floor":[113,125,137,137,137,166,166,195,495,495,484,484,496,527,527,632,632,650,665,345,365,455,455,483,499,499,153,173,79,79,89,89,187,187,204,204,216,231,24,24,24,24,24,44,69,69,80,99,99,99],"floor_reached":50,"playtime":3359,"items_purged":["Strike_B","Defend_B","Strike_B"],"score":720,"play_id":"a1d6685b-31e8-4332-9483-c2f383c0fc9c","local_time":"20190807145255","is_ascension_mode":true,"campfire_choices":[{"data":"Undo","floor":7,"key":"SMITH"},{"floor":12,"key":"REST"},{"data":"Beam Cell","floor":15,"key":"SMITH"},{"data":"Dualcast","floor":23,"key":"SMITH"},{"floor":30,"key":"REST"},{"floor":32,"key":"REST"},{"floor":40,"key":"REST"},{"floor":46,"key":"REST"},{"floor":49,"key":"REST"}],"neow_cost":"NONE","seed_source_timestamp":2461392790305453,"circlet_count":0,"master_deck":["Defend_B","Zap","Dualcast+1","Conserve Battery","Steam+1","Undo+1","Beam Cell+1","Stack","Barrage","Conserve Battery","Cold Snap","Machine Learning","Streamline+1","Buffer+1","Chaos+1","Rebound+1","Coolheaded","Genetic Algorithm+1","Ball Lightning","Turbo+1","Compile Driver","Hologram+1","Capacitor","Conserve Battery+1","Seek+1","Compile Driver","Loop+1","Echo Form","Doom and Gloom","FTL+1","Conserve Battery+1","Heatsinks","Defragment","Coolheaded+1","Parasite","Stack+1","Leap+1"],"relics":["Cracked Core","FossilizedHelix","StoneCalendar","Bronze Scales","Old Coin","Dream Catcher","Astrolabe","Toxic Egg 2","Nunchaku","Singing Bowl","Anchor","Orrery","Boot","Blue Candle","Letter Opener"],"potions_floor_usage":[6,14,14,24,24,24,28,45,45,50,50,50],"damage_taken":[{"damage":9,"enemies":"2 Louse","floor":1,"turns":2},{"damage":0,"enemies":"Cultist","floor":2,"turns":3},{"damage":0,"enemies":"Small Slimes","floor":3,"turns":4},{"damage":35,"enemies":"Gremlin Nob","floor":6,"turns":6},{"damage":13,"enemies":"3 Sentries","floor":8,"turns":7},{"damage":0,"enemies":"Exordium Thugs","floor":11,"turns":5},{"damage":0,"enemies":"3 Louse","floor":13,"turns":4},{"damage":4,"enemies":"Gremlin Nob","floor":14,"turns":5},{"damage":0,"enemies":"Slime Boss","floor":16,"turns":7},{"damage":0,"enemies":"2 Thieves","floor":18,"turns":4},{"damage":0,"enemies":"Chosen","floor":19,"turns":4},{"damage":6,"enemies":"Shelled Parasite and Fungi","floor":21,"turns":7},{"damage":27,"enemies":"Gremlin Leader","floor":24,"turns":5},{"damage":31,"enemies":"Snake Plant","floor":25,"turns":3},{"damage":0,"enemies":"Cultist and Chosen","floor":28,"turns":6},{"damage":0,"enemies":"Sentry and Sphere","floor":31,"turns":6},{"damage":27,"enemies":"Champ","floor":33,"turns":9},{"damage":17,"enemies":"3 Darklings","floor":35,"turns":6},{"damage":0,"enemies":"Orb Walker","floor":37,"turns":4},{"damage":51,"enemies":"Jaw Worm Horde","floor":38,"turns":5},{"damage":18,"enemies":"Spire Growth","floor":44,"turns":6},{"damage":21,"enemies":"Nemesis","floor":45,"turns":7},{"damage":26,"enemies":"Writhing Mass","floor":47,"turns":7},{"damage":30,"enemies":"Sphere and 2 Shapes","floor":48,"turns":5},{"damage":32,"enemies":"Awakened One","floor":50,"turns":3}],"seed_played":"-4737485636525981837","potions_obtained":[{"floor":3,"key":"SkillPotion"},{"floor":8,"key":"Weak Potion"},{"floor":11,"key":"Poison Potion"},{"floor":16,"key":"SpeedPotion"},{"floor":18,"key":"Poison Potion"},{"floor":21,"key":"AttackPotion"},{"floor":33,"key":"Weak Potion"},{"floor":37,"key":"Regen Potion"},{"floor":38,"key":"Dexterity Potion"},{"floor":45,"key":"AttackPotion"},{"floor":48,"key":"Ancient Potion"}],"is_trial":false,"path_per_floor":["M","M","M","?","?","E","R","E","T","?","M","R","M","E","R","B",null,"M","M","$","M","?","R","E","M","T","$","M","$","R","M","R","B",null,"M","?","M","M","$","R","?","T","T","M","E","R","M","M","R","B"],"character_chosen":"DEFECT","items_purchased":["Toxic Egg 2","Compile Driver","PowerPotion","Anchor","Capacitor","Conserve Battery+1","Heatsinks"],"campfire_rested":6,"item_purchase_floors":[20,27,27,27,29,29,39],"current_hp_per_floor":[73,73,73,66,66,31,31,18,18,18,18,42,42,38,38,38,82,82,82,82,76,60,60,33,2,2,2,2,2,26,26,50,23,90,75,75,75,24,24,51,51,51,51,35,31,58,32,2,31,0],"gold":99,"neow_bonus":"TEN_PERCENT_HP_BONUS","is_prod":false,"is_daily":false,"chose_seed":false,"campfire_upgraded":3,"win_rate":0,"timestamp":1565178775,"path_taken":["M","M","M","?","?","E","R","E","T","?","M","R","?","E","R","BOSS","M","M","$","M","?","R","E","M","T","$","M","?","R","M","R","BOSS","M","?","?","M","$","R","?","?","T","M","E","R","M","M","R","BOSS"],"build_version":"2019-07-17","purchased_purges":3,"victory":false,"max_hp_per_floor":[82,82,82,82,82,82,82,82,82,82,82,82,82,82,82,82,82,82,82,82,82,82,82,82,82,82,82,82,82,82,82,82,82,90,92,92,92,92,92,92,87,87,87,89,91,91,91,91,93,93],"card_choices":[{"not_picked":["Chaos","Undo"],"picked":"Conserve Battery","floor":1},{"not_picked":["Gash","Self Repair"],"picked":"Steam","floor":2},{"not_picked":["Steam","Consume"],"picked":"Undo","floor":3},{"not_picked":["Hologram","Barrage"],"picked":"Beam Cell","floor":6},{"not_picked":["Sweeping Beam","Reboot"],"picked":"Stack","floor":8},{"not_picked":["Stack","Consume"],"picked":"Barrage","floor":11},{"not_picked":["Scrape","Beam Cell"],"picked":"Conserve Battery","floor":13},{"not_picked":["Rebound","Barrage"],"picked":"Cold Snap","floor":14},{"not_picked":["Multi-Cast","Seek"],"picked":"Machine Learning","floor":16},{"not_picked":["Coolheaded","Go for the Eyes"],"picked":"Rebound+1","floor":18},{"not_picked":["Rebound","Stack"],"picked":"Coolheaded","floor":19},{"not_picked":["Turbo+1","Chill+1"],"picked":"Genetic Algorithm+1","floor":21},{"not_picked":["Conserve Battery+1","Melter"],"picked":"Ball Lightning","floor":24},{"not_picked":["Chill+1","Redo+1"],"picked":"Turbo+1","floor":25},{"not_picked":["Gash","Melter"],"picked":"Hologram+1","floor":28},{"not_picked":["Streamline","Coolheaded+1"],"picked":"Seek+1","floor":30},{"not_picked":["Capacitor+1","Ball Lightning"],"picked":"Compile Driver","floor":31},{"not_picked":["Self Repair","Ball Lightning"],"picked":"Loop","floor":32},{"not_picked":["Multi-Cast+1","Buffer"],"picked":"Echo Form","floor":33},{"not_picked":["Stack+1","Ball Lightning","Sunder"],"picked":"Singing Bowl","floor":34},{"not_picked":["Gash","Melter","Genetic Algorithm+1"],"picked":"Singing Bowl","floor":34},{"not_picked":["Barrage","Undo+1"],"picked":"Doom and Gloom","floor":34},{"not_picked":["Beam Cell","Gash+1","Streamline"],"picked":"Singing Bowl","floor":34},{"not_picked":["Gash+1","Cold Snap","Go for the Eyes+1"],"picked":"Singing Bowl","floor":34},{"not_picked":["Conserve Battery+1","Gash+1","Hologram+1"],"picked":"Singing Bowl","floor":35},{"not_picked":["Reprogram+1","Streamline+1"],"picked":"FTL+1","floor":37},{"not_picked":["Turbo+1","Sunder"],"picked":"Conserve Battery+1","floor":38},{"not_picked":["Static Discharge+1","Thunder Strike"],"picked":"Defragment","floor":40},{"not_picked":["Fusion+1","Recycle+1","Blizzard+1"],"picked":"Singing Bowl","floor":44},{"not_picked":["Turbo+1","Barrage+1","Streamline"],"picked":"Singing Bowl","floor":45},{"not_picked":["Streamline+1","Redo+1"],"picked":"Coolheaded+1","floor":46},{"not_picked":["Genetic Algorithm+1","Barrage+1"],"picked":"Stack+1","floor":47},{"not_picked":["Barrage+1","Lockon"],"picked":"Leap+1","floor":48},{"not_picked":["Thunder Strike","Hologram+1","Gash"],"picked":"Singing Bowl","floor":49}],"player_experience":136921,"relics_obtained":[{"floor":6,"key":"StoneCalendar"},{"floor":8,"key":"Bronze Scales"},{"floor":9,"key":"Old Coin"},{"floor":14,"key":"Dream Catcher"},{"floor":24,"key":"Nunchaku"},{"floor":26,"key":"Singing Bowl"},{"floor":42,"key":"Boot"},{"floor":43,"key":"Blue Candle"},{"floor":45,"key":"Letter Opener"}],"event_choices":[{"damage_healed":0,"gold_gain":0,"player_choice":"Success","damage_taken":7,"relics_obtained":["FossilizedHelix"],"max_hp_gain":0,"max_hp_loss":0,"event_name":"Scrap Ooze","floor":4,"gold_loss":0},{"damage_healed":0,"gold_gain":0,"player_choice":"Grow","damage_taken":0,"max_hp_gain":0,"max_hp_loss":0,"event_name":"Living Wall","floor":5,"gold_loss":0,"cards_upgraded":["Steam"]},{"cards_removed":["Strike_B"],"damage_healed":0,"gold_gain":0,"player_choice":"Purged","damage_taken":0,"max_hp_gain":0,"max_hp_loss":0,"event_name":"Purifier","floor":10,"gold_loss":0},{"damage_healed":0,"gold_gain":90,"player_choice":"GOLD ","damage_taken":16,"max_hp_gain":0,"max_hp_loss":0,"event_name":"Knowing Skull","floor":22,"potions_obtained":[],"gold_loss":0,"cards_obtained":[]},{"damage_healed":0,"gold_gain":0,"player_choice":"Forge","damage_taken":0,"max_hp_gain":0,"max_hp_loss":0,"event_name":"Accursed Blacksmith","floor":36,"gold_loss":0,"cards_upgraded":["Loop"]},{"damage_healed":0,"gold_gain":0,"player_choice":"Max HP","damage_taken":0,"max_hp_gain":0,"max_hp_loss":5,"event_name":"Winding Halls","floor":41,"gold_loss":0}],"is_beta":false,"boss_relics":[{"not_picked":["Black Star","Inserter"],"picked":"Astrolabe"},{"not_picked":["Empty Cage","Calling Bell"],"picked":"Orrery"}],"items_purged_floors":[20,27,39],"is_endless":false,"potions_floor_spawned":[3,8,11,16,18,21,33,37,38,45,48],"killed_by":"Awakened One","ascension_level":2}