{"gold_per_floor":[209,222,237,257,16,16,16,16,16,34,34,34,34,51,51,154,204,214,214,232,232,331,331,133,150,229,229,243,261,261,279,279,380,380,393,393,407,90,105,125,137,137,161,161,180,197,207,207,207,207],"floor_reached":51,"playtime":3905,"items_purged":["Strike_G","Defend_G","Strike_G"],"score":670,"play_id":"23495d5f-afd4-4326-b8cf-17467a760b4b","local_time":"20181022181043","is_ascension_mode":false,"campfire_choices":[{"data":"Neutralize","floor":6.0,"key":"SMITH"},{"data":"Footwork","floor":8.0,"key":"SMITH"},{"data":"Purity","floor":11.0,"key":"SMITH"},{"data":"Predator","floor":15.0,"key":"SMITH"},{"data":"Corpse Explosion","floor":23.0,"key":"SMITH"},{"data":"Purity","floor":30.0,"key":"SMITH"},{"floor":32.0,"key":"REST"},{"data":"Wraith Form v2","floor":49,"key":"SMITH"}],"neow_cost":"NONE","seed_source_timestamp":33873180087973,"circlet_count":0,"master_deck":["Defend_G","Defend_G","Defend_G","Defend_G","Strike_G+1","Strike_G","Survivor","Neutralize+1","Predator+1","Footwork+1","Purity+1","Corpse Explosion+1","Acrobatics+1","Ghostly","Ghostly","Ghostly","Ghostly","Ghostly","Purity+1","Heel Hook","Backflip+1","Malaise+1","Acrobatics+1","Acrobatics+1","Night Terror+1","Writhe","Wraith Form v2+1"],"special_seed":0,"relics":["Ring of the Serpent","Question Card","Tiny House","Toxic Egg 2","Boot","Calipers","Frozen Eye","Lantern"],"potions_floor_usage":[50,50,50],"damage_taken":[{"damage":2.0,"enemies":"2 Louse","floor":1.0,"turns":3.0},{"damage":1.0,"enemies":"Cultist","floor":2.0,"turns":3.0},{"damage":0.0,"enemies":"Jaw Worm","floor":3.0,"turns":3.0},{"damage":9.0,"enemies":"Exordium Thugs","floor":4.0,"turns":4.0},{"damage":0.0,"enemies":"3 Louse","floor":10.0,"turns":6.0},{"damage":3.0,"enemies":"Looter","floor":14.0,"turns":4.0},{"damage":33.0,"enemies":"Slime Boss","floor":16.0,"turns":11.0},{"damage":9.0,"enemies":"Chosen","floor":18.0,"turns":6.0},{"damage":4.0,"enemies":"Shell Parasite","floor":20.0,"turns":8.0},{"damage":7.0,"enemies":"Snake Plant","floor":25.0,"turns":8.0},{"damage":2.0,"enemies":"Centurion and Healer","floor":28.0,"turns":7.0},{"damage":3.0,"enemies":"3 Cultists","floor":29.0,"turns":4.0},{"damage":5.0,"enemies":"Shelled Parasite and Fungi","floor":31.0,"turns":6.0},{"damage":19.0,"enemies":"Collector","floor":33.0,"turns":5.0},{"damage":1.0,"enemies":"3 Shapes","floor":35.0,"turns":6.0},{"damage":2.0,"enemies":"3 Darklings","floor":37.0,"turns":5.0},{"damage":29.0,"enemies":"Spire Growth","floor":39.0,"turns":7.0},{"damage":0.0,"enemies":"Sphere and 2 Shapes","floor":40.0,"turns":6.0},{"damage":9.0,"enemies":"4 Shapes","floor":41.0,"turns":9.0},{"damage":2.0,"enemies":"3 Darklings","floor":45.0,"turns":5.0},{"damage":1,"enemies":"Sphere and 2 Shapes","floor":46,"turns":8},{"damage":1,"enemies":"Transient","floor":47,"turns":5},{"damage":16,"enemies":"Donu and Deca","floor":50,"turns":13}],"seed_played":"6087190129082478240","potions_obtained":[{"floor":2.0,"key":"Swift Potion"},{"floor":16.0,"key":"LiquidBronze"},{"floor":17.0,"key":"Weak Potion"},{"floor":18.0,"key":"Fire Potion"},{"floor":31.0,"key":"AttackPotion"},{"floor":33.0,"key":"FearPotion"},{"floor":40.0,"key":"GamblersBrew"},{"floor":41.0,"key":"Weak Potion"}],"is_trial":false,"path_per_floor":["M","M","M","M","$","R","?","R","T","M","R","?","?","M","R","B",null,"M","?","M","?","?","R","$","M","T","T","M","M","R","?","R","B",null,"M","?","M","$","M","M","M","?","T","?","M","M","M","?","R","B"],"character_chosen":"THE_SILENT","items_purchased":["Footwork","Purity","Purity","Frozen Eye"],"campfire_rested":1,"item_purchase_floors":[5,5,24,38],"current_hp_per_floor":[68,67,67,58,58,58,70,70,70,70,70,80,85,82,82,49,90,81,45,41,41,41,41,41,34,34,34,32,29,29,18,33,14,50,49,49,47,47,18,18,9,9,9,22,20,19,18,18,18,2],"gold":207,"neow_bonus":"HUNDRED_GOLD","is_prod":false,"is_daily":false,"chose_seed":false,"campfire_upgraded":7,"win_rate":0,"timestamp":1540203043,"path_taken":["M","M","M","M","$","R","?","R","T","M","R","?","?","?","R","BOSS","M","?","M","?","?","R","$","M","T","?","M","M","R","?","R","BOSS","M","?","M","$","M","M","M","?","T","?","M","M","?","?","R","BOSS"],"build_version":"2018-10-18","purchased_purges":3,"victory":true,"max_hp_per_floor":[70,70,70,70,70,70,70,70,70,70,70,80,85,85,85,85,90,90,45,45,45,45,45,45,45,45,45,45,45,45,50,50,50,50,50,50,50,50,50,50,50,50,50,50,50,50,50,50,50,50],"card_choices":[{"not_picked":["Cloak And Dagger","Dodge and Roll"],"picked":"Predator","floor":1.0},{"not_picked":["Blur","Dagger Throw","Deflect"],"picked":"SKIP","floor":2.0},{"not_picked":["Slice","Outmaneuver","Dodge and Roll"],"picked":"SKIP","floor":3.0},{"not_picked":["Sucker Punch","Dagger Throw","Cloak And Dagger"],"picked":"SKIP","floor":4.0},{"not_picked":["Outmaneuver","Bane","Prepared"],"picked":"Storm of Steel","floor":10.0},{"not_picked":["Bane","Sucker Punch","Dodge and Roll","Cloak And Dagger"],"picked":"SKIP","floor":14.0},{"not_picked":["Envenom","Die Die Die","Venomology"],"picked":"Corpse Explosion","floor":16.0},{"not_picked":["Quick Slash","Poisoned Stab","Sucker Punch+1"],"picked":"Acrobatics+1","floor":18.0},{"not_picked":["Dagger Throw","Flying Knee","Sucker Punch","Dodge and Roll"],"picked":"SKIP","floor":20.0},{"not_picked":["Eviscerate","Blur","Blade Dance","Dagger Spray"],"picked":"SKIP","floor":25.0},{"not_picked":["Dodge and Roll+1","Backflip+1","Riddle With Holes"],"picked":"Heel Hook","floor":28.0},{"not_picked":["All Out Attack","Riddle With Holes","Accuracy","Quick Slash"],"picked":"SKIP","floor":29.0},{"not_picked":["Cloak And Dagger+1","Reflex+1","Dagger Spray"],"picked":"Backflip+1","floor":31.0},{"not_picked":["After Image","Bullet Time+1","Tools of the Trade"],"picked":"Malaise+1","floor":33.0},{"not_picked":["Deflect+1","Cloak And Dagger+1","Dodge and Roll+1","Finisher+1"],"picked":"SKIP","floor":35.0},{"not_picked":["Endless Agony","Skewer","Riddle With Holes","Deadly Poison+1"],"picked":"SKIP","floor":37.0},{"not_picked":["Dodge and Roll+1","Blade Dance+1","Bane+1"],"picked":"Acrobatics+1","floor":39.0},{"not_picked":["Underhanded Strike","Dash","Distraction+1"],"picked":"Acrobatics+1","floor":40.0},{"not_picked":["Underhanded Strike","Dodge and Roll+1","Distraction+1"],"picked":"Night Terror+1","floor":41.0},{"not_picked":["Outmaneuver+1","Slice","Underhanded Strike+1","Dash+1"],"picked":"SKIP","floor":45},{"not_picked":["Backflip+1","Quick Slash","Choke+1"],"picked":"Wraith Form v2","floor":46},{"not_picked":["Footwork","Quick Slash","Riddle With Holes","Poisoned Stab+1"],"picked":"SKIP","floor":47}],"player_experience":517540,"relics_obtained":[{"floor":9.0,"key":"Question Card"},{"floor":26.0,"key":"Toxic Egg 2"},{"floor":27.0,"key":"Boot"},{"floor":43.0,"key":"Lantern"}],"event_choices":[{"damage_healed":12.0,"max_hp_gain":0.0,"max_hp_loss":0.0,"gold_gain":0.0,"event_name":"Wheel of Change","player_choice":"Full Heal","floor":7.0,"gold_loss":0.0,"damage_taken":0.0},{"cards_removed":["Storm of Steel"],"damage_healed":0.0,"max_hp_gain":10.0,"max_hp_loss":0.0,"gold_gain":0.0,"event_name":"Bonfire Elementals","player_choice":"Offered Rare","floor":12.0,"gold_loss":0.0,"damage_taken":0.0},{"damage_healed":0.0,"max_hp_gain":5.0,"max_hp_loss":0.0,"gold_gain":0.0,"event_name":"Big Fish","player_choice":"Donut","floor":13.0,"gold_loss":0.0,"damage_taken":0.0},{"damage_healed":0.0,"max_hp_gain":0.0,"max_hp_loss":45.0,"gold_gain":0.0,"event_name":"Ghosts","player_choice":"Became a Ghost","floor":19.0,"gold_loss":0.0,"damage_taken":0.0,"cards_obtained":["Ghostly","Ghostly","Ghostly","Ghostly","Ghostly"]},{"damage_healed":0.0,"max_hp_gain":0.0,"max_hp_loss":0.0,"gold_gain":0.0,"event_name":"Vampires","player_choice":"Ignored","floor":21.0,"gold_loss":0.0,"damage_taken":0.0},{"damage_healed":0.0,"max_hp_gain":0.0,"max_hp_loss":0.0,"gold_gain":99.0,"event_name":"Nest","player_choice":"Stole From Cult","floor":22.0,"gold_loss":0.0,"damage_taken":0.0},{"damage_healed":0.0,"max_hp_gain":5.0,"max_hp_loss":0.0,"gold_gain":0.0,"event_name":"Forgotten Altar","player_choice":"Shed Blood","floor":31.0,"gold_loss":0.0,"damage_taken":11.0},{"damage_healed":0.0,"max_hp_gain":0.0,"max_hp_loss":0.0,"gold_gain":0.0,"event_name":"WeMeetAgain","player_choice":"Gave Potion","floor":36.0,"gold_loss":0.0,"damage_taken":0.0,"relics_obtained":["Calipers"]},{"cards_removed":["Strike_G"],"damage_healed":0.0,"max_hp_gain":0.0,"max_hp_loss":0.0,"gold_gain":0.0,"event_name":"Falling","player_choice":"Removed Attack","floor":42.0,"gold_loss":0.0,"damage_taken":0.0},{"damage_healed":13.0,"max_hp_gain":0.0,"max_hp_loss":0.0,"gold_gain":0.0,"event_name":"Winding Halls","player_choice":"Writhe","floor":44.0,"gold_loss":0.0,"damage_taken":0.0,"cards_obtained":["Writhe"]},{"damage_healed":0,"gold_gain":0,"player_choice":"Ignored","damage_taken":0,"max_hp_gain":0,"max_hp_loss":0,"event_name":"Mysterious Sphere","floor":48,"gold_loss":0}],"is_beta":false,"boss_relics":[{"not_picked":["Snecko Eye","Philosopher\u0027s Stone"],"picked":"Tiny House"},{"not_picked":["WristBlade","White Beast Statue"],"picked":"Ring of the Serpent"}],"items_purged_floors":[5,24,38],"is_endless":false,"potions_floor_spawned":[2,16,18,31,33,40,41,47],"ascension_level":0}