{"gold_per_floor":[112,27,27,102,117,117,150,150,150,180,195,195,205,205,205,282,282,302,227,239,258,278,278,278],"floor_reached":24,"playtime":569,"items_purged":["Strike_G"],"score":442,"play_id":"10ac49d9-874e-4095-bbcb-59201a3c9560","local_time":"20190725081643","is_ascension_mode":true,"campfire_choices":[{"data":"Well Laid Plans","floor":6.0,"key":"SMITH"},{"data":"Neutralize","floor":8.0,"key":"SMITH"},{"data":"Bouncing Flask","floor":12.0,"key":"SMITH"},{"data":"Catalyst","floor":15.0,"key":"SMITH"},{"data":"Calculated Gamble","floor":23.0,"key":"SMITH"}],"neow_cost":"NONE","seed_source_timestamp":0,"circlet_count":0,"master_deck":["AscendersBane","Strike_G","Strike_G","Strike_G","Defend_G","Defend_G","Defend_G","Defend_G","Defend_G","Survivor","Neutralize+1","Well Laid Plans+1","Escape Plan","Bouncing Flask+1","Catalyst+1","After Image","Calculated Gamble+1"],"special_seed":0,"relics":["Ring of the Snake","NeowsBlessing","Molten Egg 2","Kunai","Ornamental Fan","Runic Pyramid"],"potions_floor_usage":[],"damage_taken":[{"damage":0.0,"enemies":"Small Slimes","floor":1.0,"turns":1.0},{"damage":0.0,"enemies":"2 Louse","floor":5.0,"turns":1.0},{"damage":0.0,"enemies":"3 Sentries","floor":7.0,"turns":2.0},{"damage":0.0,"enemies":"Cultist","floor":11.0,"turns":4.0},{"damage":12.0,"enemies":"Exordium Thugs","floor":13.0,"turns":4.0},{"damage":8.0,"enemies":"Hexaghost","floor":16.0,"turns":7.0},{"damage":10.0,"enemies":"Shell Parasite","floor":18.0,"turns":6.0},{"damage":4.0,"enemies":"3 Byrds","floor":20.0,"turns":7.0},{"damage":5.0,"enemies":"Snake Plant","floor":21.0,"turns":4.0},{"damage":26.0,"enemies":"Cultist and Chosen","floor":22.0,"turns":6.0},{"damage":11,"enemies":"3 Cultists","floor":24,"turns":3}],"seed_played":"362417917977495785","potions_obtained":[{"floor":1.0,"key":"SkillPotion"},{"floor":13.0,"key":"Weak Potion"},{"floor":18.0,"key":"Dexterity Potion"}],"is_trial":false,"path_per_floor":["M","$","?","?","M","R","E","R","T","?","M","R","M","?","R","B",null,"M","$","M","M","M","R","M"],"character_chosen":"THE_SILENT","items_purchased":["Well Laid Plans"],"campfire_rested":0,"item_purchase_floors":[2],"current_hp_per_floor":[59,59,64,53,53,53,53,53,53,53,53,53,41,34,34,26,60,50,50,46,41,15,15,4],"gold":278,"neow_bonus":"THREE_ENEMY_KILL","is_prod":false,"is_daily":false,"chose_seed":false,"campfire_upgraded":5,"win_rate":0,"timestamp":1564010203,"path_taken":["M","$","?","?","M","R","E","R","T","?","M","R","M","?","R","BOSS","M","$","M","M","M","R","M"],"build_version":"2019-07-17","purchased_purges":1,"victory":false,"max_hp_per_floor":[66,66,71,71,71,71,71,71,71,71,71,71,71,71,71,71,71,71,71,71,71,71,71,71],"card_choices":[{"not_picked":["Choke","All Out Attack","Slice"],"picked":"SKIP","floor":1.0},{"not_picked":["Infinite Blades","Underhanded Strike","Blade Dance"],"picked":"SKIP","floor":5.0},{"not_picked":["Dash","Flying Knee"],"picked":"Escape Plan","floor":7.0},{"not_picked":["Predator+1","Acrobatics"],"picked":"Bouncing Flask","floor":11.0},{"not_picked":["Masterful Stab+1","Outmaneuver"],"picked":"Catalyst","floor":13.0},{"not_picked":["Glass Knife+1","Unload+1"],"picked":"After Image","floor":16.0},{"not_picked":["Blade Dance","Blur","Expertise"],"picked":"SKIP","floor":18.0},{"not_picked":["Blade Dance","Bane+1"],"picked":"Calculated Gamble","floor":20.0},{"not_picked":["Deflect+1","Poisoned Stab+1","Dodge and Roll"],"picked":"SKIP","floor":21.0},{"not_picked":["Sucker Punch+1","Dash+1","Escape Plan"],"picked":"SKIP","floor":22.0}],"player_experience":658291,"relics_obtained":[{"floor":7.0,"key":"Molten Egg 2"},{"floor":9.0,"key":"Kunai"}],"event_choices":[{"damage_healed":0.0,"max_hp_gain":5.0,"max_hp_loss":0.0,"gold_gain":0.0,"event_name":"Big Fish","player_choice":"Donut","floor":3.0,"gold_loss":0.0,"damage_taken":0.0},{"damage_healed":0.0,"max_hp_gain":0.0,"max_hp_loss":0.0,"gold_gain":75.0,"event_name":"World of Goop","player_choice":"Gather Gold","floor":4.0,"gold_loss":0.0,"damage_taken":11.0},{"damage_healed":0.0,"max_hp_gain":0.0,"max_hp_loss":0.0,"gold_gain":30.0,"event_name":"Dead Adventurer","player_choice":"Searched \u00272\u0027 times","floor":10.0,"gold_loss":0.0,"damage_taken":0.0,"relics_obtained":["Ornamental Fan"]},{"cards_removed":["Strike_G"],"damage_healed":0.0,"max_hp_gain":0.0,"max_hp_loss":0.0,"gold_gain":0.0,"event_name":"Golden Wing","player_choice":"Card Removal","floor":14.0,"gold_loss":0.0,"damage_taken":7.0}],"is_beta":false,"boss_relics":[{"not_picked":["Ectoplasm","HoveringKite"],"picked":"Runic Pyramid"}],"items_purged_floors":[19],"is_endless":false,"potions_floor_spawned":[1,13,18,20],"killed_by":"3 Cultists","ascension_level":20}