{"gold_per_floor":[99,99,99,24,0,0,0,0,0,0,0,0,0,0,0,0,0,0,0,0,0,0,0,0,0,0,0,0,0,0,0,0,0,0,0,0,0,0,0,0,0,0,0,0,0,0,0,0,0,0],"floor_reached":51,"playtime":2381,"items_purged":["Strike_B"],"score":950,"play_id":"a1832f22-66ab-4548-a6e3-c50d6baabed2","local_time":"20180924231142","is_ascension_mode":true,"campfire_choices":[{"data":"Redo","floor":6.0,"key":"SMITH"},{"data":"Zap","floor":15.0,"key":"SMITH"},{"data":"Dualcast","floor":23.0,"key":"SMITH"},{"data":"Discovery","floor":29.0,"key":"SMITH"},{"floor":32.0,"key":"REST"},{"data":"Madness","floor":40.0,"key":"SMITH"},{"data":"Madness","floor":44.0,"key":"SMITH"},{"floor":49.0,"key":"REST"}],"neow_cost":"NONE","seed_source_timestamp":295561850676021,"circlet_count":0,"master_deck":["Strike_B","Defend_B","Defend_B","Defend_B","Zap+1","Dualcast+1","Redo+1","Ball Lightning","Sweeping Beam+1","Conserve Battery","Echo Form","Undo","Doom and Gloom","Compile Driver","Go for the Eyes+1","Discovery+1","Steam+1","Seek","Madness+1","Madness+1","Streamline+1","FTL+1"],"special_seed":0,"relics":["Ectoplasm","Lantern","Mummified Hand","Nunchaku","Happy Flower","Tiny House","Enchiridion","Ornamental Fan","MawBank","Ancient Tea Set","Empty Cage","Unceasing Top","Gremlin Horn","Dead Branch","Meat on the Bone","The Courier"],"potions_floor_usage":[50],"damage_taken":[{"damage":0.0,"enemies":"Small Slimes","floor":1.0,"turns":3.0},{"damage":0.0,"enemies":"Cultist","floor":2.0,"turns":4.0},{"damage":3.0,"enemies":"2 Louse","floor":3.0,"turns":3.0},{"damage":6.0,"enemies":"Looter","floor":5.0,"turns":3.0},{"damage":8.0,"enemies":"3 Sentries","floor":7.0,"turns":7.0},{"damage":3.0,"enemies":"Blue Slaver","floor":10.0,"turns":3.0},{"damage":2.0,"enemies":"Gremlin Nob","floor":11.0,"turns":3.0},{"damage":12.0,"enemies":"Exordium Wildlife","floor":13.0,"turns":4.0},{"damage":20.0,"enemies":"3 Sentries","floor":14.0,"turns":5.0},{"damage":28.0,"enemies":"Slime Boss","floor":16.0,"turns":7.0},{"damage":17.0,"enemies":"2 Thieves","floor":18.0,"turns":4.0},{"damage":18.0,"enemies":"Spheric Guardian","floor":21.0,"turns":5.0},{"damage":20.0,"enemies":"Snake Plant","floor":22.0,"turns":4.0},{"damage":6.0,"enemies":"Shelled Parasite and Fungi","floor":24.0,"turns":4.0},{"damage":36.0,"enemies":"Book of Stabbing","floor":30.0,"turns":4.0},{"damage":3.0,"enemies":"Cultist and Chosen","floor":31.0,"turns":4.0},{"damage":44.0,"enemies":"Automaton","floor":33.0,"turns":10.0},{"damage":13.0,"enemies":"3 Darklings","floor":35.0,"turns":5.0},{"damage":0.0,"enemies":"Mind Bloom Boss Battle","floor":37.0,"turns":5.0},{"damage":0.0,"enemies":"Orb Walker","floor":38.0,"turns":4.0},{"damage":27.0,"enemies":"Giant Head","floor":41.0,"turns":7.0},{"damage":16.0,"enemies":"2 Orb Walkers","floor":45.0,"turns":3.0},{"damage":13.0,"enemies":"Maw","floor":46.0,"turns":6.0},{"damage":32.0,"enemies":"Nemesis","floor":47.0,"turns":5.0},{"damage":0.0,"enemies":"Sphere and 2 Shapes","floor":48.0,"turns":3.0},{"damage":6,"enemies":"Donu and Deca","floor":50,"turns":5}],"seed_played":"8313244851492493393","potions_obtained":[{"floor":3.0,"key":"Poison Potion"},{"floor":7.0,"key":"Ancient Potion"},{"floor":11.0,"key":"Regen Potion"},{"floor":13.0,"key":"SpeedPotion"},{"floor":16.0,"key":"Regen Potion"},{"floor":17.0,"key":"Strength Potion"},{"floor":24.0,"key":"Fire Potion"},{"floor":31.0,"key":"SteroidPotion"},{"floor":37.0,"key":"Dexterity Potion"},{"floor":45.0,"key":"Explosive Potion"},{"floor":48.0,"key":"Energy Potion"}],"is_trial":false,"path_per_floor":["M","M","M","$","M","R","E","?","T","M","E","$","M","E","R","B",null,"M","?","T","M","M","R","M","?","T","?","$","R","E","M","R","B",null,"M","?","?","M","?","R","E","$","T","R","E","M","E","M","R","B"],"character_chosen":"DEFECT","items_purchased":[],"campfire_rested":2,"item_purchase_floors":[],"current_hp_per_floor":[75,75,72,72,66,66,58,58,58,55,60,60,67,54,54,33,80,70,54,54,43,30,30,43,43,43,43,43,43,14,25,49,12,80,80,70,77,80,80,80,53,53,53,53,37,36,16,28,52,46],"gold":0,"neow_bonus":"BOSS_RELIC","is_prod":false,"is_daily":false,"chose_seed":false,"campfire_upgraded":6,"win_rate":0,"timestamp":1537801902,"path_taken":["M","M","M","$","M","R","E","?","T","M","E","?","M","E","R","BOSS","M","?","?","?","M","R","M","?","T","?","$","R","E","M","R","BOSS","M","?","?","M","?","R","E","?","T","R","E","?","E","M","R","BOSS"],"build_version":"2018-09-20","purchased_purges":1,"victory":true,"max_hp_per_floor":[75,75,75,75,75,75,75,75,75,75,75,75,75,75,75,75,80,80,80,80,80,80,80,80,80,80,80,80,80,80,80,80,80,80,80,80,80,80,80,80,80,80,80,80,80,80,80,80,80,80],"card_choices":[{"not_picked":["Hello World","Ball Lightning"],"picked":"Redo","floor":1.0},{"not_picked":["Streamline","Coolheaded"],"picked":"Ball Lightning","floor":2.0},{"not_picked":["Go for the Eyes","Redo"],"picked":"Sweeping Beam","floor":3.0},{"not_picked":["Compile Driver","Scrape"],"picked":"Conserve Battery","floor":5.0},{"not_picked":["Barrage","Tempest"],"picked":"Echo Form","floor":7.0},{"not_picked":["Barrage","Capacitor"],"picked":"Self Repair","floor":10.0},{"not_picked":["Heatsinks","Redo","Turbo"],"picked":"SKIP","floor":11.0},{"not_picked":["Go for the Eyes","Coolheaded"],"picked":"Undo","floor":13.0},{"not_picked":["Conserve Battery","Multi-Cast"],"picked":"Doom and Gloom","floor":14.0},{"not_picked":["Blizzard","Ball Lightning"],"picked":"Compile Driver","floor":17.0},{"not_picked":["Fusion+1","BootSequence"],"picked":"Go for the Eyes+1","floor":18.0},{"not_picked":["Streamline","Beam Cell","Conserve Battery"],"picked":"SKIP","floor":21.0},{"not_picked":["Turbo","Recycle","Compile Driver"],"picked":"SKIP","floor":22.0},{"not_picked":["Cold Snap","Go for the Eyes+1","Static Discharge"],"picked":"SKIP","floor":24.0},{"not_picked":["Gash","Rebound"],"picked":"Steam+1","floor":30.0},{"not_picked":["Beam Cell","Go for the Eyes","Sweeping Beam"],"picked":"SKIP","floor":31.0},{"not_picked":["Fission","All For One"],"picked":"Seek","floor":33.0},{"not_picked":["Sweeping Beam","Rebound","Undo+1"],"picked":"SKIP","floor":35.0},{"not_picked":["Biased Cognition","Capacitor","Fusion+1"],"picked":"SKIP","floor":38.0},{"not_picked":["Sunder+1","Consume+1"],"picked":"Streamline+1","floor":41.0},{"not_picked":["Steam+1","Hologram","Cold Snap"],"picked":"SKIP","floor":45.0},{"not_picked":["Blizzard","Beam Cell+1"],"picked":"FTL+1","floor":46.0},{"not_picked":["Stack+1","Doom and Gloom","Thunder Strike"],"picked":"SKIP","floor":47.0},{"not_picked":["Streamline+1","Tempest","Redo+1"],"picked":"SKIP","floor":48.0}],"player_experience":133195,"relics_obtained":[{"floor":7.0,"key":"Lantern"},{"floor":9.0,"key":"Mummified Hand"},{"floor":11.0,"key":"Nunchaku"},{"floor":14.0,"key":"Happy Flower"},{"floor":19.0,"key":"Enchiridion"},{"floor":20.0,"key":"Ornamental Fan"},{"floor":26.0,"key":"MawBank"},{"floor":30.0,"key":"Ancient Tea Set"},{"floor":37.0,"key":"Unceasing Top"},{"floor":41.0,"key":"Gremlin Horn"},{"floor":43.0,"key":"Dead Branch"},{"floor":45.0,"key":"Meat on the Bone"},{"floor":47.0,"key":"The Courier"}],"event_choices":[{"event_name":"Bonfire Elementals","player_choice":"BASIC","floor":8.0,"damage_taken":0.0},{"event_name":"Cursed Tome","player_choice":"Obtained Book","floor":19.0,"damage_taken":0.0},{"event_name":"Beggar","player_choice":"Ignored","floor":25.0,"damage_taken":0.0},{"event_name":"Match and Keep!","player_choice":"1 cards matched","floor":27.0,"damage_taken":0.0},{"event_name":"Winding Halls","player_choice":"Embrace Madness","floor":36.0,"damage_taken":0.0},{"event_name":"MindBloom","player_choice":"Fight","floor":37.0,"damage_taken":0.0},{"event_name":"Falling","player_choice":"Removed Power","floor":39.0,"damage_taken":0.0}],"is_beta":false,"boss_relics":[{"not_picked":["Orrery","Philosopher\u0027s Stone"],"picked":"Tiny House"},{"not_picked":["Sozu","Eternal Feather"],"picked":"Empty Cage"}],"items_purged_floors":[4],"is_endless":false,"potions_floor_spawned":[3,7,11,13,16,24,31,37,45,47,48],"ascension_level":4}