{"gold_per_floor":[113,113,128,203,128,128,145,145,145,145,159,159,172,172,172,172],"floor_reached":16,"playtime":376,"items_purged":["Shame"],"score":180,"play_id":"70553bf3-3c33-4552-a96a-794d2b094424","local_time":"20190317171408","is_ascension_mode":true,"campfire_choices":[{"data":"Zap","floor":6.0,"key":"SMITH"},{"data":"Dualcast","floor":8.0,"key":"SMITH"},{"data":"Doom and Gloom","floor":12,"key":"SMITH"},{"data":"Darkness","floor":15,"key":"SMITH"}],"neow_cost":"CURSE","seed_source_timestamp":33418743112631,"circlet_count":0,"master_deck":["AscendersBane","Strike_B+1","Strike_B","Strike_B","Strike_B","Defend_B","Defend_B","Defend_B+1","Defend_B","Zap+1","Dualcast+1","Genetic Algorithm","Glacier","Doom and Gloom+1","Darkness+1"],"special_seed":0,"relics":["Cracked Core","WingedGreaves","Kunai"],"potions_floor_usage":[11],"damage_taken":[{"damage":19.0,"enemies":"Small Slimes","floor":1.0,"turns":4.0},{"damage":4.0,"enemies":"Jaw Worm","floor":3.0,"turns":3.0},{"damage":0.0,"enemies":"2 Louse","floor":7.0,"turns":1.0},{"damage":0,"enemies":"Large Slime","floor":11,"turns":8},{"damage":8,"enemies":"Gremlin Gang","floor":13,"turns":5},{"damage":1,"enemies":"Hexaghost","floor":16,"turns":2}],"seed_played":"1534377129441448008","potions_obtained":[{"floor":1.0,"key":"FocusPotion"},{"floor":7.0,"key":"Dexterity Potion"}],"is_trial":false,"path_per_floor":["M","?","M","?","$","R","M","R","T","?","M","R","M","?","R","B"],"character_chosen":"DEFECT","items_purchased":[],"campfire_rested":0,"item_purchase_floors":[],"current_hp_per_floor":[45,24,20,9,9,9,9,9,9,9,9,9,1,1,1,0],"gold":172,"neow_bonus":"ONE_RARE_RELIC","is_prod":false,"is_daily":false,"chose_seed":false,"campfire_upgraded":4,"win_rate":0,"timestamp":1552814048,"path_taken":["M","?","M","?","?","R","M","R","T","?","M","R","M","?","R","BOSS"],"build_version":"2019-01-23","purchased_purges":1,"victory":false,"max_hp_per_floor":[71,71,71,71,71,71,71,71,71,71,71,71,71,71,71,71],"card_choices":[{"not_picked":["Gash","Go for the Eyes","Leap"],"picked":"SKIP","floor":1.0},{"not_picked":["Aggregate","Force Field"],"picked":"Genetic Algorithm","floor":3.0},{"not_picked":["Streamline","Beam Cell"],"picked":"Glacier","floor":7.0},{"not_picked":["Cold Snap","Undo"],"picked":"Doom and Gloom","floor":11},{"not_picked":["Leap","Rebound"],"picked":"Darkness","floor":13}],"player_experience":3653711,"relics_obtained":[{"floor":9.0,"key":"Kunai"}],"event_choices":[{"damage_healed":0.0,"max_hp_gain":0.0,"max_hp_loss":0.0,"gold_gain":0.0,"event_name":"Shining Light","player_choice":"Entered Light","floor":2.0,"gold_loss":0.0,"damage_taken":21.0,"cards_upgraded":["Strike_B","Defend_B"]},{"damage_healed":0.0,"max_hp_gain":0.0,"max_hp_loss":0.0,"gold_gain":75.0,"event_name":"World of Goop","player_choice":"Gather Gold","floor":4.0,"gold_loss":0.0,"damage_taken":11.0},{"damage_healed":0.0,"max_hp_gain":0.0,"max_hp_loss":0.0,"gold_gain":0.0,"event_name":"Scrap Ooze","player_choice":"Fled","floor":10.0,"gold_loss":0.0,"damage_taken":0.0},{"damage_healed":0,"gold_gain":0,"player_choice":"0 cards matched","damage_taken":0,"max_hp_gain":0,"max_hp_loss":0,"event_name":"Match and Keep!","floor":14,"gold_loss":0,"cards_obtained":[]}],"is_beta":false,"boss_relics":[],"items_purged_floors":[5],"is_endless":false,"potions_floor_spawned":[1,7],"killed_by":"Hexaghost","ascension_level":20}