{"gold_per_floor":[116,266,4,24,24,24,24,24,103,103,147,167,186,205,205,300,300,321,321,321,204,224,224,240,258,258,258,258,258,269,304,304,379,429,440,440,456,246,246,246,275,328,328,155,175,186,186,199,199,199,199,199,199,9,34,34],"floor_reached":57,"playtime":3895,"items_purged":["Strike_B","Strike_B+1","Strike_B+1","Strike_B+1"],"score":3050,"play_id":"89373e26-91aa-474e-9853-1dfcba06a349","local_time":"20190402111919","is_ascension_mode":true,"campfire_choices":[{"data":"Recycle","floor":6.0,"key":"SMITH"},{"data":"Skim","floor":8.0,"key":"SMITH"},{"data":"Coolheaded","floor":10.0,"key":"SMITH"},{"data":"Zap","floor":15.0,"key":"SMITH"},{"data":"Dualcast","floor":23.0,"key":"SMITH"},{"data":"Turbo","floor":27.0,"key":"SMITH"},{"data":"Biased Cognition","floor":29.0,"key":"SMITH"},{"data":"Buffer","floor":32.0,"key":"SMITH"},{"data":"Coolheaded","floor":40.0,"key":"SMITH"},{"data":"Turbo","floor":47.0,"key":"SMITH"},{"floor":49.0,"key":"RECALL"},{"data":"Hologram","floor":53,"key":"SMITH"}],"neow_cost":"NONE","seed_source_timestamp":12214723026308,"circlet_count":0,"master_deck":["AscendersBane","Defend_B+1","Defend_B+1","Defend_B+1","Defend_B+1","Zap+1","Dualcast+1","Coolheaded+1","Recycle+1","Skim+1","All For One+1","Streamline+1","Self Repair+1","Buffer+1","Biased Cognition+1","Reinforced Body+1","Turbo+1","Cold Snap+1","Ghostly+1","Ghostly+1","Ghostly+1","Redo+1","Biased Cognition+1","Skim+1","Heatsinks+1","Capacitor+1","Defragment+1","Coolheaded+1","Buffer+1","Turbo+1","Hologram+1"],"special_seed":0,"relics":["Cracked Core","NeowsBlessing","Membership Card","Bloody Idol","Meat on the Bone","DataDisk","Runic Pyramid","Centennial Puzzle","Frozen Egg 2","Calipers","Tiny House","Mark of the Bloom","Lee\u0027s Waffle","Omamori","Dodecahedron","Strange Spoon","Cables"],"potions_floor_usage":[56,56],"damage_taken":[{"damage":0.0,"enemies":"Small Slimes","floor":1.0,"turns":1.0},{"damage":0.0,"enemies":"Jaw Worm","floor":4.0,"turns":1.0},{"damage":0.0,"enemies":"3 Sentries","floor":11.0,"turns":1.0},{"damage":0.0,"enemies":"Cultist","floor":12.0,"turns":4.0},{"damage":13.0,"enemies":"3 Louse","floor":13.0,"turns":4.0},{"damage":17.0,"enemies":"Exordium Thugs","floor":14.0,"turns":5.0},{"damage":41.0,"enemies":"The Guardian","floor":16.0,"turns":9.0},{"damage":13.0,"enemies":"3 Byrds","floor":18.0,"turns":5.0},{"damage":16.0,"enemies":"Spheric Guardian","floor":22.0,"turns":4.0},{"damage":11.0,"enemies":"Snecko","floor":24.0,"turns":6.0},{"damage":38.0,"enemies":"Chosen and Byrds","floor":25.0,"turns":7.0},{"damage":1.0,"enemies":"3 Cultists","floor":30.0,"turns":5.0},{"damage":7.0,"enemies":"Book of Stabbing","floor":31.0,"turns":6.0},{"damage":0.0,"enemies":"Collector","floor":33.0,"turns":15.0},{"damage":0.0,"enemies":"3 Shapes","floor":35.0,"turns":4.0},{"damage":0.0,"enemies":"3 Darklings","floor":37.0,"turns":5.0},{"damage":3.0,"enemies":"Nemesis","floor":41.0,"turns":9.0},{"damage":0.0,"enemies":"4 Shapes","floor":45.0,"turns":5.0},{"damage":0.0,"enemies":"Spire Growth","floor":46.0,"turns":5.0},{"damage":9.0,"enemies":"Sphere and 2 Shapes","floor":48.0,"turns":4.0},{"damage":0.0,"enemies":"Donu and Deca","floor":50.0,"turns":10.0},{"damage":0,"enemies":"Awakened One","floor":51,"turns":13},{"damage":0,"enemies":"Shield and Spear","floor":55,"turns":12},{"damage":16,"enemies":"The Heart","floor":56,"turns":9}],"seed_played":"1388593150745201406","potions_obtained":[{"floor":4.0,"key":"LiquidBronze"},{"floor":11.0,"key":"FocusPotion"},{"floor":16.0,"key":"Ancient Potion"}],"is_trial":false,"path_per_floor":["M","?","$","M","?","R","?","R","T","R","E","M","M","M","R","B",null,"M","?","?","$","M","R","M","M","T","R","?","R","M","E","R","B",null,"M","?","M","$","?","R","E","T","T","$","M","M","R","M","R","B","B",null,"R","$","E","B",null],"character_chosen":"DEFECT","items_purchased":["Membership Card","Recycle","Centennial Puzzle","Lee\u0027s Waffle","Defragment+1","Coolheaded","Buffer+1","Turbo","Strange Spoon"],"campfire_rested":0,"item_purchase_floors":[3,3,21,38,38,38,44,44,54],"current_hp_per_floor":[64,64,64,64,64,64,55,55,55,55,55,55,42,44,44,22,54,48,48,48,48,56,56,57,43,43,43,32,32,32,32,32,32,37,37,37,37,37,37,37,34,34,34,34,34,34,34,25,25,25,25,25,25,25,25,9],"gold":34,"neow_bonus":"THREE_ENEMY_KILL","is_prod":false,"is_daily":false,"chose_seed":false,"campfire_upgraded":11,"win_rate":0,"timestamp":1554175159,"path_taken":["M","?","$","M","?","R","?","R","T","R","E","M","?","M","R","BOSS","M","?","?","$","M","R","M","M","T","R","?","R","M","E","R","BOSS","M","?","M","$","?","R","E","?","T","$","?","M","R","M","R","BOSS","BOSS","R","$","E","BOSS"],"build_version":"2019-01-23","purchased_purges":4,"victory":true,"max_hp_per_floor":[71,71,71,71,64,64,64,64,64,64,64,64,64,64,64,64,64,64,64,64,64,64,64,64,64,64,64,32,32,32,32,32,32,37,37,37,37,44,44,44,44,44,44,44,44,44,44,44,44,44,44,44,44,44,44,44],"card_choices":[{"not_picked":["Steam","Turbo"],"picked":"Coolheaded","floor":1.0},{"not_picked":["Turbo","Hologram"],"picked":"Skim","floor":4.0},{"not_picked":["Turbo","Cold Snap"],"picked":"All For One","floor":11.0},{"not_picked":["Cold Snap","Doom and Gloom"],"picked":"Streamline","floor":12.0},{"not_picked":["Leap","Cold Snap"],"picked":"Self Repair","floor":13.0},{"not_picked":["Gash","Steam Power"],"picked":"Buffer","floor":14.0},{"not_picked":["Machine Learning","Core Surge"],"picked":"Biased Cognition","floor":16.0},{"not_picked":["Rip and Tear","Go for the Eyes"],"picked":"Reinforced Body","floor":18.0},{"not_picked":["Compile Driver","Rip and Tear+1","Stack"],"picked":"SKIP","floor":22.0},{"not_picked":["Hologram","Ball Lightning"],"picked":"Turbo","floor":24.0},{"not_picked":["Redo","Blizzard","Cold Snap"],"picked":"SKIP","floor":25.0},{"not_picked":["Redo","Blizzard"],"picked":"Cold Snap","floor":25.0},{"not_picked":["Tempest","Ball Lightning","Lockon"],"picked":"SKIP","floor":30.0},{"not_picked":["Machine Learning+1","Ball Lightning"],"picked":"Redo+1","floor":31.0},{"not_picked":["Echo Form+1","Electrodynamics+1"],"picked":"Biased Cognition+1","floor":33.0},{"not_picked":["Hologram","Ball Lightning"],"picked":"Skim","floor":34.0},{"not_picked":["Hologram","Rebound"],"picked":"Heatsinks+1","floor":35.0},{"not_picked":["Steam+1","Self Repair+1"],"picked":"Capacitor+1","floor":37.0},{"not_picked":["Sweeping Beam+1","Beam Cell","Conserve Battery+1"],"picked":"SKIP","floor":41.0},{"not_picked":["Force Field","Sweeping Beam","Steam"],"picked":"SKIP","floor":45.0},{"not_picked":["Reprogram","Sweeping Beam","Steam"],"picked":"SKIP","floor":46.0},{"not_picked":["Hello World+1","Rebound+1"],"picked":"Hologram","floor":48.0},{"not_picked":["Consume","Cold Snap","Redo"],"picked":"SKIP","floor":55}],"player_experience":4008738,"relics_obtained":[{"floor":9.0,"key":"Meat on the Bone"},{"floor":11.0,"key":"DataDisk"},{"floor":26.0,"key":"Frozen Egg 2"},{"floor":31.0,"key":"Calipers"},{"floor":41.0,"key":"Omamori"},{"floor":43.0,"key":"Dodecahedron"},{"floor":55,"key":"Cables"}],"event_choices":[{"damage_healed":0.0,"max_hp_gain":0.0,"max_hp_loss":0.0,"gold_gain":150.0,"event_name":"Liars Game","player_choice":"AGREE","floor":2.0,"gold_loss":0.0,"damage_taken":0.0,"cards_obtained":["Doubt"]},{"damage_healed":0.0,"max_hp_gain":0.0,"max_hp_loss":7.0,"gold_gain":0.0,"event_name":"Golden Idol","player_choice":"Lose Max HP","floor":5.0,"gold_loss":0.0,"damage_taken":0.0,"relics_obtained":["Golden Idol"]},{"damage_healed":0.0,"max_hp_gain":0.0,"max_hp_loss":0.0,"gold_gain":0.0,"event_name":"Wheel of Change","player_choice":"Damaged","floor":7.0,"gold_loss":0.0,"damage_taken":9.0},{"damage_healed":0.0,"max_hp_gain":0.0,"max_hp_loss":0.0,"gold_gain":0.0,"event_name":"Forgotten Altar","player_choice":"Gave Idol","floor":19.0,"relics_lost":["Golden Idol"],"gold_loss":0.0,"damage_taken":0.0,"relics_obtained":["Bloody Idol"]},{"cards_removed":["Doubt"],"damage_healed":0.0,"max_hp_gain":0.0,"max_hp_loss":0.0,"gold_gain":0.0,"event_name":"Back to Basics","player_choice":"Elegance","floor":20.0,"gold_loss":0.0,"damage_taken":0.0},{"damage_healed":0.0,"max_hp_gain":0.0,"max_hp_loss":32.0,"gold_gain":0.0,"event_name":"Ghosts","player_choice":"Became a Ghost","floor":28.0,"gold_loss":0.0,"damage_taken":0.0,"cards_obtained":["Ghostly","Ghostly","Ghostly"]},{"damage_healed":0.0,"max_hp_gain":0.0,"max_hp_loss":0.0,"gold_gain":0.0,"event_name":"MindBloom","player_choice":"Upgrade","floor":36.0,"gold_loss":0.0,"damage_taken":0.0,"cards_upgraded":["Strike_B","Strike_B","Strike_B","Defend_B","Defend_B","Defend_B","All For One","Streamline","Self Repair","Reinforced Body","Cold Snap","Ghostly","Ghostly","Ghostly","Skim"],"relics_obtained":["Mark of the Bloom"]},{"damage_healed":0.0,"max_hp_gain":0.0,"max_hp_loss":0.0,"gold_gain":0.0,"event_name":"Tomb of Lord Red Mask","player_choice":"Ignored","floor":39.0,"gold_loss":0.0,"damage_taken":0.0}],"is_beta":false,"boss_relics":[{"not_picked":["Inserter","Snecko Eye"],"picked":"Runic Pyramid"},{"not_picked":["White Beast Statue","Velvet Choker"],"picked":"Tiny House"}],"items_purged_floors":[21,38,44,54],"is_endless":false,"potions_floor_spawned":[4,11,16,24,30,33,37,45,55],"ascension_level":20}