{"gold_per_floor":[109,109,384,402,402,402,437,18,69,85,85,98,98,123,123,201,201,216,266,266,244,255,255,268,268,268,333,333,45,45,45,45,122,122,136,149,99,118,172,201,201,226,226,226,226,251,153,167,167,167,167,167,167,16,41,41],"floor_reached":57,"playtime":3596,"items_purged":["Regret","Strike_G","Strike_G","Strike_G","Defend_G"],"score":3328,"play_id":"76fe4195-1261-4d06-abcc-4f06c294ea42","local_time":"20190213221126","is_ascension_mode":true,"campfire_choices":[{"data":"Neutralize","floor":6.0,"key":"SMITH"},{"data":"Noxious Fumes","floor":11.0,"key":"SMITH"},{"data":"Caltrops","floor":13.0,"key":"SMITH"},{"data":"Caltrops","floor":15.0,"key":"SMITH"},{"data":"Reflex","floor":23.0,"key":"SMITH"},{"data":"Calculated Gamble","floor":25.0,"key":"SMITH"},{"data":"Tactician","floor":28.0,"key":"SMITH"},{"floor":30.0,"key":"REST"},{"data":"Malaise","floor":32.0,"key":"SMITH"},{"data":"Burst","floor":41.0,"key":"SMITH"},{"floor":44,"key":"RECALL"},{"data":"Calculated Gamble","floor":49,"key":"SMITH"},{"data":"Madness","floor":53,"key":"SMITH"}],"neow_cost":"NONE","seed_source_timestamp":47381387913949,"circlet_count":0,"master_deck":["AscendersBane","Defend_G","Defend_G","Defend_G+1","Defend_G","Survivor","Neutralize+1","Caltrops+1","Cloak And Dagger","Caltrops+1","Noxious Fumes+1","Adrenaline","Leg Sweep+1","Malaise+1","Reflex+1","Calculated Gamble+1","Tactician+1","Burst+1","Backflip","Expertise+1","Madness+1","Calculated Gamble+1","Acrobatics"],"special_seed":0,"relics":["Ring of the Snake","NeowsBlessing","Blood Vial","Mummified Hand","Membership Card","Question Card","Smiling Mask","Strawberry","Runic Pyramid","Tingsha","Tiny Chest","War Paint","Lantern","Runic Dome","Prayer Wheel","Letter Opener","Boot","Blue Candle","StoneCalendar","Bag of Preparation","Happy Flower"],"potions_floor_usage":[42,56],"damage_taken":[{"damage":0.0,"enemies":"Small Slimes","floor":1.0,"turns":1.0},{"damage":0.0,"enemies":"Jaw Worm","floor":4.0,"turns":1.0},{"damage":0.0,"enemies":"Lagavulin","floor":7.0,"turns":1.0},{"damage":0.0,"enemies":"Cultist","floor":10.0,"turns":5.0},{"damage":7.0,"enemies":"Exordium Wildlife","floor":12.0,"turns":4.0},{"damage":38.0,"enemies":"Gremlin Nob","floor":14.0,"turns":5.0},{"damage":1.0,"enemies":"Hexaghost","floor":16.0,"turns":8.0},{"damage":2.0,"enemies":"Spheric Guardian","floor":18.0,"turns":6.0},{"damage":23.0,"enemies":"Colosseum Slavers","floor":20.0,"turns":5.0},{"damage":0.0,"enemies":"2 Thieves","floor":21.0,"turns":4.0},{"damage":26.0,"enemies":"Sentry and Sphere","floor":22.0,"turns":6.0},{"damage":0.0,"enemies":"Chosen and Byrds","floor":24.0,"turns":7.0},{"damage":33.0,"enemies":"Slavers","floor":27.0,"turns":5.0},{"damage":0.0,"enemies":"Automaton","floor":33.0,"turns":12.0},{"damage":0.0,"enemies":"Orb Walker","floor":35.0,"turns":3.0},{"damage":0.0,"enemies":"3 Darklings","floor":36.0,"turns":4.0},{"damage":0.0,"enemies":"Spire Growth","floor":38.0,"turns":5.0},{"damage":20.0,"enemies":"2 Orb Walkers","floor":39.0,"turns":4.0},{"damage":0.0,"enemies":"Giant Head","floor":40.0,"turns":6.0},{"damage":11,"enemies":"Nemesis","floor":42,"turns":9},{"damage":0,"enemies":"Giant Head","floor":46,"turns":6},{"damage":0,"enemies":"Sphere and 2 Shapes","floor":48,"turns":3},{"damage":0,"enemies":"Donu and Deca","floor":50,"turns":2},{"damage":0,"enemies":"Awakened One","floor":51,"turns":4},{"damage":0,"enemies":"Shield and Spear","floor":55,"turns":1},{"damage":45,"enemies":"The Heart","floor":56,"turns":6}],"seed_played":"-7710295726394371135","potions_obtained":[{"floor":7.0,"key":"Regen Potion"},{"floor":10.0,"key":"Ancient Potion"},{"floor":16.0,"key":"Dexterity Potion"},{"floor":22.0,"key":"FairyPotion"},{"floor":33.0,"key":"Ancient Potion"},{"floor":46,"key":"SteroidPotion"}],"is_trial":false,"path_per_floor":["M","?","?","M","?","R","E","$","T","M","R","M","R","E","R","B",null,"M","?","?","M","M","R","M","R","T","E","R","$","R","?","R","B",null,"M","M","$","M","?","E","R","E","T","R","T","E","$","M","R","B","B",null,"R","$","E","B",null],"character_chosen":"THE_SILENT","items_purchased":["Membership Card","Question Card","Caltrops","War Paint","Lantern","Regen Potion","SkillPotion","Madness","Acrobatics","Bag of Preparation"],"campfire_rested":1,"item_purchase_floors":[8,8,8,29,29,29,29,47,54,54],"current_hp_per_floor":[59,52,52,52,41,41,43,43,43,45,45,52,52,23,23,24,61,61,61,40,42,18,18,20,20,20,1,1,1,22,22,22,24,61,63,65,65,67,49,51,51,57,57,57,57,59,59,61,61,63,65,71,71,71,73,28],"gold":41,"neow_bonus":"THREE_ENEMY_KILL","is_prod":false,"is_daily":false,"chose_seed":false,"campfire_upgraded":11,"win_rate":0,"timestamp":1550067086,"path_taken":["M","?","?","?","?","R","E","$","T","M","R","M","R","E","R","BOSS","M","?","?","M","M","R","M","R","T","E","R","$","R","?","R","BOSS","M","?","$","M","?","E","R","E","T","R","?","E","$","M","R","BOSS","BOSS","R","$","E","BOSS"],"build_version":"2019-01-23","purchased_purges":5,"victory":true,"max_hp_per_floor":[66,66,66,66,66,66,66,66,66,66,66,66,66,73,73,73,73,73,73,73,73,73,73,73,73,73,73,73,73,73,73,73,73,73,73,73,73,73,73,73,73,73,73,73,73,73,73,73,73,73,73,73,73,73,73,73],"card_choices":[{"not_picked":["Flying Knee","Dagger Spray"],"picked":"Caltrops","floor":1.0},{"not_picked":["Deflect","Outmaneuver","Acrobatics"],"picked":"SKIP","floor":4.0},{"not_picked":["Flechettes","Sucker Punch"],"picked":"Cloak And Dagger","floor":7.0},{"not_picked":["Quick Slash","Dodge and Roll","Blade Dance"],"picked":"Noxious Fumes","floor":10.0},{"not_picked":["Endless Agony","Poisoned Stab","Prepared"],"picked":"Adrenaline","floor":12.0},{"not_picked":["Cloak And Dagger","Endless Agony","Dodge and Roll"],"picked":"Leg Sweep","floor":14.0},{"not_picked":["Night Terror","Unload","Phantasmal Killer"],"picked":"Malaise","floor":16.0},{"not_picked":["Flying Knee","Prepared","All Out Attack","Cloak And Dagger"],"picked":"SKIP","floor":18.0},{"not_picked":["Riddle With Holes","Underhanded Strike","Eviscerate","Endless Agony"],"picked":"SKIP","floor":21.0},{"not_picked":["Riddle With Holes","Expertise","Dodge and Roll"],"picked":"Reflex","floor":22.0},{"not_picked":["Heel Hook","Tactician","Sucker Punch"],"picked":"Calculated Gamble","floor":24.0},{"not_picked":["Setup","Leg Sweep","Deadly Poison"],"picked":"Tactician","floor":27.0},{"not_picked":["Malaise","Bullet Time","Doppelganger"],"picked":"Burst","floor":33.0},{"not_picked":["Noxious Fumes","Terror","Riddle With Holes"],"picked":"Backflip","floor":35.0},{"not_picked":["Riddle With Holes+1","Eviscerate","Bane","Terror"],"picked":"SKIP","floor":36.0},{"not_picked":["Caltrops+1","Terror","Dagger Throw+1","Prepared"],"picked":"SKIP","floor":38.0},{"not_picked":["Deadly Poison","Accuracy","Finisher","Underhanded Strike"],"picked":"SKIP","floor":40.0},{"not_picked":["Storm of Steel","Setup+1","Flechettes","Eviscerate"],"picked":"SKIP","floor":42},{"not_picked":["Distraction","Sucker Punch+1","Quick Slash+1"],"picked":"Expertise+1","floor":46},{"not_picked":["Dodge and Roll","Prepared","Endless Agony"],"picked":"Calculated Gamble","floor":48},{"not_picked":["Dagger Throw+1","Poisoned Stab","Skewer+1","Outmaneuver+1"],"picked":"SKIP","floor":48},{"not_picked":["All Out Attack","Leg Sweep+1","Well Laid Plans+1","Sucker Punch+1"],"picked":"SKIP","floor":55}],"player_experience":2699151,"relics_obtained":[{"floor":7.0,"key":"Mummified Hand"},{"floor":9.0,"key":"Smiling Mask"},{"floor":14.0,"key":"Strawberry"},{"floor":26.0,"key":"Tingsha"},{"floor":27.0,"key":"Tiny Chest"},{"floor":39.0,"key":"Prayer Wheel"},{"floor":40.0,"key":"Letter Opener"},{"floor":42,"key":"Boot"},{"floor":45,"key":"Blue Candle"},{"floor":46,"key":"StoneCalendar"},{"floor":55,"key":"Happy Flower"}],"event_choices":[{"cards_removed":["Strike_G"],"damage_healed":0.0,"max_hp_gain":0.0,"max_hp_loss":0.0,"gold_gain":0.0,"event_name":"Golden Wing","player_choice":"Card Removal","floor":2.0,"gold_loss":0.0,"damage_taken":7.0},{"damage_healed":0.0,"max_hp_gain":0.0,"max_hp_loss":0.0,"gold_gain":275.0,"event_name":"Golden Shrine","player_choice":"Desecrate","floor":3.0,"gold_loss":0.0,"damage_taken":0.0,"cards_obtained":["Regret"]},{"damage_healed":0.0,"max_hp_gain":0.0,"max_hp_loss":0.0,"gold_gain":0.0,"event_name":"Scrap Ooze","player_choice":"Success","floor":5.0,"gold_loss":0.0,"damage_taken":11.0,"relics_obtained":["Blood Vial"]},{"damage_healed":0.0,"max_hp_gain":0.0,"max_hp_loss":0.0,"gold_gain":50.0,"event_name":"Nest","player_choice":"Stole From Cult","floor":19.0,"gold_loss":0.0,"damage_taken":0.0},{"damage_healed":0.0,"max_hp_gain":0.0,"max_hp_loss":0.0,"gold_gain":0.0,"event_name":"Colosseum","player_choice":"Fight","floor":20.0,"gold_loss":0.0,"damage_taken":0.0},{"damage_healed":0.0,"max_hp_gain":0.0,"max_hp_loss":0.0,"gold_gain":0.0,"event_name":"Colosseum","player_choice":"Fled From Nobs","floor":20.0,"gold_loss":0.0,"damage_taken":0.0},{"cards_removed":["Strike_G"],"damage_healed":0.0,"max_hp_gain":0.0,"max_hp_loss":0.0,"gold_gain":0.0,"event_name":"Purifier","player_choice":"Purged","floor":31.0,"gold_loss":0.0,"damage_taken":0.0},{"damage_healed":0.0,"max_hp_gain":0.0,"max_hp_loss":0.0,"gold_gain":0.0,"event_name":"Mysterious Sphere","player_choice":"Fight","floor":39.0,"gold_loss":0.0,"damage_taken":0.0}],"is_beta":false,"boss_relics":[{"not_picked":["Ectoplasm","Philosopher\u0027s Stone"],"picked":"Runic Pyramid"},{"not_picked":["Sozu","Coffee Dripper"],"picked":"Runic Dome"}],"items_purged_floors":[8,29,37,47,54],"is_endless":false,"potions_floor_spawned":[7,10,16,22,24,33,38,40,46],"ascension_level":20}