{"gold_per_floor":[119,119,119,44,62,391,391,402,402,416,416],"floor_reached":11,"playtime":192,"items_purged":[],"score":196,"play_id":"3d4b4f37-679f-4c7c-a24c-f1f9f1d8da97","local_time":"20181120191236","is_ascension_mode":true,"campfire_choices":[{"data":"Calculated Gamble","floor":7,"key":"SMITH"}],"neow_cost":"NONE","seed_source_timestamp":1655040619018,"circlet_count":0,"master_deck":["AscendersBane","Defend_G","Defend_G","Defend_G","Defend_G","Defend_G","Strike_G","Strike_G","Strike_G","Survivor","Neutralize","Calculated Gamble+1","Eviscerate","Acrobatics"],"relics":["Ring of the Snake","NeowsBlessing","Peace Pipe","Old Coin","Singing Bowl"],"potions_floor_usage":[11,11],"damage_taken":[{"damage":0,"enemies":"Small Slimes","floor":1,"turns":1},{"damage":0,"enemies":"Jaw Worm","floor":5,"turns":1},{"damage":0,"enemies":"Gremlin Nob","floor":6,"turns":1},{"damage":3,"enemies":"Cultist","floor":8,"turns":5},{"damage":2,"enemies":"Red Slaver","floor":10,"turns":2},{"damage":37,"enemies":"Lagavulin","floor":11,"turns":8}],"seed_played":"7236190612600661109","potions_obtained":[{"floor":1,"key":"AttackPotion"},{"floor":6,"key":"GamblersBrew"}],"is_trial":false,"path_per_floor":["M","?","?","?","M","E","R","M","T","M","E"],"character_chosen":"THE_SILENT","items_purchased":[],"campfire_rested":0,"item_purchase_floors":[],"current_hp_per_floor":[59,52,41,41,41,41,41,38,38,36,0],"gold":416,"neow_bonus":"THREE_ENEMY_KILL","is_prod":false,"is_daily":false,"chose_seed":false,"campfire_upgraded":1,"win_rate":0,"timestamp":1542712356,"path_taken":["M","?","?","?","M","E","R","M","T","M","E"],"build_version":"2018-11-15","purchased_purges":0,"victory":false,"max_hp_per_floor":[66,66,66,66,66,66,66,66,66,66,66],"card_choices":[{"not_picked":["Quick Slash","Accuracy"],"picked":"Calculated Gamble","floor":1},{"not_picked":["Riddle With Holes","Setup","Crippling Poison"],"picked":"SKIP","floor":5},{"not_picked":["Flying Knee","Deflect","Cloak And Dagger"],"picked":"SKIP","floor":6},{"not_picked":["Leg Sweep","Distraction"],"picked":"Eviscerate","floor":8},{"not_picked":["Predator","PiercingWail"],"picked":"Acrobatics","floor":10}],"player_experience":1119297,"relics_obtained":[{"floor":6,"key":"Old Coin"},{"floor":9,"key":"Singing Bowl"}],"event_choices":[{"cards_removed":["Strike_G"],"damage_healed":0,"gold_gain":0,"player_choice":"Card Removal","damage_taken":7,"max_hp_gain":0,"max_hp_loss":0,"event_name":"Golden Wing","floor":2,"gold_loss":0},{"damage_healed":0,"gold_gain":0,"player_choice":"Success","damage_taken":11,"relics_obtained":["Peace Pipe"],"max_hp_gain":0,"max_hp_loss":0,"event_name":"Scrap Ooze","floor":3,"gold_loss":0},{"cards_removed":["Strike_G"],"damage_healed":0,"gold_gain":0,"player_choice":"Card Removal","damage_taken":0,"max_hp_gain":0,"max_hp_loss":0,"event_name":"The Cleric","floor":4,"gold_loss":75}],"is_beta":true,"boss_relics":[],"items_purged_floors":[],"is_endless":false,"potions_floor_spawned":[1,6,10],"killed_by":"Lagavulin","ascension_level":20}