{"gold_per_floor":[217,142,142,25,25,25,40,40,63,88,108,124,15,33,33,111,111,126,144,44,64,604,604,618,629,629,43,43,61,61,61,61,132,132,145,101,113,133,133,133,133,166,218,218,231,231,261,280,280,280,280,280,280,18,51,51],"floor_reached":57,"playtime":3572,"items_purged":["Strike_B","Strike_B","Strike_B"],"score":2924,"play_id":"bb7d09b9-073d-4ec4-9665-086472dde22a","local_time":"20190509181501","is_ascension_mode":true,"campfire_choices":[{"data":"Zap","floor":6.0,"key":"SMITH"},{"data":"Redo","floor":8.0,"key":"SMITH"},{"data":"Loop","floor":15.0,"key":"SMITH"},{"floor":23.0,"key":"REST"},{"data":"Discovery","floor":30.0,"key":"SMITH"},{"data":"Coolheaded","floor":32.0,"key":"SMITH"},{"data":"Heatsinks","floor":40.0,"key":"SMITH"},{"data":"Hologram","floor":44.0,"key":"SMITH"},{"data":"Fission","floor":46.0,"key":"SMITH"},{"floor":49.0,"key":"RECALL"},{"data":"Blizzard","floor":53.0,"key":"SMITH"}],"neow_cost":"NONE","seed_source_timestamp":1578243170020,"circlet_count":0,"master_deck":["AscendersBane","Defend_B","Defend_B","Defend_B+1","Zap+1","Dualcast+1","Chill","Consume+1","Redo+1","Self Repair","Hologram+1","Ball Lightning","Loop+1","Cold Snap","Fission+1","Coolheaded+1","Loop+1","Blizzard+1","Chaos+1","Defragment","Discovery+1","Core Surge","Heatsinks+1","Recycle+1","Recycle+1","Chaos+1","Double Energy+1","Redo+1","Amplify+1","Heatsinks+1","Coolheaded+1"],"special_seed":0,"relics":["Cracked Core","Bag of Preparation","Unceasing Top","Runic Dome","Gremlin Horn","Pantograph","Calling Bell","Omamori","Toxic Egg 2","Torii","Letter Opener","Meat on the Bone","Sundial","Incense Burner"],"potions_floor_usage":[55],"damage_taken":[{"damage":3.0,"enemies":"2 Louse","floor":1.0,"turns":4.0},{"damage":0.0,"enemies":"Cultist","floor":7.0,"turns":3.0},{"damage":27.0,"enemies":"3 Sentries","floor":10.0,"turns":9.0},{"damage":2.0,"enemies":"Jaw Worm","floor":11.0,"turns":3.0},{"damage":0.0,"enemies":"Blue Slaver","floor":12.0,"turns":3.0},{"damage":0.0,"enemies":"Gremlin Gang","floor":14.0,"turns":3.0},{"damage":0.0,"enemies":"The Guardian","floor":16.0,"turns":9.0},{"damage":4.0,"enemies":"3 Byrds","floor":18.0,"turns":4.0},{"damage":20.0,"enemies":"Spheric Guardian","floor":19.0,"turns":4.0},{"damage":5.0,"enemies":"Shelled Parasite and Fungi","floor":21.0,"turns":7.0},{"damage":9.0,"enemies":"Centurion and Healer","floor":24.0,"turns":8.0},{"damage":0.0,"enemies":"Snecko","floor":25.0,"turns":8.0},{"damage":0.0,"enemies":"Snake Plant","floor":29.0,"turns":4.0},{"damage":0.0,"enemies":"Automaton","floor":33.0,"turns":10.0},{"damage":8.0,"enemies":"Orb Walker","floor":35.0,"turns":3.0},{"damage":19.0,"enemies":"3 Shapes","floor":37.0,"turns":6.0},{"damage":2.0,"enemies":"Writhing Mass","floor":38.0,"turns":6.0},{"damage":35.0,"enemies":"Nemesis","floor":42.0,"turns":7.0},{"damage":0.0,"enemies":"Spire Growth","floor":45.0,"turns":3.0},{"damage":0.0,"enemies":"Giant Head","floor":47.0,"turns":12.0},{"damage":1.0,"enemies":"Sphere and 2 Shapes","floor":48.0,"turns":4.0},{"damage":44.0,"enemies":"Time Eater","floor":50.0,"turns":11.0},{"damage":28.0,"enemies":"Awakened One","floor":51.0,"turns":12.0},{"damage":58,"enemies":"Shield and Spear","floor":55,"turns":4},{"damage":19,"enemies":"The Heart","floor":56,"turns":13}],"seed_played":"-4966343966171829729","potions_obtained":[{"floor":1.0,"key":"Ancient Potion"},{"floor":10.0,"key":"Dexterity Potion"},{"floor":19.0,"key":"SpeedPotion"},{"floor":24.0,"key":"EssenceOfSteel"},{"floor":37.0,"key":"EssenceOfSteel"},{"floor":47.0,"key":"Weak Potion"}],"is_trial":false,"path_per_floor":["M","?","?","$","?","R","M","R","T","E","M","M","$","M","R","B",null,"M","M","$","M","?","R","M","M","T","$","?","M","R","?","R","B",null,"M","$","M","M","?","R","?","E","T","R","M","R","E","M","R","B","B",null,"R","$","E","B",null],"character_chosen":"DEFECT","items_purchased":["Consume","Loop","Cold Snap","Defragment","Discovery","Pantograph","Recycle+1","Sundial"],"campfire_rested":1,"item_purchase_floors":[4,13,13,27,27,27,36,54],"current_hp_per_floor":[61,61,40,40,40,40,40,40,40,13,18,25,25,32,32,39,63,66,53,53,55,6,27,25,32,32,32,12,19,19,15,15,47,69,68,68,56,61,61,61,61,33,33,33,40,40,47,53,53,47,44,65,65,65,26,44],"gold":51,"neow_bonus":"HUNDRED_GOLD","is_prod":false,"is_daily":false,"chose_seed":false,"campfire_upgraded":9,"win_rate":0,"timestamp":1557396901,"path_taken":["M","?","?","$","?","R","M","R","T","E","M","M","$","M","R","BOSS","M","M","?","?","?","R","?","M","T","$","?","M","R","?","R","BOSS","M","$","?","M","?","R","?","E","T","R","?","R","E","M","R","BOSS","BOSS","R","$","E","BOSS"],"build_version":"2019-01-23","purchased_purges":3,"victory":true,"max_hp_per_floor":[71,71,71,71,71,71,71,71,71,71,71,71,71,71,71,71,71,71,71,71,71,71,71,71,71,71,71,76,76,76,76,76,76,76,76,76,76,76,72,72,72,72,72,72,72,72,72,72,72,72,72,72,72,72,72,72],"card_choices":[{"not_picked":["Fusion","Leap"],"picked":"Chill","floor":1.0},{"not_picked":["Streamline","Go for the Eyes"],"picked":"Redo","floor":7.0},{"not_picked":["Melter","Genetic Algorithm"],"picked":"Self Repair","floor":10.0},{"not_picked":["Turbo","Gash"],"picked":"Hologram","floor":11.0},{"not_picked":["Compile Driver","Stack"],"picked":"Ball Lightning","floor":12.0},{"not_picked":["Consume","Meteor Strike","Hologram"],"picked":"SKIP","floor":14.0},{"not_picked":["Seek","Rainbow"],"picked":"Fission","floor":16.0},{"not_picked":["Gash","Rebound","Ball Lightning"],"picked":"SKIP","floor":18.0},{"not_picked":["Self Repair","Ball Lightning"],"picked":"Coolheaded","floor":19.0},{"not_picked":["Sweeping Beam","Compile Driver"],"picked":"Loop+1","floor":21.0},{"not_picked":["Hello World","Conserve Battery"],"picked":"Blizzard","floor":24.0},{"not_picked":["Thunder Strike","Gash"],"picked":"Chaos+1","floor":25.0},{"not_picked":["Sweeping Beam","Static Discharge","Melter"],"picked":"SKIP","floor":29.0},{"not_picked":["All For One","Reboot"],"picked":"Core Surge","floor":33.0},{"not_picked":["Turbo+1","Leap+1"],"picked":"Heatsinks","floor":35.0},{"not_picked":["Sweeping Beam+1","Leap+1"],"picked":"Recycle+1","floor":37.0},{"not_picked":["Ball Lightning","Sweeping Beam"],"picked":"Chaos+1","floor":38.0},{"not_picked":["Stack+1","Sweeping Beam"],"picked":"Double Energy+1","floor":42.0},{"not_picked":["Barrage","Ball Lightning+1"],"picked":"Redo+1","floor":45.0},{"not_picked":["Compile Driver","Coolheaded+1"],"picked":"Amplify+1","floor":47.0},{"not_picked":["Gash","Hologram+1"],"picked":"Heatsinks+1","floor":48.0},{"not_picked":["Redo+1","Rainbow+1"],"picked":"Coolheaded+1","floor":55}],"player_experience":4663889,"relics_obtained":[{"floor":9.0,"key":"Bag of Preparation"},{"floor":10.0,"key":"Unceasing Top"},{"floor":26.0,"key":"Gremlin Horn"},{"floor":34.0,"key":"Omamori"},{"floor":34.0,"key":"Toxic Egg 2"},{"floor":34.0,"key":"Torii"},{"floor":42.0,"key":"Letter Opener"},{"floor":47.0,"key":"Meat on the Bone"},{"floor":55,"key":"Incense Burner"}],"event_choices":[{"cards_removed":["Defend_B"],"damage_healed":0.0,"max_hp_gain":0.0,"max_hp_loss":0.0,"gold_gain":0.0,"event_name":"The Cleric","player_choice":"Card Removal","floor":2.0,"gold_loss":75.0,"damage_taken":0.0},{"damage_healed":0.0,"max_hp_gain":0.0,"max_hp_loss":0.0,"gold_gain":0.0,"event_name":"Shining Light","player_choice":"Entered Light","floor":3.0,"gold_loss":0.0,"damage_taken":21.0,"cards_upgraded":["Defend_B","Dualcast"]},{"damage_healed":0.0,"max_hp_gain":0.0,"max_hp_loss":0.0,"gold_gain":0.0,"event_name":"Upgrade Shrine","player_choice":"Upgraded","floor":5.0,"gold_loss":0.0,"damage_taken":0.0,"cards_upgraded":["Consume"]},{"damage_healed":0.0,"max_hp_gain":0.0,"max_hp_loss":0.0,"gold_gain":540.0,"event_name":"Knowing Skull","player_choice":"GOLD GOLD GOLD GOLD GOLD GOLD ","floor":22.0,"potions_obtained":[],"gold_loss":0.0,"damage_taken":49.0,"cards_obtained":[]},{"damage_healed":0.0,"max_hp_gain":5.0,"max_hp_loss":0.0,"gold_gain":0.0,"event_name":"Forgotten Altar","player_choice":"Shed Blood","floor":28.0,"gold_loss":0.0,"damage_taken":25.0},{"damage_healed":0.0,"max_hp_gain":0.0,"max_hp_loss":0.0,"gold_gain":0.0,"event_name":"The Woman in Blue","player_choice":"Bought 0 Potions","floor":31.0,"gold_loss":0.0,"damage_taken":0.0},{"damage_healed":0.0,"max_hp_gain":0.0,"max_hp_loss":4.0,"gold_gain":0.0,"event_name":"Winding Halls","player_choice":"Max HP","floor":39.0,"gold_loss":0.0,"damage_taken":0.0},{"cards_removed":["Strike_B"],"damage_healed":0.0,"max_hp_gain":0.0,"max_hp_loss":0.0,"gold_gain":0.0,"event_name":"Bonfire Elementals","player_choice":"Offered Basic","floor":41.0,"gold_loss":0.0,"damage_taken":0.0}],"is_beta":false,"boss_relics":[{"not_picked":["Black Star","Lizard Tail"],"picked":"Runic Dome"},{"not_picked":["Busted Crown","Sozu"],"picked":"Calling Bell"}],"items_purged_floors":[4,20,27],"is_endless":false,"potions_floor_spawned":[1,10,11,19,24,37,47],"ascension_level":20}