{"path_per_floor":["M","M","?","M","?","E","R","?","T","M","$","R","M","M","R","B",null,"M","$","?","?","M","R","M","M","T","M","M","R","?"],"character_chosen":"DEFECT","items_purchased":["Doom and Gloom"],"gold_per_floor":[17,33,33,46,46,78,78,253,308,325,250,250,265,275,275,379,379,395,223,252,252,268,268,287,304,354,367,383,383,383,383],"floor_reached":31,"campfire_rested":2,"playtime":2931,"current_hp_per_floor":[68,68,68,63,63,53,53,53,53,53,53,53,53,52,52,14,82,62,62,18,18,11,35,35,31,31,30,13,37,37,0],"items_purged":["Doubt","Strike_B"],"gold":383,"score":239,"play_id":"4e68cdb6-70d1-4e9c-8f4d-dfe2280a67b7","local_time":"20180429225452","is_prod":false,"is_daily":false,"chose_seed":false,"is_ascension_mode":false,"campfire_upgraded":3,"timestamp":1525035292,"path_taken":["M","?","?","M","?","E","R","?","T","M","?","R","?","M","R","BOSS","M","$","?","?","M","R","?","M","T","M","M","R","?","M"],"build_version":"2018-04-27v3","seed_source_timestamp":36368917262864,"purchased_purges":2,"victory":false,"master_deck":["Strike_B","Strike_B","Strike_B","Defend_B","Zap+1","Dualcast","Conserve Battery+1","Chill","Turbo+1","Beam Cell","Darkness+1","Rebound","Hello World","Streamline+1","Auto Shields","Amplify","Hello World","Doom and Gloom","Buffer","Thunder Strike","Streamline","Sunder","Writhe"],"max_hp_per_floor":[75,75,75,75,75,82,82,82,82,82,82,82,82,82,82,82,82,82,82,82,82,82,82,82,82,82,82,82,82,82,82],"relics":["Cracked Core","Strawberry","War Paint","Snecko Eye","Red Mask","Pen Nib","Molten Egg 2"],"card_choices":[{"not_picked":["Sweeping Beam","Stack"],"picked":"Turbo","floor":1},{"not_picked":["Genetic Algorithm","Skim"],"picked":"Beam Cell","floor":2},{"not_picked":["Ball Lightning","Stack"],"picked":"Darkness","floor":4},{"not_picked":["Turbo","Hologram"],"picked":"Rebound","floor":6},{"not_picked":["Cold Snap","Hyperbeam"],"picked":"Hello World","floor":10},{"not_picked":["Chill","Scrape"],"picked":"Streamline","floor":13},{"not_picked":["Undo","Impulse"],"picked":"Auto Shields","floor":14},{"not_picked":["All For One","Fusion"],"picked":"Amplify","floor":16},{"not_picked":["Streamline","Steam Power"],"picked":"Hello World","floor":18},{"not_picked":["Coolheaded","Stack"],"picked":"Buffer","floor":20},{"not_picked":["Hologram","Impulse"],"picked":"Thunder Strike","floor":25},{"not_picked":["Coolheaded","Melter"],"picked":"Streamline","floor":27},{"not_picked":["Ball Lightning","Rebound"],"picked":"Sunder","floor":28}],"player_experience":27089,"potions_floor_usage":[13,20,22,28,31],"damage_taken":[{"damage":7,"enemies":"Cultist","floor":1,"turns":4},{"damage":0,"enemies":"2 Louse","floor":2,"turns":2},{"damage":5,"enemies":"Jaw Worm","floor":4,"turns":3},{"damage":17,"enemies":"Lagavulin","floor":6,"turns":5},{"damage":0,"enemies":"Exordium Wildlife","floor":10,"turns":2},{"damage":0,"enemies":"2 Fungi Beasts","floor":13,"turns":2},{"damage":1,"enemies":"3 Louse","floor":14,"turns":3},{"damage":38,"enemies":"Hexaghost","floor":16,"turns":8},{"damage":20,"enemies":"2 Thieves","floor":18,"turns":4},{"damage":44,"enemies":"Masked Bandits","floor":20,"turns":4},{"damage":13,"enemies":"Shell Parasite","floor":22,"turns":3},{"damage":0,"enemies":"Snecko","floor":24,"turns":4},{"damage":4,"enemies":"Centurion and Healer","floor":25,"turns":5},{"damage":1,"enemies":"Chosen and Byrds","floor":27,"turns":3},{"damage":17,"enemies":"Cultist and Chosen","floor":28,"turns":5},{"damage":37,"enemies":"Centurion and Healer","floor":31,"turns":4}],"event_choices":[{"event_name":"The Cleric","player_choice":"Leave","floor":3,"damage_taken":0},{"event_name":"Living Wall","player_choice":"Forget","floor":5,"damage_taken":0},{"event_name":"Liars Game","player_choice":"agreed","floor":8,"damage_taken":0},{"event_name":"Masked Bandits","player_choice":"Fought over 223 gold","floor":20,"damage_taken":0},{"event_name":"Cursed Tome","player_choice":"Ignored","floor":21,"damage_taken":0},{"event_name":"The Mausoleum","player_choice":"Yes","floor":30,"damage_taken":0}],"boss_relics":[{"not_picked":["Calling Bell","Philosopher\u0027s Stone"],"picked":"Snecko Eye"}],"potions_floor_spawned":[4,10,14,22,25],"seed_played":"7544777961209532843","killed_by":"Centurion and Healer","ascension_level":0,"is_trial":false}