{"gold_per_floor":[118,118,133,133,58,58,71,102,126,126,145,145,174,274,274,375,375,342,257,257],"floor_reached":20,"playtime":561,"items_purged":["Defend_R"],"score":180,"play_id":"9e875559-5544-474c-81e1-d0a19b6111a3","local_time":"20181004003212","daily_mods":["Heirloom","Time Dilation","Flight"],"is_ascension_mode":false,"campfire_choices":[{"data":"Armaments","floor":6,"key":"SMITH"},{"data":"Shrug It Off","floor":10,"key":"SMITH"},{"data":"Headbutt","floor":12,"key":"SMITH"},{"data":"Shockwave","floor":15,"key":"SMITH"}],"neow_cost":"","seed_source_timestamp":122006231942794,"circlet_count":0,"master_deck":["Strike_R+1","Strike_R","Strike_R","Strike_R","Strike_R","Defend_R+1","Defend_R+1","Defend_R+1","Bash","Shrug It Off+1","Armaments+1","Headbutt+1","Shockwave+1"],"relics":["Black Blood","Prayer Wheel","Bag of Preparation","StoneCalendar","Potion Belt","Oddly Smooth Stone","War Paint"],"potions_floor_usage":[18],"damage_taken":[{"damage":6,"enemies":"Jaw Worm","floor":1,"turns":3},{"damage":7,"enemies":"Small Slimes","floor":3,"turns":5},{"damage":0,"enemies":"2 Louse","floor":7,"turns":3},{"damage":27,"enemies":"Lagavulin","floor":8,"turns":9},{"damage":7,"enemies":"Blue Slaver","floor":11,"turns":4},{"damage":13,"enemies":"3 Sentries","floor":13,"turns":7},{"damage":16,"enemies":"Slime Boss","floor":16,"turns":7},{"damage":22,"enemies":"2 Thieves","floor":18,"turns":5},{"damage":0,"enemies":"Colosseum Slavers","floor":20,"turns":1}],"seed_played":"4646061542222604446","potions_obtained":[{"floor":8,"key":"SmokeBomb"},{"floor":11,"key":"Swift Potion"},{"floor":16,"key":"SkillPotion"},{"floor":18,"key":"GamblersBrew"}],"is_trial":true,"path_per_floor":["M","?","M","?","$","R","M","E","T","R","M","R","E","?","R","B",null,"M","?"],"character_chosen":"IRONCLAD","items_purchased":[],"campfire_rested":0,"item_purchase_floors":[],"current_hp_per_floor":[80,68,67,51,51,51,57,36,36,36,35,35,28,28,28,18,80,68,68,68],"gold":257,"neow_bonus":"","is_prod":false,"is_daily":false,"chose_seed":false,"campfire_upgraded":4,"win_rate":0,"timestamp":1538584332,"path_taken":["M","?","M","?","$","R","M","E","T","R","?","R","E","?","R","BOSS","M","?","?"],"build_version":"2018-09-27","purchased_purges":1,"victory":false,"max_hp_per_floor":[80,80,80,80,80,80,80,80,80,80,80,80,80,80,80,80,80,80,80,80],"card_choices":[{"not_picked":["Burning Pact","Anger"],"picked":"Shrug It Off","floor":1},{"not_picked":["Heavy Blade","Cleave","Burning Pact"],"picked":"SKIP","floor":1},{"not_picked":["Combust","Thunderclap"],"picked":"Armaments","floor":3},{"not_picked":["Blood for Blood","Cleave","Corruption"],"picked":"SKIP","floor":3},{"not_picked":["Anger","Pommel Strike","Armaments"],"picked":"SKIP","floor":7},{"not_picked":["Flex","Pommel Strike","Body Slam"],"picked":"SKIP","floor":7},{"not_picked":["Flex","Bludgeon","Cleave"],"picked":"SKIP","floor":8},{"not_picked":["Cleave","Wild Strike"],"picked":"Headbutt","floor":11},{"not_picked":["Bloodletting","True Grit","Pommel Strike"],"picked":"SKIP","floor":11},{"not_picked":["Heavy Blade","Shrug It Off"],"picked":"Shockwave","floor":13},{"not_picked":["Havoc","Perfected Strike","Anger"],"picked":"SKIP","floor":18},{"not_picked":["Flame Barrier","Dual Wield","Anger"],"picked":"SKIP","floor":18}],"player_experience":184757,"relics_obtained":[{"floor":8,"key":"StoneCalendar"},{"floor":9,"key":"Potion Belt"},{"floor":13,"key":"Oddly Smooth Stone"}],"event_choices":[{"event_name":"Scrap Ooze","player_choice":"success","floor":2,"damage_taken":12},{"event_name":"Shining Light","player_choice":"Entered Light","floor":4,"damage_taken":0},{"event_name":"Golden Shrine","player_choice":"Pray","floor":14,"damage_taken":0},{"event_name":"Addict","player_choice":"Obtained Relic","floor":19,"damage_taken":0},{"event_name":"Colosseum","player_choice":"Fight","floor":20,"damage_taken":0}],"is_beta":false,"boss_relics":[{"not_picked":["Snecko Eye","Lizard Tail"],"picked":"Black Blood"}],"items_purged_floors":[5],"is_endless":true,"potions_floor_spawned":[8,11,16,18],"killed_by":"Colosseum Slavers","ascension_level":0}