{"gold_per_floor":[116,38,50,50,50,50,83,103,127,127,143,163,163],"floor_reached":13,"playtime":252,"items_purged":[],"score":220,"play_id":"3c5e2dee-9bb2-495c-8e16-444c1f21b9ff","local_time":"20190221121742","is_ascension_mode":true,"campfire_choices":[{"data":"Well Laid Plans","floor":6.0,"key":"SMITH"},{"data":"Neutralize","floor":10.0,"key":"SMITH"}],"neow_cost":"NONE","seed_source_timestamp":690581877767,"circlet_count":0,"master_deck":["AscendersBane","Defend_G","Defend_G","Defend_G","Defend_G","Defend_G","Strike_G","Strike_G","Strike_G","Strike_G","Strike_G","Survivor","Neutralize+1","Well Laid Plans+1","Masterful Stab","Footwork","Tools of the Trade"],"special_seed":0,"relics":["Ring of the Snake","NeowsBlessing","Bronze Scales","Centennial Puzzle"],"potions_floor_usage":[],"damage_taken":[{"damage":0.0,"enemies":"Cultist","floor":1.0,"turns":1.0},{"damage":0.0,"enemies":"Jaw Worm","floor":3.0,"turns":1.0},{"damage":0.0,"enemies":"3 Sentries","floor":7.0,"turns":1.0},{"damage":0.0,"enemies":"Small Slimes","floor":8.0,"turns":2.0},{"damage":8,"enemies":"Exordium Thugs","floor":11,"turns":5},{"damage":1,"enemies":"Large Slime","floor":12,"turns":6},{"damage":0,"enemies":"Exordium Wildlife","floor":13,"turns":1}],"seed_played":"-3813616305961350293","potions_obtained":[{"floor":5.0,"key":"SneckoOil"},{"floor":5.0,"key":"FearPotion"},{"floor":7.0,"key":"GhostInAJar"},{"floor":8.0,"key":"Swift Potion"}],"is_trial":false,"path_per_floor":["M","$","M","$","?","R","E","M","T","R","M","M","M"],"character_chosen":"THE_SILENT","items_purchased":["Well Laid Plans"],"campfire_rested":0,"item_purchase_floors":[2],"current_hp_per_floor":[59,59,59,59,59,59,59,59,59,59,51,50,50],"gold":163,"neow_bonus":"THREE_ENEMY_KILL","is_prod":false,"is_daily":false,"chose_seed":false,"campfire_upgraded":2,"win_rate":0,"timestamp":1550722662,"path_taken":["M","$","?","$","?","R","E","M","T","R","M","M","?"],"build_version":"2019-01-23","purchased_purges":0,"victory":false,"max_hp_per_floor":[66,66,66,66,66,66,66,66,66,66,66,66,66],"card_choices":[{"not_picked":["Quick Slash","Dodge and Roll","Riddle With Holes"],"picked":"SKIP","floor":1.0},{"not_picked":["Flying Knee","Quick Slash"],"picked":"Masterful Stab","floor":3.0},{"not_picked":["Deflect","Outmaneuver"],"picked":"Footwork","floor":7.0},{"not_picked":["Accuracy","PiercingWail","Acrobatics"],"picked":"SKIP","floor":8.0},{"not_picked":["Dodge and Roll","Outmaneuver","Underhanded Strike"],"picked":"SKIP","floor":11},{"not_picked":["Sucker Punch","Riddle With Holes"],"picked":"Tools of the Trade","floor":12}],"player_experience":3002383,"relics_obtained":[{"floor":7.0,"key":"Bronze Scales"},{"floor":9.0,"key":"Centennial Puzzle"}],"event_choices":[{"damage_healed":0.0,"max_hp_gain":0.0,"max_hp_loss":0.0,"gold_gain":0.0,"event_name":"Lab","player_choice":"Got Potions","floor":5.0,"gold_loss":0.0,"damage_taken":0.0}],"is_beta":false,"boss_relics":[],"items_purged_floors":[],"is_endless":false,"potions_floor_spawned":[7,8,12],"killed_by":"Exordium Wildlife","ascension_level":20}