{"gold_per_floor":[15,15,39,114,135,135,135,135,135,178,191,191,13,36,36,127,127,140,113,113,28,0,0,18,18,18,18,36,36,63,38,38,116,116,136,152,252,271,493,550,550,580,606,261,261,136,136,146,146,146,146],"floor_reached":51,"playtime":1959,"items_purged":["Bash","Strike_R","Twin Strike+1"],"score":1402,"play_id":"03bb2574-28ee-4605-881e-7b300159891f","local_time":"20190719133237","is_ascension_mode":true,"campfire_choices":[{"data":"Twin Strike","floor":6.0,"key":"SMITH"},{"data":"Flex","floor":12.0,"key":"SMITH"},{"data":"Carnage","floor":15.0,"key":"SMITH"},{"floor":23.0,"key":"RECALL"},{"floor":25.0,"key":"REST"},{"data":"Defend_R","floor":29.0,"key":"SMITH"},{"floor":32.0,"key":"REST"},{"data":"Sword Boomerang","floor":41.0,"key":"SMITH"},{"floor":49.0,"key":"REST"}],"neow_cost":"NO_GOLD","seed_source_timestamp":37874724398600,"circlet_count":0,"master_deck":["AscendersBane","Defend_R","Defend_R","Defend_R+1","Defend_R","Flex+1","Shrug It Off+1","Trip+1","Carnage+1","Impervious+1","Berserk+1","Bloodletting+1","Limit Break+1","Battle Trance+1","True Grit+1","Flex+1","Reaper","Warcry+1","Sword Boomerang+1","Dual Wield+1","Inflame","Evolve"],"special_seed":0,"relics":["Burning Blood","Champion Belt","Bloody Idol","Toxic Egg 2","Astrolabe","Question Card","Pantograph","Red Mask","Orrery","Thread and Needle","Tiny Chest","Ornamental Fan","Regal Pillow","Bag of Marbles"],"potions_floor_usage":[51],"damage_taken":[{"damage":23.0,"enemies":"Jaw Worm","floor":1.0,"turns":6.0},{"damage":15.0,"enemies":"Small Slimes","floor":3.0,"turns":4.0},{"damage":1.0,"enemies":"Cultist","floor":5.0,"turns":3.0},{"damage":20.0,"enemies":"3 Sentries","floor":10.0,"turns":9.0},{"damage":0.0,"enemies":"Large Slime","floor":11.0,"turns":4.0},{"damage":3.0,"enemies":"Looter","floor":14.0,"turns":3.0},{"damage":26.0,"enemies":"The Guardian","floor":16.0,"turns":13.0},{"damage":19.0,"enemies":"3 Byrds","floor":18.0,"turns":7.0},{"damage":9.0,"enemies":"2 Thieves","floor":19.0,"turns":4.0},{"damage":21.0,"enemies":"Cultist and Chosen","floor":24.0,"turns":9.0},{"damage":0.0,"enemies":"Snake Plant","floor":28.0,"turns":3.0},{"damage":25.0,"enemies":"Masked Bandits","floor":30.0,"turns":6.0},{"damage":25.0,"enemies":"Automaton","floor":33.0,"turns":8.0},{"damage":37.0,"enemies":"3 Shapes","floor":35.0,"turns":7.0},{"damage":7.0,"enemies":"Orb Walker","floor":36.0,"turns":3.0},{"damage":16.0,"enemies":"Mind Bloom Boss Battle","floor":37.0,"turns":11.0},{"damage":20.0,"enemies":"Jaw Worm Horde","floor":38.0,"turns":6.0},{"damage":33.0,"enemies":"Giant Head","floor":40.0,"turns":6.0},{"damage":83.0,"enemies":"Nemesis","floor":42.0,"turns":7.0},{"damage":24.0,"enemies":"Writhing Mass","floor":48.0,"turns":7.0},{"damage":110.0,"enemies":"Donu and Deca","floor":50.0,"turns":7.0},{"damage":73,"enemies":"Awakened One","floor":51,"turns":4}],"seed_played":"2666896625684256064","potions_obtained":[{"floor":5.0,"key":"SteroidPotion"},{"floor":11.0,"key":"Ancient Potion"},{"floor":16.0,"key":"SteroidPotion"},{"floor":40.0,"key":"FearPotion"}],"is_trial":false,"path_per_floor":["M","?","M","?","M","R","?","?","T","E","M","R","$","M","R","B",null,"M","M","?","?","$","R","M","R","T","?","M","R","?","$","R","B",null,"M","M","?","M","?","E","R","E","T","$","?","$","?","M","R","B","B"],"character_chosen":"IRONCLAD","items_purchased":["Trip+1","True Grit+1","Flex+1","Inflame","Bag of Marbles"],"campfire_rested":3,"item_purchase_floors":[13,22,31,44,44],"current_hp_per_floor":[51,51,42,31,36,36,36,36,36,22,28,28,28,31,31,11,54,41,38,38,38,38,38,23,43,43,43,54,54,40,40,60,54,65,63,67,68,68,68,68,68,18,23,23,23,23,23,14,48,65,0],"gold":146,"neow_bonus":"ONE_RARE_RELIC","is_prod":false,"is_daily":false,"chose_seed":false,"campfire_upgraded":5,"win_rate":0,"timestamp":1563514357,"path_taken":["M","?","M","?","M","R","?","?","T","E","M","R","$","M","R","BOSS","M","?","?","?","$","R","M","R","T","?","?","R","?","?","R","BOSS","M","M","?","M","?","E","R","E","T","$","?","$","?","M","R","BOSS","BOSS"],"build_version":"2019-07-17","purchased_purges":3,"victory":false,"max_hp_per_floor":[75,68,68,68,68,68,68,68,68,68,68,68,68,68,68,68,68,68,68,68,68,68,68,68,68,68,68,68,68,68,68,68,68,68,68,68,68,68,68,68,68,68,68,68,68,68,65,65,65,65,65],"card_choices":[{"not_picked":["Perfected Strike","Havoc"],"picked":"Twin Strike","floor":1.0},{"not_picked":["True Grit","Iron Wave","Clash"],"picked":"SKIP","floor":3.0},{"not_picked":["True Grit","Infernal Blade","Entrench"],"picked":"SKIP","floor":5.0},{"not_picked":["Berserk","Blood for Blood","Perfected Strike"],"picked":"SKIP","floor":10.0},{"not_picked":["Sever Soul","Carnage"],"picked":"Shrug It Off+1","floor":11.0},{"not_picked":["Rupture","Rage+1"],"picked":"Carnage","floor":14.0},{"not_picked":["Brutality","Exhume+1"],"picked":"Impervious+1","floor":16.0},{"not_picked":["Bloodletting+1","Iron Wave","Shockwave+1"],"picked":"SKIP","floor":18.0},{"not_picked":["Rage+1","Sentinel+1"],"picked":"Battle Trance+1","floor":19.0},{"not_picked":["Twin Strike","Uppercut","Perfected Strike","Sever Soul"],"picked":"SKIP","floor":24.0},{"not_picked":["Sentinel+1","Sword Boomerang","Headbutt"],"picked":"Pommel Strike+1","floor":28.0},{"not_picked":["Impervious+1","Brutality","Exhume+1"],"picked":"Reaper","floor":33.0},{"not_picked":["Headbutt","Flame Barrier+1","Sword Boomerang"],"picked":"Warcry+1","floor":34.0},{"not_picked":["Rage+1","Headbutt","True Grit+1"],"picked":"Sword Boomerang","floor":34.0},{"not_picked":["Body Slam","Heavy Blade","Warcry+1","Armaments+1"],"picked":"SKIP","floor":35.0},{"not_picked":["Feel No Pain","Corruption","Headbutt+1","Rampage"],"picked":"SKIP","floor":36.0},{"not_picked":["Warcry+1","Iron Wave","Whirlwind+1","Power Through+1"],"picked":"SKIP","floor":38.0},{"not_picked":["Power Through+1","Intimidate+1","Dropkick"],"picked":"Dual Wield+1","floor":40.0},{"not_picked":["Headbutt","Wild Strike+1","Rupture","Twin Strike"],"picked":"SKIP","floor":42.0},{"not_picked":["Spot Weakness+1","Clothesline","Carnage"],"picked":"Evolve","floor":48.0}],"player_experience":663952,"relics_obtained":[{"floor":10.0,"key":"Toxic Egg 2"},{"floor":26.0,"key":"Pantograph"},{"floor":30.0,"key":"Red Mask"},{"floor":37.0,"key":"Thread and Needle"},{"floor":40.0,"key":"Tiny Chest"},{"floor":42.0,"key":"Ornamental Fan"},{"floor":43.0,"key":"Regal Pillow"}],"event_choices":[{"damage_healed":0.0,"max_hp_gain":0.0,"max_hp_loss":7.0,"gold_gain":0.0,"event_name":"Golden Idol","player_choice":"Lose Max HP","floor":2.0,"gold_loss":0.0,"damage_taken":0.0,"relics_obtained":["Golden Idol"]},{"damage_healed":0.0,"max_hp_gain":0.0,"max_hp_loss":0.0,"gold_gain":75.0,"event_name":"World of Goop","player_choice":"Gather Gold","floor":4.0,"gold_loss":0.0,"damage_taken":11.0},{"damage_healed":0.0,"max_hp_gain":0.0,"max_hp_loss":0.0,"gold_gain":0.0,"event_name":"Liars Game","player_choice":"Ignored","floor":7.0,"gold_loss":0.0,"damage_taken":0.0},{"damage_healed":0.0,"max_hp_gain":0.0,"max_hp_loss":0.0,"gold_gain":0.0,"cards_transformed":["Strike_R"],"event_name":"Transmorgrifier","player_choice":"Transformed","floor":8.0,"gold_loss":0.0,"damage_taken":0.0,"cards_obtained":["Flex"]},{"damage_healed":0.0,"max_hp_gain":0.0,"max_hp_loss":0.0,"gold_gain":0.0,"event_name":"Cursed Tome","player_choice":"Ignored","floor":20.0,"gold_loss":0.0,"damage_taken":0.0},{"damage_healed":0.0,"max_hp_gain":0.0,"max_hp_loss":0.0,"gold_gain":0.0,"event_name":"Addict","player_choice":"Obtained Relic","floor":21.0,"gold_loss":85.0,"damage_taken":0.0,"relics_obtained":["Question Card"]},{"damage_healed":0.0,"max_hp_gain":0.0,"max_hp_loss":0.0,"gold_gain":0.0,"event_name":"Forgotten Altar","player_choice":"Gave Idol","floor":27.0,"relics_lost":["Golden Idol"],"gold_loss":0.0,"damage_taken":0.0,"relics_obtained":["Bloody Idol"]},{"damage_healed":0.0,"max_hp_gain":0.0,"max_hp_loss":0.0,"gold_gain":0.0,"event_name":"Masked Bandits","player_choice":"Fought Bandits","floor":30.0,"gold_loss":0.0,"damage_taken":0.0},{"damage_healed":0.0,"max_hp_gain":0.0,"max_hp_loss":0.0,"gold_gain":0.0,"event_name":"MindBloom","player_choice":"Fight","floor":37.0,"gold_loss":0.0,"damage_taken":0.0},{"damage_healed":0.0,"max_hp_gain":0.0,"max_hp_loss":0.0,"gold_gain":222.0,"event_name":"Tomb of Lord Red Mask","player_choice":"Wore Mask","floor":39.0,"gold_loss":0.0,"damage_taken":0.0},{"cards_removed":["Pommel Strike"],"damage_healed":0.0,"max_hp_gain":0.0,"max_hp_loss":0.0,"gold_gain":0.0,"event_name":"Falling","player_choice":"Removed Attack","floor":45.0,"gold_loss":0.0,"damage_taken":0.0},{"damage_healed":0.0,"max_hp_gain":0.0,"max_hp_loss":3.0,"gold_gain":0.0,"event_name":"Winding Halls","player_choice":"Max HP","floor":47.0,"gold_loss":0.0,"damage_taken":0.0}],"is_beta":false,"boss_relics":[{"not_picked":["Empty Cage","Velvet Choker"],"picked":"Astrolabe"},{"not_picked":["Runic Cube","Fusion Hammer"],"picked":"Orrery"}],"items_purged_floors":[13,44,46],"is_endless":false,"potions_floor_spawned":[5,11,16,18,28,30,33,35,37,40],"killed_by":"Awakened One","ascension_level":20}