{"gold_per_floor":[119,194,45,62,62,62,90,90,90,102,122,122,122,122,122,122],"floor_reached":16,"playtime":331,"items_purged":[],"score":246,"play_id":"4c8c099a-960e-48a0-972a-f1be16afb35c","local_time":"20190213122924","is_ascension_mode":true,"campfire_choices":[{"data":"Discovery","floor":6,"key":"SMITH"},{"data":"Well Laid Plans","floor":8,"key":"SMITH"},{"data":"Distraction","floor":12,"key":"SMITH"},{"data":"Neutralize","floor":15,"key":"SMITH"}],"neow_cost":"NONE","seed_source_timestamp":15981397310126,"circlet_count":0,"master_deck":["AscendersBane","Defend_G","Defend_G","Defend_G+1","Defend_G","Defend_G","Strike_G","Strike_G+1","Strike_G","Survivor","Neutralize+1","Distraction+1","Well Laid Plans+1","Discovery+1","Escape Plan"],"special_seed":0,"relics":["Ring of the Snake","NeowsBlessing","Dream Catcher"],"potions_floor_usage":[11],"damage_taken":[{"damage":0.0,"enemies":"Small Slimes","floor":1.0,"turns":1.0},{"damage":0.0,"enemies":"2 Louse","floor":4.0,"turns":1.0},{"damage":0,"enemies":"Gremlin Nob","floor":7,"turns":1},{"damage":0,"enemies":"Cultist","floor":10,"turns":3},{"damage":7,"enemies":"Red Slaver","floor":11,"turns":4},{"damage":0,"enemies":"Slime Boss","floor":16,"turns":3}],"seed_played":"-4889374764766112763","potions_obtained":[{"floor":4.0,"key":"Explosive Potion"},{"floor":10,"key":"GhostInAJar"},{"floor":11,"key":"Dexterity Potion"}],"is_trial":false,"path_per_floor":["M","?","$","M","?","R","E","R","T","M","M","R","?","?","R","B"],"character_chosen":"THE_SILENT","items_purchased":["Well Laid Plans","Discovery"],"campfire_rested":0,"item_purchase_floors":[3,3],"current_hp_per_floor":[59,48,48,48,48,48,48,48,48,48,41,41,21,14,14,14],"gold":122,"neow_bonus":"THREE_ENEMY_KILL","is_prod":false,"is_daily":false,"chose_seed":false,"campfire_upgraded":4,"win_rate":0,"timestamp":1550032164,"path_taken":["M","?","$","M","?","R","E","R","T","M","M","R","?","?","R","BOSS"],"build_version":"2019-01-23","purchased_purges":0,"victory":false,"max_hp_per_floor":[66,66,66,66,66,66,66,66,66,66,66,66,66,66,66,66],"card_choices":[{"not_picked":["Deflect","Distraction","PiercingWail"],"picked":"SKIP","floor":1.0},{"not_picked":["Deflect","PiercingWail"],"picked":"Distraction","floor":1.0},{"not_picked":["Accuracy","Finisher","Dagger Throw"],"picked":"SKIP","floor":4.0},{"not_picked":["Prepared","Flying Knee"],"picked":"Escape Plan","floor":7},{"not_picked":["Slice","Concentrate","Poisoned Stab"],"picked":"SKIP","floor":10},{"not_picked":["Accuracy","Slice","Leg Sweep"],"picked":"SKIP","floor":11}],"player_experience":2682177,"relics_obtained":[{"floor":7,"key":"Dream Catcher"}],"event_choices":[{"damage_healed":0.0,"max_hp_gain":0.0,"max_hp_loss":0.0,"gold_gain":75.0,"event_name":"World of Goop","player_choice":"Gather Gold","floor":2.0,"gold_loss":0.0,"damage_taken":11.0},{"cards_removed":["Strike_G"],"damage_healed":0,"gold_gain":0,"player_choice":"Forget","damage_taken":0,"max_hp_gain":0,"max_hp_loss":0,"event_name":"Living Wall","floor":5,"gold_loss":0},{"damage_healed":0,"gold_gain":0,"player_choice":"Entered Light","damage_taken":20,"max_hp_gain":0,"max_hp_loss":0,"event_name":"Shining Light","floor":13,"gold_loss":0,"cards_upgraded":["Defend_G","Strike_G"]},{"cards_removed":["Strike_G"],"damage_healed":0,"gold_gain":0,"player_choice":"Card Removal","damage_taken":7,"max_hp_gain":0,"max_hp_loss":0,"event_name":"Golden Wing","floor":14,"gold_loss":0}],"is_beta":false,"boss_relics":[],"items_purged_floors":[],"is_endless":false,"potions_floor_spawned":[4,10,11],"killed_by":"Slime Boss","ascension_level":20}