{"gold_per_floor":[114,33,44,44,62,62,90,90,90,119,139,139,139,159,159,238,238,251,791,803,324,324],"floor_reached":22,"playtime":835,"items_purged":["Strike_B"],"score":388,"play_id":"a56866a5-f676-4a41-b2d2-76abc0923a9a","local_time":"20190309211445","is_ascension_mode":true,"campfire_choices":[{"data":"Hyperbeam","floor":6.0,"key":"SMITH"},{"data":"Turbo","floor":8.0,"key":"SMITH"},{"data":"Sunder","floor":13.0,"key":"SMITH"},{"floor":15.0,"key":"REST"}],"neow_cost":"PERCENT_DAMAGE","seed_source_timestamp":32359923774754,"circlet_count":0,"master_deck":["AscendersBane","Defend_B","Defend_B","Defend_B","Defend_B","Zap","Dualcast","Steam","Hyperbeam+1","Turbo+1","Genetic Algorithm","All For One","Gash","Auto Shields+1","Sunder+1","Buffer","Go for the Eyes","Double Energy+1","Genetic Algorithm+1"],"special_seed":0,"relics":["Cracked Core","Toxic Egg 2","Shuriken","Bag of Marbles","Runic Pyramid","Incense Burner"],"potions_floor_usage":[22],"damage_taken":[{"damage":2.0,"enemies":"Jaw Worm","floor":1.0,"turns":3.0},{"damage":0.0,"enemies":"Cultist","floor":3.0,"turns":2.0},{"damage":0.0,"enemies":"Small Slimes","floor":5.0,"turns":2.0},{"damage":10.0,"enemies":"Gremlin Nob","floor":7.0,"turns":3.0},{"damage":10.0,"enemies":"Lagavulin","floor":10.0,"turns":6.0},{"damage":5.0,"enemies":"3 Louse","floor":11.0,"turns":4.0},{"damage":0.0,"enemies":"Exordium Thugs","floor":14.0,"turns":2.0},{"damage":25.0,"enemies":"The Guardian","floor":16.0,"turns":13.0},{"damage":0.0,"enemies":"3 Byrds","floor":18.0,"turns":4.0},{"damage":0.0,"enemies":"Chosen","floor":20.0,"turns":3.0},{"damage":8,"enemies":"Centurion and Healer","floor":22,"turns":2}],"seed_played":"1088986006648910760","potions_obtained":[{"floor":1.0,"key":"GamblersBrew"},{"floor":7.0,"key":"SkillPotion"},{"floor":14.0,"key":"Dexterity Potion"},{"floor":16.0,"key":"Block Potion"},{"floor":18.0,"key":"FearPotion"}],"is_trial":false,"path_per_floor":["M","$","M","$","M","R","E","R","T","E","M","?","R","M","R","B",null,"M","?","M","$","M"],"character_chosen":"DEFECT","items_purchased":["Genetic Algorithm","Incense Burner","Genetic Algorithm+1"],"campfire_rested":1,"item_purchase_floors":[2,21,21],"current_hp_per_floor":[44,44,44,44,44,44,34,34,34,24,19,19,19,19,40,15,57,57,8,8,8,0],"gold":324,"neow_bonus":"TRANSFORM_TWO_CARDS","is_prod":false,"is_daily":false,"chose_seed":false,"campfire_upgraded":3,"win_rate":0,"timestamp":1552137285,"path_taken":["M","$","M","$","M","R","E","R","T","E","M","?","R","?","R","BOSS","M","?","M","$","M"],"build_version":"2019-01-23","purchased_purges":1,"victory":false,"max_hp_per_floor":[71,71,71,71,71,71,71,71,71,71,71,71,71,71,71,71,71,71,71,71,71,71],"card_choices":[{"not_picked":["Reprogram","Rebound"],"picked":"Turbo","floor":1.0},{"not_picked":["Steam","Melter"],"picked":"All For One","floor":3.0},{"not_picked":["Turbo","Stack"],"picked":"Gash","floor":5.0},{"not_picked":["Steam","Compile Driver"],"picked":"Auto Shields","floor":7.0},{"not_picked":["Doom and Gloom","Static Discharge","Steam+1"],"picked":"SKIP","floor":10.0},{"not_picked":["Ball Lightning","Capacitor"],"picked":"Sunder","floor":11.0},{"not_picked":["Melter","Sweeping Beam","Steam+1"],"picked":"SKIP","floor":14.0},{"not_picked":["All For One","Thunder Strike"],"picked":"Buffer","floor":16.0},{"not_picked":["Aggregate+1","Stack+1"],"picked":"Go for the Eyes","floor":18.0},{"not_picked":["Leap+1","Cold Snap"],"picked":"Double Energy+1","floor":20.0}],"player_experience":3446272,"relics_obtained":[{"floor":7.0,"key":"Toxic Egg 2"},{"floor":9.0,"key":"Shuriken"},{"floor":10.0,"key":"Bag of Marbles"}],"event_choices":[{"cards_removed":["Strike_B"],"damage_healed":0.0,"max_hp_gain":0.0,"max_hp_loss":0.0,"gold_gain":0.0,"event_name":"Purifier","player_choice":"Purged","floor":12.0,"gold_loss":0.0,"damage_taken":0.0},{"damage_healed":0.0,"max_hp_gain":0.0,"max_hp_loss":0.0,"gold_gain":540.0,"event_name":"Knowing Skull","player_choice":"GOLD GOLD GOLD GOLD GOLD GOLD ","floor":19.0,"potions_obtained":[],"gold_loss":0.0,"damage_taken":49.0,"cards_obtained":[]}],"is_beta":false,"boss_relics":[{"not_picked":["FrozenCore","Lizard Tail"],"picked":"Runic Pyramid"}],"items_purged_floors":[21],"is_endless":false,"potions_floor_spawned":[1,7,14,16,18],"killed_by":"Centurion and Healer","ascension_level":20}