{"gold_per_floor":[20,40,58,70,20,20,37,37,61,61,61,74,94,117,117,246,246,265,281,20,119,137,137,137,137,137,137,152,173,43,64,64,183,183,199,199,149,164,182,250,250,263,308,324,324,36,61,394,394,394],"floor_reached":51,"playtime":2106,"items_purged":["Strike_B","Defend_B","Defend_B"],"score":750,"play_id":"5fd4b45c-a284-4987-9cbc-8f7b5e160fce","local_time":"20190724220055","is_ascension_mode":false,"campfire_choices":[{"data":"Loop","floor":6.0,"key":"SMITH"},{"data":"Static Discharge","floor":8.0,"key":"SMITH"},{"data":"Dualcast","floor":11.0,"key":"SMITH"},{"data":"Recycle","floor":15.0,"key":"SMITH"},{"floor":23.0,"key":"REST"},{"floor":25.0,"key":"REST"},{"floor":32.0,"key":"REST"},{"floor":41.0,"key":"REST"},{"floor":45.0,"key":"REST"},{"floor":49.0,"key":"RECALL"}],"neow_cost":"NO_GOLD","seed_source_timestamp":11315180144267,"circlet_count":0,"master_deck":["Defend_B","Defend_B","Zap","Dualcast+1","Sweeping Beam","Heatsinks","Static Discharge+1","Recycle+1","Loop+1","Coolheaded","Thunder Strike","Echo Form","Loop","White Noise","Skim+1","Capacitor","Apotheosis","Loop","Rainbow","Discovery","Glacier+1","Chill+1","Creative AI","Defragment","Fission","Glacier"],"special_seed":0,"relics":["Cracked Core","Strawberry","Fusion Hammer","Membership Card","Enchiridion","Dead Branch","Nuclear Battery","Tiny Chest","Bag of Marbles","Oddly Smooth Stone"],"potions_floor_usage":[50,50],"damage_taken":[{"damage":1.0,"enemies":"Jaw Worm","floor":1.0,"turns":3.0},{"damage":1.0,"enemies":"2 Louse","floor":2.0,"turns":2.0},{"damage":0.0,"enemies":"Cultist","floor":3.0,"turns":3.0},{"damage":13.0,"enemies":"Red Slaver","floor":4.0,"turns":3.0},{"damage":12.0,"enemies":"Exordium Wildlife","floor":7.0,"turns":5.0},{"damage":14.0,"enemies":"Gremlin Gang","floor":12.0,"turns":2.0},{"damage":11.0,"enemies":"3 Louse","floor":13.0,"turns":2.0},{"damage":4.0,"enemies":"2 Fungi Beasts","floor":14.0,"turns":3.0},{"damage":8.0,"enemies":"The Guardian","floor":16.0,"turns":11.0},{"damage":5.0,"enemies":"3 Byrds","floor":18.0,"turns":2.0},{"damage":15.0,"enemies":"Shell Parasite","floor":19.0,"turns":5.0},{"damage":22.0,"enemies":"Shelled Parasite and Fungi","floor":22.0,"turns":7.0},{"damage":0.0,"enemies":"3 Cultists","floor":28.0,"turns":2.0},{"damage":3.0,"enemies":"Snake Plant","floor":29.0,"turns":4.0},{"damage":2.0,"enemies":"Cultist and Chosen","floor":31.0,"turns":4.0},{"damage":43.0,"enemies":"Collector","floor":33.0,"turns":6.0},{"damage":5.0,"enemies":"3 Shapes","floor":35.0,"turns":3.0},{"damage":7.0,"enemies":"3 Darklings","floor":38.0,"turns":3.0},{"damage":0.0,"enemies":"Spire Growth","floor":39.0,"turns":6.0},{"damage":0.0,"enemies":"Giant Head","floor":40.0,"turns":6.0},{"damage":3.0,"enemies":"Writhing Mass","floor":42.0,"turns":7.0},{"damage":3.0,"enemies":"Maw","floor":44.0,"turns":4.0},{"damage":0.0,"enemies":"Jaw Worm Horde","floor":47.0,"turns":2.0},{"damage":24,"enemies":"Awakened One","floor":50,"turns":8}],"seed_played":"-2730648241900040952","potions_obtained":[{"floor":3.0,"key":"Weak Potion"},{"floor":12.0,"key":"Block Potion"},{"floor":13.0,"key":"GamblersBrew"},{"floor":16.0,"key":"AttackPotion"},{"floor":19.0,"key":"Ancient Potion"},{"floor":22.0,"key":"Strength Potion"},{"floor":39.0,"key":"Energy Potion"},{"floor":44.0,"key":"GamblersBrew"}],"is_trial":false,"path_per_floor":["M","M","M","M","?","R","M","R","T","?","R","M","M","M","R","B",null,"M","M","$","?","M","R","?","R","T","?","M","M","$","M","R","B",null,"M","?","$","M","M","E","R","M","T","M","R","$","M","?","R","B",null],"character_chosen":"DEFECT","items_purchased":["Membership Card","Loop","Capacitor","Apotheosis","Defragment","Fission","Glacier","Oddly Smooth Stone","FocusPotion"],"campfire_rested":5,"item_purchase_floors":[20,20,30,30,46,46,46,46,46],"current_hp_per_floor":[74,73,73,60,60,60,48,48,55,55,55,41,30,26,26,18,76,71,56,56,56,34,56,40,62,62,62,62,59,59,57,76,33,76,71,71,71,64,64,64,76,73,73,70,76,76,76,76,76,52],"gold":394,"neow_bonus":"TRANSFORM_TWO_CARDS","is_prod":false,"is_daily":false,"chose_seed":false,"campfire_upgraded":4,"win_rate":0,"timestamp":1563976855,"path_taken":["M","M","M","M","?","R","M","R","T","?","R","M","M","M","R","BOSS","M","M","$","?","M","R","?","R","T","?","M","?","?","M","R","BOSS","M","?","$","M","?","E","R","?","T","M","R","$","M","?","R","BOSS"],"build_version":"2019-07-17","purchased_purges":3,"victory":true,"max_hp_per_floor":[75,75,75,75,75,75,75,75,82,76,76,76,76,76,76,76,76,76,76,76,76,76,76,76,76,76,76,76,76,76,76,76,76,76,76,76,76,76,76,76,76,76,76,76,76,76,76,76,76,76],"card_choices":[{"not_picked":["Cold Snap","Steam"],"picked":"Static Discharge","floor":1.0},{"not_picked":["Sunder","Rebound"],"picked":"Recycle","floor":2.0},{"not_picked":["Rip and Tear","Rebound"],"picked":"Loop","floor":3.0},{"not_picked":["Tempest","Hologram","Steam"],"picked":"SKIP","floor":4.0},{"not_picked":["Hologram","Turbo"],"picked":"Coolheaded","floor":7.0},{"not_picked":["Go for the Eyes","Defragment"],"picked":"Thunder Strike","floor":12.0},{"not_picked":["Sweeping Beam","Go for the Eyes","Rebound"],"picked":"SKIP","floor":13.0},{"not_picked":["Sweeping Beam","Cold Snap","Barrage"],"picked":"SKIP","floor":14.0},{"not_picked":["Machine Learning","Thunder Strike"],"picked":"Echo Form","floor":16.0},{"not_picked":["Gash","Scrape","Cold Snap+1"],"picked":"SKIP","floor":18.0},{"not_picked":["Recycle","Force Field","Rebound"],"picked":"SKIP","floor":19.0},{"not_picked":["Sweeping Beam","Reprogram+1"],"picked":"White Noise","floor":22.0},{"not_picked":["Chaos","Streamline","Stack"],"picked":"SKIP","floor":28.0},{"not_picked":["Darkness","Redo"],"picked":"Skim+1","floor":29.0},{"not_picked":["Tempest+1","Conserve Battery"],"picked":"Loop","floor":31.0},{"not_picked":["Thunder Strike","Multi-Cast"],"picked":"Rainbow","floor":33.0},{"not_picked":["Ball Lightning","Beam Cell","Reprogram"],"picked":"SKIP","floor":35.0},{"not_picked":["Static Discharge","Sunder+1"],"picked":"Glacier+1","floor":38.0},{"not_picked":["Hello World+1","Genetic Algorithm+1","Darkness+1"],"picked":"SKIP","floor":39.0},{"not_picked":["Gash+1","Redo+1"],"picked":"Chill+1","floor":40.0},{"not_picked":["Stack+1","Gash","Ball Lightning"],"picked":"SKIP","floor":42.0},{"not_picked":["Streamline+1","Leap+1"],"picked":"Creative AI","floor":44.0},{"not_picked":["Chaos","FTL","Tempest"],"picked":"SKIP","floor":47.0}],"player_experience":5855950,"relics_obtained":[{"floor":9.0,"key":"Strawberry"},{"floor":24.0,"key":"Enchiridion"},{"floor":26.0,"key":"Dead Branch"},{"floor":40.0,"key":"Tiny Chest"},{"floor":43.0,"key":"Bag of Marbles"}],"event_choices":[{"cards_removed":["Strike_B"],"damage_healed":0.0,"max_hp_gain":0.0,"max_hp_loss":0.0,"gold_gain":0.0,"event_name":"The Cleric","player_choice":"Card Removal","floor":5.0,"gold_loss":50.0,"damage_taken":0.0},{"damage_healed":0.0,"max_hp_gain":0.0,"max_hp_loss":6.0,"gold_gain":0.0,"event_name":"Golden Idol","player_choice":"Lose Max HP","floor":10.0,"gold_loss":0.0,"damage_taken":0.0,"relics_obtained":["Golden Idol"]},{"damage_healed":0.0,"max_hp_gain":0.0,"max_hp_loss":0.0,"gold_gain":99.0,"event_name":"Nest","player_choice":"Stole From Cult","floor":21.0,"gold_loss":0.0,"damage_taken":0.0},{"damage_healed":0.0,"max_hp_gain":0.0,"max_hp_loss":0.0,"gold_gain":0.0,"event_name":"Cursed Tome","player_choice":"Obtained Book","floor":24.0,"gold_loss":0.0,"damage_taken":16.0},{"damage_healed":0.0,"max_hp_gain":0.0,"max_hp_loss":0.0,"gold_gain":0.0,"event_name":"The Woman in Blue","player_choice":"Bought 0 Potions","floor":27.0,"gold_loss":0.0,"damage_taken":0.0},{"damage_healed":0.0,"max_hp_gain":0.0,"max_hp_loss":0.0,"gold_gain":0.0,"event_name":"Match and Keep!","player_choice":"1 cards matched","floor":36.0,"gold_loss":0.0,"damage_taken":0.0,"cards_obtained":["Discovery"]},{"damage_healed":0.0,"max_hp_gain":0.0,"max_hp_loss":0.0,"gold_gain":333.0,"event_name":"The Moai Head","player_choice":"Gave Idol","floor":48.0,"relics_lost":["Golden Idol"],"gold_loss":0.0,"damage_taken":0.0}],"is_beta":false,"boss_relics":[{"not_picked":["Black Star","Pandora\u0027s Box"],"picked":"Fusion Hammer"},{"not_picked":["Orrery","Eternal Feather"],"picked":"Nuclear Battery"}],"items_purged_floors":[20,37,46],"is_endless":false,"potions_floor_spawned":[3,12,13,14,16,19,22,29,39,44,47],"ascension_level":0}