{"gold_per_floor":[110,35,35,53,67,67,77,77,101,101,170,170,220,233,233,304,304,324,338,354,354],"floor_reached":21,"playtime":1107,"items_purged":[],"score":346,"play_id":"8c605ab4-ff0e-4a62-b206-18c7f68a23c1","local_time":"20190124221600","is_ascension_mode":true,"campfire_choices":[{"data":"Neutralize","floor":6.0,"key":"SMITH"},{"data":"Cloak And Dagger","floor":10.0,"key":"SMITH"},{"data":"Survivor","floor":12.0,"key":"SMITH"},{"data":"A Thousand Cuts","floor":15,"key":"SMITH"}],"neow_cost":"NONE","seed_source_timestamp":34119801993808,"circlet_count":0,"master_deck":["AscendersBane","Survivor+1","Neutralize+1","Infinite Blades","Cloak And Dagger+1","Backstab","Infinite Blades","A Thousand Cuts+1","Wraith Form v2","Night Terror","Dagger Throw","Adrenaline","Eviscerate","Dagger Spray","Unload","Infinite Blades","Backflip","Calculated Gamble"],"special_seed":0,"relics":["Ring of the Snake","Centennial Puzzle","SsserpentHead","Ancient Tea Set","Pandora\u0027s Box"],"potions_floor_usage":[19],"damage_taken":[{"damage":7.0,"enemies":"Small Slimes","floor":1.0,"turns":4.0},{"damage":1.0,"enemies":"2 Louse","floor":4.0,"turns":4.0},{"damage":0.0,"enemies":"Jaw Worm","floor":5.0,"turns":5.0},{"damage":2.0,"enemies":"2 Fungi Beasts","floor":7.0,"turns":4.0},{"damage":2.0,"enemies":"Gremlin Gang","floor":11.0,"turns":4.0},{"damage":6,"enemies":"Large Slime","floor":14,"turns":6},{"damage":23,"enemies":"Slime Boss","floor":16,"turns":6},{"damage":18,"enemies":"theJungle:Flameango_and_Byrd","floor":18,"turns":4},{"damage":4,"enemies":"theJungle:GiantWrat","floor":19,"turns":4},{"damage":25,"enemies":"theJungle:JungleHuntersEncounter","floor":20,"turns":8},{"damage":15,"enemies":"theJungle:SlimyTreeVines","floor":21,"turns":3}],"seed_played":"8870465368703868074","potions_obtained":[{"floor":1.0,"key":"EssenceOfSteel"},{"floor":5.0,"key":"Dexterity Potion"},{"floor":18,"key":"Block Potion"}],"is_trial":false,"path_per_floor":["M","?","?","M","M","R","M","?","T","R","M","R","?","M","R","B",null,"M","M","M","M"],"character_chosen":"THE_SILENT","items_purchased":[],"campfire_rested":0,"item_purchase_floors":[],"current_hp_per_floor":[52,52,45,44,44,44,42,42,42,42,40,40,40,34,34,11,52,34,30,5,0],"gold":354,"neow_bonus":"RANDOM_COMMON_RELIC","is_prod":false,"is_daily":false,"chose_seed":false,"campfire_upgraded":4,"win_rate":0,"timestamp":1548339360,"path_taken":["M","?","?","M","M","R","?","?","T","R","?","R","?","M","R","BOSS","M","M","M","M"],"build_version":"2019-01-23","purchased_purges":0,"victory":false,"max_hp_per_floor":[66,66,66,66,66,66,66,66,66,66,66,66,66,66,66,66,66,66,66,66,66],"card_choices":[{"not_picked":["Setup","PiercingWail","Slice"],"picked":"SKIP","floor":1.0},{"not_picked":["Blade Dance","Eviscerate"],"picked":"Infinite Blades","floor":4.0},{"not_picked":["Predator","Underhanded Strike"],"picked":"Cloak And Dagger","floor":5.0},{"not_picked":["Bane","Blade Dance"],"picked":"Backstab","floor":7.0},{"not_picked":["Outmaneuver","Slice"],"picked":"Infinite Blades","floor":11.0},{"not_picked":["Poisoned Stab","Deflect"],"picked":"A Thousand Cuts","floor":14},{"not_picked":["Corpse Explosion","Unload"],"picked":"Wraith Form v2","floor":16},{"not_picked":["Poisoned Stab","Cloak And Dagger"],"picked":"Backflip","floor":18},{"not_picked":["Flechettes","Crippling Poison","Noxious Fumes"],"picked":"SKIP","floor":19},{"not_picked":["Blade Dance","Doppelganger"],"picked":"Calculated Gamble","floor":20}],"player_experience":2216100,"relics_obtained":[{"floor":9.0,"key":"Ancient Tea Set"}],"event_choices":[{"cards_removed":["Strike_G"],"damage_healed":0.0,"max_hp_gain":0.0,"max_hp_loss":0.0,"gold_gain":0.0,"event_name":"The Cleric","player_choice":"Card Removal","floor":2.0,"gold_loss":75.0,"damage_taken":0.0},{"cards_removed":["Defend_G"],"damage_healed":0.0,"max_hp_gain":0.0,"max_hp_loss":0.0,"gold_gain":0.0,"event_name":"Golden Wing","player_choice":"Card Removal","floor":3.0,"gold_loss":0.0,"damage_taken":7.0},{"damage_healed":0.0,"max_hp_gain":0.0,"max_hp_loss":0.0,"gold_gain":0.0,"event_name":"FaceTrader","player_choice":"Trade","floor":8.0,"gold_loss":0.0,"damage_taken":0.0,"relics_obtained":["SsserpentHead"]},{"cards_removed":["Strike_G"],"damage_healed":0,"gold_gain":0,"player_choice":"Forget","damage_taken":0,"max_hp_gain":0,"max_hp_loss":0,"event_name":"Living Wall","floor":13,"gold_loss":0}],"is_beta":false,"boss_relics":[{"not_picked":["Fusion Hammer","Tiny House"],"picked":"Pandora\u0027s Box"}],"items_purged_floors":[],"is_endless":false,"potions_floor_spawned":[1,5,7,18],"killed_by":"theJungle:SlimyTreeVines","ascension_level":20}