{"gold_per_floor":[115,115,115,126,144,144,144,64,64,64,83,83,129,154,154,232,232,248,262,277,277,202,202,202,202,202,235,235,235,246,262,262,262],"floor_reached":33,"playtime":1199,"items_purged":["Strike_G"],"score":486,"play_id":"1538274d-25b4-4305-b458-bda5d6abea21","local_time":"20190218183616","is_ascension_mode":true,"campfire_choices":[{"data":"Noxious Fumes","floor":6,"key":"SMITH"},{"data":"Footwork","floor":10,"key":"SMITH"},{"data":"Noxious Fumes","floor":12,"key":"SMITH"},{"data":"Neutralize","floor":15,"key":"SMITH"},{"data":"Ghostly","floor":23,"key":"SMITH"},{"data":"Ghostly","floor":25,"key":"SMITH"},{"data":"Burst","floor":29,"key":"SMITH"},{"data":"Ghostly","floor":32,"key":"SMITH"}],"neow_cost":"TEN_PERCENT_HP_LOSS","seed_source_timestamp":37040248154505,"circlet_count":0,"master_deck":["AscendersBane","Defend_G","Defend_G+1","Defend_G","Defend_G+1","Defend_G","Strike_G","Strike_G","Survivor","Neutralize+1","Noxious Fumes+1","Infinite Blades","Footwork+1","Noxious Fumes+1","Adrenaline","Ghostly+1","Ghostly+1","Ghostly+1","Escape Plan","Burst+1","Expertise+1"],"relics":["Ring of the Snake","Bird Faced Urn","Singing Bowl","Omamori","Pantograph","Runic Dome","Happy Flower","Red Mask"],"potions_floor_usage":[20],"damage_taken":[{"damage":3,"enemies":"Jaw Worm","floor":1,"turns":4},{"damage":1,"enemies":"2 Louse","floor":4,"turns":4},{"damage":1,"enemies":"Cultist","floor":5,"turns":5},{"damage":0,"enemies":"Looter","floor":11,"turns":4},{"damage":8,"enemies":"3 Sentries","floor":14,"turns":6},{"damage":20,"enemies":"Slime Boss","floor":16,"turns":10},{"damage":16,"enemies":"Spheric Guardian","floor":18,"turns":7},{"damage":38,"enemies":"Chosen","floor":19,"turns":6},{"damage":12,"enemies":"Snecko","floor":20,"turns":6},{"damage":0,"enemies":"Masked Bandits","floor":27,"turns":5},{"damage":8,"enemies":"Centurion and Healer","floor":30,"turns":6},{"damage":0,"enemies":"3 Cultists","floor":31,"turns":6},{"damage":41,"enemies":"Collector","floor":33,"turns":9}],"seed_played":"6585315519318057548","potions_obtained":[{"floor":4,"key":"LiquidBronze"},{"floor":11,"key":"Regen Potion"}],"is_trial":false,"path_per_floor":["M","?","?","M","M","R","?","$","T","R","M","R","T","E","R","B",null,"M","M","M","?","$","R","?","R","T","?","?","R","M","M","R","B"],"character_chosen":"THE_SILENT","items_purchased":["Footwork"],"campfire_rested":0,"item_purchase_floors":[8],"current_hp_per_floor":[56,61,41,40,41,41,34,34,34,34,40,40,40,42,42,47,62,53,25,38,36,36,36,36,36,36,36,36,36,28,38,38,0],"gold":262,"neow_bonus":"ONE_RARE_RELIC","is_prod":false,"is_daily":false,"chose_seed":false,"campfire_upgraded":8,"win_rate":0,"timestamp":1550486176,"path_taken":["M","?","?","M","M","R","?","$","T","R","M","R","?","E","R","BOSS","M","M","M","?","$","R","?","R","T","?","?","R","M","?","R","BOSS"],"build_version":"2019-01-23","purchased_purges":1,"victory":false,"max_hp_per_floor":[60,65,65,65,65,65,65,65,65,65,65,65,65,67,67,67,67,69,71,73,36,36,36,36,36,36,36,36,36,36,38,38,38],"card_choices":[{"not_picked":["Slice","Prepared","Cloak And Dagger"],"picked":"SKIP","floor":1},{"not_picked":["Accuracy","Choke"],"picked":"Noxious Fumes","floor":4},{"not_picked":["Dagger Spray","Outmaneuver"],"picked":"Infinite Blades","floor":5},{"not_picked":["Flying Knee","Masterful Stab"],"picked":"Noxious Fumes","floor":11},{"not_picked":["Leg Sweep","Outmaneuver","Poisoned Stab"],"picked":"Singing Bowl","floor":14},{"not_picked":["Grand Finale","Bullet Time"],"picked":"Adrenaline","floor":16},{"not_picked":["Underhanded Strike","Poisoned Stab","Flying Knee"],"picked":"Singing Bowl","floor":18},{"not_picked":["Underhanded Strike","All Out Attack+1","Poisoned Stab"],"picked":"Singing Bowl","floor":19},{"not_picked":["Masterful Stab","Reflex","Backstab"],"picked":"Singing Bowl","floor":20},{"not_picked":["Caltrops","Dagger Spray+1"],"picked":"Burst","floor":27},{"not_picked":["Masterful Stab","Concentrate"],"picked":"Expertise+1","floor":30},{"not_picked":["Sucker Punch","Heel Hook","Dash+1"],"picked":"Singing Bowl","floor":31}],"player_experience":2913411,"relics_obtained":[{"floor":9,"key":"Singing Bowl"},{"floor":13,"key":"Omamori"},{"floor":14,"key":"Pantograph"},{"floor":26,"key":"Happy Flower"},{"floor":27,"key":"Red Mask"}],"event_choices":[{"damage_healed":0,"gold_gain":0,"player_choice":"Donut","damage_taken":0,"max_hp_gain":5,"max_hp_loss":0,"event_name":"Big Fish","floor":2,"gold_loss":0},{"damage_healed":0,"gold_gain":0,"player_choice":"Entered Light","damage_taken":20,"max_hp_gain":0,"max_hp_loss":0,"event_name":"Shining Light","floor":3,"gold_loss":0,"cards_upgraded":["Defend_G","Defend_G"]},{"cards_removed":["Strike_G"],"damage_healed":0,"gold_gain":0,"player_choice":"Card Removal","damage_taken":7,"max_hp_gain":0,"max_hp_loss":0,"event_name":"Golden Wing","floor":7,"gold_loss":0},{"damage_healed":0,"gold_gain":0,"player_choice":"Became a Ghost","damage_taken":0,"max_hp_gain":0,"max_hp_loss":37,"event_name":"Ghosts","floor":21,"gold_loss":0,"cards_obtained":["Ghostly","Ghostly","Ghostly"]},{"damage_healed":0,"gold_gain":0,"player_choice":"Read","damage_taken":0,"max_hp_gain":0,"max_hp_loss":0,"event_name":"The Library","floor":24,"gold_loss":0,"cards_obtained":["Escape Plan"]},{"damage_healed":0,"gold_gain":0,"player_choice":"Fought Bandits","damage_taken":0,"max_hp_gain":0,"max_hp_loss":0,"event_name":"Masked Bandits","floor":27,"gold_loss":0},{"cards_removed":["Strike_G"],"damage_healed":0,"gold_gain":0,"player_choice":"Purged","damage_taken":0,"max_hp_gain":0,"max_hp_loss":0,"event_name":"Purifier","floor":28,"gold_loss":0}],"is_beta":false,"boss_relics":[{"not_picked":["Cursed Key","HoveringKite"],"picked":"Runic Dome"}],"items_purged_floors":[22],"is_endless":false,"potions_floor_spawned":[4,11,16,19],"killed_by":"Collector","ascension_level":20}