{"gold_per_floor":[210,135,85,11,11,38,38,53,53,53,64,74,90,106,106,202,202,218,238,238,251,251,251,297,297],"floor_reached":25,"playtime":727,"items_purged":["Strike_G"],"score":203,"play_id":"233a89e0-67ff-454b-8fa4-a7439db571a0","local_time":"20181118233828","is_ascension_mode":false,"campfire_choices":[{"data":"Bouncing Flask","floor":7.0,"key":"SMITH"},{"data":"Noxious Fumes","floor":15.0,"key":"SMITH"},{"data":"Tactician","floor":23,"key":"SMITH"}],"neow_cost":"NONE","seed_source_timestamp":0,"circlet_count":0,"master_deck":["Defend_G","Defend_G","Defend_G","Defend_G","Defend_G","Strike_G","Strike_G","Survivor","Neutralize","Bouncing Flask+1","Sucker Punch","Flying Knee","Bullet Time","Footwork","Tactician+1","Acrobatics","Noxious Fumes+1","After Image","Calculated Gamble","Concentrate","RitualDagger"],"special_seed":0,"relics":["Ring of the Snake","Mummified Hand","Ornamental Fan","Lizard Tail","Lantern"],"potions_floor_usage":[25],"damage_taken":[{"damage":0.0,"enemies":"Jaw Worm","floor":1.0,"turns":4.0},{"damage":34.0,"enemies":"Gremlin Nob","floor":6.0,"turns":6.0},{"damage":6.0,"enemies":"Cultist","floor":8.0,"turns":4.0},{"damage":5.0,"enemies":"2 Louse","floor":11.0,"turns":2.0},{"damage":8.0,"enemies":"Large Slime","floor":12.0,"turns":6.0},{"damage":0.0,"enemies":"Blue Slaver","floor":13.0,"turns":4.0},{"damage":3.0,"enemies":"Red Slaver","floor":14.0,"turns":4.0},{"damage":4.0,"enemies":"Hexaghost","floor":16.0,"turns":8.0},{"damage":14,"enemies":"3 Byrds","floor":18,"turns":4},{"damage":6,"enemies":"Shell Parasite","floor":19,"turns":4},{"damage":0,"enemies":"Snecko","floor":21,"turns":5},{"damage":16,"enemies":"Centurion and Healer","floor":25,"turns":8}],"seed_played":"-8491586715827669261","potions_obtained":[{"floor":1.0,"key":"Dexterity Potion"},{"floor":12.0,"key":"GhostInAJar"},{"floor":13.0,"key":"LiquidBronze"},{"floor":16.0,"key":"Regen Potion"}],"is_trial":false,"path_per_floor":["M","$","?","$","?","E","R","M","T","?","M","M","M","M","R","B",null,"M","M","?","M","?","R","T","M"],"character_chosen":"THE_SILENT","items_purchased":["Sucker Punch","Flying Knee"],"campfire_rested":0,"item_purchase_floors":[4,4],"current_hp_per_floor":[70,70,70,70,70,36,36,30,30,30,25,17,17,14,14,10,70,56,50,37,37,31,31,31,29],"gold":297,"neow_bonus":"HUNDRED_GOLD","is_prod":false,"is_daily":false,"chose_seed":true,"campfire_upgraded":3,"win_rate":0,"timestamp":1542555508,"path_taken":["M","$","?","$","?","E","R","?","T","?","M","?","M","M","R","BOSS","M","M","?","M","?","R","?","?"],"build_version":"2018-11-15","purchased_purges":1,"victory":false,"max_hp_per_floor":[70,70,70,70,70,70,70,70,70,70,70,70,70,70,70,70,70,70,70,75,75,75,75,75,75],"card_choices":[{"not_picked":["Slice","Bane"],"picked":"Bouncing Flask","floor":1.0},{"not_picked":["Bane","Cloak And Dagger","Caltrops"],"picked":"SKIP","floor":6.0},{"not_picked":["Bouncing Flask","Sucker Punch","Underhanded Strike"],"picked":"SKIP","floor":8.0},{"not_picked":["Skewer","Predator"],"picked":"Footwork","floor":11.0},{"not_picked":["Quick Slash","Prepared"],"picked":"Tactician","floor":12.0},{"not_picked":["Blade Dance","Underhanded Strike"],"picked":"Acrobatics","floor":13.0},{"not_picked":["Finisher","Underhanded Strike"],"picked":"Noxious Fumes","floor":14.0},{"not_picked":["Envenom","Tools of the Trade"],"picked":"After Image","floor":16.0},{"not_picked":["Blade Dance","Sucker Punch","Deadly Poison"],"picked":"SKIP","floor":18},{"not_picked":["Underhanded Strike","Cloak And Dagger"],"picked":"Calculated Gamble","floor":19},{"not_picked":["Deadly Poison+1","Setup"],"picked":"Concentrate","floor":21}],"player_experience":1101049,"relics_obtained":[{"floor":6.0,"key":"Mummified Hand"},{"floor":9.0,"key":"Ornamental Fan"},{"floor":24,"key":"Lantern"}],"event_choices":[{"cards_removed":["Strike_G"],"damage_healed":0.0,"max_hp_gain":0.0,"max_hp_loss":0.0,"gold_gain":0.0,"event_name":"The Cleric","player_choice":"Card Removal","floor":3.0,"gold_loss":50.0,"damage_taken":0.0},{"damage_healed":0.0,"max_hp_gain":0.0,"max_hp_loss":0.0,"gold_gain":0.0,"cards_transformed":["Strike_G"],"event_name":"Transmorgrifier","player_choice":"Transformed","floor":5.0,"gold_loss":0.0,"damage_taken":0.0,"cards_obtained":["Bullet Time"]},{"cards_removed":["Strike_G"],"damage_healed":0.0,"max_hp_gain":0.0,"max_hp_loss":0.0,"gold_gain":0.0,"event_name":"NoteForYourself","player_choice":"Took Card","floor":10.0,"gold_loss":0.0,"damage_taken":0.0,"cards_obtained":["Strike_G"]},{"damage_healed":0,"gold_gain":0,"player_choice":"Shed Blood","damage_taken":18,"max_hp_gain":5,"max_hp_loss":0,"event_name":"Forgotten Altar","floor":20,"gold_loss":0},{"damage_healed":0,"gold_gain":0,"player_choice":"Joined the Cult","damage_taken":6,"max_hp_gain":0,"max_hp_loss":0,"event_name":"Nest","floor":22,"gold_loss":0,"cards_obtained":["RitualDagger"]}],"is_beta":true,"boss_relics":[{"not_picked":["Snecko Eye","Velvet Choker"],"picked":"Lizard Tail"}],"items_purged_floors":[2],"is_endless":false,"potions_floor_spawned":[1,12,13,14,16],"killed_by":"Centurion and Healer","ascension_level":0}