{"gold_per_floor":[113,113,113,113,113,144,144,163,163,238,238,254,91,101,101,180,180,193,134,150,150,150,150,150],"floor_reached":24,"playtime":577,"items_purged":["Strike_G"],"score":434,"play_id":"7ff069b1-02a0-4e91-a680-be91d05d838a","local_time":"20190204123743","is_ascension_mode":true,"campfire_choices":[{"floor":7.0,"key":"DIG"},{"data":"Deadly Poison","floor":11.0,"key":"SMITH"},{"floor":15.0,"key":"DIG"},{"data":"Acrobatics","floor":23,"key":"SMITH"}],"neow_cost":"NONE","seed_source_timestamp":12150774043898,"circlet_count":0,"master_deck":["AscendersBane","Defend_G+1","Defend_G","Defend_G","Defend_G","Defend_G","Strike_G","Strike_G","Survivor","Neutralize+1","Poisoned Stab","Deadly Poison+1","Footwork+1","Deadly Poison","Grand Finale","Escape Plan","Acrobatics","Acrobatics+1"],"special_seed":0,"relics":["Ring of the Snake","NeowsBlessing","Shovel","Pantograph","Frozen Egg 2","Nunchaku","Cursed Key"],"potions_floor_usage":[20],"damage_taken":[{"damage":0.0,"enemies":"2 Louse","floor":1.0,"turns":1.0},{"damage":0.0,"enemies":"Lagavulin","floor":6.0,"turns":1.0},{"damage":0.0,"enemies":"Jaw Worm","floor":8.0,"turns":1.0},{"damage":2.0,"enemies":"Small Slimes","floor":12.0,"turns":4.0},{"damage":0.0,"enemies":"3 Louse","floor":14.0,"turns":4.0},{"damage":26.0,"enemies":"Hexaghost","floor":16.0,"turns":10.0},{"damage":0.0,"enemies":"Spheric Guardian","floor":18.0,"turns":5.0},{"damage":2,"enemies":"3 Byrds","floor":20,"turns":5},{"damage":62,"enemies":"Cultist and Chosen","floor":24,"turns":7}],"seed_played":"-8469094106347640348","potions_obtained":[{"floor":6.0,"key":"GamblersBrew"},{"floor":14.0,"key":"PowerPotion"}],"is_trial":false,"path_per_floor":["M","?","?","?","?","E","R","M","T","?","R","M","$","M","R","B",null,"M","$","M","?","$","R","M"],"character_chosen":"THE_SILENT","items_purchased":["Footwork+1","Acrobatics"],"campfire_rested":0,"item_purchase_floors":[13,19],"current_hp_per_floor":[59,59,52,57,36,36,36,36,36,25,25,23,23,23,23,22,59,59,59,57,57,57,57,0],"gold":150,"neow_bonus":"THREE_ENEMY_KILL","is_prod":false,"is_daily":false,"chose_seed":false,"campfire_upgraded":2,"win_rate":0,"timestamp":1549255063,"path_taken":["M","?","?","?","?","E","R","M","T","?","R","M","$","M","R","BOSS","M","$","M","?","$","R","M"],"build_version":"2019-01-23","purchased_purges":1,"victory":false,"max_hp_per_floor":[66,66,66,71,71,71,71,71,71,71,71,71,71,71,71,71,71,71,71,71,71,71,71,71],"card_choices":[{"not_picked":["Blade Dance","PiercingWail","Sucker Punch"],"picked":"SKIP","floor":1.0},{"not_picked":["Slice","All Out Attack"],"picked":"Poisoned Stab","floor":6.0},{"not_picked":["Dagger Throw","Riddle With Holes"],"picked":"Deadly Poison","floor":8.0},{"not_picked":["Setup","Slice","Sucker Punch"],"picked":"SKIP","floor":12.0},{"not_picked":["Sucker Punch","Bane","Deadly Poison"],"picked":"SKIP","floor":14.0},{"not_picked":["Sucker Punch","Bane"],"picked":"Deadly Poison","floor":14.0},{"not_picked":["Tools of the Trade+1","Bullet Time"],"picked":"Grand Finale","floor":16.0},{"not_picked":["Deflect","Skewer"],"picked":"Escape Plan","floor":18.0},{"not_picked":["Deflect","Dagger Throw","Quick Slash"],"picked":"SKIP","floor":20}],"player_experience":2500729,"relics_obtained":[{"floor":6.0,"key":"Shovel"},{"floor":7.0,"key":"Pantograph"},{"floor":9.0,"key":"Frozen Egg 2"},{"floor":15.0,"key":"Nunchaku"}],"event_choices":[{"cards_removed":["Strike_G"],"damage_healed":0.0,"max_hp_gain":0.0,"max_hp_loss":0.0,"gold_gain":0.0,"event_name":"Living Wall","player_choice":"Forget","floor":2.0,"gold_loss":0.0,"damage_taken":0.0},{"cards_removed":["Strike_G"],"damage_healed":0.0,"max_hp_gain":0.0,"max_hp_loss":0.0,"gold_gain":0.0,"event_name":"Golden Wing","player_choice":"Card Removal","floor":3.0,"gold_loss":0.0,"damage_taken":7.0},{"damage_healed":0.0,"max_hp_gain":5.0,"max_hp_loss":0.0,"gold_gain":0.0,"event_name":"Big Fish","player_choice":"Donut","floor":4.0,"gold_loss":0.0,"damage_taken":0.0},{"damage_healed":0.0,"max_hp_gain":0.0,"max_hp_loss":0.0,"gold_gain":0.0,"event_name":"Shining Light","player_choice":"Entered Light","floor":5.0,"gold_loss":0.0,"damage_taken":21.0,"cards_upgraded":["Neutralize","Defend_G"]},{"damage_healed":0.0,"max_hp_gain":0.0,"max_hp_loss":0.0,"gold_gain":75.0,"event_name":"World of Goop","player_choice":"Gather Gold","floor":10.0,"gold_loss":0.0,"damage_taken":11.0},{"damage_healed":0,"gold_gain":0,"player_choice":"Copied","damage_taken":0,"max_hp_gain":0,"max_hp_loss":0,"event_name":"Duplicator","floor":21,"gold_loss":0,"cards_obtained":["Acrobatics"]}],"is_beta":false,"boss_relics":[{"not_picked":["Tiny House","Philosopher\u0027s Stone"],"picked":"Cursed Key"}],"items_purged_floors":[13],"is_endless":false,"potions_floor_spawned":[6,14],"killed_by":"Cultist and Chosen","ascension_level":20}