{"gold_per_floor":[20,31,49,69,19,19,50,50,77,87,87,12,47,59,59,157,157,173,88,187,75,75,75,75,93,145,157,188,210,222,246,258,375,387,418,430,442,454,484,496,215,215,215,226,241,259,259,0,0,0],"floor_reached":51,"playtime":1947,"items_purged":["Strike_B","Strike_B+1"],"score":782,"play_id":"8ee36bd7-688f-47c1-89d5-28471a21eaf4","local_time":"20190618122905","is_ascension_mode":false,"campfire_choices":[{"data":"Chaos","floor":6.0,"key":"SMITH"},{"data":"Turbo","floor":8.0,"key":"SMITH"},{"data":"Defragment","floor":15.0,"key":"SMITH"},{"data":"Capacitor","floor":23,"key":"SMITH"},{"data":"Turbo","floor":27,"key":"SMITH"},{"data":"Biased Cognition","floor":30,"key":"SMITH"},{"data":"Fusion","floor":32,"key":"SMITH"},{"floor":40,"key":"RECALL"},{"floor":47,"key":"REST"},{"floor":49,"key":"REST"}],"neow_cost":"NO_GOLD","seed_source_timestamp":7213499038489,"circlet_count":0,"master_deck":["Defend_B+1","Defend_B+1","Zap+1","Dualcast+1","Chaos+1","Coolheaded+1","Skim+1","Hologram+1","Turbo+1","Skim+1","Defragment+1","Cold Snap+1","Fusion+1","Biased Cognition+1","Turbo+1","Capacitor+1","Glacier+1","White Noise+1","Skim+1","Storm+1","Amplify+1","Conserve Battery+1","Impatience","Creative AI","Recycle+1","Conserve Battery+1"],"special_seed":0,"relics":["Cracked Core","Ancient Tea Set","Regal Pillow","Bronze Scales","Runic Pyramid","Bag of Preparation","MawBank","Fusion Hammer","Mark of the Bloom","Membership Card","Juzu Bracelet","Red Mask"],"potions_floor_usage":[50,50,50],"damage_taken":[{"damage":0.0,"enemies":"Cultist","floor":1.0,"turns":4.0},{"damage":7.0,"enemies":"2 Louse","floor":2.0,"turns":2.0},{"damage":0.0,"enemies":"Small Slimes","floor":3.0,"turns":4.0},{"damage":2.0,"enemies":"3 Louse","floor":4.0,"turns":4.0},{"damage":20.0,"enemies":"3 Sentries","floor":7.0,"turns":6.0},{"damage":0.0,"enemies":"Exordium Wildlife","floor":10.0,"turns":2.0},{"damage":6.0,"enemies":"Gremlin Nob","floor":13.0,"turns":3.0},{"damage":2.0,"enemies":"Large Slime","floor":14.0,"turns":5.0},{"damage":3.0,"enemies":"Hexaghost","floor":16.0,"turns":9.0},{"damage":13,"enemies":"2 Thieves","floor":18,"turns":3},{"damage":0,"enemies":"3 Byrds","floor":25,"turns":2},{"damage":0,"enemies":"Shelled Parasite and Fungi","floor":28,"turns":3},{"damage":0,"enemies":"Snake Plant","floor":29,"turns":4},{"damage":0,"enemies":"Centurion and Healer","floor":31,"turns":3},{"damage":0,"enemies":"Automaton","floor":33,"turns":5},{"damage":0,"enemies":"Orb Walker","floor":35,"turns":3},{"damage":0,"enemies":"3 Darklings","floor":39,"turns":3},{"damage":0,"enemies":"Maw","floor":44,"turns":3},{"damage":0,"enemies":"Transient","floor":45,"turns":5},{"damage":0,"enemies":"Jaw Worm Horde","floor":46,"turns":2},{"damage":0,"enemies":"Awakened One","floor":50,"turns":6}],"seed_played":"4487998680101054494","potions_obtained":[{"floor":4.0,"key":"PowerPotion"},{"floor":7.0,"key":"Poison Potion"},{"floor":10.0,"key":"Explosive Potion"},{"floor":14.0,"key":"Swift Potion"},{"floor":28,"key":"FocusPotion"}],"is_trial":false,"path_per_floor":["M","M","M","M","?","R","E","R","T","M","?","$","E","M","R","B",null,"M","?","?","$","$","R","?","M","T","R","M","M","R","M","R","B",null,"M","?","?","?","M","R","$","?","T","M","M","M","R","?","R","B",null],"character_chosen":"DEFECT","items_purchased":["Capacitor","Glacier","Membership Card","Impatience"],"campfire_rested":2,"item_purchase_floors":[21,21,41,41],"current_hp_per_floor":[75,68,68,66,66,66,46,46,46,46,31,31,25,23,23,20,75,62,62,62,62,62,62,62,62,62,62,62,62,62,62,62,62,75,75,71,71,71,71,71,71,71,71,71,71,71,71,71,71,71],"gold":0,"neow_bonus":"TRANSFORM_TWO_CARDS","is_prod":false,"is_daily":false,"chose_seed":false,"campfire_upgraded":7,"win_rate":0,"timestamp":1560832145,"path_taken":["M","M","M","?","?","R","E","R","T","M","?","$","E","M","R","BOSS","M","?","?","?","$","R","?","M","T","R","M","M","R","M","R","BOSS","M","?","?","?","M","R","$","?","T","M","M","M","R","?","R","BOSS"],"build_version":"2019-01-23","purchased_purges":2,"victory":true,"max_hp_per_floor":[75,75,75,75,75,75,75,75,75,75,75,75,75,75,75,75,75,75,75,75,75,75,75,75,75,75,75,75,75,75,75,75,75,75,75,71,71,71,71,71,71,71,71,71,71,71,71,71,71,71],"card_choices":[{"not_picked":["Ball Lightning","Turbo"],"picked":"Skim","floor":1.0},{"not_picked":["Melter","Barrage"],"picked":"Hologram","floor":2.0},{"not_picked":["Cold Snap","Streamline"],"picked":"Turbo","floor":3.0},{"not_picked":["Stack","Leap"],"picked":"Ball Lightning","floor":4.0},{"not_picked":["Cold Snap","Go for the Eyes"],"picked":"Skim","floor":7.0},{"not_picked":["Rainbow","Barrage"],"picked":"Defragment","floor":10.0},{"not_picked":["Static Discharge","Gash"],"picked":"Cold Snap","floor":13.0},{"not_picked":["Cold Snap","Ball Lightning"],"picked":"Fusion","floor":14.0},{"not_picked":["All For One","Thunder Strike"],"picked":"Biased Cognition","floor":16.0},{"not_picked":["Beam Cell","Ball Lightning"],"picked":"Turbo","floor":18},{"not_picked":["Leap+1","Conserve Battery"],"picked":"White Noise","floor":25},{"not_picked":["Turbo","Aggregate"],"picked":"Skim","floor":28},{"not_picked":["Cold Snap","Machine Learning"],"picked":"Storm+1","floor":29},{"not_picked":["Ball Lightning","Rebound+1","Conserve Battery"],"picked":"SKIP","floor":31},{"not_picked":["Echo Form","Hyperbeam"],"picked":"Amplify","floor":33},{"not_picked":["Chaos","Streamline","Stack+1"],"picked":"SKIP","floor":35},{"not_picked":["Barrage","Coolheaded","Conserve Battery+1"],"picked":"SKIP","floor":39},{"not_picked":["Barrage","Coolheaded"],"picked":"Conserve Battery+1","floor":39},{"not_picked":["Compile Driver+1","Sweeping Beam+1"],"picked":"Creative AI","floor":44},{"not_picked":["Go for the Eyes","Lockon+1"],"picked":"Recycle+1","floor":45},{"not_picked":["Stack","Barrage"],"picked":"Conserve Battery+1","floor":46}],"player_experience":5390244,"relics_obtained":[{"floor":7.0,"key":"Ancient Tea Set"},{"floor":9.0,"key":"Regal Pillow"},{"floor":13.0,"key":"Bronze Scales"},{"floor":26,"key":"MawBank"},{"floor":43,"key":"Juzu Bracelet"}],"event_choices":[{"cards_removed":["Strike_B"],"damage_healed":0.0,"max_hp_gain":0.0,"max_hp_loss":0.0,"gold_gain":0.0,"event_name":"The Cleric","player_choice":"Card Removal","floor":5.0,"gold_loss":50.0,"damage_taken":0.0},{"damage_healed":0.0,"max_hp_gain":0.0,"max_hp_loss":0.0,"gold_gain":0.0,"event_name":"Shining Light","player_choice":"Entered Light","floor":11.0,"gold_loss":0.0,"damage_taken":15.0,"cards_upgraded":["Strike_B","Dualcast"]},{"damage_healed":0,"gold_gain":0,"player_choice":"Obtained Relic","damage_taken":0,"relics_obtained":["Bag of Preparation"],"max_hp_gain":0,"max_hp_loss":0,"event_name":"Addict","floor":19,"gold_loss":85},{"damage_healed":0,"gold_gain":99,"player_choice":"Stole From Cult","damage_taken":0,"max_hp_gain":0,"max_hp_loss":0,"event_name":"Nest","floor":20,"gold_loss":0},{"cards_removed":["Defend_B"],"damage_healed":0,"gold_gain":0,"player_choice":"Elegance","damage_taken":0,"max_hp_gain":0,"max_hp_loss":0,"event_name":"Back to Basics","floor":24,"gold_loss":0},{"damage_healed":0,"gold_gain":0,"player_choice":"Max HP","damage_taken":0,"max_hp_gain":0,"max_hp_loss":4,"event_name":"Winding Halls","floor":36,"gold_loss":0},{"damage_healed":0,"gold_gain":0,"player_choice":"Upgrade","damage_taken":0,"relics_obtained":["Mark of the Bloom"],"max_hp_gain":0,"max_hp_loss":0,"event_name":"MindBloom","floor":37,"gold_loss":0,"cards_upgraded":["Defend_B","Defend_B","Zap","Coolheaded","Skim","Hologram","Ball Lightning","Skim","Cold Snap","Glacier","White Noise","Skim","Amplify"]},{"cards_removed":["Ball Lightning"],"damage_healed":0,"gold_gain":0,"player_choice":"Removed Attack","damage_taken":0,"max_hp_gain":0,"max_hp_loss":0,"event_name":"Falling","floor":38,"gold_loss":0},{"damage_healed":0,"gold_gain":0,"player_choice":"Memory 1","damage_taken":0,"max_hp_gain":0,"max_hp_loss":0,"event_name":"SensoryStone","floor":42,"gold_loss":0},{"damage_healed":0,"gold_gain":0,"player_choice":"Paid","damage_taken":0,"relics_obtained":["Red Mask"],"max_hp_gain":0,"max_hp_loss":0,"event_name":"Tomb of Lord Red Mask","floor":48,"gold_loss":259}],"is_beta":false,"boss_relics":[{"not_picked":["Orrery","Empty Cage"],"picked":"Runic Pyramid"},{"not_picked":["Runic Dome","Tiny House"],"picked":"Fusion Hammer"}],"items_purged_floors":[12,41],"is_endless":false,"potions_floor_spawned":[4,7,10,14,28,31,39,44],"ascension_level":0}