{"gold_per_floor":[114,189,339,264,264,264,288,302,347,50,50,50,66,84,84,177,177,192,213,226,206,221,221],"floor_reached":23,"playtime":529,"items_purged":["Strike_B"],"score":366,"play_id":"7ab754f2-fb1a-404a-8e42-89298c110d3b","local_time":"20181012155156","is_ascension_mode":true,"campfire_choices":[{"data":"Zap","floor":6,"key":"SMITH"},{"data":"Barrage","floor":11,"key":"SMITH"},{"data":"Defragment","floor":15,"key":"SMITH"}],"neow_cost":"NONE","seed_source_timestamp":144223447564358,"circlet_count":0,"master_deck":["Strike_B","Strike_B","Defend_B","Defend_B","Defend_B","Defend_B","Zap+1","Dualcast","AscendersBane","Cold Snap","Leap","Barrage+1","Electrodynamics","Ball Lightning","Barrage","Defragment+1","Fission","Beam Cell"],"relics":["Cracked Core","Centennial Puzzle","Golden Idol","Happy Flower","Black Star"],"potions_floor_usage":[16,16,16,18,19,20],"damage_taken":[{"damage":1,"enemies":"Cultist","floor":1,"turns":3},{"damage":5,"enemies":"Jaw Worm","floor":7,"turns":3},{"damage":5,"enemies":"2 Louse","floor":8,"turns":3},{"damage":8,"enemies":"Blue Slaver","floor":13,"turns":2},{"damage":1,"enemies":"Gremlin Gang","floor":14,"turns":2},{"damage":8,"enemies":"Hexaghost","floor":16,"turns":8},{"damage":12,"enemies":"3 Byrds","floor":18,"turns":3},{"damage":14,"enemies":"Shell Parasite","floor":19,"turns":5},{"damage":20,"enemies":"Cultist and Chosen","floor":20,"turns":6},{"damage":0,"enemies":"Centurion and Healer","floor":22,"turns":4},{"damage":0,"enemies":"Book of Stabbing","floor":23,"turns":1}],"seed_played":"1236879160620379872","potions_obtained":[{"floor":8,"key":"SpeedPotion"},{"floor":14,"key":"EntropicBrew"},{"floor":16,"key":"Weak Potion"},{"floor":19,"key":"PowerPotion"},{"floor":20,"key":"Fire Potion"},{"floor":21,"key":"SteroidPotion"}],"is_trial":false,"path_per_floor":["M","?","?","?","?","R","M","M","T","$","R","?","M","M","R","B",null,"M","M","M","?","M"],"character_chosen":"DEFECT","items_purchased":["Electrodynamics","Ball Lightning"],"campfire_rested":0,"item_purchase_floors":[10,10],"current_hp_per_floor":[63,52,52,52,52,52,47,42,42,42,42,42,34,33,33,25,54,42,28,8,8,8,8],"gold":221,"neow_bonus":"RANDOM_COMMON_RELIC","is_prod":false,"is_daily":false,"chose_seed":false,"campfire_upgraded":3,"win_rate":0,"timestamp":1539330716,"path_taken":["M","?","?","?","?","R","M","?","T","$","R","?","M","M","R","BOSS","M","M","?","?","?","E"],"build_version":"2018-10-11","purchased_purges":1,"victory":false,"max_hp_per_floor":[71,71,71,71,64,64,64,64,64,64,64,64,64,64,64,64,64,64,64,64,64,64,64],"card_choices":[{"not_picked":["Leap","Lockon"],"picked":"Cold Snap","floor":1},{"not_picked":["Steam","Recycle"],"picked":"Leap","floor":7},{"not_picked":["Redo","Conserve Battery"],"picked":"Barrage","floor":8},{"not_picked":["Heatsinks","Rebound"],"picked":"Defragment","floor":13},{"not_picked":["Machine Learning","Rebound","Stack"],"picked":"SKIP","floor":14},{"not_picked":["Machine Learning","Reboot"],"picked":"Fission","floor":16},{"not_picked":["Reinforced Body","Steam","Sweeping Beam"],"picked":"SKIP","floor":18},{"not_picked":["Fusion","Gash","Scrape"],"picked":"SKIP","floor":19},{"not_picked":["Sweeping Beam","Turbo","Compile Driver+1"],"picked":"SKIP","floor":20},{"not_picked":["Melter","Steam Power"],"picked":"Beam Cell","floor":22}],"player_experience":310790,"relics_obtained":[{"floor":9,"key":"Happy Flower"}],"event_choices":[{"event_name":"World of Goop","player_choice":"Gather Gold","floor":2,"damage_taken":0},{"event_name":"Liars Game","player_choice":"agreed","floor":3,"damage_taken":0},{"event_name":"The Cleric","player_choice":"Card Removal","floor":4,"damage_taken":0},{"event_name":"Golden Idol","player_choice":"Lose Max HP","floor":5,"damage_taken":0},{"event_name":"Living Wall","player_choice":"Change","floor":12,"damage_taken":0},{"event_name":"The Woman in Blue","player_choice":"Bought 1 Potion","floor":21,"damage_taken":0}],"is_beta":false,"boss_relics":[{"not_picked":["Philosopher\u0027s Stone","Tiny House"],"picked":"Black Star"}],"items_purged_floors":[10],"is_endless":false,"potions_floor_spawned":[8,14,16,19,20],"killed_by":"Book of Stabbing","ascension_level":20}