{"gold_per_floor":[11,11,27,47,65,65,104,104,173,173,248,173,173],"floor_reached":13,"playtime":274,"items_purged":["Strike_G"],"score":166,"play_id":"62c13766-eb90-4686-a11f-67f3bd476d2c","local_time":"20181224121546","is_ascension_mode":true,"campfire_choices":[{"data":"Glass Knife","floor":6,"key":"SMITH"},{"data":"Neutralize","floor":8,"key":"SMITH"}],"neow_cost":"NO_GOLD","seed_source_timestamp":6579921997223,"circlet_count":0,"master_deck":["AscendersBane","Defend_G","Defend_G","Defend_G","Defend_G","Defend_G","Strike_G","Strike_G","Survivor","Neutralize+1","Glass Knife+1","Quick Slash","Tactician","Footwork"],"relics":["Ring of the Snake","Golden Idol","Shovel","Sundial"],"potions_floor_usage":[],"damage_taken":[{"damage":0,"enemies":"Cultist","floor":1,"turns":4},{"damage":0,"enemies":"2 Louse","floor":3,"turns":2},{"damage":0,"enemies":"Small Slimes","floor":4,"turns":3},{"damage":1,"enemies":"3 Louse","floor":5,"turns":4},{"damage":34,"enemies":"Lagavulin","floor":7,"turns":6},{"damage":24,"enemies":"Gremlin Nob","floor":13,"turns":4}],"seed_played":"6216272275912505769","potions_obtained":[{"floor":1,"key":"Explosive Potion"},{"floor":5,"key":"Poison Potion"}],"is_trial":false,"path_per_floor":["M","?","M","M","M","R","E","R","T","?","?","$","E"],"character_chosen":"THE_SILENT","items_purchased":[],"campfire_rested":0,"item_purchase_floors":[],"current_hp_per_floor":[59,59,59,59,58,58,24,24,24,44,33,33,9],"gold":173,"neow_bonus":"TRANSFORM_TWO_CARDS","is_prod":false,"is_daily":false,"chose_seed":false,"campfire_upgraded":2,"win_rate":0,"timestamp":1545624946,"path_taken":["M","?","M","M","M","R","E","R","T","?","?","$","E"],"build_version":"2018-12-20","purchased_purges":1,"victory":false,"max_hp_per_floor":[66,60,60,60,60,60,60,60,60,60,60,60,60],"card_choices":[{"not_picked":["Quick Slash","Dagger Throw"],"picked":"Tactician","floor":1},{"not_picked":["Slice","Prepared","Bane"],"picked":"SKIP","floor":3},{"not_picked":["Quick Slash","PiercingWail","Flying Knee"],"picked":"SKIP","floor":4},{"not_picked":["Quick Slash","PiercingWail","Flying Knee"],"picked":"SKIP","floor":4},{"not_picked":["Corpse Explosion","Crippling Poison","Cloak And Dagger"],"picked":"SKIP","floor":5},{"not_picked":["Catalyst","Blade Dance","Footwork"],"picked":"SKIP","floor":7},{"not_picked":["Catalyst","Blade Dance"],"picked":"Footwork","floor":7}],"player_experience":1234880,"relics_obtained":[{"floor":7,"key":"Shovel"},{"floor":9,"key":"Sundial"}],"event_choices":[{"damage_healed":0,"gold_gain":0,"player_choice":"Lose Max HP","damage_taken":0,"relics_obtained":["Golden Idol"],"max_hp_gain":0,"max_hp_loss":6,"event_name":"Golden Idol","floor":2,"gold_loss":0},{"damage_healed":20,"gold_gain":0,"player_choice":"Banana","damage_taken":0,"max_hp_gain":0,"max_hp_loss":0,"event_name":"Big Fish","floor":10,"gold_loss":0},{"damage_healed":0,"gold_gain":75,"player_choice":"Gather Gold","damage_taken":11,"max_hp_gain":0,"max_hp_loss":0,"event_name":"World of Goop","floor":11,"gold_loss":0}],"is_beta":true,"boss_relics":[],"items_purged_floors":[12],"is_endless":false,"potions_floor_spawned":[1,5,7],"killed_by":"Gremlin Nob","ascension_level":20}