{"gold_per_floor":[115,134,154,2,12,12,12,12,12,12,30,30,30,48,48,48],"floor_reached":16,"playtime":344,"items_purged":[],"score":179,"play_id":"622a8757-3266-4054-ab53-5ece33bac619","local_time":"20181219153224","is_ascension_mode":true,"campfire_choices":[{"data":"Searing Blow","floor":6,"key":"SMITH"},{"data":"Searing Blow+1","floor":8,"key":"SMITH"},{"data":"Searing Blow+2","floor":10,"key":"SMITH"},{"data":"Searing Blow+4","floor":15,"key":"SMITH"}],"neow_cost":"TEN_PERCENT_HP_LOSS","seed_source_timestamp":22479589271262,"circlet_count":0,"master_deck":["AscendersBane","Strike_R+1","Strike_R","Strike_R","Strike_R","Strike_R","Defend_R","Defend_R","Defend_R","Defend_R","Bash","Thinking Ahead","Impatience","Uppercut","Searing Blow+5","Fiend Fire","Disarm"],"special_seed":0,"relics":["Burning Blood","Blue Candle"],"potions_floor_usage":[5],"damage_taken":[{"damage":7.0,"enemies":"Cultist","floor":1.0,"turns":4.0},{"damage":10.0,"enemies":"Small Slimes","floor":2.0,"turns":3.0},{"damage":2.0,"enemies":"Jaw Worm","floor":3.0,"turns":4.0},{"damage":10,"enemies":"Gremlin Gang","floor":5,"turns":5},{"damage":15,"enemies":"Blue Slaver","floor":11,"turns":4},{"damage":19,"enemies":"Exordium Thugs","floor":14,"turns":3},{"damage":21,"enemies":"Hexaghost","floor":16,"turns":8}],"seed_played":"-7170266868215170919","potions_obtained":[{"floor":1.0,"key":"Strength Potion"},{"floor":11,"key":"EssenceOfSteel"}],"is_trial":false,"path_per_floor":["M","M","M","$","M","R","$","R","T","R","M","?","T","M","R","B"],"character_chosen":"IRONCLAD","items_purchased":["Fiend Fire"],"campfire_rested":0,"item_purchase_floors":[4],"current_hp_per_floor":[67,63,67,67,63,63,63,63,63,63,54,34,34,21,21,0],"gold":48,"neow_bonus":"RANDOM_COLORLESS_2","is_prod":false,"is_daily":false,"chose_seed":false,"campfire_upgraded":4,"win_rate":0,"timestamp":1545204744,"path_taken":["M","M","M","$","M","R","?","R","T","R","?","?","?","?","R","BOSS"],"build_version":"2018-12-13","purchased_purges":0,"victory":false,"max_hp_per_floor":[68,68,68,68,68,68,68,68,68,68,68,68,68,68,68,68],"card_choices":[{"not_picked":["Perfected Strike","Heavy Blade"],"picked":"Uppercut","floor":1.0},{"not_picked":["Inflame","Clothesline"],"picked":"Searing Blow","floor":2.0},{"not_picked":["Wild Strike","Twin Strike","Body Slam"],"picked":"SKIP","floor":3.0},{"not_picked":["Havoc","Pummel"],"picked":"Disarm","floor":5},{"not_picked":["Brutality","Anger","Cleave"],"picked":"SKIP","floor":11},{"not_picked":["Inflame","Carnage","Flex"],"picked":"SKIP","floor":14}],"player_experience":1379319,"relics_obtained":[{"floor":13,"key":"Blue Candle"}],"event_choices":[{"damage_healed":0,"gold_gain":0,"player_choice":"Entered Light","damage_taken":20,"max_hp_gain":0,"max_hp_loss":0,"event_name":"Shining Light","floor":12,"gold_loss":0,"cards_upgraded":["Strike_R","Searing Blow"]}],"is_beta":false,"boss_relics":[],"items_purged_floors":[],"is_endless":false,"potions_floor_spawned":[1,11],"killed_by":"Hexaghost","ascension_level":19}