{"gold_per_floor":[14,14,31,50,64,64,84,84,84,84,84,84,115,125,125,196,196,208,31,306,325,113,113,129,129,159,159,177,177,189,222,222,222],"floor_reached":33,"playtime":1179,"items_purged":["Strike_G","Regret"],"score":476,"play_id":"f92cb02a-2fe3-4fd3-a8a6-2adadc68b0ad","local_time":"20190212142244","is_ascension_mode":true,"campfire_choices":[{"data":"Cloak And Dagger","floor":6.0,"key":"SMITH"},{"data":"Blade Dance","floor":8.0,"key":"SMITH"},{"data":"Accuracy","floor":12.0,"key":"SMITH"},{"data":"Envenom","floor":15.0,"key":"SMITH"},{"data":"Catalyst","floor":23.0,"key":"SMITH"},{"data":"Neutralize","floor":25.0,"key":"SMITH"},{"data":"Finisher","floor":27.0,"key":"SMITH"},{"data":"Terror","floor":32,"key":"SMITH"}],"neow_cost":"NO_GOLD","seed_source_timestamp":1285837264227714,"circlet_count":0,"master_deck":["AscendersBane","Defend_G","Defend_G","Defend_G","Defend_G","Strike_G","Survivor","Neutralize+1","Blur","Blur","Cloak And Dagger+1","Endless Agony","Blade Dance+1","Accuracy+1","Envenom+1","Corpse Explosion","Finisher+1","Footwork","Catalyst+1","Acrobatics","Impatience","Terror+1","Backflip"],"special_seed":0,"relics":["Ring of the Snake","Kunai","Unceasing Top","Du-Vu Doll","Coffee Dripper","Tiny Chest","Red Mask"],"potions_floor_usage":[31],"damage_taken":[{"damage":13.0,"enemies":"Jaw Worm","floor":1.0,"turns":11.0},{"damage":1.0,"enemies":"Small Slimes","floor":3.0,"turns":7.0},{"damage":0.0,"enemies":"Cultist","floor":4.0,"turns":5.0},{"damage":0.0,"enemies":"Gremlin Gang","floor":5.0,"turns":7.0},{"damage":1.0,"enemies":"Blue Slaver","floor":7.0,"turns":4.0},{"damage":0.0,"enemies":"3 Sentries","floor":13.0,"turns":8.0},{"damage":0.0,"enemies":"Looter","floor":14.0,"turns":4.0},{"damage":14.0,"enemies":"Slime Boss","floor":16.0,"turns":13.0},{"damage":0.0,"enemies":"2 Thieves","floor":18.0,"turns":4.0},{"damage":10.0,"enemies":"Chosen","floor":21.0,"turns":4.0},{"damage":17.0,"enemies":"Shelled Parasite and Fungi","floor":24.0,"turns":6.0},{"damage":5.0,"enemies":"3 Cultists","floor":28.0,"turns":3.0},{"damage":1.0,"enemies":"Cultist and Chosen","floor":30.0,"turns":6.0},{"damage":0,"enemies":"Masked Bandits","floor":31,"turns":2},{"damage":25,"enemies":"Collector","floor":33,"turns":6}],"seed_played":"2792381234777683387","potions_obtained":[{"floor":3.0,"key":"LiquidBronze"},{"floor":5.0,"key":"Weak Potion"},{"floor":24.0,"key":"GamblersBrew"}],"is_trial":false,"path_per_floor":["M","?","M","M","M","R","M","R","T","?","?","R","E","M","R","B",null,"M","$","?","M","$","R","M","R","T","R","M","?","M","?","R","B"],"character_chosen":"THE_SILENT","items_purchased":["Footwork","Catalyst","Acrobatics","Impatience"],"campfire_rested":0,"item_purchase_floors":[19,19,22,22],"current_hp_per_floor":[46,35,34,34,34,34,33,33,33,26,26,26,26,26,26,12,53,53,53,53,43,43,43,26,26,26,26,21,21,20,20,20,0],"gold":222,"neow_bonus":"TRANSFORM_TWO_CARDS","is_prod":false,"is_daily":false,"chose_seed":false,"campfire_upgraded":8,"win_rate":0,"timestamp":1549952564,"path_taken":["M","?","M","M","M","R","M","R","T","?","?","R","E","M","R","BOSS","M","$","?","M","$","R","?","R","T","R","M","?","M","?","R","BOSS"],"build_version":"2019-01-23","purchased_purges":2,"victory":false,"max_hp_per_floor":[66,66,66,66,66,66,66,66,66,66,66,66,66,66,66,66,66,66,66,66,66,66,66,66,66,66,66,66,66,66,66,66,66],"card_choices":[{"not_picked":["Blade Dance","Slice"],"picked":"Cloak And Dagger","floor":1.0},{"not_picked":["Backflip","Flying Knee"],"picked":"Endless Agony","floor":3.0},{"not_picked":["Slice","Bane"],"picked":"Blade Dance","floor":4.0},{"not_picked":["Backflip","Catalyst"],"picked":"Accuracy","floor":5.0},{"not_picked":["Caltrops","Leg Sweep","Prepared"],"picked":"SKIP","floor":7.0},{"not_picked":["Bane","Sucker Punch"],"picked":"Envenom","floor":13.0},{"not_picked":["Slice","Poisoned Stab","Underhanded Strike"],"picked":"SKIP","floor":14.0},{"not_picked":["Storm of Steel","Glass Knife"],"picked":"Corpse Explosion","floor":16.0},{"not_picked":["Quick Slash","Outmaneuver"],"picked":"Finisher","floor":18.0},{"not_picked":["PiercingWail","Outmaneuver","Expertise"],"picked":"SKIP","floor":21.0},{"not_picked":["Outmaneuver","Flying Knee","Sucker Punch"],"picked":"SKIP","floor":24.0},{"not_picked":["Heel Hook","Poisoned Stab+1","Dodge and Roll"],"picked":"SKIP","floor":28.0},{"not_picked":["Dodge and Roll","Die Die Die"],"picked":"Terror","floor":30.0},{"not_picked":["Blur","Dash"],"picked":"Backflip","floor":31}],"player_experience":733270,"relics_obtained":[{"floor":9.0,"key":"Unceasing Top"},{"floor":13.0,"key":"Du-Vu Doll"},{"floor":26.0,"key":"Tiny Chest"},{"floor":31,"key":"Red Mask"}],"event_choices":[{"damage_healed":0.0,"max_hp_gain":0.0,"max_hp_loss":0.0,"gold_gain":0.0,"event_name":"Scrap Ooze","player_choice":"Success","floor":2.0,"gold_loss":0.0,"damage_taken":11.0,"relics_obtained":["Kunai"]},{"cards_removed":["Defend_G"],"damage_healed":0.0,"max_hp_gain":0.0,"max_hp_loss":0.0,"gold_gain":0.0,"event_name":"Golden Wing","player_choice":"Card Removal","floor":10.0,"gold_loss":0.0,"damage_taken":7.0},{"cards_removed":["Strike_G"],"damage_healed":0.0,"max_hp_gain":0.0,"max_hp_loss":0.0,"gold_gain":0.0,"event_name":"Purifier","player_choice":"Purged","floor":11.0,"gold_loss":0.0,"damage_taken":0.0},{"damage_healed":0.0,"max_hp_gain":0.0,"max_hp_loss":0.0,"gold_gain":275.0,"event_name":"Golden Shrine","player_choice":"Desecrate","floor":20.0,"gold_loss":0.0,"damage_taken":0.0,"cards_obtained":["Regret"]},{"damage_healed":0.0,"max_hp_gain":0.0,"max_hp_loss":0.0,"gold_gain":0.0,"event_name":"Vampires","player_choice":"Ignored","floor":29.0,"gold_loss":0.0,"damage_taken":0.0},{"damage_healed":0,"gold_gain":0,"player_choice":"Fought Bandits","damage_taken":0,"max_hp_gain":0,"max_hp_loss":0,"event_name":"Masked Bandits","floor":31,"gold_loss":0}],"is_beta":false,"boss_relics":[{"not_picked":["Fusion Hammer","Sozu"],"picked":"Coffee Dripper"}],"items_purged_floors":[19,22],"is_endless":false,"potions_floor_spawned":[3,5,13,24,30],"killed_by":"Collector","ascension_level":15}