{"gold_per_floor":[112,61,136,156,6,6,24,24,24,24,24,68,88,127,127,255,255,278,301,56,56,56,56,74,94,94,94,137,114,114,133,133,253,253,277,295,295,295,315,315,338,351,351,27,52,65,86,100,100,100],"floor_reached":51,"playtime":1769,"items_purged":["Strike_G","Skewer","Flying Knee+1"],"score":781,"play_id":"c78b923c-2f0d-4e99-9dae-b5080448c4b5","local_time":"20181031112202","is_ascension_mode":false,"campfire_choices":[{"data":"Glass Knife","floor":6.0,"key":"SMITH"},{"data":"Deadly Poison","floor":8.0,"key":"SMITH"},{"data":"Neutralize","floor":10.0,"key":"SMITH"},{"data":"Terror","floor":15.0,"key":"SMITH"},{"data":"Catalyst","floor":23.0,"key":"SMITH"},{"data":"Well Laid Plans","floor":27.0,"key":"SMITH"},{"data":"Noxious Fumes","floor":30.0,"key":"SMITH"},{"data":"Grand Finale","floor":32.0,"key":"SMITH"},{"data":"Backflip","floor":40.0,"key":"SMITH"},{"data":"Juggernaut","floor":49,"key":"SMITH"}],"neow_cost":"TEN_PERCENT_HP_LOSS","seed_source_timestamp":4929233736295,"circlet_count":0,"master_deck":["Survivor+1","Neutralize+1","After Image+1","Blade Dance+1","Deadly Poison+1","Glass Knife+1","Terror+1","Backflip+1","Blur+1","Corpse Explosion+1","PiercingWail+1","Well Laid Plans+1","Calculated Gamble+1","Poisoned Stab+1","Catalyst+1","Poisoned Stab+1","Backflip+1","Footwork+1","Bouncing Flask+1","Backflip+1","Grand Finale+1","Noxious Fumes+1","Night Terror+1","Backflip+1","Deadly Poison+1","Backflip+1","Poisoned Stab+1","Clash+1","Dark Shackles","Body Slam+1","Juggernaut+1"],"special_seed":0,"relics":["Ring of the Snake","Gremlin Horn","Golden Idol","Orichalcum","Pear","Pandora\u0027s Box","Oddly Smooth Stone","Unceasing Top","Bottled Tornado","MawBank","Coffee Dripper","Mark of the Bloom","PrismaticShard"],"potions_floor_usage":[],"damage_taken":[{"damage":0.0,"enemies":"Jaw Worm","floor":1.0,"turns":4.0},{"damage":0.0,"enemies":"Small Slimes","floor":4.0,"turns":3.0},{"damage":0.0,"enemies":"2 Louse","floor":7.0,"turns":2.0},{"damage":8.0,"enemies":"3 Sentries","floor":12.0,"turns":8.0},{"damage":0.0,"enemies":"Gremlin Gang","floor":13.0,"turns":4.0},{"damage":2.0,"enemies":"Gremlin Nob","floor":14.0,"turns":4.0},{"damage":10.0,"enemies":"The Guardian","floor":16.0,"turns":9.0},{"damage":0.0,"enemies":"2 Thieves","floor":18.0,"turns":1.0},{"damage":4.0,"enemies":"Spheric Guardian","floor":19.0,"turns":5.0},{"damage":0.0,"enemies":"Centurion and Healer","floor":24.0,"turns":3.0},{"damage":0.0,"enemies":"3 Cultists","floor":25.0,"turns":2.0},{"damage":1.0,"enemies":"Gremlin Leader","floor":28.0,"turns":5.0},{"damage":0.0,"enemies":"Sentry and Sphere","floor":31.0,"turns":2.0},{"damage":16.0,"enemies":"Collector","floor":33.0,"turns":5.0},{"damage":0.0,"enemies":"3 Shapes","floor":35.0,"turns":3.0},{"damage":0.0,"enemies":"3 Darklings","floor":36.0,"turns":2.0},{"damage":0.0,"enemies":"Spire Growth","floor":39.0,"turns":4.0},{"damage":0.0,"enemies":"Maw","floor":41.0,"turns":4.0},{"damage":0.0,"enemies":"Jaw Worm Horde","floor":42.0,"turns":2.0},{"damage":0,"enemies":"4 Shapes","floor":45,"turns":3},{"damage":0,"enemies":"Maw","floor":46,"turns":5},{"damage":0,"enemies":"Spire Growth","floor":47,"turns":4},{"damage":0,"enemies":"Transient","floor":48,"turns":4},{"damage":0,"enemies":"Donu and Deca","floor":50,"turns":6}],"seed_played":"1061687432397493953","potions_obtained":[{"floor":7.0,"key":"SkillPotion"},{"floor":12.0,"key":"Poison Potion"},{"floor":14.0,"key":"EssenceOfSteel"},{"floor":16.0,"key":"Energy Potion"},{"floor":19.0,"key":"Swift Potion"},{"floor":25.0,"key":"EssenceOfSteel"},{"floor":28.0,"key":"Energy Potion"},{"floor":31.0,"key":"Fire Potion"},{"floor":39.0,"key":"GamblersBrew"}],"is_trial":false,"path_per_floor":["M","$","?","M","$","R","M","R","T","R","?","E","M","E","R","B",null,"M","M","$","?","?","R","M","M","T","R","E","$","R","M","R","B",null,"M","M","?","?","M","R","M","M","T","$","M","M","M","M","R","B"],"character_chosen":"THE_SILENT","items_purchased":["Deadly Poison","Glass Knife","Oddly Smooth Stone","Noxious Fumes","PrismaticShard"],"campfire_rested":0,"item_purchase_floors":[2,5,20,29,44],"current_hp_per_floor":[63,63,52,52,52,52,52,52,52,52,52,44,44,52,52,42,68,68,64,64,64,64,64,64,64,64,64,63,63,63,63,63,47,68,68,68,68,68,68,68,68,68,68,68,68,68,68,68,68,68],"gold":100,"neow_bonus":"THREE_RARE_CARDS","is_prod":false,"is_daily":false,"chose_seed":false,"campfire_upgraded":10,"win_rate":0,"timestamp":1540956122,"path_taken":["M","$","?","M","$","R","?","R","T","R","?","E","M","E","R","BOSS","M","M","$","?","?","R","M","M","T","R","E","$","R","M","R","BOSS","M","M","?","?","M","R","?","?","T","?","M","M","M","M","R","BOSS"],"build_version":"2018-10-25v2","purchased_purges":3,"victory":true,"max_hp_per_floor":[63,63,63,63,63,63,63,63,63,63,58,58,58,68,68,68,68,68,68,68,68,68,68,68,68,68,68,68,68,68,68,68,68,68,68,68,68,68,68,68,68,68,68,68,68,68,68,68,68,68],"card_choices":[{"not_picked":["Unload","Storm of Steel"],"picked":"After Image","floor":0.0},{"not_picked":["Acrobatics","Flying Knee"],"picked":"Blade Dance","floor":1.0},{"not_picked":["Acrobatics","Dash","Flying Knee"],"picked":"SKIP","floor":4.0},{"not_picked":["Concentrate","Quick Slash","Dodge and Roll"],"picked":"SKIP","floor":7.0},{"not_picked":["Bane","Riddle With Holes"],"picked":"Terror","floor":12.0},{"not_picked":["PiercingWail","Quick Slash"],"picked":"Backflip","floor":13.0},{"not_picked":["Sucker Punch","Skewer"],"picked":"Blur","floor":14.0},{"not_picked":["Storm of Steel","Malaise"],"picked":"Corpse Explosion","floor":16.0},{"not_picked":["Slice","Bane"],"picked":"Backflip","floor":18.0},{"not_picked":["Masterful Stab","Leg Sweep"],"picked":"Footwork","floor":19.0},{"not_picked":["Choke","Acrobatics","Bane"],"picked":"SKIP","floor":24.0},{"not_picked":["Caltrops","Masterful Stab"],"picked":"Backflip","floor":25.0},{"not_picked":["Deadly Poison","Bouncing Flask"],"picked":"Grand Finale","floor":28.0},{"not_picked":["Flying Knee+1","Outmaneuver","Predator+1"],"picked":"SKIP","floor":31.0},{"not_picked":["Unload","Glass Knife"],"picked":"Night Terror","floor":33.0},{"not_picked":["Eviscerate+1","Sucker Punch+1"],"picked":"Backflip+1","floor":35.0},{"not_picked":["Sucker Punch+1","Finisher+1"],"picked":"Deadly Poison","floor":36.0},{"not_picked":["Acrobatics","Quick Slash+1"],"picked":"Backflip","floor":39.0},{"not_picked":["Choke","Dodge and Roll+1","Dagger Throw"],"picked":"SKIP","floor":41.0},{"not_picked":["Flying Knee+1","Outmaneuver"],"picked":"Poisoned Stab+1","floor":42.0},{"not_picked":["Twin Strike+1","Metallicize"],"picked":"Clash+1","floor":45},{"not_picked":["Cold Snap","Shrug It Off"],"picked":"Dark Shackles","floor":46},{"not_picked":["Perfected Strike+1","Warcry"],"picked":"Body Slam+1","floor":47},{"not_picked":["Seeing Red","Rebound"],"picked":"Juggernaut","floor":48}],"player_experience":767358,"relics_obtained":[{"floor":9.0,"key":"Gremlin Horn"},{"floor":12.0,"key":"Orichalcum"},{"floor":14.0,"key":"Pear"},{"floor":26.0,"key":"Bottled Tornado"},{"floor":28.0,"key":"MawBank"}],"event_choices":[{"damage_healed":0.0,"max_hp_gain":0.0,"max_hp_loss":0.0,"gold_gain":75.0,"event_name":"World of Goop","player_choice":"Gather Gold","floor":3.0,"gold_loss":0.0,"damage_taken":11.0},{"damage_healed":0.0,"max_hp_gain":0.0,"max_hp_loss":5.0,"gold_gain":0.0,"event_name":"Golden Idol","player_choice":"Lose Max HP","floor":11.0,"gold_loss":0.0,"damage_taken":0.0,"relics_obtained":["Golden Idol"]},{"damage_healed":0.0,"max_hp_gain":0.0,"max_hp_loss":0.0,"gold_gain":0.0,"event_name":"The Mausoleum","player_choice":"Opened","floor":21.0,"gold_loss":0.0,"damage_taken":0.0,"relics_obtained":["Unceasing Top"]},{"damage_healed":0.0,"max_hp_gain":0.0,"max_hp_loss":0.0,"gold_gain":0.0,"event_name":"The Library","player_choice":"Read","floor":22.0,"gold_loss":0.0,"damage_taken":0.0,"cards_obtained":["Bouncing Flask"]},{"damage_healed":0.0,"max_hp_gain":0.0,"max_hp_loss":0.0,"gold_gain":0.0,"event_name":"MindBloom","player_choice":"Upgrade","floor":37.0,"gold_loss":0.0,"damage_taken":0.0,"cards_upgraded":["Survivor","After Image","Blade Dance","Backflip","Blur","Corpse Explosion","PiercingWail","Calculated Gamble","Poisoned Stab","All Out Attack","Poisoned Stab","Flying Knee","Backflip","Footwork","Bouncing Flask","Backflip","Night Terror","Deadly Poison"],"relics_obtained":["Mark of the Bloom"]},{"cards_removed":["All Out Attack"],"damage_healed":0.0,"max_hp_gain":0.0,"max_hp_loss":0.0,"gold_gain":0.0,"event_name":"Falling","player_choice":"Removed Attack","floor":38.0,"gold_loss":0.0,"damage_taken":0.0}],"is_beta":false,"boss_relics":[{"not_picked":["Snecko Eye","Empty Cage"],"picked":"Pandora\u0027s Box"},{"not_picked":["Orrery","Cursed Key"],"picked":"Coffee Dripper"}],"items_purged_floors":[5,20,44],"is_endless":false,"potions_floor_spawned":[7,12,14,16,19,25,28,31,39,46,47],"ascension_level":0}