{"gold_per_floor":[113,113,129,129,149,183,183,203,203,203,221,221,235,160,160,286,286,305,305,134,134,149,149,149],"floor_reached":24,"playtime":2159,"items_purged":["Defend_B","Strike_B"],"score":196,"play_id":"da9dbcd5-9c07-4397-90fa-2c959526d0a3","local_time":"20180623203932","is_ascension_mode":false,"campfire_choices":[{"floor":7.0,"key":"REST"},{"floor":15.0,"key":"REST"},{"data":"Chaos","floor":23,"key":"SMITH"}],"neow_cost":"","seed_source_timestamp":0,"circlet_count":0,"master_deck":["Strike_B","Defend_B","Zap","Dualcast+1","Darkness","Glacier+1","Thunder Strike","Tempest","Clumsy","Barrage","Chaos+1","Rainbow","Scrape+1","Redo+1","Recycle+1","Sunder","Capacitor","Storm+1"],"special_seed":0,"relics":["Cursed Key","Golden Idol","Art of War","Bottled Lightning","Gambling Chip","Astrolabe"],"potions_floor_usage":[22,24],"damage_taken":[{"damage":5.0,"enemies":"Small Slimes","floor":1.0,"turns":3.0},{"damage":6.0,"enemies":"Jaw Worm","floor":3.0,"turns":5.0},{"damage":0.0,"enemies":"Cultist","floor":5.0,"turns":3.0},{"damage":13.0,"enemies":"Lagavulin","floor":6.0,"turns":8.0},{"damage":5.0,"enemies":"3 Louse","floor":8.0,"turns":2.0},{"damage":0.0,"enemies":"Large Slime","floor":11.0,"turns":2.0},{"damage":0.0,"enemies":"Exordium Thugs","floor":13.0,"turns":3.0},{"damage":7.0,"enemies":"Hexaghost","floor":16.0,"turns":7.0},{"damage":28.0,"enemies":"2 Thieves","floor":18.0,"turns":3.0},{"damage":10,"enemies":"Spheric Guardian","floor":22,"turns":3},{"damage":49,"enemies":"Gremlin Leader","floor":24,"turns":5}],"seed_played":"5867881008672233726","potions_obtained":[{"floor":3.0,"key":"Fruit Juice"},{"floor":5.0,"key":"LiquidBronze"},{"floor":6.0,"key":"Poison Potion"},{"floor":13.0,"key":"Weak Potion"},{"floor":18.0,"key":"SpeedPotion"},{"floor":21,"key":"Fruit Juice"}],"is_trial":false,"path_per_floor":["M","?","M","?","M","E","R","M","T","?","M","?","M","$","R","B",null,"M","?","$","?","M","R"],"character_chosen":"DEFECT","items_purchased":["Capacitor"],"campfire_rested":2,"item_purchase_floors":[20],"current_hp_per_floor":[70,52,46,31,36,23,47,42,42,42,42,35,35,35,59,52,80,52,52,52,52,47,47,0],"gold":149,"neow_bonus":"","is_prod":false,"is_daily":false,"chose_seed":false,"campfire_upgraded":1,"win_rate":0,"timestamp":1529779172,"path_taken":["M","?","M","?","M","E","R","?","T","?","M","?","M","$","R","BOSS","M","?","$","?","M","R","E"],"build_version":"2018-06-21v2","purchased_purges":2,"victory":false,"max_hp_per_floor":[75,75,75,75,80,80,80,80,80,80,80,80,80,80,80,80,80,80,80,80,80,85,85,85],"card_choices":[{"not_picked":["Steam","Barrage"],"picked":"Darkness","floor":1.0},{"not_picked":["Redo","Turbo"],"picked":"Glacier","floor":3.0},{"not_picked":["Streamline","Cold Snap"],"picked":"Thunder Strike","floor":5.0},{"not_picked":["Buffer","Sweeping Beam"],"picked":"Tempest","floor":6.0},{"not_picked":["Redo","Recycle","Gash"],"picked":"SKIP","floor":8.0},{"not_picked":["Redo","Stack"],"picked":"Barrage","floor":11.0},{"not_picked":["Gash","Rip and Tear"],"picked":"Chaos","floor":13.0},{"not_picked":["Machine Learning","Core Surge"],"picked":"Rainbow","floor":16.0},{"not_picked":["Conserve Battery","Sweeping Beam+1"],"picked":"Sunder","floor":18.0},{"not_picked":["Chill","Hologram"],"picked":"Storm+1","floor":22}],"player_experience":271187,"relics_obtained":[{"floor":6.0,"key":"Art of War"},{"floor":9.0,"key":"Bottled Lightning"}],"event_choices":[{"event_name":"Golden Idol","player_choice":"Take Damage","floor":2.0,"damage_taken":0.0},{"event_name":"Shining Light","player_choice":"Entered Light","floor":4.0,"damage_taken":0.0},{"event_name":"Wheel of Change","player_choice":"Relic","floor":10.0,"damage_taken":0.0},{"event_name":"Golden Wing","player_choice":"Card Removal","floor":12.0,"damage_taken":0.0},{"event_name":"Vampires","player_choice":"Ignored","floor":19.0,"damage_taken":0.0},{"event_name":"The Lab","player_choice":"Got Potions","floor":21,"damage_taken":0}],"boss_relics":[{"not_picked":["Runic Dome","Fusion Hammer"],"picked":"Astrolabe"}],"items_purged_floors":[],"is_endless":false,"potions_floor_spawned":[3,5,6,13,18],"killed_by":"Gremlin Leader","ascension_level":0}