{"gold_per_floor":[113,113,132,132,132,163,163,30,30,43,43,69,79,97,97,174,174,186,203,14,14,34,34,34,34,34,34,34,34,67,78,78,156,156,175,175,175,175,175,50,50,50,50,66,66,83,108,124,124,124,124],"floor_reached":52,"playtime":1726,"items_purged":["Pain","Strike_B","Strike_B"],"score":1887,"play_id":"bbceb648-a611-4f42-a20a-8da06570ed06","local_time":"20190131160505","is_ascension_mode":true,"campfire_choices":[{"data":"Zap","floor":11.0,"key":"SMITH"},{"data":"Reinforced Body","floor":15.0,"key":"SMITH"},{"data":"Hologram","floor":23.0,"key":"SMITH"},{"floor":25.0,"key":"REST"},{"data":"Ball Lightning","floor":29.0,"key":"SMITH"},{"floor":32.0,"key":"REST"},{"data":"Coolheaded","floor":41.0,"key":"SMITH"},{"data":"Double Energy","floor":49.0,"key":"SMITH"}],"neow_cost":"NONE","seed_source_timestamp":254564887375117,"circlet_count":0,"master_deck":["AscendersBane","Strike_B","Defend_B","Defend_B","Defend_B","Defend_B","Zap+1","Cold Snap","Capacitor","Buffer+1","Ball Lightning+1","Loop+1","Defragment+1","Reinforced Body+1","Electrodynamics+1","Hologram+1","Defragment+1","Coolheaded+1","Seek","Blizzard+1","Loop+1","Double Energy+1","Parasite","Heatsinks+1","Coolheaded"],"special_seed":0,"relics":["Cracked Core","NeowsBlessing","Frozen Egg 2","Boot","WarpedTongs","Bottled Tornado","Bag of Preparation","Inserter","Torii","Regal Pillow","theJungle:BirthdayCakeSlice","DataDisk","Orrery","Bag of Marbles","Smiling Mask"],"potions_floor_usage":[],"damage_taken":[{"damage":0.0,"enemies":"Small Slimes","floor":1.0,"turns":1.0},{"damage":0.0,"enemies":"2 Louse","floor":3.0,"turns":1.0},{"damage":0.0,"enemies":"Gremlin Nob","floor":6.0,"turns":1.0},{"damage":0.0,"enemies":"Cultist","floor":10.0,"turns":3.0},{"damage":10.0,"enemies":"3 Sentries","floor":12.0,"turns":8.0},{"damage":18.0,"enemies":"Lots of Slimes","floor":13.0,"turns":4.0},{"damage":17.0,"enemies":"Blue Slaver","floor":14.0,"turns":3.0},{"damage":13.0,"enemies":"Hexaghost","floor":16.0,"turns":8.0},{"damage":13.0,"enemies":"theJungle:GiantWrat","floor":18.0,"turns":4.0},{"damage":0.0,"enemies":"theJungle:5_Spyders","floor":19.0,"turns":1.0},{"damage":27.0,"enemies":"theJungle:2_Flameangoes","floor":22.0,"turns":4.0},{"damage":0.0,"enemies":"theJungle:Cassacara","floor":30.0,"turns":5.0},{"damage":0.0,"enemies":"theJungle:2_Snecko_Cultists","floor":31.0,"turns":3.0},{"damage":10.0,"enemies":"theJungle:FunGuy","floor":33.0,"turns":8.0},{"damage":9.0,"enemies":"3 Shapes","floor":35.0,"turns":2.0},{"damage":0.0,"enemies":"3 Darklings","floor":44.0,"turns":2.0},{"damage":0.0,"enemies":"Writhing Mass","floor":46.0,"turns":5.0},{"damage":1.0,"enemies":"Giant Head","floor":47.0,"turns":8.0},{"damage":18.0,"enemies":"4 Shapes","floor":48.0,"turns":3.0},{"damage":7.0,"enemies":"Awakened One","floor":50.0,"turns":17.0},{"damage":34,"enemies":"Donu and Deca","floor":51,"turns":10}],"seed_played":"5812521785133440579","potions_obtained":[{"floor":1.0,"key":"EssenceOfSteel"},{"floor":3.0,"key":"Regen Potion"},{"floor":13.0,"key":"Weak Potion"},{"floor":31.0,"key":"Weak Potion"}],"is_trial":false,"path_per_floor":["M","?","M","?","?","E","?","$","T","M","R","E","M","M","R","B",null,"M","M","$","?","M","R","?","R","T","?","?","R","E","M","R","B",null,"M","?","?","?","?","$","R","$","T","M","?","M","E","M","R","B","B",null],"character_chosen":"DEFECT","items_purchased":["Ball Lightning","Defragment+1"],"campfire_rested":2,"item_purchase_floors":[8,20],"current_hp_per_floor":[64,69,69,69,58,58,58,58,58,58,58,63,45,28,28,15,61,48,48,48,48,21,21,6,28,28,28,33,33,33,33,72,62,76,67,67,67,67,67,67,67,67,67,67,67,67,66,48,48,41,7],"gold":124,"neow_bonus":"THREE_ENEMY_KILL","is_prod":false,"is_daily":false,"chose_seed":false,"campfire_upgraded":6,"win_rate":0,"timestamp":1548921905,"path_taken":["M","?","M","?","?","E","?","$","T","M","R","E","?","M","R","BOSS","M","?","$","?","?","R","?","R","T","?","?","R","E","M","R","BOSS","M","?","?","?","?","$","R","?","T","?","?","M","E","M","R","BOSS","BOSS"],"build_version":"2019-01-23","purchased_purges":3,"victory":true,"max_hp_per_floor":[71,76,76,76,76,76,76,76,76,76,76,76,76,76,76,76,76,76,76,76,76,76,76,76,76,76,76,81,81,81,81,81,81,81,81,81,81,81,81,81,81,81,81,81,77,77,77,77,77,77,77],"card_choices":[{"not_picked":["Tempest","BootSequence"],"picked":"Cold Snap","floor":1.0},{"not_picked":["Streamline","Cold Snap"],"picked":"Capacitor","floor":3.0},{"not_picked":["Redo","Hello World+1"],"picked":"Buffer+1","floor":6.0},{"not_picked":["Tempest","Stack"],"picked":"Loop+1","floor":10.0},{"not_picked":["Skim","Streamline"],"picked":"Defragment+1","floor":12.0},{"not_picked":["Rip and Tear","Compile Driver"],"picked":"Reinforced Body","floor":13.0},{"not_picked":["Fusion","White Noise","Barrage"],"picked":"SKIP","floor":14.0},{"not_picked":["Amplify","Biased Cognition+1"],"picked":"Electrodynamics+1","floor":16.0},{"not_picked":["Compile Driver","Ball Lightning","Reinforced Body"],"picked":"SKIP","floor":18.0},{"not_picked":["Beam Cell","Ball Lightning"],"picked":"Hologram","floor":19.0},{"not_picked":["Gash+1","Hologram+1","Genetic Algorithm"],"picked":"SKIP","floor":22.0},{"not_picked":["Rebound+1","BootSequence+1","Machine Learning+1"],"picked":"SKIP","floor":30.0},{"not_picked":["Hologram","Double Energy"],"picked":"Coolheaded","floor":31.0},{"not_picked":["Core Surge","Meteor Strike"],"picked":"Seek","floor":33.0},{"not_picked":["Compile Driver","Streamline"],"picked":"Blizzard+1","floor":34.0},{"not_picked":["Double Energy","Genetic Algorithm"],"picked":"Loop+1","floor":34.0},{"not_picked":["Beam Cell+1","Rebound"],"picked":"Double Energy","floor":35.0},{"not_picked":["Sweeping Beam","Steam Power","Lockon+1"],"picked":"SKIP","floor":44.0},{"not_picked":["Beam Cell","Streamline+1"],"picked":"Heatsinks+1","floor":46.0},{"not_picked":["Leap+1","Auto Shields","Conserve Battery"],"picked":"SKIP","floor":47.0},{"not_picked":["Sweeping Beam","Conserve Battery+1"],"picked":"Coolheaded","floor":48.0}],"player_experience":888321,"relics_obtained":[{"floor":6.0,"key":"Boot"},{"floor":9.0,"key":"Bottled Tornado"},{"floor":12.0,"key":"Bag of Preparation"},{"floor":26.0,"key":"Regal Pillow"},{"floor":30.0,"key":"DataDisk"},{"floor":43.0,"key":"Bag of Marbles"},{"floor":47.0,"key":"Smiling Mask"}],"event_choices":[{"damage_healed":0.0,"max_hp_gain":5.0,"max_hp_loss":0.0,"gold_gain":0.0,"event_name":"Big Fish","player_choice":"Donut","floor":2.0,"gold_loss":0.0,"damage_taken":0.0},{"damage_healed":0.0,"max_hp_gain":0.0,"max_hp_loss":0.0,"gold_gain":0.0,"event_name":"Liars Game","player_choice":"Ignored","floor":4.0,"gold_loss":0.0,"damage_taken":0.0},{"damage_healed":0.0,"max_hp_gain":0.0,"max_hp_loss":0.0,"gold_gain":0.0,"event_name":"Scrap Ooze","player_choice":"Success","floor":5.0,"gold_loss":0.0,"damage_taken":11.0,"relics_obtained":["Frozen Egg 2"]},{"damage_healed":0.0,"max_hp_gain":0.0,"max_hp_loss":0.0,"gold_gain":0.0,"event_name":"Accursed Blacksmith","player_choice":"Rummage","floor":7.0,"gold_loss":0.0,"damage_taken":0.0,"relics_obtained":["WarpedTongs"],"cards_obtained":["Pain"]},{"damage_healed":0.0,"max_hp_gain":0.0,"max_hp_loss":0.0,"gold_gain":0.0,"event_name":"WeMeetAgain","player_choice":"Gave Potion","floor":21.0,"gold_loss":0.0,"damage_taken":0.0,"relics_obtained":["Torii"]},{"damage_healed":0.0,"max_hp_gain":0.0,"max_hp_loss":0.0,"gold_gain":0.0,"event_name":"Tomb of Lord Red Mask","player_choice":"Ignored","floor":36.0,"gold_loss":0.0,"damage_taken":0.0},{"cards_removed":["Dualcast"],"damage_healed":0.0,"max_hp_gain":0.0,"max_hp_loss":0.0,"gold_gain":0.0,"event_name":"Falling","player_choice":"Removed Skill","floor":37.0,"gold_loss":0.0,"damage_taken":0.0},{"damage_healed":0.0,"max_hp_gain":0.0,"max_hp_loss":0.0,"gold_gain":0.0,"event_name":"SensoryStone","player_choice":"Memory 1","floor":38.0,"gold_loss":0.0,"damage_taken":0.0},{"damage_healed":0.0,"max_hp_gain":0.0,"max_hp_loss":0.0,"gold_gain":0.0,"event_name":"Mysterious Sphere","player_choice":"Ignored","floor":39.0,"gold_loss":0.0,"damage_taken":0.0},{"damage_healed":0.0,"max_hp_gain":0.0,"max_hp_loss":4.0,"gold_gain":0.0,"event_name":"Winding Halls","player_choice":"Max HP","floor":45.0,"gold_loss":0.0,"damage_taken":0.0}],"is_beta":false,"boss_relics":[{"not_picked":["Nuclear Battery","Tiny House"],"picked":"Inserter"},{"not_picked":["Ectoplasm","White Beast Statue"],"picked":"Orrery"}],"items_purged_floors":[8,20,40],"is_endless":false,"potions_floor_spawned":[1,3,10,13,16,18,19,31,33,44,48],"ascension_level":20}