{"gold_per_floor":[113,113,188,205,130,130,155,155,155,186,244,263,276,309,309,384,384,403,403,403,417,431,431,11,11,11,11,36,51,71,71,71,142,142,155,155,171,46,56,56,74,109,181,181,192,42,42,55,55,55,55,55,55,2,29,29],"floor_reached":57,"playtime":14393,"items_purged":["Strike_B","Defend_B","Shame","Zap"],"score":3150,"play_id":"1fdd8756-c9b5-4867-976d-9eeb225beebb","local_time":"20190506191306","is_ascension_mode":true,"campfire_choices":[{"data":"Darkness","floor":6.0,"key":"SMITH"},{"data":"Dualcast","floor":8.0,"key":"SMITH"},{"data":"Coolheaded","floor":15.0,"key":"SMITH"},{"data":"Loop","floor":23.0,"key":"SMITH"},{"data":"Recycle","floor":25.0,"key":"SMITH"},{"floor":32.0,"key":"RECALL"},{"data":"Biased Cognition","floor":40.0,"key":"SMITH"},{"data":"Undo","floor":44.0,"key":"SMITH"},{"data":"Skim","floor":47,"key":"SMITH"},{"data":"Glacier","floor":49,"key":"SMITH"},{"data":"Defend_B","floor":53,"key":"SMITH"}],"neow_cost":"NONE","seed_source_timestamp":24258801139747,"circlet_count":0,"master_deck":["AscendersBane","Defend_B+1","Dualcast+1","Darkness+1","Undo+1","Coolheaded+1","Glacier+1","Seek+1","Hologram+1","Sunder+1","Core Surge+1","Loop+1","Recycle+1","Echo Form","Coolheaded+1","Biased Cognition+1","Skim+1","Capacitor+1"],"special_seed":0,"relics":["Cracked Core","NeowsBlessing","Turnip","Cables","Molten Egg 2","Potion Belt","Whetstone","Empty Cage","Incense Burner","DataDisk","PreservedInsect","Busted Crown","Pen Nib","Mummified Hand","Question Card","Gremlin Horn"],"potions_floor_usage":[56,56,56],"damage_taken":[{"damage":0.0,"enemies":"Cultist","floor":1.0,"turns":1.0},{"damage":0.0,"enemies":"Jaw Worm","floor":4.0,"turns":1.0},{"damage":0.0,"enemies":"Lagavulin","floor":7.0,"turns":1.0},{"damage":12.0,"enemies":"Gremlin Nob","floor":10.0,"turns":3.0},{"damage":17.0,"enemies":"3 Sentries","floor":11.0,"turns":6.0},{"damage":4.0,"enemies":"2 Louse","floor":12.0,"turns":2.0},{"damage":0.0,"enemies":"Exordium Wildlife","floor":13.0,"turns":3.0},{"damage":0.0,"enemies":"Lagavulin","floor":14.0,"turns":5.0},{"damage":0.0,"enemies":"The Guardian","floor":16.0,"turns":12.0},{"damage":0.0,"enemies":"Chosen","floor":18.0,"turns":4.0},{"damage":4.0,"enemies":"Shell Parasite","floor":21.0,"turns":4.0},{"damage":6.0,"enemies":"Snake Plant","floor":22.0,"turns":3.0},{"damage":7.0,"enemies":"Centurion and Healer","floor":29.0,"turns":7.0},{"damage":0.0,"enemies":"Snecko","floor":30.0,"turns":4.0},{"damage":0.0,"enemies":"Collector","floor":33.0,"turns":8.0},{"damage":13.0,"enemies":"3 Shapes","floor":35.0,"turns":3.0},{"damage":0.0,"enemies":"Orb Walker","floor":37.0,"turns":3.0},{"damage":8.0,"enemies":"3 Darklings","floor":39.0,"turns":6.0},{"damage":0.0,"enemies":"Spire Growth","floor":41.0,"turns":4.0},{"damage":0.0,"enemies":"Giant Head","floor":42.0,"turns":5.0},{"damage":0,"enemies":"4 Shapes","floor":45,"turns":4},{"damage":0,"enemies":"3 Darklings","floor":48,"turns":3},{"damage":0,"enemies":"Awakened One","floor":50,"turns":18},{"damage":0,"enemies":"Donu and Deca","floor":51,"turns":6},{"damage":0,"enemies":"Shield and Spear","floor":55,"turns":6},{"damage":36,"enemies":"The Heart","floor":56,"turns":10}],"seed_played":"3121193804704568170","potions_obtained":[{"floor":7.0,"key":"Swift Potion"},{"floor":11.0,"key":"SpeedPotion"},{"floor":13.0,"key":"Swift Potion"},{"floor":14.0,"key":"Block Potion"},{"floor":18.0,"key":"LiquidBronze"},{"floor":22.0,"key":"SteroidPotion"},{"floor":29.0,"key":"Weak Potion"},{"floor":33.0,"key":"PowerPotion"},{"floor":35.0,"key":"Regen Potion"},{"floor":37.0,"key":"Fire Potion"},{"floor":45,"key":"SteroidPotion"}],"is_trial":false,"path_per_floor":["M","?","?","M","$","R","E","R","T","E","?","M","M","E","R","B",null,"M","?","?","M","M","R","$","R","T","?","T","M","M","?","R","B",null,"M","?","M","$","M","R","M","E","T","R","M","$","R","M","R","B","B",null,"R","$","E","B",null],"character_chosen":"DEFECT","items_purchased":["Incense Burner","AttackPotion"],"campfire_rested":0,"item_purchase_floors":[24,54],"current_hp_per_floor":[64,57,46,46,46,46,46,46,46,34,17,13,13,13,13,13,57,57,57,57,53,47,47,47,47,47,47,47,40,40,40,40,40,63,50,50,50,50,42,42,42,42,42,42,42,42,42,42,42,42,42,64,64,64,64,28],"gold":29,"neow_bonus":"THREE_ENEMY_KILL","is_prod":false,"is_daily":false,"chose_seed":false,"campfire_upgraded":10,"win_rate":0,"timestamp":1557141186,"path_taken":["M","?","?","M","$","R","E","R","T","E","?","?","M","E","R","BOSS","M","?","?","M","?","R","$","R","T","?","?","M","M","?","R","BOSS","M","?","M","$","M","R","M","E","T","R","M","$","R","M","R","BOSS","BOSS","R","$","E","BOSS"],"build_version":"2019-01-23","purchased_purges":4,"victory":true,"max_hp_per_floor":[71,71,71,71,71,71,71,71,71,71,71,71,71,71,71,71,71,71,71,71,71,71,71,71,71,71,71,71,71,71,71,71,71,71,71,71,71,71,71,71,71,71,71,71,71,71,71,71,71,71,71,71,71,71,71,71],"card_choices":[{"not_picked":["Stack","Rebound"],"picked":"Darkness","floor":1.0},{"not_picked":["Steam Power","Rebound","Leap"],"picked":"SKIP","floor":4.0},{"not_picked":["Streamline","Rip and Tear","Compile Driver"],"picked":"SKIP","floor":7.0},{"not_picked":["Coolheaded","Redo"],"picked":"Undo","floor":10.0},{"not_picked":["Rebound+1","Reinforced Body"],"picked":"Coolheaded","floor":11.0},{"not_picked":["Rebound+1","Conserve Battery","Darkness"],"picked":"SKIP","floor":12.0},{"not_picked":["Go for the Eyes+1","Stack","Rip and Tear+1"],"picked":"SKIP","floor":13.0},{"not_picked":["Reprogram","Conserve Battery"],"picked":"Glacier","floor":14.0},{"not_picked":["All For One+1","Rainbow"],"picked":"Seek","floor":16.0},{"not_picked":["Rip and Tear+1","Gash+1"],"picked":"Hologram","floor":18.0},{"not_picked":["Conserve Battery","Force Field+1"],"picked":"Loop","floor":21.0},{"not_picked":["Compile Driver+1","Chill"],"picked":"Recycle","floor":22.0},{"not_picked":["Consume","Beam Cell+1"],"picked":"Echo Form","floor":29.0},{"not_picked":["Ball Lightning+1","Steam Power"],"picked":"Coolheaded+1","floor":30.0},{"not_picked":["Hyperbeam+1","Rainbow"],"picked":"Biased Cognition","floor":33.0},{"not_picked":["Go for the Eyes+1"],"picked":"SKIP","floor":35.0},{"not_picked":["Conserve Battery"],"picked":"SKIP","floor":37.0},{"not_picked":["Barrage+1"],"picked":"SKIP","floor":39.0},{"not_picked":["Storm"],"picked":"SKIP","floor":41.0},{"not_picked":["Reinforced Body"],"picked":"SKIP","floor":42.0},{"not_picked":["Double Energy"],"picked":"Skim","floor":45},{"not_picked":["BootSequence","Barrage+1"],"picked":"SKIP","floor":48},{"not_picked":["Tempest"],"picked":"Capacitor+1","floor":55}],"player_experience":4616707,"relics_obtained":[{"floor":7.0,"key":"Turnip"},{"floor":9.0,"key":"Cables"},{"floor":10.0,"key":"Molten Egg 2"},{"floor":11.0,"key":"Potion Belt"},{"floor":14.0,"key":"Whetstone"},{"floor":28.0,"key":"PreservedInsect"},{"floor":42.0,"key":"Mummified Hand"},{"floor":43.0,"key":"Question Card"},{"floor":55,"key":"Gremlin Horn"}],"event_choices":[{"cards_removed":["Strike_B"],"damage_healed":0.0,"max_hp_gain":0.0,"max_hp_loss":0.0,"gold_gain":0.0,"event_name":"Golden Wing","player_choice":"Card Removal","floor":2.0,"gold_loss":0.0,"damage_taken":7.0},{"damage_healed":0.0,"max_hp_gain":0.0,"max_hp_loss":0.0,"gold_gain":75.0,"event_name":"World of Goop","player_choice":"Gather Gold","floor":3.0,"gold_loss":0.0,"damage_taken":11.0},{"damage_healed":0.0,"max_hp_gain":0.0,"max_hp_loss":0.0,"gold_gain":0.0,"event_name":"Dead Adventurer","player_choice":"Searched \u00272\u0027 times","floor":11.0,"gold_loss":0.0,"damage_taken":0.0},{"damage_healed":0.0,"max_hp_gain":0.0,"max_hp_loss":0.0,"gold_gain":0.0,"cards_transformed":["Strike_B","Strike_B"],"event_name":"Drug Dealer","player_choice":"Became Test Subject","floor":19.0,"gold_loss":0.0,"damage_taken":0.0,"cards_obtained":["Sunder","Core Surge"]},{"damage_healed":0.0,"max_hp_gain":0.0,"max_hp_loss":0.0,"gold_gain":0.0,"event_name":"Upgrade Shrine","player_choice":"Upgraded","floor":20.0,"gold_loss":0.0,"damage_taken":0.0,"cards_upgraded":["Hologram"]},{"damage_healed":0.0,"max_hp_gain":0.0,"max_hp_loss":0.0,"gold_gain":0.0,"event_name":"Addict","player_choice":"Stole Relic","floor":27.0,"gold_loss":0.0,"damage_taken":0.0,"relics_obtained":["DataDisk"],"cards_obtained":["Shame"]},{"damage_healed":0.0,"max_hp_gain":0.0,"max_hp_loss":0.0,"gold_gain":0.0,"event_name":"Accursed Blacksmith","player_choice":"Forge","floor":31.0,"gold_loss":0.0,"damage_taken":0.0,"cards_upgraded":["Seek"]},{"damage_healed":0.0,"max_hp_gain":0.0,"max_hp_loss":0.0,"gold_gain":0.0,"event_name":"WeMeetAgain","player_choice":"Gave Potion","floor":36.0,"gold_loss":0.0,"damage_taken":0.0,"relics_obtained":["Pen Nib"]}],"is_beta":false,"boss_relics":[{"not_picked":["Fusion Hammer","Snecko Eye"],"picked":"Empty Cage"},{"not_picked":["Philosopher\u0027s Stone","Runic Dome"],"picked":"Busted Crown"}],"items_purged_floors":[5,24,38,46],"is_endless":false,"potions_floor_spawned":[7,11,13,14,18,22,29,33,35,37,45,48,55],"ascension_level":20}