{"gold_per_floor":[116,47,65,65,80,80,80,99,99,99,115,115,144,154,154,227,227,239,164,164,174,92,92,103,103,127,27,41,55,55,55,55,55],"floor_reached":33,"playtime":959,"items_purged":["Strike_G","Strike_G"],"score":520,"play_id":"5b54ccee-d390-4893-96b8-8c45398cb8f6","local_time":"20190216001821","is_ascension_mode":true,"campfire_choices":[{"data":"Neutralize","floor":6,"key":"SMITH"},{"data":"Noxious Fumes","floor":10,"key":"SMITH"},{"data":"Footwork","floor":12,"key":"SMITH"},{"data":"Caltrops","floor":15,"key":"SMITH"},{"data":"Well Laid Plans","floor":23,"key":"SMITH"},{"data":"Ghostly","floor":32,"key":"SMITH"}],"neow_cost":"NONE","seed_source_timestamp":277245832631683,"circlet_count":0,"master_deck":["AscendersBane","Defend_G","Defend_G","Defend_G","Defend_G","Defend_G","Strike_G","Strike_G","Survivor","Neutralize+1","Noxious Fumes+1","Crippling Poison","Caltrops+1","Footwork+1","Backflip","Corpse Explosion","Well Laid Plans+1","Ghostly+1","Ghostly","Ghostly"],"relics":["Ring of the Serpent","NeowsBlessing","Singing Bowl","Potion Belt","Mummified Hand","Bag of Preparation","GremlinMask"],"potions_floor_usage":[24,33,33,33],"damage_taken":[{"damage":0,"enemies":"Cultist","floor":1,"turns":1},{"damage":0,"enemies":"Jaw Worm","floor":3,"turns":1},{"damage":0,"enemies":"2 Louse","floor":5,"turns":1},{"damage":19,"enemies":"Exordium Thugs","floor":8,"turns":5},{"damage":14,"enemies":"Lots of Slimes","floor":11,"turns":4},{"damage":0,"enemies":"Lagavulin","floor":13,"turns":8},{"damage":18,"enemies":"Blue Slaver","floor":14,"turns":4},{"damage":7,"enemies":"Hexaghost","floor":16,"turns":10},{"damage":10,"enemies":"Chosen","floor":18,"turns":5},{"damage":19,"enemies":"2 Thieves","floor":21,"turns":4},{"damage":24,"enemies":"Shelled Parasite and Fungi","floor":24,"turns":4},{"damage":0,"enemies":"3 Cultists","floor":28,"turns":4},{"damage":4,"enemies":"Cultist and Chosen","floor":29,"turns":5},{"damage":17,"enemies":"Automaton","floor":33,"turns":12}],"seed_played":"-3011439408314935727","potions_obtained":[{"floor":1,"key":"SteroidPotion"},{"floor":11,"key":"Swift Potion"},{"floor":16,"key":"Dexterity Potion"},{"floor":18,"key":"PowerPotion"},{"floor":24,"key":"PowerPotion"},{"floor":28,"key":"Weak Potion"}],"is_trial":false,"path_per_floor":["M","$","M","?","M","R","?","M","T","R","M","R","E","M","R","B",null,"M","$","?","M","$","R","M","?","T","$","M","M","?","$","R","B"],"character_chosen":"THE_SILENT","items_purchased":["Noxious Fumes","Well Laid Plans"],"campfire_rested":0,"item_purchase_floors":[2,22],"current_hp_per_floor":[59,59,59,59,59,59,59,40,40,40,28,28,28,12,12,5,54,46,46,46,29,29,29,7,7,7,7,9,7,7,7,7,0],"gold":55,"neow_bonus":"THREE_ENEMY_KILL","is_prod":false,"is_daily":false,"chose_seed":false,"campfire_upgraded":6,"win_rate":0,"timestamp":1550247501,"path_taken":["M","$","?","?","M","R","?","?","T","R","M","R","E","M","R","BOSS","M","?","?","M","$","R","M","?","T","?","?","M","?","$","R","BOSS"],"build_version":"2019-01-23","purchased_purges":2,"victory":false,"max_hp_per_floor":[66,66,66,66,66,66,66,66,66,66,68,68,68,70,70,70,70,72,72,72,74,74,74,76,38,38,38,40,42,42,42,42,42],"card_choices":[{"not_picked":["Sucker Punch","Quick Slash","Setup"],"picked":"SKIP","floor":1},{"not_picked":["Bane","PiercingWail"],"picked":"Crippling Poison","floor":3},{"not_picked":["Quick Slash","Backstab","Deflect"],"picked":"SKIP","floor":5},{"not_picked":["Burst","Dodge and Roll"],"picked":"Footwork","floor":8},{"not_picked":["Masterful Stab","Quick Slash","PiercingWail"],"picked":"Singing Bowl","floor":11},{"not_picked":["Cloak And Dagger","Concentrate"],"picked":"Backflip","floor":13},{"not_picked":["Flying Knee","Backflip","Skewer"],"picked":"Singing Bowl","floor":14},{"not_picked":["After Image","Grand Finale"],"picked":"Corpse Explosion","floor":16},{"not_picked":["Deadly Poison+1","Poisoned Stab","Flechettes"],"picked":"Singing Bowl","floor":18},{"not_picked":["Backstab","Dagger Throw","Dodge and Roll"],"picked":"Singing Bowl","floor":21},{"not_picked":["Poisoned Stab+1","Dodge and Roll","Dagger Spray"],"picked":"Singing Bowl","floor":24},{"not_picked":["Acrobatics","Infinite Blades","Crippling Poison"],"picked":"Singing Bowl","floor":28},{"not_picked":["Choke+1","Dodge and Roll","Terror"],"picked":"Singing Bowl","floor":29}],"player_experience":772934,"relics_obtained":[{"floor":9,"key":"Potion Belt"},{"floor":13,"key":"Mummified Hand"},{"floor":26,"key":"Bag of Preparation"}],"event_choices":[{"damage_healed":0,"gold_gain":0,"cards_transformed":["Strike_G"],"player_choice":"Change","damage_taken":0,"max_hp_gain":0,"max_hp_loss":0,"event_name":"Living Wall","floor":4,"gold_loss":0,"cards_obtained":["Caltrops"]},{"damage_healed":0,"gold_gain":0,"player_choice":"Gave Potion","damage_taken":0,"relics_obtained":["Singing Bowl"],"max_hp_gain":0,"max_hp_loss":0,"event_name":"WeMeetAgain","floor":7,"gold_loss":0},{"damage_healed":0,"gold_gain":0,"player_choice":"Ignored","damage_taken":0,"max_hp_gain":0,"max_hp_loss":0,"event_name":"Cursed Tome","floor":20,"gold_loss":0},{"damage_healed":0,"gold_gain":0,"player_choice":"Became a Ghost","damage_taken":0,"max_hp_gain":0,"max_hp_loss":38,"event_name":"Ghosts","floor":25,"gold_loss":0,"cards_obtained":["Ghostly","Ghostly","Ghostly"]},{"damage_healed":0,"gold_gain":0,"player_choice":"Trade","damage_taken":0,"relics_obtained":["GremlinMask"],"max_hp_gain":0,"max_hp_loss":0,"event_name":"FaceTrader","floor":30,"gold_loss":0}],"is_beta":false,"boss_relics":[{"not_picked":["Calling Bell","WristBlade"],"picked":"Ring of the Serpent"}],"items_purged_floors":[19,27],"is_endless":false,"potions_floor_spawned":[1,11,16,18,24,28],"killed_by":"Automaton","ascension_level":15}