{"gold_per_floor":[113,113,133,93,109,140,140,158,158,158,158,172,29,44,44,174,174,195,184,99,369,390,390,390,390],"floor_reached":25,"playtime":2727,"items_purged":["Strike_R"],"score":239,"play_id":"93dc2d45-1155-4b34-8d3e-3563d93a9cf7","local_time":"20190707205019","is_ascension_mode":true,"campfire_choices":[{"floor":7,"key":"REST"},{"data":"Body Slam","floor":11,"key":"SMITH"},{"data":"Metallicize","floor":15,"key":"SMITH"},{"data":"Body Slam","floor":23,"key":"SMITH"}],"neow_cost":"TEN_PERCENT_HP_LOSS","seed_source_timestamp":646801556297481,"circlet_count":0,"master_deck":["Strike_R","Strike_R","Strike_R","Defend_R","Defend_R","Defend_R","Bash","Barricade+1","Anger","Iron Wave","Iron Wave","Entrench","Body Slam+1","Inflame","Metallicize+1","Shrug It Off","Offering","Shrug It Off","Iron Wave","Body Slam+1"],"relics":["Burning Blood","Golden Idol","Vajra","Bag of Preparation","Runic Pyramid","Sundial"],"potions_floor_usage":[],"damage_taken":[{"damage":0,"enemies":"Small Slimes","floor":1,"turns":4},{"damage":6,"enemies":"Jaw Worm","floor":3,"turns":3},{"damage":1,"enemies":"Cultist","floor":5,"turns":3},{"damage":39,"enemies":"3 Sentries","floor":6,"turns":11},{"damage":2,"enemies":"Blue Slaver","floor":8,"turns":5},{"damage":1,"enemies":"Gremlin Gang","floor":12,"turns":4},{"damage":4,"enemies":"2 Fungi Beasts","floor":14,"turns":3},{"damage":26,"enemies":"Hexaghost","floor":16,"turns":11},{"damage":0,"enemies":"Shell Parasite","floor":18,"turns":8},{"damage":11,"enemies":"2 Thieves","floor":19,"turns":4},{"damage":6,"enemies":"Snecko","floor":22,"turns":9},{"damage":41,"enemies":"Book of Stabbing","floor":25,"turns":7}],"seed_played":"-2104363975320651510","potions_obtained":[{"floor":5,"key":"Poison Potion"},{"floor":6,"key":"LiquidBronze"},{"floor":14,"key":"Dexterity Potion"},{"floor":16,"key":"Fire Potion"}],"is_trial":false,"path_per_floor":["M","?","M","?","M","E","R","M","T","?","R","M","$","M","R","B",null,"M","M","?","?","M","R","?","E"],"character_chosen":"IRONCLAD","items_purchased":["Metallicize"],"campfire_rested":1,"item_purchase_floors":[13],"current_hp_per_floor":[72,54,54,54,59,26,47,51,51,51,51,56,56,58,58,38,72,72,67,67,39,39,39,39,0],"gold":390,"neow_bonus":"TRANSFORM_TWO_CARDS","is_prod":false,"is_daily":false,"chose_seed":false,"campfire_upgraded":3,"win_rate":0,"timestamp":1562550619,"path_taken":["M","?","M","?","?","E","R","M","T","?","R","M","$","M","R","BOSS","M","?","?","?","?","R","?","E"],"build_version":"2019-07-05","purchased_purges":1,"victory":false,"max_hp_per_floor":[72,72,72,72,72,72,72,72,72,72,72,72,72,72,72,72,72,72,72,72,72,72,72,72,72],"card_choices":[{"not_picked":["Cleave","Headbutt"],"picked":"Iron Wave","floor":1},{"not_picked":["Wild Strike","Warcry","Whirlwind"],"picked":"SKIP","floor":3},{"not_picked":["Wild Strike","Rupture"],"picked":"Iron Wave","floor":5},{"not_picked":["Shockwave","Rupture"],"picked":"Entrench","floor":6},{"not_picked":["Armaments","Twin Strike"],"picked":"Body Slam","floor":8},{"not_picked":["Sever Soul","Fiend Fire"],"picked":"Inflame","floor":12},{"not_picked":["Armaments","Cleave"],"picked":"Shrug It Off","floor":14},{"not_picked":["Dark Embrace","Fiend Fire"],"picked":"Offering","floor":16},{"not_picked":["Heavy Blade+1","Rampage"],"picked":"Shrug It Off","floor":18},{"not_picked":["Perfected Strike","Twin Strike"],"picked":"Iron Wave","floor":19},{"not_picked":["Inflame","Clothesline"],"picked":"Body Slam","floor":22}],"player_experience":53769,"relics_obtained":[{"floor":6,"key":"Vajra"},{"floor":9,"key":"Bag of Preparation"}],"event_choices":[{"damage_healed":0,"gold_gain":0,"player_choice":"Take Damage","damage_taken":18,"relics_obtained":["Golden Idol"],"max_hp_gain":0,"max_hp_loss":0,"event_name":"Golden Idol","floor":2,"gold_loss":0},{"damage_healed":0,"gold_gain":0,"player_choice":"Bought 3 Potions","damage_taken":0,"max_hp_gain":0,"max_hp_loss":0,"event_name":"The Woman in Blue","floor":4,"gold_loss":0},{"damage_healed":0,"gold_gain":0,"player_choice":"Upgraded","damage_taken":0,"max_hp_gain":0,"max_hp_loss":0,"event_name":"Upgrade Shrine","floor":10,"gold_loss":0,"cards_upgraded":["Barricade"]},{"damage_healed":0,"gold_gain":0,"player_choice":"Obtained Relic","damage_taken":0,"relics_obtained":["Sundial"],"max_hp_gain":0,"max_hp_loss":0,"event_name":"Addict","floor":20,"gold_loss":85},{"damage_healed":0,"gold_gain":270,"player_choice":"GOLD GOLD GOLD ","damage_taken":28,"max_hp_gain":0,"max_hp_loss":0,"event_name":"Knowing Skull","floor":21,"potions_obtained":[],"gold_loss":0,"cards_obtained":[]},{"damage_healed":0,"gold_gain":0,"player_choice":"Ignored","damage_taken":0,"max_hp_gain":0,"max_hp_loss":0,"event_name":"Ghosts","floor":24,"gold_loss":0}],"is_beta":false,"boss_relics":[{"not_picked":["Eternal Feather","Empty Cage"],"picked":"Runic Pyramid"}],"items_purged_floors":[13],"is_endless":false,"potions_floor_spawned":[5,6,14,16,22],"killed_by":"Book of Stabbing","ascension_level":1}