{"gold_per_floor":[112,37,37,37,50,50,50,50,101,101,117,117,158,174,174,272,272,228,252,152,165,40,40,75,75,75,93,116,177,177,198,198,291,291,315,315,648,663,513,545,545,287,287,339,339,139,139,169,169,169,169,169,169,169,195,195],"floor_reached":57,"playtime":1122,"items_purged":["Strike_G","Strike_G","Defend_G","Defend_G+1","Survivor+1","Neutralize+1"],"score":3513,"play_id":"32143a06-b7b0-443c-846a-ab3cbcd3c7b6","local_time":"20190414233213","is_ascension_mode":true,"campfire_choices":[{"data":"Acrobatics","floor":6.0,"key":"SMITH"},{"data":"Neutralize","floor":8.0,"key":"SMITH"},{"data":"Tactician","floor":10.0,"key":"SMITH"},{"data":"Defend_G","floor":15.0,"key":"PURGE"},{"data":"Strike_G","floor":23.0,"key":"PURGE"},{"data":"Defend_G","floor":25.0,"key":"PURGE"},{"data":"Finisher","floor":30.0,"key":"PURGE"},{"data":"Defend_G","floor":32.0,"key":"PURGE"},{"data":"Deadly Poison+1","floor":41.0,"key":"PURGE"},{"floor":49,"key":"RECALL"},{"data":"Acrobatics","floor":53,"key":"SMITH"}],"neow_cost":"NONE","seed_source_timestamp":127719731680395,"circlet_count":0,"master_deck":["AscendersBane","Tactician+1","Grand Finale+1","Backflip+1","Acrobatics+1"],"special_seed":0,"relics":["Ring of the Snake","NeowsBlessing","WarpedTongs","Pen Nib","Peace Pipe","Empty Cage","Juzu Bracelet","Tiny Chest","Coffee Dripper","Mark of the Bloom","Boot","Paper Crane","Omamori","Happy Flower","Anchor"],"potions_floor_usage":[56,56],"damage_taken":[{"damage":0.0,"enemies":"2 Louse","floor":1.0,"turns":1.0},{"damage":1.0,"enemies":"Cultist","floor":5.0,"turns":1.0},{"damage":0.0,"enemies":"Jaw Worm","floor":11.0,"turns":1.0},{"damage":37.0,"enemies":"Lagavulin","floor":13.0,"turns":12.0},{"damage":0.0,"enemies":"Large Slime","floor":14.0,"turns":4.0},{"damage":10.0,"enemies":"Hexaghost","floor":16.0,"turns":9.0},{"damage":2.0,"enemies":"2 Thieves","floor":18.0,"turns":5.0},{"damage":0.0,"enemies":"Chosen","floor":19.0,"turns":3.0},{"damage":0.0,"enemies":"Snake Plant","floor":21.0,"turns":3.0},{"damage":0.0,"enemies":"Gremlin Leader","floor":24.0,"turns":4.0},{"damage":0.0,"enemies":"Sentry and Sphere","floor":27.0,"turns":1.0},{"damage":0.0,"enemies":"3 Cultists","floor":28.0,"turns":1.0},{"damage":0.0,"enemies":"Slavers","floor":29.0,"turns":1.0},{"damage":0.0,"enemies":"Chosen and Byrds","floor":31.0,"turns":1.0},{"damage":0.0,"enemies":"Collector","floor":33.0,"turns":1.0},{"damage":0.0,"enemies":"Orb Walker","floor":35.0,"turns":1.0},{"damage":0.0,"enemies":"3 Darklings","floor":38.0,"turns":1.0},{"damage":0.0,"enemies":"Giant Head","floor":40.0,"turns":1.0},{"damage":0.0,"enemies":"Reptomancer","floor":48.0,"turns":2.0},{"damage":0,"enemies":"Donu and Deca","floor":50,"turns":1},{"damage":0,"enemies":"Awakened One","floor":51,"turns":2},{"damage":0,"enemies":"Shield and Spear","floor":55,"turns":1},{"damage":5,"enemies":"The Heart","floor":56,"turns":4}],"seed_played":"6736124113453154904","potions_obtained":[{"floor":5.0,"key":"LiquidBronze"},{"floor":13.0,"key":"Weak Potion"},{"floor":16.0,"key":"Poison Potion"},{"floor":18.0,"key":"GamblersBrew"},{"floor":21.0,"key":"GhostInAJar"}],"is_trial":false,"path_per_floor":["M","$","?","$","M","R","?","R","T","R","M","?","E","M","R","B",null,"M","M","$","M","$","R","E","R","T","M","M","E","R","M","R","B",null,"M","?","?","M","$","E","R","$","T","T","?","$","?","E","R","B","B",null,"R","$","E","B",null],"character_chosen":"THE_SILENT","items_purchased":["GhostInAJar"],"campfire_rested":0,"item_purchase_floors":[42],"current_hp_per_floor":[59,59,59,59,58,58,58,58,58,58,58,58,21,21,21,11,48,46,46,46,46,46,46,46,46,46,46,46,46,46,46,46,46,57,57,57,57,57,57,57,57,57,57,57,57,57,57,57,57,57,57,57,57,57,57,52],"gold":195,"neow_bonus":"THREE_ENEMY_KILL","is_prod":false,"is_daily":false,"chose_seed":false,"campfire_upgraded":4,"win_rate":0,"timestamp":1555255933,"path_taken":["M","$","?","?","?","R","?","R","T","R","M","?","E","M","R","BOSS","M","?","$","?","$","R","E","R","T","M","M","E","R","M","R","BOSS","M","?","?","M","$","E","R","?","T","?","?","$","?","E","R","BOSS","BOSS","R","$","E","BOSS"],"build_version":"2019-01-23","purchased_purges":6,"victory":true,"max_hp_per_floor":[66,66,66,66,66,66,60,60,60,60,60,60,60,60,60,60,60,60,60,60,60,60,60,60,60,60,60,60,60,60,60,60,60,60,60,60,60,60,60,60,60,60,60,60,60,60,60,60,60,60,60,60,60,60,60,60],"card_choices":[{"not_picked":["Poisoned Stab","Deflect"],"picked":"Tactician","floor":1.0},{"not_picked":["Dagger Spray","Bane"],"picked":"Acrobatics","floor":5.0},{"not_picked":["Blade Dance","Poisoned Stab"],"picked":"Finisher","floor":11.0},{"not_picked":["Wraith Form v2","Unload"],"picked":"Deadly Poison","floor":13.0},{"not_picked":["Flying Knee","Outmaneuver","Prepared"],"picked":"SKIP","floor":14.0},{"not_picked":["A Thousand Cuts","Unload"],"picked":"Grand Finale","floor":16.0},{"not_picked":["Blur","Infinite Blades","Dagger Throw"],"picked":"SKIP","floor":18.0},{"not_picked":["Sucker Punch","Infinite Blades","Terror"],"picked":"SKIP","floor":19.0},{"not_picked":["Sucker Punch","Slice","Corpse Explosion"],"picked":"SKIP","floor":21.0},{"not_picked":["Skewer","Grand Finale","Expertise"],"picked":"SKIP","floor":24.0},{"not_picked":["Outmaneuver+1","Deflect","Expertise"],"picked":"SKIP","floor":27.0},{"not_picked":["Deflect","Prepared+1"],"picked":"Backflip","floor":28.0},{"not_picked":["Bane","Dagger Throw","Heel Hook+1"],"picked":"SKIP","floor":29.0},{"not_picked":["Masterful Stab","Prepared","Escape Plan"],"picked":"SKIP","floor":31.0},{"not_picked":["Deadly Poison","Setup","Acrobatics"],"picked":"SKIP","floor":35.0},{"not_picked":["Blur","Masterful Stab","Acrobatics"],"picked":"SKIP","floor":38.0},{"not_picked":["Slice","Well Laid Plans","Prepared"],"picked":"SKIP","floor":40.0},{"not_picked":["Deadly Poison","Prepared"],"picked":"Acrobatics","floor":48},{"not_picked":["All Out Attack","Caltrops","Noxious Fumes+1"],"picked":"SKIP","floor":55}],"player_experience":4292600,"relics_obtained":[{"floor":9.0,"key":"Pen Nib"},{"floor":13.0,"key":"Peace Pipe"},{"floor":24.0,"key":"Juzu Bracelet"},{"floor":29.0,"key":"Tiny Chest"},{"floor":40.0,"key":"Boot"},{"floor":43.0,"key":"Paper Crane"},{"floor":44.0,"key":"Omamori"},{"floor":48,"key":"Happy Flower"},{"floor":55,"key":"Anchor"}],"event_choices":[{"damage_healed":0.0,"max_hp_gain":0.0,"max_hp_loss":0.0,"gold_gain":0.0,"event_name":"Accursed Blacksmith","player_choice":"Rummage","floor":3.0,"gold_loss":0.0,"damage_taken":0.0,"relics_obtained":["WarpedTongs"],"cards_obtained":["Pain"]},{"damage_healed":0.0,"max_hp_gain":0.0,"max_hp_loss":6.0,"gold_gain":0.0,"event_name":"Golden Idol","player_choice":"Lose Max HP","floor":7.0,"gold_loss":0.0,"damage_taken":0.0,"relics_obtained":["Golden Idol"]},{"cards_removed":["Pain"],"damage_healed":0.0,"max_hp_gain":0.0,"max_hp_loss":0.0,"gold_gain":0.0,"event_name":"Purifier","player_choice":"Purged","floor":12.0,"gold_loss":0.0,"damage_taken":0.0},{"damage_healed":0.0,"max_hp_gain":0.0,"max_hp_loss":0.0,"gold_gain":0.0,"event_name":"MindBloom","player_choice":"Upgrade","floor":36.0,"gold_loss":0.0,"damage_taken":0.0,"cards_upgraded":["Defend_G","Survivor","Deadly Poison","Grand Finale","Backflip"],"relics_obtained":["Mark of the Bloom"]},{"damage_healed":0.0,"max_hp_gain":0.0,"max_hp_loss":0.0,"gold_gain":333.0,"event_name":"The Moai Head","player_choice":"Gave Idol","floor":37.0,"relics_lost":["Golden Idol"],"gold_loss":0.0,"damage_taken":0.0},{"damage_healed":0.0,"max_hp_gain":0.0,"max_hp_loss":0.0,"gold_gain":0.0,"event_name":"Tomb of Lord Red Mask","player_choice":"Ignored","floor":45.0,"gold_loss":0.0,"damage_taken":0.0},{"cards_removed":["Acrobatics"],"damage_healed":0.0,"max_hp_gain":0.0,"max_hp_loss":0.0,"gold_gain":0.0,"event_name":"Falling","player_choice":"Removed Skill","floor":47.0,"gold_loss":0.0,"damage_taken":0.0}],"is_beta":false,"boss_relics":[{"not_picked":["Busted Crown","White Beast Statue"],"picked":"Empty Cage"},{"not_picked":["Philosopher\u0027s Stone","Eternal Feather"],"picked":"Coffee Dripper"}],"items_purged_floors":[2,20,22,39,42,46],"is_endless":false,"potions_floor_spawned":[5,13,16,18,19,21,28,40,48],"ascension_level":20}