{"gold_per_floor":[367,382,396,411,39,39,52,52,78,153,172,189,189,208,208,304,304,315,315,331,431,431,431,447,447,447,335,351,351,369,388,388,489,489,501,512,526,579,579,606,624,624,624,634,290,305,305,37,37,37],"floor_reached":51,"playtime":1740,"items_purged":["Strike_G","Strike_G","Strike_G+1"],"score":900,"play_id":"9d26d314-3a40-4574-8680-fe25a8253f35","local_time":"20181031225936","is_ascension_mode":false,"campfire_choices":[{"data":"Accuracy","floor":6.0,"key":"SMITH"},{"data":"Accuracy","floor":8.0,"key":"SMITH"},{"data":"Neutralize","floor":13.0,"key":"SMITH"},{"data":"Corpse Explosion","floor":15.0,"key":"SMITH"},{"data":"Catalyst","floor":23,"key":"SMITH"},{"data":"Malaise","floor":25,"key":"SMITH"},{"data":"Corpse Explosion","floor":29,"key":"SMITH"},{"data":"Blade Dance","floor":32,"key":"SMITH"}],"neow_cost":"TEN_PERCENT_HP_LOSS","seed_source_timestamp":46799554781506,"circlet_count":0,"master_deck":["Defend_G+1","Defend_G+1","Defend_G+1","Defend_G+1","Defend_G+1","Strike_G+1","Strike_G+1","Survivor+1","Neutralize+1","Accuracy+1","Infinite Blades+1","All Out Attack+1","Accuracy+1","Corpse Explosion+1","Corpse Explosion+1","After Image+1","Catalyst+1","Ghostly+1","Ghostly+1","Ghostly+1","Ghostly+1","Ghostly+1","Well Laid Plans+1","Ghostly+1","Malaise+1","Infinite Blades+1","Blade Dance+1","Blade Dance+1","Leg Sweep+1","Malaise+1","Well Laid Plans+1","Backflip+1","Cloak And Dagger+1","Backflip+1","Footwork+1","Headbutt+1","Malaise","Footwork"],"special_seed":0,"relics":["Ring of the Snake","Oddly Smooth Stone","Lantern","Coffee Dripper","Ginger","Letter Opener","Kunai","Fusion Hammer","Torii","PreservedInsect","Thread and Needle","PrismaticShard","Mark of the Bloom"],"potions_floor_usage":[16,16,18,36,38,41,50,50],"damage_taken":[{"damage":1.0,"enemies":"Cultist","floor":1.0,"turns":4.0},{"damage":0.0,"enemies":"Jaw Worm","floor":2.0,"turns":5.0},{"damage":1.0,"enemies":"2 Louse","floor":3.0,"turns":2.0},{"damage":8.0,"enemies":"Large Slime","floor":4.0,"turns":7.0},{"damage":7.0,"enemies":"Red Slaver","floor":7.0,"turns":4.0},{"damage":0.0,"enemies":"Blue Slaver","floor":11.0,"turns":4.0},{"damage":7.0,"enemies":"2 Fungi Beasts","floor":12.0,"turns":3.0},{"damage":8.0,"enemies":"3 Louse","floor":14.0,"turns":2.0},{"damage":10,"enemies":"Hexaghost","floor":16,"turns":7},{"damage":3,"enemies":"Spheric Guardian","floor":18,"turns":6},{"damage":10,"enemies":"3 Byrds","floor":20,"turns":4},{"damage":2,"enemies":"Colosseum Slavers","floor":21,"turns":5},{"damage":0,"enemies":"Colosseum Nobs","floor":21,"turns":5},{"damage":0,"enemies":"Snake Plant","floor":24,"turns":3},{"damage":0,"enemies":"3 Cultists","floor":28,"turns":5},{"damage":1,"enemies":"Chosen and Byrds","floor":30,"turns":5},{"damage":0,"enemies":"Snake Plant","floor":31,"turns":5},{"damage":0,"enemies":"Automaton","floor":33,"turns":9},{"damage":0,"enemies":"3 Shapes","floor":35,"turns":3},{"damage":0,"enemies":"3 Darklings","floor":36,"turns":3},{"damage":0,"enemies":"Writhing Mass","floor":37,"turns":7},{"damage":0,"enemies":"2 Orb Walkers","floor":38,"turns":4},{"damage":0,"enemies":"Giant Head","floor":40,"turns":7},{"damage":0,"enemies":"4 Shapes","floor":41,"turns":2},{"damage":0,"enemies":"Spire Growth","floor":44,"turns":4},{"damage":0,"enemies":"3 Darklings","floor":46,"turns":4},{"damage":0,"enemies":"Awakened One","floor":50,"turns":11}],"seed_played":"263175701125165997","potions_obtained":[{"floor":1.0,"key":"FearPotion"},{"floor":2.0,"key":"FearPotion"},{"floor":3.0,"key":"SpeedPotion"},{"floor":20,"key":"EssenceOfSteel"},{"floor":30,"key":"Swift Potion"},{"floor":33,"key":"Swift Potion"},{"floor":38,"key":"Swift Potion"},{"floor":41,"key":"EssenceOfSteel"},{"floor":44,"key":"Strength Potion"}],"is_trial":false,"path_per_floor":["M","M","M","M","$","R","M","R","T","?","M","M","R","M","R","B",null,"M","?","M","?","?","R","M","R","T","$","M","R","M","M","R","B",null,"M","M","M","?","?","E","M","?","T","M","$","M","?","$","R","B"],"character_chosen":"THE_SILENT","items_purchased":["Accuracy","Oddly Smooth Stone","Corpse Explosion","Infinite Blades","Footwork","PrismaticShard","Malaise","Footwork"],"campfire_rested":0,"item_purchase_floors":[5,5,5,27,45,45,48,48],"current_hp_per_floor":[62,62,61,53,53,53,46,46,46,35,35,28,28,20,20,10,63,60,31,21,19,19,19,19,19,19,19,19,19,18,18,18,18,31,31,31,31,31,31,31,31,29,29,29,29,29,29,29,29,29],"gold":37,"neow_bonus":"TWO_FIFTY_GOLD","is_prod":false,"is_daily":false,"chose_seed":false,"campfire_upgraded":8,"win_rate":0,"timestamp":1540997976,"path_taken":["M","?","M","M","$","R","M","R","T","?","M","M","R","M","R","BOSS","M","?","M","?","?","R","M","R","T","$","?","R","M","M","R","BOSS","M","M","M","?","?","E","M","?","T","M","$","M","?","$","R","BOSS"],"build_version":"2018-10-25v2","purchased_purges":3,"victory":true,"max_hp_per_floor":[63,63,63,63,63,63,63,63,63,63,63,63,63,63,63,63,63,63,31,31,31,31,31,31,31,31,31,31,31,31,31,31,31,31,31,31,31,31,31,31,31,29,29,29,29,29,29,29,29,29],"card_choices":[{"not_picked":["Choke","Flying Knee","Prepared"],"picked":"SKIP","floor":1.0},{"not_picked":["All Out Attack","Sucker Punch"],"picked":"Accuracy","floor":2.0},{"not_picked":["Dodge and Roll","Acrobatics"],"picked":"Infinite Blades","floor":3.0},{"not_picked":["Slice","Masterful Stab"],"picked":"All Out Attack","floor":4.0},{"not_picked":["Dagger Throw","Masterful Stab","Quick Slash"],"picked":"SKIP","floor":7.0},{"not_picked":["PiercingWail","Endless Agony"],"picked":"Corpse Explosion","floor":11.0},{"not_picked":["Eviscerate","Dagger Throw","Acrobatics"],"picked":"SKIP","floor":12.0},{"not_picked":["Poisoned Stab","Slice","Masterful Stab"],"picked":"SKIP","floor":14.0},{"not_picked":["Envenom","Storm of Steel"],"picked":"After Image","floor":16},{"not_picked":["Underhanded Strike+1","Quick Slash"],"picked":"Catalyst","floor":18},{"not_picked":["Dodge and Roll","Outmaneuver","Deflect"],"picked":"SKIP","floor":20},{"not_picked":["Poisoned Stab","Prepared"],"picked":"Well Laid Plans+1","floor":21},{"not_picked":["Outmaneuver","Prepared+1"],"picked":"Malaise","floor":24},{"not_picked":["Underhanded Strike","Reflex"],"picked":"Blade Dance","floor":28},{"not_picked":["Leg Sweep+1","Dagger Spray"],"picked":"Blade Dance+1","floor":30},{"not_picked":["Quick Slash+1","Poisoned Stab+1"],"picked":"Leg Sweep","floor":31},{"not_picked":["Wraith Form v2","After Image"],"picked":"Malaise","floor":33},{"not_picked":["Terror+1","Setup+1"],"picked":"Well Laid Plans+1","floor":35},{"not_picked":["Quick Slash+1","Dash+1","Terror+1"],"picked":"SKIP","floor":36},{"not_picked":["Endless Agony+1","Dagger Spray+1","Dagger Throw+1"],"picked":"SKIP","floor":37},{"not_picked":["Choke+1","PiercingWail+1"],"picked":"Backflip","floor":38},{"not_picked":["Dodge and Roll+1","Prepared","Dagger Spray+1"],"picked":"SKIP","floor":40},{"not_picked":["Calculated Gamble","Blur+1"],"picked":"Cloak And Dagger+1","floor":41},{"not_picked":["Quick Slash","Deflect+1"],"picked":"Backflip","floor":44},{"not_picked":["Iron Wave+1","Gash"],"picked":"Headbutt+1","floor":46}],"player_experience":792450,"relics_obtained":[{"floor":9.0,"key":"Lantern"},{"floor":21,"key":"Ginger"},{"floor":21,"key":"Letter Opener"},{"floor":26,"key":"Kunai"},{"floor":38,"key":"Torii"},{"floor":40,"key":"PreservedInsect"},{"floor":43,"key":"Thread and Needle"}],"event_choices":[{"damage_healed":0.0,"max_hp_gain":0.0,"max_hp_loss":0.0,"gold_gain":75.0,"event_name":"World of Goop","player_choice":"Gather Gold","floor":10.0,"gold_loss":0.0,"damage_taken":11.0},{"damage_healed":0,"gold_gain":0,"player_choice":"Became a Ghost","damage_taken":0,"max_hp_gain":0,"max_hp_loss":32,"event_name":"Ghosts","floor":19,"gold_loss":0,"cards_obtained":["Ghostly","Ghostly","Ghostly","Ghostly","Ghostly"]},{"damage_healed":0,"gold_gain":0,"player_choice":"Fight","damage_taken":0,"max_hp_gain":0,"max_hp_loss":0,"event_name":"Colosseum","floor":21,"gold_loss":0},{"damage_healed":0,"gold_gain":0,"player_choice":"Fought Nobs","damage_taken":0,"max_hp_gain":0,"max_hp_loss":0,"event_name":"Colosseum","floor":21,"gold_loss":0},{"damage_healed":0,"gold_gain":0,"player_choice":"Copied","damage_taken":0,"max_hp_gain":0,"max_hp_loss":0,"event_name":"Duplicator","floor":22,"gold_loss":0,"cards_obtained":["Ghostly"]},{"damage_healed":0,"gold_gain":0,"player_choice":"Fight","damage_taken":0,"max_hp_gain":0,"max_hp_loss":0,"event_name":"Mysterious Sphere","floor":38,"gold_loss":0},{"damage_healed":0,"gold_gain":0,"player_choice":"Upgraded","damage_taken":0,"max_hp_gain":0,"max_hp_loss":0,"event_name":"Upgrade Shrine","floor":39,"gold_loss":0,"cards_upgraded":["Malaise"]},{"damage_healed":0,"gold_gain":0,"player_choice":"Max HP","damage_taken":0,"max_hp_gain":0,"max_hp_loss":2,"event_name":"Winding Halls","floor":42,"gold_loss":0},{"damage_healed":0,"gold_gain":0,"player_choice":"Upgrade","damage_taken":0,"relics_obtained":["Mark of the Bloom"],"max_hp_gain":0,"max_hp_loss":0,"event_name":"MindBloom","floor":47,"gold_loss":0,"cards_upgraded":["Defend_G","Defend_G","Defend_G","Defend_G","Defend_G","Strike_G","Strike_G","Strike_G","Survivor","Infinite Blades","All Out Attack","After Image","Ghostly","Ghostly","Ghostly","Ghostly","Ghostly","Ghostly","Infinite Blades","Leg Sweep","Backflip","Backflip","Footwork"]}],"is_beta":false,"boss_relics":[{"not_picked":["Tiny House","Philosopher\u0027s Stone"],"picked":"Coffee Dripper"},{"not_picked":["Lizard Tail","Busted Crown"],"picked":"Fusion Hammer"}],"items_purged_floors":[27,45,48],"is_endless":false,"potions_floor_spawned":[1,2,3,12,20,21,30,33,35,38,41,44],"ascension_level":0}