{"gold_per_floor":[113,35,55,55,71,71,98,109,109,109,119,138,138,153,153,224,224,196,246,171,171,184,184,207,218,218,230,262,277,277,296,296,367,367,383,199,211,221,238,238,338,338,338,357,387,387,420,420,420,420,420,420,420,45,73,73],"floor_reached":57,"playtime":5107,"items_purged":["Zap","Hologram"],"score":3172,"play_id":"5df175e4-a3ee-4a20-81f5-fbeca779722f","local_time":"20190106165735","is_ascension_mode":true,"campfire_choices":[{"data":"Darkness","floor":6.0,"key":"SMITH"},{"data":"Loop","floor":13.0,"key":"SMITH"},{"data":"Capacitor","floor":15.0,"key":"SMITH"},{"data":"Fission","floor":23.0,"key":"SMITH"},{"data":"Buffer","floor":30.0,"key":"SMITH"},{"data":"Chaos","floor":32.0,"key":"SMITH"},{"data":"Buffer","floor":40.0,"key":"SMITH"},{"data":"Buffer","floor":42.0,"key":"SMITH"},{"floor":49.0,"key":"RECALL"},{"data":"Madness","floor":53.0,"key":"SMITH"}],"neow_cost":"NONE","seed_source_timestamp":14340496658408,"circlet_count":0,"master_deck":["AscendersBane","Dualcast","Genetic Algorithm","Self Repair","Darkness+1","Self Repair","Loop+1","Undo","Self Repair","Capacitor+1","Buffer+1","Chaos+1","Fission+1","Redo","Buffer+1","Go for the Eyes","All For One","Buffer","Hologram+1","Conserve Battery","Hologram","Self Repair","Buffer+1","Self Repair","Hologram+1","Glacier","Madness+1","Madness","Apotheosis+1","PanicButton+1"],"special_seed":0,"relics":["Sozu","Meat on the Bone","Mercury Hourglass","Pandora\u0027s Box","Orichalcum","Question Card","DataDisk","Runic Pyramid","Peace Pipe","Centennial Puzzle","Blood Vial","Frozen Eye","War Paint","Bag of Preparation"],"potions_floor_usage":[],"damage_taken":[{"damage":1.0,"enemies":"Cultist","floor":1.0,"turns":4.0},{"damage":13.0,"enemies":"Jaw Worm","floor":3.0,"turns":5.0},{"damage":0.0,"enemies":"2 Louse","floor":5.0,"turns":3.0},{"damage":40.0,"enemies":"3 Sentries","floor":7.0,"turns":8.0},{"damage":9.0,"enemies":"Blue Slaver","floor":8.0,"turns":5.0},{"damage":5.0,"enemies":"Red Slaver","floor":11.0,"turns":4.0},{"damage":4.0,"enemies":"Large Slime","floor":12.0,"turns":4.0},{"damage":4.0,"enemies":"2 Fungi Beasts","floor":14.0,"turns":4.0},{"damage":42.0,"enemies":"The Guardian","floor":16.0,"turns":9.0},{"damage":19.0,"enemies":"2 Thieves","floor":18.0,"turns":4.0},{"damage":17.0,"enemies":"3 Byrds","floor":22.0,"turns":5.0},{"damage":0.0,"enemies":"Centurion and Healer","floor":25.0,"turns":5.0},{"damage":36.0,"enemies":"3 Cultists","floor":27.0,"turns":6.0},{"damage":38.0,"enemies":"Book of Stabbing","floor":28.0,"turns":6.0},{"damage":0.0,"enemies":"Snecko","floor":29.0,"turns":7.0},{"damage":20.0,"enemies":"Centurion and Healer","floor":31.0,"turns":9.0},{"damage":0.0,"enemies":"Champ","floor":33.0,"turns":11.0},{"damage":43.0,"enemies":"3 Darklings","floor":35.0,"turns":5.0},{"damage":37.0,"enemies":"3 Shapes","floor":37.0,"turns":4.0},{"damage":18.0,"enemies":"Spire Growth","floor":38.0,"turns":6.0},{"damage":34.0,"enemies":"Transient","floor":39.0,"turns":6.0},{"damage":0.0,"enemies":"Mind Bloom Boss Battle","floor":41.0,"turns":7.0},{"damage":20.0,"enemies":"3 Darklings","floor":44.0,"turns":7.0},{"damage":33.0,"enemies":"Reptomancer","floor":45.0,"turns":8.0},{"damage":0.0,"enemies":"Giant Head","floor":47.0,"turns":8.0},{"damage":0.0,"enemies":"Time Eater","floor":50.0,"turns":12.0},{"damage":30.0,"enemies":"Awakened One","floor":51.0,"turns":6.0},{"damage":20.0,"enemies":"Shield and Spear","floor":55.0,"turns":4.0},{"damage":0,"enemies":"The Heart","floor":56,"turns":13}],"seed_played":"6921913201787036582","potions_obtained":[],"is_trial":false,"path_per_floor":["M","$","M","$","M","R","E","M","T","?","M","M","R","M","R","B",null,"M","?","$","?","M","R","T","M","T","M","E","M","R","M","R","B",null,"M","$","M","M","M","R","?","R","T","M","E","?","E","?","R","B","B",null,"R","$","E","B",null],"character_chosen":"DEFECT","items_purchased":["Self Repair","Self Repair","Frozen Eye","War Paint"],"campfire_rested":0,"item_purchase_floors":[2,36,54,54],"current_hp_per_floor":[63,63,57,57,64,64,38,55,55,55,64,71,71,71,71,62,69,71,71,71,71,71,71,71,71,71,68,56,71,71,71,71,71,71,68,68,71,71,71,71,71,71,71,71,71,58,71,61,61,71,71,71,71,71,65,71],"gold":73,"neow_bonus":"BOSS_RELIC","is_prod":false,"is_daily":false,"chose_seed":false,"campfire_upgraded":9,"win_rate":0,"timestamp":1546765055,"path_taken":["M","$","?","$","M","R","E","M","T","?","?","M","R","M","R","BOSS","M","?","?","?","M","R","?","M","T","?","E","M","R","M","R","BOSS","M","$","M","M","M","R","?","R","T","M","E","?","E","?","R","BOSS","BOSS","R","$","E","BOSS"],"build_version":"2019-01-03v4","purchased_purges":2,"victory":true,"max_hp_per_floor":[71,71,71,71,71,71,71,71,71,71,71,71,71,71,71,71,71,71,71,71,71,71,71,71,71,71,71,71,71,71,71,71,71,71,71,71,71,71,71,71,71,71,71,71,71,71,71,71,71,71,71,71,71,71,71,71],"card_choices":[{"not_picked":["Barrage","Coolheaded"],"picked":"Genetic Algorithm","floor":1.0},{"not_picked":["FTL","Turbo"],"picked":"Darkness","floor":3.0},{"not_picked":["Rebound","Cold Snap"],"picked":"Self Repair","floor":5.0},{"not_picked":["Genetic Algorithm","Reprogram"],"picked":"Loop","floor":7.0},{"not_picked":["Auto Shields","Go for the Eyes"],"picked":"Undo","floor":8.0},{"not_picked":["Hello World","Storm","Cold Snap"],"picked":"SKIP","floor":11.0},{"not_picked":["Scrape","Heatsinks"],"picked":"Self Repair","floor":12.0},{"not_picked":["Hello World","Doom and Gloom"],"picked":"Capacitor","floor":14.0},{"not_picked":["Electrodynamics","Rainbow"],"picked":"Buffer","floor":16.0},{"not_picked":["Ball Lightning","Sweeping Beam"],"picked":"Hologram+1","floor":18.0},{"not_picked":["Barrage","Blizzard"],"picked":"Conserve Battery","floor":22.0},{"not_picked":["Melter","Static Discharge+1","Streamline"],"picked":"SKIP","floor":25.0},{"not_picked":["Conserve Battery","Rebound+1","Aggregate+1"],"picked":"Hologram","floor":27.0},{"not_picked":["Barrage","Stack","Turbo"],"picked":"Self Repair","floor":28.0},{"not_picked":["Go for the Eyes","Turbo","Leap"],"picked":"Hologram","floor":29.0},{"not_picked":["Scrape","Streamline","Beam Cell+1","BootSequence"],"picked":"SKIP","floor":31.0},{"not_picked":["Creative AI","Meteor Strike","Fission"],"picked":"Buffer","floor":33.0},{"not_picked":["Rebound+1","Rip and Tear","Turbo+1","Recycle"],"picked":"SKIP","floor":35.0},{"not_picked":["Hologram","Gash+1","Blizzard+1","Go for the Eyes"],"picked":"SKIP","floor":37.0},{"not_picked":["Tempest","Heatsinks","Compile Driver","Go for the Eyes"],"picked":"SKIP","floor":38.0},{"not_picked":["Leap","Melter","Hologram","Gash+1"],"picked":"SKIP","floor":39.0},{"not_picked":["Scrape","Lockon","Machine Learning"],"picked":"Hologram+1","floor":44.0},{"not_picked":["Ball Lightning+1","Genetic Algorithm+1","Melter+1"],"picked":"Glacier","floor":45.0},{"not_picked":["Barrage","Auto Shields","Lockon","Genetic Algorithm"],"picked":"SKIP","floor":47.0},{"not_picked":["Panacea","Flash of Steel","Bandage Up"],"picked":"Apotheosis","floor":48.0},{"not_picked":["Deep Breath","Swift Strike","Dramatic Entrance"],"picked":"PanicButton","floor":48.0},{"not_picked":["Gash+1","Sweeping Beam","Hologram","Genetic Algorithm"],"picked":"SKIP","floor":55.0}],"player_experience":1779290,"relics_obtained":[{"floor":7.0,"key":"Meat on the Bone"},{"floor":9.0,"key":"Mercury Hourglass"},{"floor":24.0,"key":"Orichalcum"},{"floor":26.0,"key":"Question Card"},{"floor":28.0,"key":"DataDisk"},{"floor":41.0,"key":"Peace Pipe"},{"floor":45.0,"key":"Centennial Puzzle"},{"floor":47.0,"key":"Blood Vial"},{"floor":55.0,"key":"Bag of Preparation"}],"event_choices":[{"damage_healed":0.0,"max_hp_gain":0.0,"max_hp_loss":0.0,"gold_gain":0.0,"event_name":"Lab","player_choice":"Got Potions","floor":10.0,"gold_loss":0.0,"damage_taken":0.0},{"damage_healed":0.0,"max_hp_gain":0.0,"max_hp_loss":0.0,"gold_gain":100.0,"event_name":"The Joust","player_choice":"Bet on Murderer","floor":19.0,"gold_loss":50.0,"damage_taken":0.0},{"cards_removed":["Steam"],"damage_healed":0.0,"max_hp_gain":0.0,"max_hp_loss":0.0,"gold_gain":0.0,"event_name":"Back to Basics","player_choice":"Elegance","floor":21.0,"gold_loss":0.0,"damage_taken":0.0},{"damage_healed":0.0,"max_hp_gain":0.0,"max_hp_loss":0.0,"gold_gain":0.0,"event_name":"MindBloom","player_choice":"Fight","floor":41.0,"gold_loss":0.0,"damage_taken":0.0},{"damage_healed":0.0,"max_hp_gain":0.0,"max_hp_loss":0.0,"gold_gain":0.0,"event_name":"Winding Halls","player_choice":"Embrace Madness","floor":46.0,"gold_loss":0.0,"damage_taken":13.0,"cards_obtained":["Madness","Madness"]},{"damage_healed":0.0,"max_hp_gain":0.0,"max_hp_loss":0.0,"gold_gain":0.0,"event_name":"SensoryStone","player_choice":"Memory 3","floor":48.0,"gold_loss":0.0,"damage_taken":10.0}],"is_beta":false,"boss_relics":[{"not_picked":["Cursed Key","White Beast Statue"],"picked":"Pandora\u0027s Box"},{"not_picked":["Philosopher\u0027s Stone","Inserter"],"picked":"Runic Pyramid"}],"items_purged_floors":[20,36],"is_endless":false,"potions_floor_spawned":[3,7,8,11,16,18,27,28,29,35,37,44,45,47,55],"ascension_level":20}