{"gold_per_floor":[110,34,53,69,69,69,87,87,110,144,144,69,103,3,3,3],"floor_reached":16,"playtime":431,"items_purged":["Strike_R","Strike_R"],"score":216,"play_id":"dd2b1af8-2794-4bbb-ab7f-e2590dd60354","local_time":"20190531104723","is_ascension_mode":true,"campfire_choices":[{"data":"Rampage","floor":6,"key":"SMITH"},{"data":"Corruption","floor":8,"key":"SMITH"},{"data":"Bash","floor":11,"key":"SMITH"},{"data":"Fiend Fire","floor":15,"key":"SMITH"}],"neow_cost":"NONE","seed_source_timestamp":86647752848669,"circlet_count":0,"master_deck":["AscendersBane","Strike_R","Strike_R","Strike_R","Defend_R","Defend_R","Defend_R","Defend_R","Bash+1","True Grit","Rampage+1","Corruption+1","Sentinel","Fiend Fire+1"],"relics":["Burning Blood","Orichalcum","Blood Vial","Pen Nib","Gremlin Horn"],"potions_floor_usage":[13,16],"damage_taken":[{"damage":0,"enemies":"Cultist","floor":1,"turns":3},{"damage":3,"enemies":"2 Louse","floor":3,"turns":3},{"damage":6,"enemies":"Jaw Worm","floor":4,"turns":2},{"damage":16,"enemies":"Exordium Wildlife","floor":7,"turns":4},{"damage":10,"enemies":"Lagavulin","floor":10,"turns":7},{"damage":46,"enemies":"3 Sentries","floor":13,"turns":14},{"damage":11,"enemies":"Slime Boss","floor":16,"turns":5}],"seed_played":"-8748057331850952409","potions_obtained":[{"floor":3,"key":"SkillPotion"},{"floor":10,"key":"BloodPotion"}],"is_trial":false,"path_per_floor":["M","$","M","M","?","R","M","R","T","E","R","$","E","$","R","B"],"character_chosen":"IRONCLAD","items_purchased":["Rampage"],"campfire_rested":0,"item_purchase_floors":[2],"current_hp_per_floor":[74,74,75,75,64,64,54,54,54,52,52,52,21,21,21,12],"gold":3,"neow_bonus":"RANDOM_COMMON_RELIC","is_prod":false,"is_daily":false,"chose_seed":false,"campfire_upgraded":4,"win_rate":0,"timestamp":1559270843,"path_taken":["M","?","M","?","?","R","M","R","T","E","R","?","E","$","R","BOSS"],"build_version":"2019-01-23","purchased_purges":2,"victory":false,"max_hp_per_floor":[75,75,75,75,75,75,75,75,75,75,75,75,75,75,75,75],"card_choices":[{"not_picked":["Iron Wave","Clothesline"],"picked":"True Grit","floor":1},{"not_picked":["Fire Breathing","Combust"],"picked":"Corruption","floor":3},{"not_picked":["Reckless Charge","Intimidate","Rampage"],"picked":"SKIP","floor":4},{"not_picked":["Headbutt","Heavy Blade"],"picked":"Sentinel","floor":7},{"not_picked":["Bloodletting","Whirlwind","Thunderclap"],"picked":"SKIP","floor":10},{"not_picked":["Sever Soul","Sentinel"],"picked":"Fiend Fire","floor":13}],"player_experience":4938922,"relics_obtained":[{"floor":9,"key":"Blood Vial"},{"floor":10,"key":"Pen Nib"},{"floor":13,"key":"Gremlin Horn"}],"event_choices":[{"damage_healed":0,"gold_gain":0,"player_choice":"Damaged","damage_taken":11,"max_hp_gain":0,"max_hp_loss":0,"event_name":"Wheel of Change","floor":5,"gold_loss":0}],"is_beta":false,"boss_relics":[],"items_purged_floors":[12,14],"is_endless":false,"potions_floor_spawned":[3,10],"killed_by":"Slime Boss","ascension_level":20}