{"gold_per_floor":[114,84,98,116,127,127,152,152,152,168,180,210,210,243,243,319,319,336,12,12,30,48,48,62,96,150,150,160,60,60,75,75,75],"floor_reached":33,"playtime":1902,"items_purged":["Strike_R","Strike_R"],"score":578,"play_id":"4da87574-4320-4f88-b8d6-e5de64bcbc19","local_time":"20190712013847","is_ascension_mode":true,"campfire_choices":[{"data":"Armaments","floor":6.0,"key":"SMITH"},{"data":"Bash","floor":8.0,"key":"SMITH"},{"data":"Searing Blow","floor":13.0,"key":"SMITH"},{"data":"Searing Blow+1","floor":15,"key":"SMITH"},{"data":"Searing Blow+2","floor":23,"key":"SMITH"},{"data":"Searing Blow+3","floor":27,"key":"SMITH"},{"data":"Searing Blow+4","floor":30,"key":"SMITH"},{"data":"Searing Blow+5","floor":32,"key":"SMITH"}],"neow_cost":"NONE","seed_source_timestamp":186096606727547,"circlet_count":0,"master_deck":["AscendersBane","Strike_R","Strike_R","Defend_R","Defend_R","Defend_R","Defend_R","Bash+1","Armaments+1","Pommel Strike","Iron Wave","Twin Strike","Flame Barrier","Disarm","Searing Blow+6","Dark Embrace","Fiend Fire","Spot Weakness","Armaments+1","Ghostly Armor"],"special_seed":0,"relics":["Burning Blood","Blood Vial","Omamori","Letter Opener","Darkstone Periapt","Coffee Dripper","Bronze Scales","Centennial Puzzle","Lantern"],"potions_floor_usage":[21,22,25,28,33,33],"damage_taken":[{"damage":7.0,"enemies":"Jaw Worm","floor":1.0,"turns":5.0},{"damage":2.0,"enemies":"Cultist","floor":3.0,"turns":4.0},{"damage":3.0,"enemies":"2 Louse","floor":4.0,"turns":4.0},{"damage":7.0,"enemies":"Looter","floor":5.0,"turns":5.0},{"damage":6.0,"enemies":"Gremlin Nob","floor":7.0,"turns":3.0},{"damage":7.0,"enemies":"2 Fungi Beasts","floor":10.0,"turns":5.0},{"damage":8.0,"enemies":"3 Louse","floor":11.0,"turns":3.0},{"damage":24.0,"enemies":"Lagavulin","floor":12.0,"turns":7.0},{"damage":20.0,"enemies":"3 Sentries","floor":14.0,"turns":9.0},{"damage":44,"enemies":"The Guardian","floor":16,"turns":11},{"damage":13,"enemies":"3 Byrds","floor":18,"turns":6},{"damage":27,"enemies":"2 Thieves","floor":21,"turns":3},{"damage":18,"enemies":"3 Cultists","floor":22,"turns":5},{"damage":15,"enemies":"Centurion and Healer","floor":24,"turns":5},{"damage":21,"enemies":"Gremlin Leader","floor":25,"turns":5},{"damage":7,"enemies":"Snecko","floor":28,"turns":4},{"damage":23,"enemies":"Shelled Parasite and Fungi","floor":31,"turns":5},{"damage":55,"enemies":"Collector","floor":33,"turns":6}],"seed_played":"-6840095083531745083","potions_obtained":[{"floor":2.0,"key":"Fire Potion"},{"floor":2.0,"key":"Block Potion"},{"floor":7.0,"key":"BloodPotion"},{"floor":14.0,"key":"BloodPotion"},{"floor":21,"key":"Block Potion"},{"floor":24,"key":"EssenceOfSteel"},{"floor":25,"key":"Dexterity Potion"},{"floor":31,"key":"Swift Potion"}],"is_trial":false,"path_per_floor":["M","?","M","M","M","R","E","R","T","M","M","E","R","E","R","B",null,"M","$","$","M","M","R","M","E","T","R","M","$","R","M","R","B"],"character_chosen":"IRONCLAD","items_purchased":["Bronze Scales","Spot Weakness"],"campfire_rested":0,"item_purchase_floors":[19,19],"current_hp_per_floor":[67,67,71,74,73,73,73,73,73,74,73,57,57,45,45,9,59,54,54,54,53,43,43,36,41,41,41,42,42,42,27,27,0],"gold":75,"neow_bonus":"REMOVE_CARD","is_prod":false,"is_daily":false,"chose_seed":false,"campfire_upgraded":8,"win_rate":0,"timestamp":1562888327,"path_taken":["M","?","M","M","?","R","E","R","T","M","M","E","R","E","R","BOSS","M","?","$","M","M","R","M","E","T","R","M","$","R","?","R","BOSS"],"build_version":"2019-07-05","purchased_purges":2,"victory":false,"max_hp_per_floor":[75,75,75,75,75,75,75,75,75,75,75,75,75,75,75,75,75,75,75,75,75,75,75,75,75,75,75,75,75,75,75,75,75],"card_choices":[{"not_picked":["Seeing Red","True Grit"],"picked":"Armaments","floor":1.0},{"not_picked":["Shrug It Off","Fire Breathing"],"picked":"Pommel Strike","floor":3.0},{"not_picked":["Armaments","Flex"],"picked":"Iron Wave","floor":4.0},{"not_picked":["Fire Breathing","Havoc"],"picked":"Twin Strike","floor":5.0},{"not_picked":["Double Tap","Twin Strike"],"picked":"Flame Barrier","floor":7.0},{"not_picked":["Clothesline","Perfected Strike","Body Slam"],"picked":"SKIP","floor":10.0},{"not_picked":["Havoc","Perfected Strike"],"picked":"Disarm","floor":11.0},{"not_picked":["Twin Strike","Fire Breathing"],"picked":"Searing Blow","floor":12.0},{"not_picked":["Anger","Pommel Strike"],"picked":"Dark Embrace","floor":14.0},{"not_picked":["Double Tap","Barricade"],"picked":"Fiend Fire","floor":16},{"not_picked":["Body Slam","Iron Wave","Sever Soul"],"picked":"SKIP","floor":18},{"not_picked":["Headbutt","Clothesline","Iron Wave"],"picked":"SKIP","floor":21},{"not_picked":["Headbutt","Clothesline","Iron Wave"],"picked":"SKIP","floor":21},{"not_picked":["Heavy Blade","Clothesline","Uppercut"],"picked":"SKIP","floor":22},{"not_picked":["Reckless Charge","Uppercut"],"picked":"Armaments+1","floor":24},{"not_picked":["Twin Strike","Sentinel","Rage"],"picked":"SKIP","floor":25},{"not_picked":["Second Wind","Thunderclap"],"picked":"Ghostly Armor","floor":28},{"not_picked":["Second Wind","Rage+1","Ghostly Armor+1"],"picked":"SKIP","floor":31}],"player_experience":688911,"relics_obtained":[{"floor":7.0,"key":"Blood Vial"},{"floor":9.0,"key":"Omamori"},{"floor":12.0,"key":"Letter Opener"},{"floor":14.0,"key":"Darkstone Periapt"},{"floor":25,"key":"Centennial Puzzle"},{"floor":26,"key":"Lantern"}],"event_choices":[{"damage_healed":0.0,"max_hp_gain":0.0,"max_hp_loss":0.0,"gold_gain":0.0,"event_name":"The Woman in Blue","player_choice":"Bought 2 Potions","floor":2.0,"gold_loss":0.0,"damage_taken":0.0}],"is_beta":false,"boss_relics":[{"not_picked":["Pandora\u0027s Box","Eternal Feather"],"picked":"Coffee Dripper"}],"items_purged_floors":[19,29],"is_endless":false,"potions_floor_spawned":[3,7,11,14,21,24,25,31],"killed_by":"Collector","ascension_level":20}