{"gold_per_floor":[119,44,44,64,64,100,173,191,191,212,212,212],"floor_reached":12,"playtime":311,"items_purged":["Strike_B"],"score":206,"play_id":"e65197c0-2239-4fdc-aeac-e8f2e2a29f03","local_time":"20190202165129","is_ascension_mode":true,"campfire_choices":[{"data":"Defragment","floor":11,"key":"SMITH"}],"neow_cost":"NONE","seed_source_timestamp":16019907764411,"circlet_count":0,"master_deck":["AscendersBane","Strike_B","Strike_B","Strike_B","Defend_B","Defend_B","Defend_B","Defend_B","Zap","Dualcast","Undo","Gash","Skim","Defragment+1"],"relics":["Cracked Core","NeowsBlessing","Golden Idol","Meat on the Bone","Bottled Flame","Pear"],"potions_floor_usage":[12],"damage_taken":[{"damage":0,"enemies":"Small Slimes","floor":1,"turns":1},{"damage":0,"enemies":"2 Louse","floor":4,"turns":1},{"damage":0,"enemies":"3 Sentries","floor":6,"turns":1},{"damage":34,"enemies":"3 Sentries","floor":7,"turns":12},{"damage":7,"enemies":"Cultist","floor":8,"turns":5},{"damage":5,"enemies":"Exordium Wildlife","floor":10,"turns":4},{"damage":51,"enemies":"Gremlin Nob","floor":12,"turns":4}],"seed_played":"4370043000979775040","potions_obtained":[{"floor":1,"key":"Dexterity Potion"},{"floor":7,"key":"Regen Potion"}],"is_trial":false,"path_per_floor":["M","$","?","M","?","E","?","M","T","M","R","E"],"character_chosen":"DEFECT","items_purchased":[],"campfire_rested":0,"item_purchase_floors":[],"current_hp_per_floor":[64,64,64,64,64,64,42,35,45,40,40,1],"gold":212,"neow_bonus":"THREE_ENEMY_KILL","is_prod":false,"is_daily":false,"chose_seed":false,"campfire_upgraded":1,"win_rate":0,"timestamp":1549097489,"path_taken":["M","$","?","M","?","E","?","M","T","M","R","E"],"build_version":"2019-01-23","purchased_purges":1,"victory":false,"max_hp_per_floor":[71,71,64,64,64,64,64,64,74,74,74,74],"card_choices":[{"not_picked":["Blizzard","Compile Driver"],"picked":"Undo","floor":1},{"not_picked":["Self Repair","Beam Cell"],"picked":"Gash","floor":4},{"not_picked":["Cold Snap","Steam"],"picked":"Skim","floor":6},{"not_picked":["Aggregate","Capacitor"],"picked":"Defragment","floor":7},{"not_picked":["Go for the Eyes","Cold Snap","Beam Cell"],"picked":"SKIP","floor":8},{"not_picked":["Blizzard","Melter","Beam Cell"],"picked":"SKIP","floor":10}],"player_experience":2459081,"relics_obtained":[{"floor":6,"key":"Meat on the Bone"},{"floor":7,"key":"Bottled Flame"},{"floor":9,"key":"Pear"}],"event_choices":[{"damage_healed":0,"gold_gain":0,"player_choice":"Lose Max HP","damage_taken":0,"relics_obtained":["Golden Idol"],"max_hp_gain":0,"max_hp_loss":7,"event_name":"Golden Idol","floor":3,"gold_loss":0},{"damage_healed":0,"gold_gain":0,"player_choice":"Leave","damage_taken":0,"max_hp_gain":0,"max_hp_loss":0,"event_name":"The Cleric","floor":5,"gold_loss":0},{"damage_healed":0,"gold_gain":0,"player_choice":"Searched \u00271\u0027 times","damage_taken":0,"max_hp_gain":0,"max_hp_loss":0,"event_name":"Dead Adventurer","floor":7,"gold_loss":0}],"is_beta":false,"boss_relics":[],"items_purged_floors":[2],"is_endless":false,"potions_floor_spawned":[1,7,8],"killed_by":"Gremlin Nob","ascension_level":20}