{"gold_per_floor":[117,130,130,149,59,59,71,102,151,151,151,76,76,76,76,149,149,159,159,209,235,67,80,100,100,100,118,128,128],"floor_reached":29,"playtime":726,"items_purged":["Strike_G"],"score":546,"play_id":"9e16f981-6243-4706-8aed-1ab20a500480","local_time":"20181130203023","is_ascension_mode":true,"campfire_choices":[{"data":"Bouncing Flask","floor":6,"key":"SMITH"},{"data":"Noxious Fumes","floor":10,"key":"SMITH"},{"data":"Neutralize","floor":13,"key":"SMITH"},{"data":"Prepared","floor":15,"key":"SMITH"},{"data":"Predator","floor":25,"key":"SMITH"}],"neow_cost":"NONE","seed_source_timestamp":9060458740758,"circlet_count":0,"master_deck":["AscendersBane","Defend_G","Defend_G","Defend_G","Defend_G","Defend_G","Strike_G","Strike_G","Strike_G","Strike_G","Survivor","Neutralize+1","PiercingWail","Escape Plan","Noxious Fumes+1","Bouncing Flask+1","Prepared+1","Blur","Writhe","Predator+1","Backflip"],"relics":["Ring of the Snake","NeowsBlessing","Paper Crane","Orichalcum","Oddly Smooth Stone","Snecko Eye","Mummified Hand","Omamori","Snake Skull","Bottled Tornado"],"potions_floor_usage":[8,18,28],"damage_taken":[{"damage":0,"enemies":"Cultist","floor":1,"turns":1},{"damage":0,"enemies":"Jaw Worm","floor":2,"turns":1},{"damage":0,"enemies":"Small Slimes","floor":4,"turns":1},{"damage":0,"enemies":"Exordium Wildlife","floor":7,"turns":3},{"damage":19,"enemies":"3 Sentries","floor":8,"turns":6},{"damage":0,"enemies":"The Guardian","floor":16,"turns":9},{"damage":19,"enemies":"3 Byrds","floor":18,"turns":6},{"damage":8,"enemies":"Spheric Guardian","floor":23,"turns":4},{"damage":12,"enemies":"Centurion and Healer","floor":24,"turns":6},{"damage":17,"enemies":"Chosen and Byrds","floor":27,"turns":7},{"damage":0,"enemies":"Snake Plant","floor":28,"turns":3},{"damage":16,"enemies":"Masked Bandits","floor":29,"turns":2}],"seed_played":"7116181446848317167","potions_obtained":[{"floor":4,"key":"FearPotion"},{"floor":7,"key":"AttackPotion"},{"floor":16,"key":"Fire Potion"},{"floor":18,"key":"PowerPotion"},{"floor":28,"key":"GhostInAJar"}],"is_trial":false,"path_per_floor":["M","M","?","M","$","R","M","E","T","R","?","$","R","?","R","B",null,"M","?","?","T","$","M","M","R","T","M","M","?"],"character_chosen":"THE_SILENT","items_purchased":["Bouncing Flask","Snake Skull"],"campfire_rested":0,"item_purchase_floors":[5,22],"current_hp_per_floor":[59,59,59,59,59,59,59,40,40,40,45,45,45,34,34,34,62,43,43,43,43,43,35,23,23,23,6,6,0],"gold":128,"neow_bonus":"THREE_ENEMY_KILL","is_prod":false,"is_daily":false,"chose_seed":false,"campfire_upgraded":5,"win_rate":0,"timestamp":1543581023,"path_taken":["M","?","?","M","$","R","M","E","T","R","?","?","R","?","R","BOSS","M","?","?","?","$","M","M","R","T","M","?","?"],"build_version":"2018-11-15","purchased_purges":1,"victory":false,"max_hp_per_floor":[66,66,66,66,66,66,66,66,66,66,71,71,71,71,71,71,71,71,71,71,71,71,71,71,71,71,71,71,71],"card_choices":[{"not_picked":["Catalyst","Choke"],"picked":"PiercingWail","floor":1},{"not_picked":["Dodge and Roll","Slice"],"picked":"Escape Plan","floor":2},{"not_picked":["Concentrate","Quick Slash"],"picked":"Noxious Fumes","floor":4},{"not_picked":["Deflect","Infinite Blades"],"picked":"Prepared","floor":7},{"not_picked":["Concentrate","Dash"],"picked":"Blur","floor":8},{"not_picked":["Acrobatics","Calculated Gamble","PiercingWail"],"picked":"SKIP","floor":18},{"not_picked":["Dodge and Roll","Heel Hook"],"picked":"Predator","floor":23},{"not_picked":["Blur","Cloak And Dagger","Skewer"],"picked":"SKIP","floor":24},{"not_picked":["Deflect+1","All Out Attack","Flying Knee"],"picked":"SKIP","floor":27},{"not_picked":["Masterful Stab","Expertise+1"],"picked":"Backflip","floor":28}],"player_experience":1183606,"relics_obtained":[{"floor":8,"key":"Paper Crane"},{"floor":9,"key":"Orichalcum"},{"floor":21,"key":"Omamori"},{"floor":26,"key":"Bottled Tornado"}],"event_choices":[{"damage_healed":0,"gold_gain":0,"player_choice":"Ignored","damage_taken":0,"max_hp_gain":0,"max_hp_loss":0,"event_name":"Liars Game","floor":3,"gold_loss":0},{"damage_healed":0,"gold_gain":0,"player_choice":"Donut","damage_taken":0,"max_hp_gain":5,"max_hp_loss":0,"event_name":"Big Fish","floor":11,"gold_loss":0},{"damage_healed":0,"gold_gain":0,"player_choice":"Success","damage_taken":11,"relics_obtained":["Oddly Smooth Stone"],"max_hp_gain":0,"max_hp_loss":0,"event_name":"Scrap Ooze","floor":14,"gold_loss":0},{"damage_healed":0,"gold_gain":0,"player_choice":"Opened","damage_taken":0,"relics_obtained":["Mummified Hand"],"max_hp_gain":0,"max_hp_loss":0,"event_name":"The Mausoleum","floor":19,"gold_loss":0,"cards_obtained":["Writhe"]},{"damage_healed":0,"gold_gain":50,"player_choice":"Stole From Cult","damage_taken":0,"max_hp_gain":0,"max_hp_loss":0,"event_name":"Nest","floor":20,"gold_loss":0},{"damage_healed":0,"gold_gain":0,"player_choice":"Fought Bandits","damage_taken":0,"max_hp_gain":0,"max_hp_loss":0,"event_name":"Masked Bandits","floor":29,"gold_loss":0}],"is_beta":true,"boss_relics":[{"not_picked":["Philosopher\u0027s Stone","Cursed Key"],"picked":"Snecko Eye"}],"items_purged_floors":[12],"is_endless":false,"potions_floor_spawned":[4,7,16,18,28],"killed_by":"Masked Bandits","ascension_level":20}