{"path_per_floor":["M","$","?","M","$","R","?","R","T","?","M","E","R","M","R"],"character_chosen":"THE_SILENT","items_purchased":["Kunai","Finisher"],"gold_per_floor":[361,107,107,122,47,47,47,47,47,47,57,82,82,92,92,92],"floor_reached":16,"campfire_rested":1,"playtime":357,"item_purchase_floors":[2,5],"current_hp_per_floor":[31,31,24,24,24,24,24,24,24,10,10,5,26,26,26,0],"items_purged":[],"gold":92,"score":147,"play_id":"305e9be7-806b-4b19-90d2-6d7202c8dc65","local_time":"20180612212202","is_prod":false,"is_daily":false,"chose_seed":false,"is_ascension_mode":true,"campfire_upgraded":3,"win_rate":0,"timestamp":1528809722,"campfire_choices":[{"data":"Neutralize","floor":6,"key":"SMITH"},{"data":"Survivor","floor":8,"key":"SMITH"},{"floor":13,"key":"REST"},{"data":"Blur","floor":15,"key":"SMITH"}],"path_taken":["M","$","?","M","$","R","?","R","T","?","?","E","R","?","R","BOSS"],"build_version":"2018-06-11","seed_source_timestamp":43189204843892,"purchased_purges":0,"victory":false,"master_deck":["Defend_G","Defend_G","Defend_G","Defend_G","Defend_G","Strike_G","Strike_G","Strike_G+1","Strike_G","Survivor+1","Neutralize+1","AscendersBane","Dagger Throw+1","Finisher+1","Blur+1"],"max_hp_per_floor":[70,70,70,70,70,70,70,70,70,70,70,70,70,70,70,70],"special_seed":0,"relics":["Ring of the Snake","Kunai","Omamori","Bag of Marbles"],"card_choices":[{"not_picked":["Choke","Masterful Stab"],"picked":"Dagger Throw","floor":1},{"not_picked":["Underhanded Strike","Backflip","Concentrate"],"picked":"SKIP","floor":4},{"not_picked":["Poisoned Stab","Tactician"],"picked":"Blur","floor":11},{"not_picked":["Eviscerate","Flying Knee","Outmaneuver"],"picked":"SKIP","floor":12},{"not_picked":["Deadly Poison","Acrobatics","Flechettes"],"picked":"SKIP","floor":14}],"player_experience":580684,"potions_floor_usage":[12],"damage_taken":[{"damage":1,"enemies":"2 Louse","floor":1,"turns":3},{"damage":0,"enemies":"Small Slimes","floor":4,"turns":5},{"damage":0,"enemies":"Jaw Worm","floor":11,"turns":4},{"damage":19,"enemies":"Gremlin Nob","floor":12,"turns":5},{"damage":0,"enemies":"Large Slime","floor":14,"turns":5},{"damage":28,"enemies":"Hexaghost","floor":16,"turns":10}],"relics_obtained":[{"floor":9,"key":"Omamori"},{"floor":12,"key":"Bag of Marbles"}],"event_choices":[{"event_name":"Golden Wing","player_choice":"Card Removal","floor":3,"damage_taken":0},{"event_name":"Upgrade Shrine","player_choice":"Upgraded","floor":7,"damage_taken":0},{"event_name":"Shining Light","player_choice":"Entered Light","floor":10,"damage_taken":0}],"boss_relics":[],"items_purged_floors":[],"potions_floor_spawned":[11,14],"seed_played":"7036242874550036900","killed_by":"Hexaghost","ascension_level":10,"potions_obtained":[{"floor":11,"key":"Regen Potion"},{"floor":14,"key":"FearPotion"}],"is_trial":false}