{"gold_per_floor":[20,33,43,63,63,63,77,77,130,130,143,143,157,191,191,265,265,280,299,73,92,7,7,35,35,60,92,17,28,56,56,56,128,128,140,155,155,165,179,179,401,401,701,734,734,761,761,786,786,786,786,786,786,220,254,254],"floor_reached":57,"playtime":3740,"items_purged":["Strike_G","Strike_G"],"score":3385,"play_id":"9f3d540f-9a08-4f62-8fc3-2ed5cefcdea0","local_time":"20190301103708","is_ascension_mode":true,"campfire_choices":[{"data":"Poisoned Stab","floor":6.0,"key":"SMITH"},{"data":"Neutralize","floor":8.0,"key":"SMITH"},{"data":"Catalyst","floor":12.0,"key":"SMITH"},{"data":"Caltrops","floor":15.0,"key":"SMITH"},{"floor":23.0,"key":"RECALL"},{"data":"Burst","floor":25.0,"key":"SMITH"},{"data":"Deadly Poison","floor":32.0,"key":"SMITH"},{"data":"Malaise","floor":40.0,"key":"SMITH"},{"data":"Footwork","floor":42.0,"key":"SMITH"},{"data":"Backflip","floor":45.0,"key":"SMITH"},{"data":"Backflip","floor":49.0,"key":"SMITH"},{"data":"Survivor","floor":53.0,"key":"SMITH"}],"neow_cost":"NO_GOLD","seed_source_timestamp":0,"circlet_count":0,"master_deck":["AscendersBane","Defend_G+1","Defend_G","Defend_G+1","Defend_G","Survivor+1","Neutralize+1","Finisher","Backflip+1","Poisoned Stab+1","Caltrops+1","Catalyst+1","Backstab","Adrenaline","Adrenaline","Burst+1","Footwork+1","Deadly Poison+1","Escape Plan","Escape Plan","Malaise+1","Backflip+1","Dark Shackles","PiercingWail"],"special_seed":0,"relics":["Ring of the Snake","Orichalcum","Kunai","Runic Pyramid","ClockworkSouvenir","Snake Skull","Prayer Wheel","Calipers","Red Mask","Busted Crown","Old Coin","War Paint","Dream Catcher","Nunchaku","Membership Card","Mercury Hourglass","Bottled Tornado","Bag of Marbles"],"potions_floor_usage":[56,56],"damage_taken":[{"damage":1.0,"enemies":"2 Louse","floor":1.0,"turns":3.0},{"damage":9.0,"enemies":"Small Slimes","floor":2.0,"turns":5.0},{"damage":2.0,"enemies":"Jaw Worm","floor":3.0,"turns":4.0},{"damage":1.0,"enemies":"Looter","floor":4.0,"turns":3.0},{"damage":1.0,"enemies":"3 Louse","floor":7.0,"turns":4.0},{"damage":12.0,"enemies":"Large Slime","floor":11.0,"turns":7.0},{"damage":6.0,"enemies":"Looter","floor":13.0,"turns":3.0},{"damage":0.0,"enemies":"3 Sentries","floor":14.0,"turns":5.0},{"damage":0.0,"enemies":"The Guardian","floor":16.0,"turns":9.0},{"damage":7.0,"enemies":"Shell Parasite","floor":18.0,"turns":5.0},{"damage":8.0,"enemies":"Spheric Guardian","floor":19.0,"turns":5.0},{"damage":0.0,"enemies":"Snecko","floor":21.0,"turns":4.0},{"damage":23.0,"enemies":"Slavers","floor":24.0,"turns":8.0},{"damage":8.0,"enemies":"Book of Stabbing","floor":27.0,"turns":3.0},{"damage":3.0,"enemies":"Shelled Parasite and Fungi","floor":29.0,"turns":4.0},{"damage":0.0,"enemies":"Masked Bandits","floor":30.0,"turns":6.0},{"damage":0.0,"enemies":"Champ","floor":33.0,"turns":7.0},{"damage":0.0,"enemies":"Orb Walker","floor":35.0,"turns":2.0},{"damage":0.0,"enemies":"3 Shapes","floor":36.0,"turns":3.0},{"damage":0.0,"enemies":"Transient","floor":38.0,"turns":6.0},{"damage":0.0,"enemies":"Sphere and 2 Shapes","floor":39.0,"turns":5.0},{"damage":0.0,"enemies":"Nemesis","floor":44.0,"turns":3.0},{"damage":0.0,"enemies":"Reptomancer","floor":46.0,"turns":2.0},{"damage":0.0,"enemies":"Giant Head","floor":48.0,"turns":5.0},{"damage":3.0,"enemies":"Donu and Deca","floor":50.0,"turns":9.0},{"damage":0.0,"enemies":"Time Eater","floor":51.0,"turns":7.0},{"damage":0.0,"enemies":"Shield and Spear","floor":55.0,"turns":7.0},{"damage":14,"enemies":"The Heart","floor":56,"turns":7}],"seed_played":"-8237178638808024892","potions_obtained":[{"floor":1.0,"key":"Fire Potion"},{"floor":7.0,"key":"Regen Potion"},{"floor":11.0,"key":"Energy Potion"},{"floor":14.0,"key":"SpeedPotion"},{"floor":19.0,"key":"Fire Potion"},{"floor":29.0,"key":"PowerPotion"},{"floor":30.0,"key":"Explosive Potion"},{"floor":33.0,"key":"Swift Potion"},{"floor":44.0,"key":"Fire Potion"},{"floor":48.0,"key":"Swift Potion"}],"is_trial":false,"path_per_floor":["M","M","M","M","?","R","M","R","T","?","M","R","M","E","R","B",null,"M","M","$","M","?","R","E","R","T","E","$","M","?","?","R","B",null,"M","M","?","M","M","R","?","R","T","E","R","E","?","E","R","B","B",null,"R","$","E","B",null],"character_chosen":"THE_SILENT","items_purchased":["ClockworkSouvenir","Membership Card","Mercury Hourglass","Bottled Tornado","PiercingWail"],"campfire_rested":0,"item_purchase_floors":[20,54,54,54,54],"current_hp_per_floor":[58,49,47,46,39,39,38,38,38,38,41,41,35,35,35,35,58,51,43,43,43,43,43,20,20,20,12,12,9,9,9,9,9,52,52,52,52,52,52,52,52,52,52,52,52,52,52,52,52,49,49,60,60,60,60,46],"gold":254,"neow_bonus":"REMOVE_TWO","is_prod":false,"is_daily":false,"chose_seed":false,"campfire_upgraded":11,"win_rate":0,"timestamp":1551407828,"path_taken":["M","M","M","M","?","R","M","R","T","?","M","R","M","E","R","BOSS","M","M","$","M","?","R","E","R","T","E","$","M","?","?","R","BOSS","M","M","?","M","M","R","?","R","T","E","R","E","?","E","R","BOSS","BOSS","R","$","E","BOSS"],"build_version":"2019-01-23","purchased_purges":2,"victory":true,"max_hp_per_floor":[66,66,66,66,66,66,66,66,66,66,66,66,66,66,66,66,66,66,66,66,66,66,66,66,66,66,66,66,66,66,66,66,66,66,66,66,66,66,66,66,66,66,66,66,66,66,63,63,63,63,63,63,63,63,63,63],"card_choices":[{"not_picked":["Dagger Spray","Dagger Throw"],"picked":"Finisher","floor":1.0},{"not_picked":["Deflect","Dagger Spray"],"picked":"Backflip","floor":2.0},{"not_picked":["Deflect","Bane","Outmaneuver"],"picked":"SKIP","floor":3.0},{"not_picked":["Slice","Dagger Spray"],"picked":"Poisoned Stab","floor":4.0},{"not_picked":["Choke","Underhanded Strike"],"picked":"Caltrops","floor":7.0},{"not_picked":["Finisher","Dagger Spray","Outmaneuver"],"picked":"SKIP","floor":11.0},{"not_picked":["Setup","Finisher"],"picked":"Backstab","floor":13.0},{"not_picked":["PiercingWail","Acrobatics"],"picked":"Adrenaline","floor":14.0},{"not_picked":["Storm of Steel","Bullet Time"],"picked":"Adrenaline","floor":16.0},{"not_picked":["Underhanded Strike","Choke+1","Dagger Spray"],"picked":"SKIP","floor":18.0},{"not_picked":["PiercingWail","Distraction","Dagger Throw"],"picked":"SKIP","floor":19.0},{"not_picked":["Slice","Deflect","Flying Knee"],"picked":"SKIP","floor":21.0},{"not_picked":["Well Laid Plans","Blade Dance"],"picked":"Burst","floor":24.0},{"not_picked":["Bane","Backstab"],"picked":"Footwork","floor":27.0},{"not_picked":["Flying Knee","Slice+1"],"picked":"Deadly Poison","floor":29.0},{"not_picked":["Finisher","Well Laid Plans"],"picked":"Escape Plan","floor":29.0},{"not_picked":["Outmaneuver","Flying Knee"],"picked":"Escape Plan","floor":30.0},{"not_picked":["Grand Finale","Tools of the Trade"],"picked":"Malaise","floor":33.0},{"not_picked":["Skewer+1"],"picked":"SKIP","floor":35.0},{"not_picked":["Predator"],"picked":"SKIP","floor":35.0},{"not_picked":["Deflect"],"picked":"SKIP","floor":36.0},{"not_picked":["Backflip"],"picked":"SKIP","floor":36.0},{"not_picked":[],"picked":"Backflip","floor":36.0},{"not_picked":["Deflect"],"picked":"SKIP","floor":36.0},{"not_picked":[],"picked":"Dark Shackles","floor":37.0},{"not_picked":["Deadly Poison"],"picked":"SKIP","floor":38.0},{"not_picked":["Deflect"],"picked":"SKIP","floor":38.0},{"not_picked":["Dagger Throw+1"],"picked":"SKIP","floor":39.0},{"not_picked":["Endless Agony"],"picked":"SKIP","floor":39.0},{"not_picked":["Finisher+1"],"picked":"SKIP","floor":44.0},{"not_picked":["Dodge and Roll"],"picked":"SKIP","floor":46.0},{"not_picked":["Backflip"],"picked":"SKIP","floor":48.0},{"not_picked":["Backflip"],"picked":"SKIP","floor":48.0},{"not_picked":["Deflect"],"picked":"SKIP","floor":55.0}],"player_experience":3248691,"relics_obtained":[{"floor":9.0,"key":"Orichalcum"},{"floor":14.0,"key":"Kunai"},{"floor":24.0,"key":"Prayer Wheel"},{"floor":27.0,"key":"Calipers"},{"floor":30.0,"key":"Red Mask"},{"floor":43.0,"key":"Old Coin"},{"floor":44.0,"key":"War Paint"},{"floor":46.0,"key":"Dream Catcher"},{"floor":48.0,"key":"Nunchaku"},{"floor":55.0,"key":"Bag of Marbles"}],"event_choices":[{"cards_removed":["Strike_G"],"damage_healed":0.0,"max_hp_gain":0.0,"max_hp_loss":0.0,"gold_gain":0.0,"event_name":"Golden Wing","player_choice":"Card Removal","floor":5.0,"gold_loss":0.0,"damage_taken":7.0},{"damage_healed":0.0,"max_hp_gain":0.0,"max_hp_loss":0.0,"gold_gain":0.0,"cards_transformed":["Strike_G"],"event_name":"Living Wall","player_choice":"Change","floor":10.0,"gold_loss":0.0,"damage_taken":0.0,"cards_obtained":["Catalyst"]},{"damage_healed":0.0,"max_hp_gain":0.0,"max_hp_loss":0.0,"gold_gain":0.0,"event_name":"Addict","player_choice":"Obtained Relic","floor":22.0,"gold_loss":85.0,"damage_taken":0.0,"relics_obtained":["Snake Skull"]},{"damage_healed":0.0,"max_hp_gain":0.0,"max_hp_loss":0.0,"gold_gain":0.0,"event_name":"Masked Bandits","player_choice":"Fought Bandits","floor":30.0,"gold_loss":0.0,"damage_taken":0.0},{"damage_healed":0.0,"max_hp_gain":0.0,"max_hp_loss":0.0,"gold_gain":0.0,"event_name":"Beggar","player_choice":"Ignored","floor":31.0,"gold_loss":0.0,"damage_taken":0.0},{"damage_healed":0.0,"max_hp_gain":0.0,"max_hp_loss":0.0,"gold_gain":0.0,"event_name":"SensoryStone","player_choice":"Memory 1","floor":37.0,"gold_loss":0.0,"damage_taken":0.0},{"damage_healed":0.0,"max_hp_gain":0.0,"max_hp_loss":0.0,"gold_gain":222.0,"event_name":"Tomb of Lord Red Mask","player_choice":"Wore Mask","floor":41.0,"gold_loss":0.0,"damage_taken":0.0},{"damage_healed":0.0,"max_hp_gain":0.0,"max_hp_loss":3.0,"gold_gain":0.0,"event_name":"Winding Halls","player_choice":"Max HP","floor":47.0,"gold_loss":0.0,"damage_taken":0.0}],"is_beta":false,"boss_relics":[{"not_picked":["Calling Bell","Ring of the Serpent"],"picked":"Runic Pyramid"},{"not_picked":["White Beast Statue","Snecko Eye"],"picked":"Busted Crown"}],"items_purged_floors":[28,54],"is_endless":false,"potions_floor_spawned":[1,7,11,14,19,29,30,33,35,44,48,55],"ascension_level":20}