{"gold_per_floor":[156,207,37,37,85,85,169,169,169,259,319,406,493,553,553,769,769,769],"floor_reached":18,"playtime":505,"items_purged":[],"score":580,"play_id":"d4a366b3-4e88-42f7-9df8-49668e528e40","local_time":"20190130192657","daily_mods":["DeadlyEvents","Binary","Cursed Run","Elite Swarm","Lethality","Midas","Night Terrors","Terminal","Uncertain Future","Binary"],"is_ascension_mode":true,"campfire_choices":[{"floor":6.0,"key":"REST"},{"floor":8.0,"key":"REST"},{"floor":15.0,"key":"REST"}],"neow_cost":"","seed_source_timestamp":0,"circlet_count":0,"master_deck":["AscendersBane","Defend_G","Defend_G","Defend_G","Defend_G","Defend_G","Strike_G","Strike_G","Survivor","Neutralize+1","Impatience","Phantasmal Killer","Clumsy","Caltrops+1","Endless Agony+1","Underhanded Strike+1"],"special_seed":0,"relics":["Cursed Key","Darkstone Periapt","Du-Vu Doll","Busted Crown","Dead Branch","Pear","Omamori","Ancient Tea Set","Tingsha","Astrolabe"],"potions_floor_usage":[],"damage_taken":[{"damage":0.0,"enemies":"Jaw Worm","floor":1.0,"turns":3.0},{"damage":0.0,"enemies":"Cultist","floor":2.0,"turns":3.0},{"damage":0.0,"enemies":"2 Louse","floor":5.0,"turns":2.0},{"damage":0.0,"enemies":"Lagavulin","floor":7.0,"turns":5.0},{"damage":4.0,"enemies":"Gremlin Nob","floor":10.0,"turns":3.0},{"damage":0.0,"enemies":"Exordium Wildlife","floor":11.0,"turns":3.0},{"damage":3.0,"enemies":"3 Sentries","floor":12.0,"turns":4.0},{"damage":0.0,"enemies":"Gremlin Nob","floor":13.0,"turns":2.0},{"damage":0.0,"enemies":"Red Slaver","floor":14.0,"turns":2.0},{"damage":0.0,"enemies":"The Guardian","floor":16.0,"turns":8.0},{"damage":0,"enemies":"2 Thieves","floor":18,"turns":1}],"seed_played":"-6932825441513299323","potions_obtained":[{"floor":2.0,"key":"Block Potion"},{"floor":12.0,"key":"SteroidPotion"},{"floor":13.0,"key":"Fire Potion"},{"floor":14.0,"key":"SkillPotion"},{"floor":16.0,"key":"LiquidBronze"}],"is_trial":true,"path_per_floor":["M","M","$","?","M","R","E","R","T","E","M","E","E","M","R","B",null,"M"],"character_chosen":"THE_SILENT","items_purchased":["Impatience","Phantasmal Killer"],"campfire_rested":3,"item_purchase_floors":[3,3],"current_hp_per_floor":[1,1,1,1,1,1,1,1,16,12,12,9,9,9,5,4,3,3],"gold":769,"neow_bonus":"","is_prod":false,"is_daily":false,"chose_seed":false,"campfire_upgraded":0,"win_rate":0,"timestamp":1548847617,"path_taken":["M","M","$","?","M","R","E","R","T","E","?","E","?","M","R","BOSS","M"],"build_version":"2019-01-23","purchased_purges":0,"victory":false,"max_hp_per_floor":[1,1,1,1,1,1,1,1,16,15,14,13,12,11,5,4,3,3],"card_choices":[],"player_experience":2414700,"relics_obtained":[{"floor":7.0,"key":"Dead Branch"},{"floor":9.0,"key":"Pear"},{"floor":10.0,"key":"Omamori"},{"floor":12.0,"key":"Ancient Tea Set"},{"floor":13.0,"key":"Tingsha"}],"event_choices":[{"damage_healed":0.0,"max_hp_gain":0.0,"max_hp_loss":0.0,"gold_gain":0.0,"event_name":"Accursed Blacksmith","player_choice":"Forge","floor":4.0,"gold_loss":0.0,"damage_taken":0.0,"cards_upgraded":["Neutralize"]}],"is_beta":false,"boss_relics":[{"not_picked":["Snecko Eye","Calling Bell"],"picked":"Astrolabe"}],"items_purged_floors":[],"is_endless":false,"potions_floor_spawned":[2,12,13,14,16],"killed_by":"2 Thieves","ascension_level":20}