{"gold_per_floor":[113,113,132,150,163,163,21,47,96,96,114,127,127,160,160,234,234,246,161,161,161,175,175,188,188,188,216,233,332,332,351,351,430,430,444,444,45,58,70,70,99,118,168,230,230,258,273,288,288,288],"floor_reached":51,"playtime":2123,"items_purged":["Strike_B","Defend_B"],"score":1443,"play_id":"3f7309cf-d9d7-49f5-b35d-315c91e10e92","local_time":"20181010202310","is_ascension_mode":true,"campfire_choices":[{"data":"Zap","floor":6.0,"key":"SMITH"},{"floor":10.0,"key":"REST"},{"data":"Redo","floor":13.0,"key":"SMITH"},{"data":"Buffer","floor":15.0,"key":"SMITH"},{"data":"Dualcast","floor":23.0,"key":"SMITH"},{"data":"Electrodynamics","floor":25.0,"key":"SMITH"},{"data":"1","floor":30.0,"key":"LIFT"},{"data":"2","floor":32.0,"key":"LIFT"},{"data":"3","floor":40,"key":"LIFT"},{"data":"Capacitor","floor":45,"key":"SMITH"},{"data":"Hologram","floor":49,"key":"SMITH"}],"neow_cost":"NONE","seed_source_timestamp":0,"circlet_count":0,"master_deck":["Strike_B+1","Zap+1","Dualcast+1","AscendersBane","Streamline+1","Go for the Eyes+1","Hologram+1","Glacier","Hologram","Redo+1","Turbo","Buffer+1","Electrodynamics+1","Beam Cell+1","Go for the Eyes+1","Skim+1","Rebound","Self Repair","Gash+1","Capacitor+1","Seek","Conserve Battery","Gash","Defragment+1","Leap","Conserve Battery","Seek"],"special_seed":0,"relics":["Cracked Core","Lantern","Bottled Lightning","DataDisk","Pen Nib","Astrolabe","Vajra","MutagenicStrength","Girya","Dream Catcher","Empty Cage","Letter Opener","Boot","Happy Flower","Tiny Chest","Gambling Chip"],"potions_floor_usage":[50],"damage_taken":[{"damage":1.0,"enemies":"Cultist","floor":1.0,"turns":4.0},{"damage":0.0,"enemies":"Small Slimes","floor":3.0,"turns":2.0},{"damage":7.0,"enemies":"Jaw Worm","floor":4.0,"turns":2.0},{"damage":29.0,"enemies":"Gremlin Gang","floor":5.0,"turns":4.0},{"damage":8.0,"enemies":"Gremlin Nob","floor":8.0,"turns":3.0},{"damage":3.0,"enemies":"Lots of Slimes","floor":11.0,"turns":4.0},{"damage":0.0,"enemies":"Exordium Wildlife","floor":12.0,"turns":3.0},{"damage":0.0,"enemies":"3 Sentries","floor":14.0,"turns":5.0},{"damage":0.0,"enemies":"Slime Boss","floor":16.0,"turns":12.0},{"damage":0.0,"enemies":"Chosen","floor":18.0,"turns":4.0},{"damage":0.0,"enemies":"3 Byrds","floor":22.0,"turns":4.0},{"damage":11.0,"enemies":"3 Cultists","floor":24.0,"turns":4.0},{"damage":0.0,"enemies":"Book of Stabbing","floor":27.0,"turns":5.0},{"damage":2.0,"enemies":"Shelled Parasite and Fungi","floor":28.0,"turns":4.0},{"damage":10.0,"enemies":"Centurion and Healer","floor":31.0,"turns":4.0},{"damage":38.0,"enemies":"Collector","floor":33.0,"turns":10.0},{"damage":0,"enemies":"3 Shapes","floor":35,"turns":5},{"damage":3,"enemies":"Orb Walker","floor":38,"turns":3},{"damage":0,"enemies":"3 Darklings","floor":39,"turns":4},{"damage":4,"enemies":"2 Orb Walkers","floor":41,"turns":5},{"damage":0,"enemies":"Reptomancer","floor":42,"turns":4},{"damage":0,"enemies":"Giant Head","floor":44,"turns":7},{"damage":23,"enemies":"2 Orb Walkers","floor":46,"turns":4},{"damage":0,"enemies":"Maw","floor":47,"turns":5},{"damage":5,"enemies":"4 Shapes","floor":48,"turns":4},{"damage":22,"enemies":"Time Eater","floor":50,"turns":13}],"seed_played":"3653991360264601879","potions_obtained":[{"floor":1.0,"key":"FearPotion"},{"floor":11.0,"key":"Explosive Potion"},{"floor":14.0,"key":"Weak Potion"},{"floor":22.0,"key":"FocusPotion"},{"floor":31.0,"key":"Weak Potion"},{"floor":38,"key":"EssenceOfSteel"},{"floor":39,"key":"SteroidPotion"}],"is_trial":false,"path_per_floor":["M","?","M","M","M","R","$","E","T","R","M","M","R","E","R","B",null,"M","?","?","?","M","R","M","R","T","E","M","?","R","M","R","B",null,"M","?","$","M","M","R","E","M","T","E","R","E","M","M","R","B"],"character_chosen":"DEFECT","items_purchased":["Glacier","Letter Opener","Conserve Battery"],"campfire_rested":1,"item_purchase_floors":[7,37,37],"current_hp_per_floor":[67,52,52,45,16,16,16,8,8,30,27,27,27,27,27,27,63,63,63,63,63,63,63,59,59,59,66,64,64,64,61,61,30,64,71,71,71,68,71,71,71,71,71,71,71,55,62,64,64,49],"gold":288,"neow_bonus":"RANDOM_COMMON_RELIC","is_prod":false,"is_daily":false,"chose_seed":false,"campfire_upgraded":7,"win_rate":0,"timestamp":1539174190,"path_taken":["M","?","?","M","?","R","$","E","T","R","M","?","R","E","R","BOSS","M","?","?","?","M","R","M","R","T","E","M","?","R","?","R","BOSS","BOSS","M","?","$","M","M","R","E","M","T","E","R","E","?","?","R","BOSS"],"build_version":"2018-10-04v2","purchased_purges":2,"victory":true,"max_hp_per_floor":[75,75,75,75,75,75,75,75,75,75,75,75,75,75,75,75,75,75,75,75,75,75,75,75,75,75,75,75,75,75,75,75,75,75,75,71,71,71,71,71,71,71,71,71,71,71,71,71,71,71],"card_choices":[{"not_picked":["Reprogram","Auto Shields"],"picked":"Streamline","floor":1.0},{"not_picked":["Chill","Barrage"],"picked":"Go for the Eyes","floor":3.0},{"not_picked":["Steam","Darkness"],"picked":"Hologram","floor":4.0},{"not_picked":["Undo","Compile Driver","Stack"],"picked":"SKIP","floor":5.0},{"not_picked":["Turbo","Recycle"],"picked":"Hologram","floor":8.0},{"not_picked":["Blizzard","Storm"],"picked":"Redo","floor":11.0},{"not_picked":["Chaos","Barrage"],"picked":"Turbo","floor":12.0},{"not_picked":["BootSequence","Glacier"],"picked":"Buffer","floor":14.0},{"not_picked":["Machine Learning","Meteor Strike"],"picked":"Electrodynamics","floor":16.0},{"not_picked":["Loop","Stack"],"picked":"Rebound","floor":18.0},{"not_picked":["Hologram+1","Coolheaded"],"picked":"Self Repair","floor":22.0},{"not_picked":["Steam Power","Storm+1"],"picked":"Gash+1","floor":24.0},{"not_picked":["Melter","Barrage+1","Recycle"],"picked":"SKIP","floor":27.0},{"not_picked":["Hello World","Force Field","Coolheaded"],"picked":"SKIP","floor":28.0},{"not_picked":["Compile Driver","Storm"],"picked":"Capacitor","floor":31.0},{"not_picked":["Rainbow","Multi-Cast"],"picked":"Seek","floor":33},{"not_picked":["Go for the Eyes","Double Energy","Ball Lightning"],"picked":"SKIP","floor":35},{"not_picked":["Steam","Loop"],"picked":"Gash","floor":38},{"not_picked":["Doom and Gloom","Self Repair"],"picked":"Defragment+1","floor":39},{"not_picked":["Stack","Tempest+1"],"picked":"Leap","floor":41},{"not_picked":["Sunder+1","Streamline"],"picked":"Conserve Battery","floor":42},{"not_picked":["Chaos","Coolheaded","Go for the Eyes+1"],"picked":"SKIP","floor":44},{"not_picked":["Doom and Gloom","Steam","Beam Cell+1"],"picked":"SKIP","floor":46},{"not_picked":["Hello World","Compile Driver","Tempest"],"picked":"SKIP","floor":47},{"not_picked":["Leap+1","Hello World+1"],"picked":"Seek","floor":48}],"player_experience":265763,"relics_obtained":[{"floor":8.0,"key":"Bottled Lightning"},{"floor":9.0,"key":"DataDisk"},{"floor":14.0,"key":"Pen Nib"},{"floor":26.0,"key":"Girya"},{"floor":27.0,"key":"Dream Catcher"},{"floor":41,"key":"Boot"},{"floor":43,"key":"Happy Flower"},{"floor":44,"key":"Tiny Chest"},{"floor":46,"key":"Gambling Chip"}],"event_choices":[{"event_name":"Shining Light","player_choice":"Entered Light","floor":2.0,"damage_taken":0.0},{"event_name":"Addict","player_choice":"Obtained Relic","floor":19.0,"damage_taken":0.0},{"event_name":"Drug Dealer","player_choice":"Inject Mutagens","floor":20.0,"damage_taken":0.0},{"event_name":"Upgrade Shrine","player_choice":"Upgraded","floor":21.0,"damage_taken":0.0},{"event_name":"Nest","player_choice":"Stole From Cult","floor":29.0,"damage_taken":0.0},{"event_name":"Winding Halls","player_choice":"Max HP","floor":36,"damage_taken":0}],"is_beta":false,"boss_relics":[{"not_picked":["Philosopher\u0027s Stone","Ectoplasm"],"picked":"Astrolabe"},{"not_picked":["Lizard Tail","Pandora\u0027s Box"],"picked":"Empty Cage"}],"items_purged_floors":[7,37],"is_endless":false,"potions_floor_spawned":[1,11,14,22,31,38,39,41],"ascension_level":13}