{"gold_per_floor":[114,39,58,133,33,33,43,55,82,82,99,99,99,118,118,221,221,238,252,302,227,242,242,277,277,277,297,297,172,172,202,202,305,305,324,174,193,122,136,136,149,149,198,198,498,509,144,162,162,162],"floor_reached":51,"playtime":1495,"items_purged":["Strike_G","Defend_G","Defend_G","Strike_G","Defend_G+1"],"score":727,"play_id":"ba86b277-4929-4847-83fd-dc948d458c62","local_time":"20181030235519","is_ascension_mode":false,"campfire_choices":[{"data":"Catalyst","floor":6.0,"key":"SMITH"},{"data":"Deadly Poison","floor":13.0,"key":"SMITH"},{"data":"Neutralize","floor":15.0,"key":"SMITH"},{"data":"Backflip","floor":23.0,"key":"SMITH"},{"data":"Backflip","floor":25.0,"key":"SMITH"},{"data":"Backflip","floor":28.0,"key":"SMITH"},{"data":"Survivor","floor":30.0,"key":"SMITH"},{"data":"Noxious Fumes","floor":32.0,"key":"SMITH"},{"data":"Corpse Explosion","floor":40.0,"key":"SMITH"},{"data":"Malaise","floor":44.0,"key":"SMITH"},{"data":"Footwork","floor":49,"key":"SMITH"}],"neow_cost":"NONE","seed_source_timestamp":49021113341853,"circlet_count":0,"master_deck":["Survivor+1","Neutralize+1","Catalyst+1","Backflip+1","Deadly Poison+1","Backflip+1","Die Die Die","Die Die Die+1","Endless Agony+1","Dagger Spray+1","Backflip+1","Well Laid Plans+1","Noxious Fumes+1","Corpse Explosion+1","Malaise+1","Catalyst+1","Footwork+1"],"special_seed":0,"relics":["Ring of the Snake","Art of War","Orichalcum","Astrolabe","Matryoshka","Pen Nib","Turnip","War Paint","Busted Crown","Vajra","Omamori","Bag of Preparation"],"potions_floor_usage":[50,50,50],"damage_taken":[{"damage":0.0,"enemies":"Jaw Worm","floor":1.0,"turns":3.0},{"damage":0.0,"enemies":"Cultist","floor":3.0,"turns":5.0},{"damage":0.0,"enemies":"Small Slimes","floor":7.0,"turns":4.0},{"damage":4.0,"enemies":"3 Louse","floor":8.0,"turns":5.0},{"damage":0.0,"enemies":"Blue Slaver","floor":11.0,"turns":6.0},{"damage":0.0,"enemies":"Large Slime","floor":14.0,"turns":4.0},{"damage":6.0,"enemies":"The Guardian","floor":16.0,"turns":8.0},{"damage":0.0,"enemies":"Chosen","floor":18.0,"turns":3.0},{"damage":0.0,"enemies":"3 Byrds","floor":19.0,"turns":2.0},{"damage":2.0,"enemies":"Cultist and Chosen","floor":22.0,"turns":4.0},{"damage":2.0,"enemies":"Gremlin Leader","floor":24.0,"turns":4.0},{"damage":10.0,"enemies":"Snake Plant","floor":27.0,"turns":3.0},{"damage":8.0,"enemies":"Slavers","floor":31.0,"turns":3.0},{"damage":3.0,"enemies":"Champ","floor":33.0,"turns":8.0},{"damage":0.0,"enemies":"3 Shapes","floor":35.0,"turns":2.0},{"damage":0.0,"enemies":"Orb Walker","floor":37.0,"turns":3.0},{"damage":0.0,"enemies":"Jaw Worm Horde","floor":39.0,"turns":2.0},{"damage":0.0,"enemies":"Spire Growth","floor":41.0,"turns":5.0},{"damage":0.0,"enemies":"Sphere and 2 Shapes","floor":46.0,"turns":2.0},{"damage":3,"enemies":"Writhing Mass","floor":48,"turns":5},{"damage":32,"enemies":"Awakened One","floor":50,"turns":12}],"seed_played":"2840266682866513418","potions_obtained":[{"floor":3.0,"key":"Poison Potion"},{"floor":7.0,"key":"Strength Potion"},{"floor":16.0,"key":"PowerPotion"},{"floor":24.0,"key":"Block Potion"},{"floor":31.0,"key":"PowerPotion"}],"is_trial":false,"path_per_floor":["M","$","M","?","$","R","M","M","T","?","M","?","R","M","R","B",null,"M","M","?","?","M","R","E","R","T","M","R","$","R","E","R","B",null,"M","$","M","$","M","R","M","?","T","R","?","M","$","M","R","B"],"character_chosen":"THE_SILENT","items_purchased":["Malaise","Bag of Preparation","Footwork"],"campfire_rested":0,"item_purchase_floors":[38,47,47],"current_hp_per_floor":[77,77,77,66,66,66,66,62,62,55,55,43,43,43,43,37,77,77,77,77,77,75,75,73,73,73,63,63,63,63,55,55,52,77,77,77,77,77,77,77,77,77,77,77,77,77,77,74,74,42],"gold":162,"neow_bonus":"TEN_PERCENT_HP_BONUS","is_prod":false,"is_daily":false,"chose_seed":false,"campfire_upgraded":11,"win_rate":0,"timestamp":1540914919,"path_taken":["M","$","M","?","$","R","M","M","T","?","M","?","R","M","R","BOSS","M","M","?","?","M","R","E","R","T","M","R","$","R","E","R","BOSS","M","$","M","$","M","R","M","?","T","R","?","M","?","?","R","BOSS"],"build_version":"2018-10-25v2","purchased_purges":5,"victory":true,"max_hp_per_floor":[77,77,77,77,77,77,77,77,77,77,77,77,77,77,77,77,77,77,77,77,77,77,77,77,77,77,77,77,77,77,77,77,77,77,77,77,77,77,77,77,77,77,77,77,77,77,77,77,77,77],"card_choices":[{"not_picked":["Deadly Poison","Accuracy"],"picked":"Catalyst","floor":1.0},{"not_picked":["Sucker Punch","Calculated Gamble","Prepared"],"picked":"SKIP","floor":3.0},{"not_picked":["Underhanded Strike","Dagger Spray"],"picked":"Backflip","floor":7.0},{"not_picked":["Quick Slash","Dagger Throw","Dodge and Roll"],"picked":"SKIP","floor":8.0},{"not_picked":["Cloak And Dagger","Sucker Punch"],"picked":"Deadly Poison","floor":11.0},{"not_picked":["Bane","Eviscerate"],"picked":"Backflip","floor":14.0},{"not_picked":["Doppelganger","Unload"],"picked":"Die Die Die","floor":16.0},{"not_picked":["Dagger Spray","Flying Knee+1","Dagger Throw"],"picked":"SKIP","floor":18.0},{"not_picked":["Quick Slash+1","Bane"],"picked":"Backflip","floor":19.0},{"not_picked":["Heel Hook","Bane","Flying Knee+1"],"picked":"SKIP","floor":22.0},{"not_picked":["Flying Knee","Doppelganger","All Out Attack"],"picked":"SKIP","floor":24.0},{"not_picked":["Sucker Punch","Backflip+1"],"picked":"Well Laid Plans+1","floor":27.0},{"not_picked":["Acrobatics+1","Dagger Spray"],"picked":"Noxious Fumes","floor":31.0},{"not_picked":["Die Die Die","Doppelganger"],"picked":"Corpse Explosion","floor":33.0},{"not_picked":["Cloak And Dagger"],"picked":"SKIP","floor":35.0},{"not_picked":["Deflect"],"picked":"SKIP","floor":37.0},{"not_picked":["Prepared+1"],"picked":"SKIP","floor":39.0},{"not_picked":["Flying Knee"],"picked":"SKIP","floor":41.0},{"not_picked":["Setup+1"],"picked":"SKIP","floor":46.0},{"not_picked":["Setup"],"picked":"SKIP","floor":48}],"player_experience":760523,"relics_obtained":[{"floor":9.0,"key":"Art of War"},{"floor":24.0,"key":"Matryoshka"},{"floor":26.0,"key":"Pen Nib"},{"floor":26.0,"key":"Turnip"},{"floor":31.0,"key":"War Paint"},{"floor":43.0,"key":"Vajra"},{"floor":43.0,"key":"Omamori"}],"event_choices":[{"damage_healed":0.0,"max_hp_gain":0.0,"max_hp_loss":0.0,"gold_gain":75.0,"event_name":"World of Goop","player_choice":"Gather Gold","floor":4.0,"gold_loss":0.0,"damage_taken":11.0},{"cards_removed":["Strike_G"],"damage_healed":0.0,"max_hp_gain":0.0,"max_hp_loss":0.0,"gold_gain":0.0,"event_name":"Golden Wing","player_choice":"Card Removal","floor":10.0,"gold_loss":0.0,"damage_taken":7.0},{"damage_healed":0.0,"max_hp_gain":0.0,"max_hp_loss":0.0,"gold_gain":0.0,"event_name":"Scrap Ooze","player_choice":"Success","floor":12.0,"gold_loss":0.0,"damage_taken":12.0,"relics_obtained":["Orichalcum"]},{"damage_healed":0.0,"max_hp_gain":0.0,"max_hp_loss":0.0,"gold_gain":100.0,"event_name":"The Joust","player_choice":"Bet on Murderer","floor":20.0,"gold_loss":50.0,"damage_taken":0.0},{"cards_removed":["Strike_G"],"damage_healed":0.0,"max_hp_gain":0.0,"max_hp_loss":0.0,"gold_gain":0.0,"event_name":"Beggar","player_choice":"Gave Gold","floor":21.0,"gold_loss":75.0,"damage_taken":0.0},{"damage_healed":0.0,"max_hp_gain":0.0,"max_hp_loss":0.0,"gold_gain":0.0,"event_name":"Duplicator","player_choice":"Copied","floor":42.0,"gold_loss":0.0,"damage_taken":0.0,"cards_obtained":["Catalyst"]},{"damage_healed":0.0,"max_hp_gain":0.0,"max_hp_loss":0.0,"gold_gain":300.0,"event_name":"Wheel of Change","player_choice":"Gold","floor":45.0,"gold_loss":0.0,"damage_taken":0.0}],"is_beta":false,"boss_relics":[{"not_picked":["Lizard Tail","WristBlade"],"picked":"Astrolabe"},{"not_picked":["Calling Bell","HoveringKite"],"picked":"Busted Crown"}],"items_purged_floors":[2,5,29,36,47],"is_endless":false,"potions_floor_spawned":[3,7,16,18,24,27,31,33,37,46],"ascension_level":0}