{"gold_per_floor":[113,131,131,141,151,151,33,33,112,112,126,51,51,70,70,144,144,157,207,132,132,146,146,159,159],"floor_reached":25,"playtime":496,"items_purged":["Strike_G"],"score":386,"play_id":"5fce0385-2cce-47f2-8c31-12ddce8fe5d5","local_time":"20181227222014","is_ascension_mode":true,"campfire_choices":[{"data":"Glass Knife","floor":6,"key":"SMITH"},{"data":"Noxious Fumes","floor":8,"key":"SMITH"},{"data":"Poisoned Stab","floor":10,"key":"SMITH"},{"data":"Poisoned Stab","floor":15,"key":"SMITH"},{"data":"Neutralize","floor":23,"key":"SMITH"}],"neow_cost":"NONE","seed_source_timestamp":38080182558151,"circlet_count":0,"master_deck":["AscendersBane","Defend_G","Defend_G","Defend_G","Defend_G","Strike_G","Strike_G","Survivor","Neutralize+1","Poisoned Stab+1","Calculated Gamble","Poisoned Stab+1","Glass Knife+1","Noxious Fumes+1","Calculated Gamble","Tactician","Malaise","Dash"],"relics":["Sozu","Frozen Egg 2","Coffee Dripper"],"potions_floor_usage":[],"damage_taken":[{"damage":3,"enemies":"2 Louse","floor":1,"turns":3},{"damage":1,"enemies":"Cultist","floor":2,"turns":3},{"damage":1,"enemies":"Small Slimes","floor":4,"turns":3},{"damage":9,"enemies":"2 Fungi Beasts","floor":5,"turns":4},{"damage":1,"enemies":"3 Louse","floor":11,"turns":2},{"damage":4,"enemies":"Exordium Thugs","floor":14,"turns":4},{"damage":14,"enemies":"Hexaghost","floor":16,"turns":7},{"damage":6,"enemies":"Chosen","floor":18,"turns":5},{"damage":27,"enemies":"Shell Parasite","floor":22,"turns":4},{"damage":7,"enemies":"Centurion and Healer","floor":24,"turns":5},{"damage":0,"enemies":"Shelled Parasite and Fungi","floor":25,"turns":1}],"seed_played":"-6875825692855642168","potions_obtained":[],"is_trial":false,"path_per_floor":["M","M","?","M","M","R","$","R","T","R","M","?","$","M","R","B",null,"M","?","?","?","M","R","M","M"],"character_chosen":"THE_SILENT","items_purchased":["Noxious Fumes"],"campfire_rested":0,"item_purchase_floors":[7],"current_hp_per_floor":[56,55,55,54,45,45,45,45,45,45,44,44,44,40,40,26,56,50,50,50,50,23,23,16,16],"gold":159,"neow_bonus":"BOSS_RELIC","is_prod":false,"is_daily":false,"chose_seed":false,"campfire_upgraded":5,"win_rate":0,"timestamp":1545920414,"path_taken":["M","M","?","M","?","R","$","R","T","R","?","?","$","M","R","BOSS","M","?","?","?","M","R","M","?"],"build_version":"2018-12-20","purchased_purges":1,"victory":false,"max_hp_per_floor":[66,66,66,66,66,66,66,66,66,66,66,66,66,66,66,66,66,66,66,66,66,66,66,66,66],"card_choices":[{"not_picked":["Dodge and Roll","Outmaneuver"],"picked":"Poisoned Stab","floor":1},{"not_picked":["Outmaneuver","Heel Hook"],"picked":"Calculated Gamble","floor":2},{"not_picked":["Infinite Blades","Blade Dance"],"picked":"Poisoned Stab","floor":4},{"not_picked":["Acrobatics","Quick Slash"],"picked":"Glass Knife","floor":5},{"not_picked":["Poisoned Stab","Acrobatics"],"picked":"Calculated Gamble","floor":11},{"not_picked":["Cloak And Dagger","Dash"],"picked":"Tactician","floor":14},{"not_picked":["A Thousand Cuts+1","Phantasmal Killer"],"picked":"Malaise","floor":16},{"not_picked":["Slice+1","Deflect","Bane"],"picked":"SKIP","floor":18},{"not_picked":["Bane","Infinite Blades+1"],"picked":"Dash","floor":22},{"not_picked":["PiercingWail","Terror","Backstab+1"],"picked":"SKIP","floor":24}],"player_experience":1536628,"relics_obtained":[{"floor":9,"key":"Frozen Egg 2"}],"event_choices":[{"cards_removed":["Strike_G"],"damage_healed":0,"gold_gain":0,"player_choice":"Card Removal","damage_taken":0,"max_hp_gain":0,"max_hp_loss":0,"event_name":"Wheel of Change","floor":3,"gold_loss":0},{"cards_removed":["Defend_G"],"damage_healed":0,"gold_gain":0,"player_choice":"Card Removal","damage_taken":0,"max_hp_gain":0,"max_hp_loss":0,"event_name":"The Cleric","floor":12,"gold_loss":75},{"damage_healed":0,"gold_gain":50,"player_choice":"Stole From Cult","damage_taken":0,"max_hp_gain":0,"max_hp_loss":0,"event_name":"Nest","floor":19,"gold_loss":0},{"cards_removed":["Strike_G"],"damage_healed":0,"gold_gain":0,"player_choice":"Gave Gold","damage_taken":0,"max_hp_gain":0,"max_hp_loss":0,"event_name":"Beggar","floor":20,"gold_loss":75},{"damage_healed":0,"gold_gain":0,"player_choice":"Ignored","damage_taken":0,"max_hp_gain":0,"max_hp_loss":0,"event_name":"The Mausoleum","floor":21,"gold_loss":0}],"is_beta":false,"boss_relics":[{"not_picked":["Ectoplasm","HoveringKite"],"picked":"Coffee Dripper"}],"items_purged_floors":[7],"is_endless":false,"potions_floor_spawned":[2,5,16,22,24],"killed_by":"Shelled Parasite and Fungi","ascension_level":20}