{"gold_per_floor":[118,118,130,5,5,30,30,30,54,54,71,85,47,47,47,122,122,133,151,151,151,162,162,179,179,202,202],"floor_reached":27,"playtime":774,"items_purged":["Strike_B"],"score":422,"play_id":"16c1c8b6-33ec-4e4c-be7c-6c0a1d1eede9","local_time":"20190807165257","is_ascension_mode":true,"campfire_choices":[{"data":"Consume","floor":8.0,"key":"SMITH"},{"floor":10.0,"key":"REST"},{"data":"Zap","floor":15.0,"key":"SMITH"},{"floor":23.0,"key":"REST"},{"data":"Chaos","floor":25,"key":"SMITH"}],"neow_cost":"NONE","seed_source_timestamp":949367880228800,"circlet_count":0,"master_deck":["AscendersBane","Strike_B","Defend_B","Defend_B","Defend_B","Defend_B","Zap+1","Dualcast","Ball Lightning","Conserve Battery","Machine Learning","Heatsinks","Consume+1","Skim","Capacitor","Rainbow","Defragment","Chill","Skim","Turbo","Chaos+1","Turbo","Electrodynamics"],"special_seed":0,"relics":["Philosopher\u0027s Stone","Pantograph","Bag of Preparation","Orrery","CultistMask","Bag of Marbles"],"potions_floor_usage":[],"damage_taken":[{"damage":9.0,"enemies":"Jaw Worm","floor":1.0,"turns":5.0},{"damage":8.0,"enemies":"Small Slimes","floor":3.0,"turns":3.0},{"damage":34.0,"enemies":"3 Sentries","floor":6.0,"turns":7.0},{"damage":0.0,"enemies":"2 Louse","floor":11.0,"turns":3.0},{"damage":24.0,"enemies":"Lots of Slimes","floor":12.0,"turns":4.0},{"damage":32.0,"enemies":"The Guardian","floor":16.0,"turns":8.0},{"damage":12.0,"enemies":"3 Byrds","floor":18.0,"turns":4.0},{"damage":19.0,"enemies":"Chosen","floor":19.0,"turns":6.0},{"damage":15.0,"enemies":"Centurion and Healer","floor":22.0,"turns":5.0},{"damage":19,"enemies":"Sentry and Sphere","floor":24,"turns":4},{"damage":10,"enemies":"Cultist and Chosen","floor":27,"turns":3}],"seed_played":"7208678859451296032","potions_obtained":[{"floor":3.0,"key":"SkillPotion"},{"floor":6.0,"key":"FocusPotion"},{"floor":16.0,"key":"EssenceOfSteel"},{"floor":22.0,"key":"FearPotion"}],"is_trial":false,"path_per_floor":["M","?","M","$","?","E","?","R","T","R","M","M","?","$","R","B",null,"M","M","?","?","M","R","M","R","T","M"],"character_chosen":"DEFECT","items_purchased":["Conserve Battery"],"campfire_rested":2,"item_purchase_floors":[4],"current_hp_per_floor":[55,55,47,47,47,13,13,13,13,34,34,10,10,10,10,3,54,42,23,23,23,8,29,10,10,10,0],"gold":202,"neow_bonus":"BOSS_RELIC","is_prod":false,"is_daily":false,"chose_seed":false,"campfire_upgraded":3,"win_rate":0,"timestamp":1565167977,"path_taken":["M","?","M","$","?","E","?","R","T","R","M","?","?","?","R","BOSS","M","M","?","?","M","R","?","R","T","?"],"build_version":"2019-07-17","purchased_purges":1,"victory":false,"max_hp_per_floor":[71,71,71,71,71,71,71,71,71,71,71,71,71,71,71,71,71,71,71,71,71,71,71,71,71,71,71],"card_choices":[{"not_picked":["Sweeping Beam","Steam"],"picked":"Ball Lightning","floor":1.0},{"not_picked":["Scrape","Barrage","Hello World"],"picked":"SKIP","floor":3.0},{"not_picked":["Storm","Static Discharge"],"picked":"Heatsinks","floor":6.0},{"not_picked":["Sweeping Beam","Hologram"],"picked":"Skim","floor":11.0},{"not_picked":["Compile Driver","Ball Lightning"],"picked":"Capacitor","floor":12.0},{"not_picked":["Reboot","Multi-Cast"],"picked":"Rainbow","floor":16.0},{"not_picked":["Heatsinks","Conserve Battery"],"picked":"Defragment","floor":17.0},{"not_picked":["Tempest","Barrage"],"picked":"Chill","floor":17.0},{"not_picked":["Compile Driver","Barrage"],"picked":"Skim","floor":17.0},{"not_picked":["Go for the Eyes","Stack"],"picked":"Turbo","floor":17.0},{"not_picked":["FTL","Redo"],"picked":"Chaos","floor":17.0},{"not_picked":["Skim","Fusion","Compile Driver"],"picked":"SKIP","floor":18.0},{"not_picked":["Steam","Cold Snap","Leap"],"picked":"SKIP","floor":19.0},{"not_picked":["Turbo","Auto Shields"],"picked":"Electrodynamics","floor":22.0},{"not_picked":["Melter+1","Rebound","Stack"],"picked":"SKIP","floor":24}],"player_experience":749999,"relics_obtained":[{"floor":6.0,"key":"Pantograph"},{"floor":9.0,"key":"Bag of Preparation"},{"floor":26,"key":"Bag of Marbles"}],"event_choices":[{"damage_healed":0.0,"max_hp_gain":0.0,"max_hp_loss":0.0,"gold_gain":0.0,"event_name":"Liars Game","player_choice":"Ignored","floor":2.0,"gold_loss":0.0,"damage_taken":0.0},{"damage_healed":0.0,"max_hp_gain":0.0,"max_hp_loss":0.0,"gold_gain":0.0,"cards_transformed":["Strike_B"],"event_name":"Living Wall","player_choice":"Change","floor":5.0,"gold_loss":0.0,"damage_taken":0.0,"cards_obtained":["Machine Learning"]},{"damage_healed":0.0,"max_hp_gain":0.0,"max_hp_loss":0.0,"gold_gain":0.0,"cards_transformed":["Strike_B"],"event_name":"Transmorgrifier","player_choice":"Transformed","floor":7.0,"gold_loss":0.0,"damage_taken":0.0,"cards_obtained":["Consume"]},{"damage_healed":0.0,"max_hp_gain":0.0,"max_hp_loss":0.0,"gold_gain":0.0,"event_name":"World of Goop","player_choice":"Left Gold","floor":13.0,"gold_loss":38.0,"damage_taken":0.0},{"damage_healed":0.0,"max_hp_gain":0.0,"max_hp_loss":0.0,"gold_gain":0.0,"event_name":"The Library","player_choice":"Read","floor":20.0,"gold_loss":0.0,"damage_taken":0.0,"cards_obtained":["Turbo"]},{"damage_healed":0.0,"max_hp_gain":0.0,"max_hp_loss":0.0,"gold_gain":0.0,"event_name":"FaceTrader","player_choice":"Trade","floor":21.0,"gold_loss":0.0,"damage_taken":0.0,"relics_obtained":["CultistMask"]}],"is_beta":false,"boss_relics":[{"not_picked":["Fusion Hammer","Coffee Dripper"],"picked":"Orrery"}],"items_purged_floors":[4],"is_endless":false,"potions_floor_spawned":[3,6,16,22],"killed_by":"Cultist and Chosen","ascension_level":20}