{"gold_per_floor":[113,131,151,301,17,17,36,66,112,112,127,127,127,140,140,217,217,237,237,247,259,259,259,276,276,358,369,369],"floor_reached":28,"playtime":1252,"items_purged":["Doubt"],"score":444,"play_id":"f0cf68b1-8262-415d-b0f0-e5c821f4a9c8","local_time":"20190714191704","is_ascension_mode":true,"campfire_choices":[{"data":"Shockwave","floor":6,"key":"SMITH"},{"floor":10,"key":"REST"},{"floor":13,"key":"REST"},{"data":"Spot Weakness","floor":15,"key":"SMITH"},{"floor":23,"key":"REST"},{"floor":25,"key":"REST"}],"neow_cost":"NONE","seed_source_timestamp":62237922250885,"circlet_count":0,"master_deck":["AscendersBane","Strike_R","Strike_R+1","Strike_R","Strike_R","Strike_R","Defend_R","Defend_R","Defend_R","Defend_R+1","Bash","Thunderclap","Shockwave+1","Headbutt","Spot Weakness+1","Feel No Pain","Reckless Charge","Iron Wave","Offering","Pain","Pummel","Havoc","Pain","Metallicize"],"special_seed":0,"relics":["Lizard Tail","OrangePellets","Shuriken","Strawberry","Cursed Key","WarpedTongs","Nilry\u0027s Codex","Ornamental Fan"],"potions_floor_usage":[8,11,16,28],"damage_taken":[{"damage":7.0,"enemies":"Small Slimes","floor":1.0,"turns":3.0},{"damage":4.0,"enemies":"2 Louse","floor":2.0,"turns":3.0},{"damage":4,"enemies":"Cultist","floor":3,"turns":3},{"damage":11,"enemies":"3 Louse","floor":7,"turns":5},{"damage":32,"enemies":"Gremlin Nob","floor":8,"turns":4},{"damage":16,"enemies":"Blue Slaver","floor":11,"turns":3},{"damage":10,"enemies":"Red Slaver","floor":14,"turns":3},{"damage":15,"enemies":"Hexaghost","floor":16,"turns":6},{"damage":6,"enemies":"Chosen","floor":18,"turns":5},{"damage":24,"enemies":"2 Thieves","floor":20,"turns":3},{"damage":8,"enemies":"3 Cultists","floor":21,"turns":4},{"damage":28,"enemies":"Sentry and Sphere","floor":24,"turns":7},{"damage":25,"enemies":"Snake Plant","floor":27,"turns":4},{"damage":48,"enemies":"Slavers","floor":28,"turns":3}],"seed_played":"1194356297992274214","potions_obtained":[{"floor":2.0,"key":"SneckoOil"},{"floor":7,"key":"BloodPotion"},{"floor":8,"key":"PowerPotion"},{"floor":16,"key":"LiquidBronze"}],"is_trial":false,"path_per_floor":["M","M","M","?","$","R","M","E","T","R","M","?","R","M","R","B",null,"M","?","M","M","?","R","M","R","T","M","E"],"character_chosen":"IRONCLAD","items_purchased":["OrangePellets"],"campfire_rested":4,"item_purchase_floors":[5],"current_hp_per_floor":[61,57,53,53,53,53,42,10,17,41,45,20,44,34,34,19,66,60,60,36,28,7,31,3,27,27,2,0],"gold":369,"neow_bonus":"BOSS_RELIC","is_prod":false,"is_daily":false,"chose_seed":false,"campfire_upgraded":2,"win_rate":0,"timestamp":1563124624,"path_taken":["M","M","M","?","$","R","M","E","T","R","M","?","R","M","R","BOSS","M","?","M","?","?","R","M","R","T","M","E"],"build_version":"2019-07-05","purchased_purges":1,"victory":false,"max_hp_per_floor":[75,75,75,75,75,75,75,75,82,82,82,82,82,82,82,82,82,82,82,82,82,82,82,82,82,82,82,82],"card_choices":[{"not_picked":["Headbutt","Seeing Red"],"picked":"Thunderclap","floor":1.0},{"not_picked":["Twin Strike","Armaments"],"picked":"Shockwave","floor":2.0},{"not_picked":["Twin Strike","Clothesline"],"picked":"Headbutt","floor":3},{"not_picked":["True Grit","Clash"],"picked":"Spot Weakness","floor":7},{"not_picked":["Double Tap","Searing Blow"],"picked":"Feel No Pain","floor":8},{"not_picked":["Bloodletting","Clash"],"picked":"Reckless Charge","floor":11},{"not_picked":["Warcry","Second Wind"],"picked":"Iron Wave","floor":14},{"not_picked":["Dark Embrace","Feed"],"picked":"Offering","floor":16},{"not_picked":["Cleave","Flex+1","Searing Blow"],"picked":"SKIP","floor":18},{"not_picked":["Clash","Bloodletting","Thunderclap"],"picked":"SKIP","floor":20},{"not_picked":["Headbutt","Warcry"],"picked":"Pummel","floor":21},{"not_picked":["Anger+1","Iron Wave"],"picked":"Havoc","floor":24},{"not_picked":["Body Slam","Perfected Strike"],"picked":"Metallicize","floor":27}],"player_experience":699519,"relics_obtained":[{"floor":8,"key":"Shuriken"},{"floor":9,"key":"Strawberry"},{"floor":22,"key":"Nilry\u0027s Codex"},{"floor":26,"key":"Ornamental Fan"}],"event_choices":[{"damage_healed":0,"gold_gain":150,"player_choice":"AGREE","damage_taken":0,"max_hp_gain":0,"max_hp_loss":0,"event_name":"Liars Game","floor":4,"gold_loss":0,"cards_obtained":["Doubt"]},{"damage_healed":0,"gold_gain":0,"player_choice":"Entered Light","damage_taken":25,"max_hp_gain":0,"max_hp_loss":0,"event_name":"Shining Light","floor":12,"gold_loss":0,"cards_upgraded":["Strike_R","Defend_R"]},{"damage_healed":0,"gold_gain":0,"player_choice":"Rummage","damage_taken":0,"relics_obtained":["WarpedTongs"],"max_hp_gain":0,"max_hp_loss":0,"event_name":"Accursed Blacksmith","floor":19,"gold_loss":0,"cards_obtained":["Pain"]},{"damage_healed":0,"gold_gain":0,"player_choice":"Obtained Book","damage_taken":21,"max_hp_gain":0,"max_hp_loss":0,"event_name":"Cursed Tome","floor":22,"gold_loss":0}],"is_beta":false,"boss_relics":[{"not_picked":["Black Star","Orrery"],"picked":"Cursed Key"}],"items_purged_floors":[5],"is_endless":false,"potions_floor_spawned":[2,7,8,16],"killed_by":"Slavers","ascension_level":20}