{"gold_per_floor":[119,6,6,6,20,20,54,54,78,78,98,17,42,76,76,76],"floor_reached":16,"playtime":494,"items_purged":["Strike_R"],"score":259,"play_id":"72d295df-857a-49a3-ac4b-674f4f680ba5","local_time":"20180924022524","is_ascension_mode":true,"campfire_choices":[{"data":"Burning Pact","floor":6.0,"key":"SMITH"},{"data":"True Grit","floor":8.0,"key":"SMITH"},{"data":"Power Through","floor":10.0,"key":"SMITH"},{"data":"Whirlwind","floor":15,"key":"SMITH"}],"neow_cost":"NONE","seed_source_timestamp":222733365706995,"circlet_count":0,"master_deck":["Strike_R","Strike_R","Strike_R","Strike_R","Defend_R","Defend_R","Defend_R","Defend_R+1","Bash+1","AscendersBane","Power Through+1","Burning Pact+1","True Grit+1","Flame Barrier","Whirlwind+1","Corruption"],"special_seed":0,"relics":["Burning Blood","NeowsBlessing","Golden Idol","WingedGreaves","Juzu Bracelet","Bottled Lightning"],"potions_floor_usage":[14,16],"damage_taken":[{"damage":0.0,"enemies":"Small Slimes","floor":1.0,"turns":1.0},{"damage":0.0,"enemies":"Jaw Worm","floor":5.0,"turns":1.0},{"damage":0.0,"enemies":"Lagavulin","floor":7.0,"turns":1.0},{"damage":2.0,"enemies":"Cultist","floor":11.0,"turns":4.0},{"damage":4.0,"enemies":"3 Louse","floor":13.0,"turns":2.0},{"damage":15,"enemies":"3 Sentries","floor":14,"turns":16},{"damage":59,"enemies":"Hexaghost","floor":16,"turns":10}],"seed_played":"8748891425809022143","potions_obtained":[{"floor":7.0,"key":"SteroidPotion"},{"floor":11.0,"key":"PowerPotion"},{"floor":14,"key":"PowerPotion"}],"is_trial":false,"path_per_floor":["M","$","?","?","M","R","E","R","T","R","M","$","M","E","R"],"character_chosen":"IRONCLAD","items_purchased":["Power Through","Whirlwind"],"campfire_rested":0,"item_purchase_floors":[2,12],"current_hp_per_floor":[74,74,51,51,57,57,63,63,63,63,67,67,68,59,59,0],"gold":76,"neow_bonus":"THREE_ENEMY_KILL","is_prod":false,"is_daily":false,"chose_seed":false,"campfire_upgraded":4,"win_rate":0,"timestamp":1537727124,"path_taken":["M","$","?","?","M","R","E","R","T","R","M","$","M","E","R","BOSS"],"build_version":"2018-09-20","purchased_purges":1,"victory":false,"max_hp_per_floor":[75,75,75,68,68,68,68,68,68,68,68,68,68,68,68,68],"card_choices":[{"not_picked":["Clash","Wild Strike","Rage"],"picked":"SKIP","floor":1.0},{"not_picked":["Heavy Blade","Warcry"],"picked":"Burning Pact","floor":5.0},{"not_picked":["Heavy Blade","Sever Soul"],"picked":"True Grit","floor":7.0},{"not_picked":["Brutality","Heavy Blade"],"picked":"Flame Barrier","floor":11.0},{"not_picked":["Hemokinesis","Ghostly Armor"],"picked":"Corruption","floor":13.0},{"not_picked":["Perfected Strike","Twin Strike","Iron Wave"],"picked":"SKIP","floor":14},{"not_picked":["Perfected Strike","Twin Strike","Iron Wave"],"picked":"SKIP","floor":14}],"player_experience":118392,"relics_obtained":[{"floor":7.0,"key":"WingedGreaves"},{"floor":9.0,"key":"Juzu Bracelet"},{"floor":14,"key":"Bottled Lightning"}],"event_choices":[{"event_name":"Shining Light","player_choice":"Entered Light","floor":3.0,"damage_taken":0.0},{"event_name":"Golden Idol","player_choice":"Lose Max HP","floor":4.0,"damage_taken":0.0}],"is_beta":false,"boss_relics":[],"items_purged_floors":[2],"is_endless":false,"potions_floor_spawned":[7,11,14],"killed_by":"Hexaghost","ascension_level":19}