{"gold_per_floor":[117,192,202,202,127,153,153,53,53,83,83,93,43,56,56,56],"floor_reached":16,"playtime":621,"items_purged":["Strike_G","Strike_G"],"score":270,"play_id":"cb4496c8-db65-4aa9-9ff6-2b9ba7b7e269","local_time":"20190320004412","is_ascension_mode":true,"campfire_choices":[{"data":"Deadly Poison","floor":7.0,"key":"SMITH"},{"floor":15,"key":"RECALL"}],"neow_cost":"NONE","seed_source_timestamp":50005575047803,"circlet_count":0,"master_deck":["AscendersBane","Defend_G","Defend_G","Defend_G","Defend_G","Defend_G","Strike_G","Strike_G","Strike_G","Survivor","Neutralize","Deadly Poison+1","Masterful Stab","Well Laid Plans","Adrenaline"],"special_seed":0,"relics":["Ring of the Snake","NeowsBlessing","Omamori","Matryoshka","Bag of Preparation"],"potions_floor_usage":[],"damage_taken":[{"damage":0.0,"enemies":"Jaw Worm","floor":1.0,"turns":1.0},{"damage":0.0,"enemies":"2 Louse","floor":3.0,"turns":1.0},{"damage":0.0,"enemies":"3 Sentries","floor":6.0,"turns":2.0},{"damage":29.0,"enemies":"Lagavulin","floor":10.0,"turns":8.0},{"damage":0.0,"enemies":"Cultist","floor":12.0,"turns":4.0},{"damage":21,"enemies":"Exordium Thugs","floor":13,"turns":5},{"damage":0,"enemies":"Exordium Wildlife","floor":14,"turns":2},{"damage":0,"enemies":"Slime Boss","floor":16,"turns":1}],"seed_played":"1700771520174489396","potions_obtained":[{"floor":6.0,"key":"Ancient Potion"},{"floor":10.0,"key":"SpeedPotion"}],"is_trial":false,"path_per_floor":["M","?","M","?","$","E","R","$","T","E","$","M","M","M","R","B"],"character_chosen":"THE_SILENT","items_purchased":[],"campfire_rested":0,"item_purchase_floors":[],"current_hp_per_floor":[59,48,48,66,66,66,66,66,66,37,37,37,16,16,16,16],"gold":56,"neow_bonus":"THREE_ENEMY_KILL","is_prod":false,"is_daily":false,"chose_seed":false,"campfire_upgraded":1,"win_rate":0,"timestamp":1553013852,"path_taken":["M","?","M","?","$","E","R","$","T","E","$","M","?","M","R","BOSS"],"build_version":"2019-01-23","purchased_purges":2,"victory":false,"max_hp_per_floor":[66,66,66,66,66,66,66,66,66,66,66,66,66,66,66,66],"card_choices":[{"not_picked":["Finisher","Dagger Throw"],"picked":"Deadly Poison","floor":1.0},{"not_picked":["Poisoned Stab","Deflect"],"picked":"Masterful Stab","floor":3.0},{"not_picked":["Blur","Deadly Poison","Deflect"],"picked":"SKIP","floor":6.0},{"not_picked":["Noxious Fumes","Masterful Stab"],"picked":"Well Laid Plans","floor":10.0},{"not_picked":["Sucker Punch","Backflip"],"picked":"Adrenaline","floor":12.0},{"not_picked":["Prepared","Quick Slash","Dagger Throw"],"picked":"SKIP","floor":13},{"not_picked":["Leg Sweep","Flying Knee","Underhanded Strike"],"picked":"SKIP","floor":14}],"player_experience":3739091,"relics_obtained":[{"floor":6.0,"key":"Omamori"},{"floor":9.0,"key":"Matryoshka"},{"floor":10.0,"key":"Bag of Preparation"}],"event_choices":[{"damage_healed":0.0,"max_hp_gain":0.0,"max_hp_loss":0.0,"gold_gain":75.0,"event_name":"World of Goop","player_choice":"Gather Gold","floor":2.0,"gold_loss":0.0,"damage_taken":11.0},{"damage_healed":18.0,"max_hp_gain":0.0,"max_hp_loss":0.0,"gold_gain":0.0,"event_name":"Wheel of Change","player_choice":"Full Heal","floor":4.0,"gold_loss":0.0,"damage_taken":0.0}],"is_beta":false,"boss_relics":[],"items_purged_floors":[5,8],"is_endless":false,"potions_floor_spawned":[6,10,14],"killed_by":"Slime Boss","ascension_level":20}