{"gold_per_floor":[115,128,128,147,161,161,195,195,220,220],"floor_reached":10,"playtime":229,"items_purged":[],"score":136,"play_id":"85e081b4-ea3a-4d29-a401-e4ff16510001","local_time":"20190626164354","is_ascension_mode":true,"campfire_choices":[{"data":"Coolheaded","floor":6.0,"key":"SMITH"}],"neow_cost":"NONE","seed_source_timestamp":99417424498803,"circlet_count":0,"master_deck":["AscendersBane","Strike_B","Strike_B","Strike_B","Defend_B","Defend_B","Defend_B","Defend_B","Zap","Dualcast","Cold Snap","Glacier","Coolheaded","Coolheaded+1","Defragment"],"special_seed":0,"relics":["Cracked Core","NeowsBlessing","Vajra","Anchor"],"potions_floor_usage":[],"damage_taken":[{"damage":0.0,"enemies":"Small Slimes","floor":1.0,"turns":1.0},{"damage":0.0,"enemies":"Cultist","floor":2.0,"turns":1.0},{"damage":0.0,"enemies":"Jaw Worm","floor":4.0,"turns":1.0},{"damage":24.0,"enemies":"Gremlin Gang","floor":5.0,"turns":7.0},{"damage":21.0,"enemies":"Lagavulin","floor":7.0,"turns":11.0},{"damage":36,"enemies":"Gremlin Nob","floor":10,"turns":4}],"seed_played":"-5583923760587059210","potions_obtained":[{"floor":1.0,"key":"FocusPotion"},{"floor":5.0,"key":"Fire Potion"}],"is_trial":false,"path_per_floor":["M","M","?","M","M","R","E","?","T","E"],"character_chosen":"DEFECT","items_purchased":[],"campfire_rested":0,"item_purchase_floors":[],"current_hp_per_floor":[64,64,64,64,40,40,19,19,19,0],"gold":220,"neow_bonus":"THREE_ENEMY_KILL","is_prod":false,"is_daily":false,"chose_seed":false,"campfire_upgraded":1,"win_rate":0,"timestamp":1561535034,"path_taken":["M","M","?","?","M","R","E","?","T","E"],"build_version":"2019-01-23","purchased_purges":0,"victory":false,"max_hp_per_floor":[71,71,71,71,71,71,71,71,71,71],"card_choices":[{"not_picked":["Blizzard","Compile Driver"],"picked":"Cold Snap","floor":1.0},{"not_picked":["Conserve Battery","Redo"],"picked":"Glacier","floor":2.0},{"not_picked":["Turbo","Glacier"],"picked":"Coolheaded","floor":4.0},{"not_picked":["Gash","Rebound"],"picked":"Coolheaded","floor":5.0},{"not_picked":["Steam","Compile Driver"],"picked":"Defragment","floor":7.0}],"player_experience":617272,"relics_obtained":[{"floor":7.0,"key":"Vajra"},{"floor":9,"key":"Anchor"}],"event_choices":[{"cards_removed":["Strike_B"],"damage_healed":0.0,"max_hp_gain":0.0,"max_hp_loss":0.0,"gold_gain":0.0,"event_name":"Purifier","player_choice":"Purged","floor":3.0,"gold_loss":0.0,"damage_taken":0.0},{"damage_healed":0,"gold_gain":0,"player_choice":"Fled","damage_taken":0,"max_hp_gain":0,"max_hp_loss":0,"event_name":"Scrap Ooze","floor":8,"gold_loss":0}],"is_beta":false,"boss_relics":[],"items_purged_floors":[],"is_endless":false,"potions_floor_spawned":[1,5],"killed_by":"Gremlin Nob","ascension_level":20}