{"gold_per_floor":[112,38,52,66,66,66,96,21,45,45,56,56],"floor_reached":12,"playtime":343,"items_purged":["Strike_B"],"score":156,"play_id":"3324b981-9243-45ec-bfeb-43d1dda0d4af","local_time":"20190405205434","is_ascension_mode":true,"campfire_choices":[{"data":"Recycle","floor":6,"key":"SMITH"}],"neow_cost":"NONE","seed_source_timestamp":0,"circlet_count":0,"master_deck":["AscendersBane","Strike_B","Strike_B","Defend_B","Defend_B","Defend_B","Defend_B","Zap","Dualcast","Scrape","Doom and Gloom","Recycle+1","Undo","Cold Snap","Coolheaded","Compile Driver"],"relics":["Cracked Core","Regal Pillow","Blood Vial","Bronze Scales","Calipers"],"potions_floor_usage":[7],"damage_taken":[{"damage":19,"enemies":"Jaw Worm","floor":1,"turns":4},{"damage":2,"enemies":"Cultist","floor":3,"turns":4},{"damage":0,"enemies":"Small Slimes","floor":4,"turns":3},{"damage":11,"enemies":"Lagavulin","floor":7,"turns":7},{"damage":22,"enemies":"Exordium Thugs","floor":11,"turns":6},{"damage":0,"enemies":"Exordium Wildlife","floor":12,"turns":1}],"seed_played":"8032568212113965186","potions_obtained":[{"floor":1,"key":"Explosive Potion"},{"floor":11,"key":"GamblersBrew"}],"is_trial":false,"path_per_floor":["M","$","M","M","?","R","E","$","T","T","M","M"],"character_chosen":"DEFECT","items_purchased":["Recycle"],"campfire_rested":0,"item_purchase_floors":[2],"current_hp_per_floor":[45,45,43,43,32,32,21,21,21,21,1,3],"gold":56,"neow_bonus":"TRANSFORM_CARD","is_prod":false,"is_daily":false,"chose_seed":true,"campfire_upgraded":1,"win_rate":0,"timestamp":1554468874,"path_taken":["M","$","M","M","?","R","E","$","T","?","?","?"],"build_version":"2019-01-23","purchased_purges":1,"victory":false,"max_hp_per_floor":[71,71,71,71,71,71,71,71,71,71,71,71],"card_choices":[{"not_picked":["Steam Power","Go for the Eyes"],"picked":"Doom and Gloom","floor":1},{"not_picked":["Beam Cell","FTL"],"picked":"Undo","floor":3},{"not_picked":["Turbo","Conserve Battery"],"picked":"Cold Snap","floor":4},{"not_picked":["Stack","Gash"],"picked":"Coolheaded","floor":7},{"not_picked":["Steam","Darkness"],"picked":"Compile Driver","floor":11}],"player_experience":1335087,"relics_obtained":[{"floor":7,"key":"Blood Vial"},{"floor":9,"key":"Bronze Scales"},{"floor":10,"key":"Calipers"}],"event_choices":[{"damage_healed":0,"gold_gain":0,"player_choice":"Success","damage_taken":11,"relics_obtained":["Regal Pillow"],"max_hp_gain":0,"max_hp_loss":0,"event_name":"Scrap Ooze","floor":5,"gold_loss":0}],"is_beta":false,"boss_relics":[],"items_purged_floors":[8],"is_endless":false,"potions_floor_spawned":[1,11],"killed_by":"Exordium Wildlife","ascension_level":20}