{"gold_per_floor":[110,124,224,241,166,166,185,196,249,268,268,279,179,208,208,284,284,304,179,179,197,209,209,229,229,280,170,170,182,48,58,58,136,136,148,148,166,190,209,209],"floor_reached":40,"playtime":3562,"items_purged":["Strike_G","Strike_G","Strike_G","Strike_G"],"score":984,"play_id":"66ceb167-c34e-4360-8bb8-d034ad97321f","local_time":"20190104122543","is_ascension_mode":true,"campfire_choices":[{"data":"Deadly Poison","floor":6.0,"key":"SMITH"},{"data":"Catalyst","floor":11.0,"key":"SMITH"},{"data":"Deadly Poison","floor":15.0,"key":"SMITH"},{"data":"Neutralize","floor":23.0,"key":"SMITH"},{"floor":25.0,"key":"REST"},{"data":"Malaise","floor":28.0,"key":"SMITH"},{"data":"Burst","floor":32.0,"key":"SMITH"}],"neow_cost":"NONE","seed_source_timestamp":7798529434359,"circlet_count":0,"master_deck":["AscendersBane","Defend_G","Defend_G","Defend_G","Defend_G+1","Defend_G","Survivor","Neutralize+1","Deadly Poison+1","Caltrops","Catalyst+1","Venomology","Deadly Poison+1","Adrenaline","Malaise+1","Well Laid Plans","Well Laid Plans","Well Laid Plans","Noxious Fumes","Burst+1","Tools of the Trade","Thinking Ahead","Catalyst","Decay"],"special_seed":0,"relics":["Ring of the Snake","NeowsBlessing","Potion Belt","Paper Crane","Orrery","Smiling Mask","Cursed Key"],"potions_floor_usage":[],"damage_taken":[{"damage":0.0,"enemies":"2 Louse","floor":1.0,"turns":1.0},{"damage":0.0,"enemies":"Cultist","floor":2.0,"turns":1.0},{"damage":0.0,"enemies":"Small Slimes","floor":4.0,"turns":1.0},{"damage":8.0,"enemies":"Blue Slaver","floor":7.0,"turns":4.0},{"damage":22.0,"enemies":"Gremlin Gang","floor":8.0,"turns":6.0},{"damage":19.0,"enemies":"Lots of Slimes","floor":10.0,"turns":5.0},{"damage":4.0,"enemies":"3 Louse","floor":12.0,"turns":4.0},{"damage":0.0,"enemies":"Lagavulin","floor":14.0,"turns":4.0},{"damage":0.0,"enemies":"Hexaghost","floor":16.0,"turns":7.0},{"damage":0.0,"enemies":"Spheric Guardian","floor":18.0,"turns":3.0},{"damage":2.0,"enemies":"Shell Parasite","floor":21.0,"turns":6.0},{"damage":1.0,"enemies":"Sentry and Sphere","floor":22.0,"turns":5.0},{"damage":18.0,"enemies":"3 Cultists","floor":24.0,"turns":8.0},{"damage":11.0,"enemies":"Snake Plant","floor":29.0,"turns":4.0},{"damage":13.0,"enemies":"Cultist and Chosen","floor":31.0,"turns":10.0},{"damage":13.0,"enemies":"Automaton","floor":33.0,"turns":6.0},{"damage":2.0,"enemies":"Orb Walker","floor":35.0,"turns":4.0},{"damage":0.0,"enemies":"3 Darklings","floor":37.0,"turns":6.0},{"damage":0.0,"enemies":"Writhing Mass","floor":39.0,"turns":2.0},{"damage":51,"enemies":"Reptomancer","floor":40,"turns":3}],"seed_played":"3740810056532309663","potions_obtained":[{"floor":4.0,"key":"Strength Potion"},{"floor":7.0,"key":"SteroidPotion"},{"floor":8.0,"key":"FairyPotion"},{"floor":10.0,"key":"EssenceOfSteel"},{"floor":21.0,"key":"EssenceOfSteel"},{"floor":22.0,"key":"Explosive Potion"},{"floor":29.0,"key":"SteroidPotion"}],"is_trial":false,"path_per_floor":["M","M","?","M","$","R","M","M","T","M","R","M","$","E","R","B",null,"M","$","?","M","M","R","M","R","T","?","R","M","$","M","R","B",null,"M","?","M","T","M","E"],"character_chosen":"THE_SILENT","items_purchased":["Noxious Fumes"],"campfire_rested":1,"item_purchase_floors":[30],"current_hp_per_floor":[59,59,59,59,59,59,51,29,29,10,10,6,6,6,6,6,51,51,51,33,31,30,30,12,33,33,33,33,22,22,24,24,26,60,58,58,58,58,58,7],"gold":209,"neow_bonus":"THREE_ENEMY_KILL","is_prod":false,"is_daily":false,"chose_seed":false,"campfire_upgraded":6,"win_rate":0,"timestamp":1546575943,"path_taken":["M","M","?","?","$","R","M","M","T","M","R","?","$","E","R","BOSS","M","$","?","M","M","R","M","R","T","?","R","?","?","M","R","BOSS","M","?","M","?","M","E"],"build_version":"2019-01-03","purchased_purges":4,"victory":false,"max_hp_per_floor":[66,66,66,66,66,66,66,66,66,66,66,66,66,66,66,66,66,66,66,71,71,71,71,71,71,71,71,71,71,71,71,71,71,71,71,71,71,71,71,71],"card_choices":[{"not_picked":["All Out Attack","Blur"],"picked":"Deadly Poison","floor":1.0},{"not_picked":["Underhanded Strike","Distraction","Predator"],"picked":"SKIP","floor":2.0},{"not_picked":["Dodge and Roll","Distraction"],"picked":"Caltrops","floor":4.0},{"not_picked":["Well Laid Plans","Skewer"],"picked":"Catalyst","floor":7.0},{"not_picked":["Heel Hook","Cloak And Dagger"],"picked":"Venomology","floor":8.0},{"not_picked":["Bane","Deflect"],"picked":"Deadly Poison","floor":10.0},{"not_picked":["Blade Dance","Flying Knee","Cloak And Dagger"],"picked":"SKIP","floor":12.0},{"not_picked":["Dagger Spray","PiercingWail"],"picked":"Adrenaline","floor":14.0},{"not_picked":["Storm of Steel","Bullet Time"],"picked":"Malaise","floor":16.0},{"not_picked":["PiercingWail","Prepared"],"picked":"Well Laid Plans","floor":17.0},{"not_picked":["Dodge and Roll","Flying Knee"],"picked":"Well Laid Plans","floor":17.0},{"not_picked":["Calculated Gamble","Blade Dance"],"picked":"Well Laid Plans","floor":17.0},{"not_picked":["Poisoned Stab","Sucker Punch","Riddle With Holes"],"picked":"SKIP","floor":18.0},{"not_picked":["Dodge and Roll+1","Bane","Riddle With Holes"],"picked":"SKIP","floor":21.0},{"not_picked":["Backstab","Blur","Poisoned Stab"],"picked":"SKIP","floor":22.0},{"not_picked":["Crippling Poison","Reflex","Deflect"],"picked":"SKIP","floor":24.0},{"not_picked":["Predator","Cloak And Dagger","PiercingWail"],"picked":"SKIP","floor":29.0},{"not_picked":["Eviscerate","All Out Attack"],"picked":"Burst","floor":31.0},{"not_picked":["Storm of Steel","Bullet Time"],"picked":"Tools of the Trade","floor":33.0},{"not_picked":["Flying Knee+1","Bane","Slice+1"],"picked":"SKIP","floor":35.0},{"not_picked":["Panacea","Bandage Up"],"picked":"Thinking Ahead","floor":36.0},{"not_picked":["Heel Hook","Quick Slash"],"picked":"Catalyst","floor":37.0},{"not_picked":["Concentrate","Eviscerate","Cloak And Dagger"],"picked":"SKIP","floor":39.0}],"player_experience":1720129,"relics_obtained":[{"floor":9.0,"key":"Potion Belt"},{"floor":14.0,"key":"Paper Crane"},{"floor":26.0,"key":"Smiling Mask"}],"event_choices":[{"damage_healed":0.0,"max_hp_gain":0.0,"max_hp_loss":0.0,"gold_gain":100.0,"event_name":"Wheel of Change","player_choice":"Gold","floor":3.0,"gold_loss":0.0,"damage_taken":0.0},{"damage_healed":0.0,"max_hp_gain":5.0,"max_hp_loss":0.0,"gold_gain":0.0,"event_name":"Forgotten Altar","player_choice":"Shed Blood","floor":20.0,"gold_loss":0.0,"damage_taken":23.0},{"cards_removed":["Strike_G"],"damage_healed":0.0,"max_hp_gain":0.0,"max_hp_loss":0.0,"gold_gain":0.0,"event_name":"Designer","player_choice":"Upgrade and Remove","floor":27.0,"gold_loss":110.0,"damage_taken":0.0,"cards_upgraded":["Defend_G"]},{"damage_healed":0.0,"max_hp_gain":0.0,"max_hp_loss":0.0,"gold_gain":0.0,"event_name":"SensoryStone","player_choice":"Memory 1","floor":36.0,"gold_loss":0.0,"damage_taken":0.0}],"is_beta":false,"boss_relics":[{"not_picked":["HoveringKite","Empty Cage"],"picked":"Orrery"},{"not_picked":["Ring of the Serpent","Sozu"],"picked":"Cursed Key"}],"items_purged_floors":[5,13,19,30],"is_endless":false,"potions_floor_spawned":[4,7,8,10,21,22,29],"killed_by":"Reptomancer","ascension_level":20}