{"gold_per_floor":[114,39,114,39,56,56,89,89,166,166,166,197,16,32,32,105,105,117,132,132,57,57,57,67,85,153,153,28,57,70,70,70,148,148,168,58,69,82,82,82,94,123,123,123,123,123,123,142,142,142,142,142,142,142,168,168],"floor_reached":57,"playtime":1776,"items_purged":["Strike_R","Strike_R","Normality"],"score":3262,"play_id":"4df9f4a6-4da2-48f1-adc6-2e99e337bd7f","local_time":"20190531114047","is_ascension_mode":true,"campfire_choices":[{"data":"Rampage","floor":6.0,"key":"SMITH"},{"data":"Bash","floor":8.0,"key":"SMITH"},{"floor":11.0,"key":"RECALL"},{"data":"Power Through","floor":15.0,"key":"SMITH"},{"data":"Battle Trance","floor":23.0,"key":"SMITH"},{"data":"Shockwave","floor":27.0,"key":"SMITH"},{"data":"Flame Barrier","floor":32.0,"key":"SMITH"},{"data":"Second Wind","floor":40.0,"key":"SMITH"},{"data":"Defend_R","floor":44.0,"key":"SMITH"},{"floor":46.0,"key":"REST"},{"floor":49.0,"key":"REST"},{"floor":53.0,"key":"REST"}],"neow_cost":"NONE","seed_source_timestamp":88146149516075,"circlet_count":0,"master_deck":["AscendersBane","Defend_R+1","Defend_R+1","Rampage+1","Power Through+1","Second Wind+1","Shockwave+1","Battle Trance+1","Flame Barrier+1","Second Wind+1","Body Slam+1"],"special_seed":0,"relics":["Burning Blood","NeowsBlessing","Oddly Smooth Stone","Letter Opener","Dodecahedron","Cursed Key","Unceasing Top","Sozu","Mango","Ornamental Fan"],"potions_floor_usage":[56,56],"damage_taken":[{"damage":0.0,"enemies":"Jaw Worm","floor":1.0,"turns":1.0},{"damage":0.0,"enemies":"Small Slimes","floor":5.0,"turns":1.0},{"damage":0.0,"enemies":"3 Sentries","floor":7.0,"turns":2.0},{"damage":32.0,"enemies":"Gremlin Nob","floor":12.0,"turns":4.0},{"damage":0.0,"enemies":"Cultist","floor":14.0,"turns":4.0},{"damage":41.0,"enemies":"The Guardian","floor":16.0,"turns":8.0},{"damage":29.0,"enemies":"Spheric Guardian","floor":18.0,"turns":9.0},{"damage":13.0,"enemies":"3 Byrds","floor":19.0,"turns":8.0},{"damage":5.0,"enemies":"Cultist and Chosen","floor":24.0,"turns":3.0},{"damage":0.0,"enemies":"Snake Plant","floor":25.0,"turns":4.0},{"damage":0.0,"enemies":"Slavers","floor":29.0,"turns":4.0},{"damage":0.0,"enemies":"Snecko","floor":30.0,"turns":3.0},{"damage":0.0,"enemies":"Collector","floor":33.0,"turns":10.0},{"damage":0.0,"enemies":"Orb Walker","floor":35.0,"turns":3.0},{"damage":0.0,"enemies":"3 Shapes","floor":37.0,"turns":3.0},{"damage":0.0,"enemies":"Jaw Worm Horde","floor":38.0,"turns":4.0},{"damage":0.0,"enemies":"3 Darklings","floor":41.0,"turns":3.0},{"damage":0.0,"enemies":"Nemesis","floor":42.0,"turns":5.0},{"damage":0.0,"enemies":"Transient","floor":48.0,"turns":6.0},{"damage":0.0,"enemies":"Awakened One","floor":50.0,"turns":5.0},{"damage":0.0,"enemies":"Time Eater","floor":51.0,"turns":8.0},{"damage":0,"enemies":"Shield and Spear","floor":55,"turns":4},{"damage":56,"enemies":"The Heart","floor":56,"turns":7}],"seed_played":"-2884292688004736055","potions_obtained":[{"floor":1.0,"key":"SpeedPotion"},{"floor":7.0,"key":"Strength Potion"},{"floor":19.0,"key":"AttackPotion"},{"floor":29.0,"key":"Strength Potion"}],"is_trial":false,"path_per_floor":["M","?","?","$","M","R","E","R","T","?","R","E","$","M","R","B",null,"M","M","?","?","$","R","M","M","T","R","$","E","M","$","R","B",null,"M","?","M","M","?","R","M","E","T","R","?","R","$","M","R","B","B",null,"R","$","E","B",null],"character_chosen":"IRONCLAD","items_purchased":["Power Through"],"campfire_rested":3,"item_purchase_floors":[13],"current_hp_per_floor":[74,74,63,63,69,69,75,75,75,75,75,49,49,55,55,20,61,38,31,31,31,31,31,32,38,38,38,38,44,50,50,50,56,70,75,75,75,75,75,75,75,89,89,89,85,85,85,85,85,85,85,85,85,85,85,35],"gold":168,"neow_bonus":"THREE_ENEMY_KILL","is_prod":false,"is_daily":false,"chose_seed":false,"campfire_upgraded":8,"win_rate":0,"timestamp":1559274047,"path_taken":["M","?","?","?","M","R","E","R","T","?","R","E","$","?","R","BOSS","M","M","?","?","$","R","M","M","T","R","$","E","M","?","R","BOSS","M","?","M","?","?","R","M","E","T","R","?","R","$","M","R","BOSS","BOSS","R","$","E","BOSS"],"build_version":"2019-01-23","purchased_purges":3,"victory":true,"max_hp_per_floor":[75,75,75,75,75,75,75,75,75,75,75,75,75,75,75,75,75,75,75,75,75,75,75,75,75,75,75,75,75,75,75,75,75,75,75,75,75,75,75,75,75,89,89,89,85,85,85,85,85,85,85,85,85,85,85,85],"card_choices":[{"not_picked":["Sword Boomerang","Reckless Charge"],"picked":"Rampage","floor":1.0},{"not_picked":["Body Slam","Clothesline","Iron Wave"],"picked":"SKIP","floor":5.0},{"not_picked":["Whirlwind","Headbutt","Body Slam"],"picked":"SKIP","floor":7.0},{"not_picked":["True Grit","Thunderclap","Clothesline"],"picked":"SKIP","floor":12.0},{"not_picked":["Hemokinesis","Body Slam","Ghostly Armor"],"picked":"SKIP","floor":14.0},{"not_picked":["Carnage","True Grit"],"picked":"Second Wind+1","floor":18.0},{"not_picked":["Ghostly Armor","True Grit"],"picked":"Shockwave","floor":19.0},{"not_picked":["Rampage","Bloodletting","Feel No Pain"],"picked":"SKIP","floor":24.0},{"not_picked":["Headbutt+1","Thunderclap+1","Anger"],"picked":"SKIP","floor":25.0},{"not_picked":["Clothesline","Iron Wave","Sever Soul"],"picked":"SKIP","floor":29.0},{"not_picked":["Havoc","Berserk","Anger"],"picked":"SKIP","floor":30.0},{"not_picked":["Anger","True Grit"],"picked":"Power Through+1","floor":35.0},{"not_picked":["Iron Wave","Flex"],"picked":"Second Wind","floor":37.0},{"not_picked":["Dual Wield","Anger+1","Sword Boomerang+1"],"picked":"SKIP","floor":38.0},{"not_picked":["Limit Break","Spot Weakness","Anger+1"],"picked":"SKIP","floor":41.0},{"not_picked":["Sword Boomerang","Disarm","True Grit"],"picked":"SKIP","floor":42.0},{"not_picked":["Sword Boomerang","Clothesline"],"picked":"Body Slam+1","floor":48.0},{"not_picked":["Clothesline","Heavy Blade","Reckless Charge"],"picked":"SKIP","floor":55}],"player_experience":4940115,"relics_obtained":[{"floor":7.0,"key":"Oddly Smooth Stone"},{"floor":9.0,"key":"Letter Opener"},{"floor":12.0,"key":"Dodecahedron"},{"floor":29.0,"key":"Unceasing Top"},{"floor":42.0,"key":"Mango"},{"floor":55,"key":"Ornamental Fan"}],"event_choices":[{"cards_removed":["Strike_R"],"damage_healed":0.0,"max_hp_gain":0.0,"max_hp_loss":0.0,"gold_gain":0.0,"event_name":"The Cleric","player_choice":"Card Removal","floor":2.0,"gold_loss":75.0,"damage_taken":0.0},{"damage_healed":0.0,"max_hp_gain":0.0,"max_hp_loss":0.0,"gold_gain":75.0,"event_name":"World of Goop","player_choice":"Gather Gold","floor":3.0,"gold_loss":0.0,"damage_taken":11.0},{"cards_removed":["Strike_R"],"damage_healed":0.0,"max_hp_gain":0.0,"max_hp_loss":0.0,"gold_gain":0.0,"event_name":"Wheel of Change","player_choice":"Card Removal","floor":10.0,"gold_loss":0.0,"damage_taken":0.0},{"damage_healed":0.0,"max_hp_gain":0.0,"max_hp_loss":0.0,"gold_gain":0.0,"cards_transformed":["Strike_R","Bash"],"event_name":"Drug Dealer","player_choice":"Became Test Subject","floor":20.0,"gold_loss":0.0,"damage_taken":0.0,"cards_obtained":["Battle Trance","Flame Barrier"]},{"cards_removed":["Defend_R"],"damage_healed":0.0,"max_hp_gain":0.0,"max_hp_loss":0.0,"gold_gain":0.0,"event_name":"Beggar","player_choice":"Gave Gold","floor":21.0,"gold_loss":75.0,"damage_taken":0.0},{"cards_removed":["Defend_R"],"damage_healed":0.0,"max_hp_gain":0.0,"max_hp_loss":0.0,"gold_gain":0.0,"event_name":"Designer","player_choice":"Upgrade and Remove","floor":36.0,"gold_loss":110.0,"damage_taken":0.0,"cards_upgraded":["Defend_R"]},{"cards_removed":["Power Through"],"damage_healed":0.0,"max_hp_gain":0.0,"max_hp_loss":0.0,"gold_gain":0.0,"event_name":"Falling","player_choice":"Removed Skill","floor":39.0,"gold_loss":0.0,"damage_taken":0.0},{"damage_healed":0.0,"max_hp_gain":0.0,"max_hp_loss":4.0,"gold_gain":0.0,"event_name":"Winding Halls","player_choice":"Max HP","floor":45.0,"gold_loss":0.0,"damage_taken":0.0}],"is_beta":false,"boss_relics":[{"not_picked":["Ectoplasm","Orrery"],"picked":"Cursed Key"},{"not_picked":["Runic Dome","Tiny House"],"picked":"Sozu"}],"items_purged_floors":[4,13,28],"is_endless":false,"potions_floor_spawned":[1,7,14,19,29,33,37,38,42,48],"ascension_level":20}