{"gold_per_floor":[211,225,240,240,32,32,52,52,52,84,84,9,21,21,21,21],"floor_reached":16,"playtime":502,"items_purged":["Strike_G"],"score":250,"play_id":"ea97ec50-d2cf-4c42-8714-688ecb34bcaf","local_time":"20181229110613","is_ascension_mode":true,"campfire_choices":[{"data":"Catalyst","floor":6,"key":"SMITH"},{"data":"Neutralize","floor":8,"key":"SMITH"},{"data":"Envenom","floor":11,"key":"SMITH"},{"floor":15,"key":"REST"}],"neow_cost":"NONE","seed_source_timestamp":1016601517339,"circlet_count":0,"master_deck":["AscendersBane","Defend_G","Defend_G","Defend_G","Defend_G","Defend_G","Strike_G","Strike_G","Strike_G","Strike_G","Survivor","Neutralize+1","Heel Hook","Caltrops","Envenom+1","Catalyst+1","Masterful Stab","Malaise"],"relics":["Ring of the Snake","Snake Skull","Happy Flower","Singing Bowl"],"potions_floor_usage":[10,16],"damage_taken":[{"damage":0,"enemies":"Cultist","floor":1,"turns":4},{"damage":4,"enemies":"2 Louse","floor":2,"turns":5},{"damage":20,"enemies":"Jaw Worm","floor":3,"turns":11},{"damage":5,"enemies":"Looter","floor":7,"turns":4},{"damage":0,"enemies":"Gremlin Nob","floor":10,"turns":3},{"damage":20,"enemies":"Lots of Slimes","floor":13,"turns":7},{"damage":32,"enemies":"Slime Boss","floor":16,"turns":7}],"seed_played":"359583162410248686","potions_obtained":[{"floor":7,"key":"Poison Potion"},{"floor":10,"key":"FearPotion"}],"is_trial":false,"path_per_floor":["M","M","M","?","$","R","M","R","T","E","R","$","M","?","R","B"],"character_chosen":"THE_SILENT","items_purchased":["Catalyst","Snake Skull"],"campfire_rested":1,"item_purchase_floors":[5,5],"current_hp_per_floor":[59,55,35,35,35,35,30,30,30,30,30,30,12,12,32,0],"gold":21,"neow_bonus":"HUNDRED_GOLD","is_prod":false,"is_daily":false,"chose_seed":false,"campfire_upgraded":3,"win_rate":0,"timestamp":1546052773,"path_taken":["M","?","M","?","$","R","M","R","T","E","R","?","M","?","R","BOSS"],"build_version":"2018-12-20","purchased_purges":1,"victory":false,"max_hp_per_floor":[66,66,66,66,66,66,66,66,66,66,66,66,68,68,68,68],"card_choices":[{"not_picked":["Dodge and Roll","Dagger Throw"],"picked":"Heel Hook","floor":1},{"not_picked":["Reflex","Poisoned Stab"],"picked":"Caltrops","floor":2},{"not_picked":["Dagger Spray","Quick Slash","Poisoned Stab"],"picked":"SKIP","floor":3},{"not_picked":["Skewer","Blade Dance","Masterful Stab"],"picked":"SKIP","floor":7},{"not_picked":["Skewer","Blade Dance"],"picked":"Masterful Stab","floor":7},{"not_picked":["Footwork","Dodge and Roll"],"picked":"Malaise","floor":10},{"not_picked":["Sucker Punch","Outmaneuver","Eviscerate"],"picked":"Singing Bowl","floor":13}],"player_experience":1557851,"relics_obtained":[{"floor":9,"key":"Happy Flower"},{"floor":10,"key":"Singing Bowl"}],"event_choices":[{"damage_healed":0,"gold_gain":0,"player_choice":"1 cards matched","damage_taken":0,"max_hp_gain":0,"max_hp_loss":0,"event_name":"Match and Keep!","floor":4,"gold_loss":0,"cards_obtained":["Envenom"]},{"damage_healed":0,"gold_gain":0,"player_choice":"Ignored","damage_taken":0,"max_hp_gain":0,"max_hp_loss":0,"event_name":"Liars Game","floor":14,"gold_loss":0}],"is_beta":false,"boss_relics":[],"items_purged_floors":[12],"is_endless":false,"potions_floor_spawned":[7,10],"killed_by":"Slime Boss","ascension_level":20}