{"gold_per_floor":[114,126,137,62,72,72,106,106,187,187,214,164,184,184,184,283,283,295,295,295,311,329,329,341,341,341,341,356,373,405,423,423,520,520,533,553,553,553,573,573,593,593,674,674,674,674,674,686,686,686,686,686,28,57,57],"floor_reached":56,"playtime":2016,"items_purged":["Strike_G","Defend_G"],"score":1209,"play_id":"4bf1a351-7bb9-40bf-9bbd-a627f4679c5b","local_time":"20181206225709","is_ascension_mode":false,"campfire_choices":[{"data":"Bouncing Flask","floor":6.0,"key":"SMITH"},{"data":"Neutralize","floor":8.0,"key":"SMITH"},{"data":"Escape Plan","floor":10.0,"key":"SMITH"},{"data":"Backflip","floor":15.0,"key":"SMITH"},{"data":"Adrenaline","floor":23.0,"key":"SMITH"},{"data":"Survivor","floor":25.0,"key":"SMITH"},{"floor":27.0,"key":"RECALL"},{"data":"Acrobatics","floor":32.0,"key":"SMITH"},{"data":"Grand Finale","floor":40,"key":"SMITH"},{"data":"Acrobatics","floor":42,"key":"SMITH"},{"data":"Malaise","floor":45,"key":"SMITH"},{"data":"Mayhem","floor":47,"key":"SMITH"},{"data":"PanicButton","floor":49,"key":"SMITH"},{"data":"Defend_G","floor":52,"key":"SMITH"}],"neow_cost":"NONE","seed_source_timestamp":48587845295552,"circlet_count":0,"master_deck":["Defend_G+1","Defend_G","Defend_G","Survivor+1","Neutralize+1","Bouncing Flask+1","Escape Plan+1","Backflip+1","Adrenaline+1","Deadly Poison+1","Grand Finale+1","Acrobatics+1","Malaise+1","Acrobatics+1","Mayhem+1","PanicButton+1","Expertise+1","Footwork+1"],"special_seed":0,"relics":["Ring of the Snake","Tough Bandages","Boot","Empty Cage","Oddly Smooth Stone","PreservedInsect","Velvet Choker","Bottled Flame","Chemical X","Turnip","Bag of Marbles"],"potions_floor_usage":[55],"damage_taken":[{"damage":0.0,"enemies":"Jaw Worm","floor":1.0,"turns":4.0},{"damage":0.0,"enemies":"Small Slimes","floor":2.0,"turns":4.0},{"damage":1.0,"enemies":"Cultist","floor":3.0,"turns":4.0},{"damage":2.0,"enemies":"2 Fungi Beasts","floor":5.0,"turns":3.0},{"damage":23.0,"enemies":"Gremlin Nob","floor":7.0,"turns":4.0},{"damage":0.0,"enemies":"3 Sentries","floor":11.0,"turns":2.0},{"damage":0.0,"enemies":"Large Slime","floor":13.0,"turns":5.0},{"damage":8.0,"enemies":"The Guardian","floor":16.0,"turns":7.0},{"damage":0.0,"enemies":"Chosen","floor":18.0,"turns":4.0},{"damage":0.0,"enemies":"2 Thieves","floor":21.0,"turns":4.0},{"damage":1.0,"enemies":"Snecko","floor":22.0,"turns":4.0},{"damage":0.0,"enemies":"Snake Plant","floor":24.0,"turns":4.0},{"damage":0.0,"enemies":"Centurion and Healer","floor":28.0,"turns":10.0},{"damage":9.0,"enemies":"3 Cultists","floor":29.0,"turns":8.0},{"damage":1.0,"enemies":"Gremlin Leader","floor":30.0,"turns":5.0},{"damage":0.0,"enemies":"Snake Plant","floor":31.0,"turns":2.0},{"damage":17.0,"enemies":"Automaton","floor":33.0,"turns":7.0},{"damage":0.0,"enemies":"3 Shapes","floor":35.0,"turns":2.0},{"damage":0.0,"enemies":"3 Darklings","floor":36.0,"turns":3.0},{"damage":13,"enemies":"Sphere and 2 Shapes","floor":39,"turns":8},{"damage":0,"enemies":"4 Shapes","floor":41,"turns":1},{"damage":0,"enemies":"Writhing Mass","floor":48,"turns":6},{"damage":30,"enemies":"Donu and Deca","floor":50,"turns":10},{"damage":7,"enemies":"Shield and Spear","floor":54,"turns":6},{"damage":29,"enemies":"The Heart","floor":55,"turns":11}],"seed_played":"8441728021936967545","potions_obtained":[{"floor":1.0,"key":"AttackPotion"},{"floor":3.0,"key":"Explosive Potion"},{"floor":11.0,"key":"GamblersBrew"},{"floor":24.0,"key":"Fire Potion"},{"floor":29.0,"key":"FearPotion"},{"floor":31.0,"key":"SteroidPotion"}],"is_trial":false,"path_per_floor":["M","M","M","$","M","R","E","R","T","R","E","?","M","?","R","B",null,"M","?","?","M","M","R","M","R","T","R","M","M","E","M","R","B",null,"M","M","?","?","M","R","M","R","T","?","R","?","R","M","R","B",null,"R","$","E","B",null],"character_chosen":"THE_SILENT","items_purchased":["Chemical X","Turnip","PowerPotion"],"campfire_rested":0,"item_purchase_floors":[53,53,53],"current_hp_per_floor":[70,70,69,69,67,67,44,44,44,44,44,44,44,49,49,41,75,75,75,75,75,74,74,74,74,74,74,74,65,64,64,64,47,75,75,75,75,75,62,62,62,62,62,62,62,52,52,52,52,22,75,75,75,68,39],"gold":57,"neow_bonus":"REMOVE_CARD","is_prod":false,"is_daily":false,"chose_seed":false,"campfire_upgraded":13,"win_rate":0,"timestamp":1544108229,"path_taken":["M","M","M","$","M","R","E","R","T","R","E","?","M","?","R","BOSS","M","?","?","M","M","R","M","R","T","R","M","M","E","?","R","BOSS","M","M","?","?","M","R","M","R","T","?","R","?","R","M","R","BOSS","R","$","E","BOSS"],"build_version":"2018-11-15","purchased_purges":2,"victory":true,"max_hp_per_floor":[70,70,70,70,70,70,70,70,70,70,70,70,70,75,75,75,75,75,75,75,75,75,75,75,75,75,75,75,75,75,75,75,75,75,75,75,75,75,75,75,75,75,75,75,75,75,75,75,75,75,75,75,75,75,75],"card_choices":[{"not_picked":["Dagger Throw","Escape Plan"],"picked":"Bouncing Flask","floor":1.0},{"not_picked":["Cloak And Dagger","Outmaneuver"],"picked":"Escape Plan","floor":2.0},{"not_picked":["Infinite Blades","Dagger Throw"],"picked":"Backflip","floor":3.0},{"not_picked":["Cloak And Dagger","Flying Knee","Choke"],"picked":"SKIP","floor":5.0},{"not_picked":["Dagger Spray","Heel Hook","Crippling Poison"],"picked":"SKIP","floor":7.0},{"not_picked":["Endless Agony","Deflect","Flechettes"],"picked":"SKIP","floor":11.0},{"not_picked":["Blade Dance","Dodge and Roll","Infinite Blades"],"picked":"SKIP","floor":13.0},{"not_picked":["Doppelganger","Venomology"],"picked":"Adrenaline","floor":16.0},{"not_picked":["Reflex","Eviscerate+1","Dagger Spray+1"],"picked":"SKIP","floor":18.0},{"not_picked":["Backstab","Deflect","Endless Agony+1"],"picked":"SKIP","floor":21.0},{"not_picked":["PiercingWail+1","Flying Knee+1","Outmaneuver+1"],"picked":"SKIP","floor":22.0},{"not_picked":["Deadly Poison","Slice+1","Deflect"],"picked":"SKIP","floor":24.0},{"not_picked":["Outmaneuver","Slice","Backflip+1"],"picked":"SKIP","floor":28.0},{"not_picked":["Crippling Poison","Blur+1"],"picked":"Deadly Poison+1","floor":29.0},{"not_picked":["Noxious Fumes","PiercingWail"],"picked":"Grand Finale","floor":30.0},{"not_picked":["All Out Attack","Masterful Stab"],"picked":"Acrobatics","floor":31.0},{"not_picked":["Venomology","Glass Knife"],"picked":"Malaise","floor":33.0},{"not_picked":["Cloak And Dagger","Sucker Punch+1"],"picked":"Acrobatics","floor":35.0},{"not_picked":["Bane","Leg Sweep","Backflip+1"],"picked":"SKIP","floor":36.0},{"not_picked":["Masterful Stab+1","Wraith Form v2","Prepared+1"],"picked":"SKIP","floor":39},{"not_picked":["Slice","Flechettes","Dagger Spray+1"],"picked":"SKIP","floor":41},{"not_picked":["Chrysalis","Forethought"],"picked":"Mayhem","floor":46},{"not_picked":["Deep Breath","Enlightenment"],"picked":"PanicButton","floor":46},{"not_picked":["Underhanded Strike","Outmaneuver"],"picked":"Expertise+1","floor":48},{"not_picked":["Underhanded Strike","Setup"],"picked":"Footwork+1","floor":54}],"player_experience":1175345,"relics_obtained":[{"floor":7.0,"key":"Tough Bandages"},{"floor":11.0,"key":"Boot"},{"floor":26.0,"key":"Oddly Smooth Stone"},{"floor":30.0,"key":"PreservedInsect"},{"floor":43,"key":"Bottled Flame"},{"floor":54,"key":"Bag of Marbles"}],"event_choices":[{"cards_removed":["Strike_G"],"damage_healed":0.0,"max_hp_gain":0.0,"max_hp_loss":0.0,"gold_gain":0.0,"event_name":"The Cleric","player_choice":"Card Removal","floor":12.0,"gold_loss":50.0,"damage_taken":0.0},{"damage_healed":0.0,"max_hp_gain":5.0,"max_hp_loss":0.0,"gold_gain":0.0,"event_name":"Big Fish","player_choice":"Donut","floor":14.0,"gold_loss":0.0,"damage_taken":0.0},{"damage_healed":0.0,"max_hp_gain":0.0,"max_hp_loss":0.0,"gold_gain":0.0,"event_name":"The Mausoleum","player_choice":"Ignored","floor":19.0,"gold_loss":0.0,"damage_taken":0.0},{"damage_healed":0.0,"max_hp_gain":0.0,"max_hp_loss":0.0,"gold_gain":0.0,"event_name":"The Woman in Blue","player_choice":"Bought 0 Potions","floor":20.0,"gold_loss":0.0,"damage_taken":0.0},{"cards_removed":["Strike_G"],"damage_healed":0.0,"max_hp_gain":0.0,"max_hp_loss":0.0,"gold_gain":0.0,"event_name":"Falling","player_choice":"Removed Attack","floor":37.0,"gold_loss":0.0,"damage_taken":0.0},{"damage_healed":0,"gold_gain":0,"player_choice":"Ignored","damage_taken":0,"max_hp_gain":0,"max_hp_loss":0,"event_name":"Mysterious Sphere","floor":38,"gold_loss":0},{"damage_healed":0,"gold_gain":0,"player_choice":"Ignored","damage_taken":0,"max_hp_gain":0,"max_hp_loss":0,"event_name":"Tomb of Lord Red Mask","floor":44,"gold_loss":0},{"damage_healed":0,"gold_gain":0,"player_choice":"Memory 3","damage_taken":10,"max_hp_gain":0,"max_hp_loss":0,"event_name":"SensoryStone","floor":46,"gold_loss":0}],"is_beta":false,"boss_relics":[{"not_picked":["HoveringKite","Philosopher\u0027s Stone"],"picked":"Empty Cage"},{"not_picked":["Fusion Hammer","Snecko Eye"],"picked":"Velvet Choker"}],"items_purged_floors":[4,53],"is_endless":false,"potions_floor_spawned":[1,3,11,24,29,31,33,39],"ascension_level":0}