{"gold_per_floor":[115,128,144,69,69,69,103,103,126,156,168,180,191,223,223,319,319,331,606,606,625,24,24,49,66,66,98,18,18,49,63,63,158,158,177,189,200,38,48,48,74,126,172,202,82,92,92,92,92,92],"floor_reached":51,"playtime":2150,"items_purged":["Defend_R","Regret","Strike_R","Pain"],"score":1174,"play_id":"f9416613-af78-4e7a-a9bf-65b276dc184c","local_time":"20180921154821","is_ascension_mode":true,"campfire_choices":[{"data":"Body Slam","floor":6.0,"key":"SMITH"},{"data":"Intimidate","floor":8.0,"key":"SMITH"},{"data":"Sword Boomerang","floor":15.0,"key":"SMITH"},{"data":"Inflame","floor":23.0,"key":"SMITH"},{"data":"Heavy Blade","floor":32.0,"key":"SMITH"},{"data":"Metallicize","floor":40.0,"key":"SMITH"},{"data":"Juggernaut","floor":49,"key":"SMITH"}],"neow_cost":"TEN_PERCENT_HP_LOSS","seed_source_timestamp":9973948327596,"circlet_count":0,"master_deck":["Strike_R","Strike_R+1","Strike_R+1","Defend_R","Defend_R","Bash","Body Slam+1","Shrug It Off","Intimidate+1","Battle Trance","Double Tap","Sword Boomerang+1","Shockwave+1","Impervious+1","Inflame+1","Metallicize+1","Flame Barrier+1","Writhe","Shrug It Off+1","Shrug It Off+1","Flex+1","Heavy Blade+1","Entrench+1","Body Slam+1","Spot Weakness+1","Flex+1","Whirlwind","Juggernaut+1"],"special_seed":0,"relics":["Burning Blood","Lantern","Blue Candle","Whetstone","The Courier","Toxic Egg 2","Cursed Key","Mummified Hand","Singing Bowl","StoneCalendar","Ornamental Fan","Meat on the Bone","Bottled Tornado","Busted Crown","Bag of Preparation","Champion Belt","Potion Belt","Question Card","Peace Pipe"],"potions_floor_usage":[50,50,50],"damage_taken":[{"damage":6.0,"enemies":"Cultist","floor":1.0,"turns":3.0},{"damage":8.0,"enemies":"Small Slimes","floor":2.0,"turns":3.0},{"damage":0.0,"enemies":"2 Louse","floor":3.0,"turns":4.0},{"damage":19.0,"enemies":"Gremlin Nob","floor":7.0,"turns":4.0},{"damage":27.0,"enemies":"3 Sentries","floor":10.0,"turns":8.0},{"damage":2.0,"enemies":"Exordium Thugs","floor":11.0,"turns":5.0},{"damage":2.0,"enemies":"Gremlin Gang","floor":12.0,"turns":4.0},{"damage":5.0,"enemies":"3 Louse","floor":13.0,"turns":3.0},{"damage":14.0,"enemies":"Lagavulin","floor":14.0,"turns":5.0},{"damage":21.0,"enemies":"Slime Boss","floor":16.0,"turns":12.0},{"damage":0.0,"enemies":"3 Byrds","floor":18.0,"turns":5.0},{"damage":19.0,"enemies":"Chosen","floor":21.0,"turns":4.0},{"damage":17.0,"enemies":"Slavers","floor":24.0,"turns":6.0},{"damage":0.0,"enemies":"Snecko","floor":25.0,"turns":5.0},{"damage":11.0,"enemies":"Gremlin Leader","floor":27.0,"turns":6.0},{"damage":4.0,"enemies":"Book of Stabbing","floor":30.0,"turns":5.0},{"damage":0.0,"enemies":"3 Cultists","floor":31.0,"turns":3.0},{"damage":12.0,"enemies":"Collector","floor":33.0,"turns":7.0},{"damage":2.0,"enemies":"3 Shapes","floor":35.0,"turns":5.0},{"damage":2.0,"enemies":"3 Darklings","floor":36.0,"turns":7.0},{"damage":24.0,"enemies":"Sphere and 2 Shapes","floor":37.0,"turns":6.0},{"damage":39.0,"enemies":"Spire Growth","floor":39.0,"turns":6.0},{"damage":14.0,"enemies":"Giant Head","floor":41.0,"turns":6.0},{"damage":3.0,"enemies":"Mysterious Sphere","floor":42.0,"turns":4.0},{"damage":1.0,"enemies":"Nemesis","floor":44.0,"turns":5.0},{"damage":10.0,"enemies":"3 Darklings","floor":46.0,"turns":4.0},{"damage":0.0,"enemies":"Mind Bloom Boss Battle","floor":47.0,"turns":3.0},{"damage":28,"enemies":"Donu and Deca","floor":50,"turns":6}],"seed_played":"6908776054686405300","potions_obtained":[{"floor":2.0,"key":"Ancient Potion"},{"floor":11.0,"key":"Swift Potion"},{"floor":13.0,"key":"Poison Potion"},{"floor":18.0,"key":"Regen Potion"},{"floor":24.0,"key":"Swift Potion"},{"floor":31.0,"key":"PowerPotion"},{"floor":35.0,"key":"Explosive Potion"},{"floor":41.0,"key":"Fire Potion"},{"floor":42.0,"key":"EssenceOfSteel"},{"floor":44.0,"key":"Swift Potion"},{"floor":46.0,"key":"Regen Potion"}],"is_trial":false,"path_per_floor":["M","M","M","$","?","R","E","R","T","E","M","M","M","E","R","B",null,"M","?","?","M","$","R","E","M","T","E","$","?","E","M","R","B",null,"M","M","M","$","M","R","E","?","T","E","$","M","?","?","R","B"],"character_chosen":"IRONCLAD","items_purchased":["Mummified Hand","Singing Bowl","Flame Barrier+1","Shrug It Off+1","Shrug It Off+1","Spot Weakness+1"],"campfire_rested":0,"item_purchase_floors":[22,22,22,28,28,38],"current_hp_per_floor":[72,70,72,72,65,65,52,52,52,31,35,39,40,32,32,17,58,64,64,72,59,59,59,65,73,73,70,70,70,72,78,78,74,79,80,82,64,64,43,43,49,54,54,61,61,59,65,65,65,58],"gold":92,"neow_bonus":"REMOVE_TWO","is_prod":false,"is_daily":false,"chose_seed":false,"campfire_upgraded":7,"win_rate":0,"timestamp":1537516101,"path_taken":["M","?","M","$","?","R","E","R","T","E","M","?","M","E","R","BOSS","M","?","?","M","$","R","E","?","T","E","$","?","E","M","R","BOSS","M","M","M","$","M","R","E","?","T","E","?","M","?","?","R","BOSS"],"build_version":"2018-09-20","purchased_purges":4,"victory":true,"max_hp_per_floor":[72,72,72,72,72,72,72,72,72,72,72,72,72,72,72,72,72,72,72,72,72,72,72,74,76,76,78,78,78,78,78,78,80,80,80,82,82,82,82,82,84,86,86,88,88,90,90,90,90,90],"card_choices":[{"not_picked":["Anger","Pommel Strike"],"picked":"Body Slam","floor":1.0},{"not_picked":["Clash","Twin Strike"],"picked":"Shrug It Off","floor":2.0},{"not_picked":["Wild Strike","Searing Blow"],"picked":"Intimidate","floor":3.0},{"not_picked":["Clash","Reckless Charge"],"picked":"Battle Trance","floor":7.0},{"not_picked":["Corruption","Havoc","Rage"],"picked":"SKIP","floor":10.0},{"not_picked":["Warcry","Clothesline"],"picked":"Double Tap","floor":11.0},{"not_picked":["Heavy Blade","Wild Strike","Sentinel"],"picked":"SKIP","floor":12.0},{"not_picked":["Twin Strike","Pommel Strike"],"picked":"Sword Boomerang","floor":13.0},{"not_picked":["Heavy Blade","Havoc"],"picked":"Shockwave","floor":14.0},{"not_picked":["Bludgeon","Berserk"],"picked":"Impervious+1","floor":16.0},{"not_picked":["True Grit+1","Infernal Blade+1"],"picked":"Inflame","floor":18.0},{"not_picked":["Perfected Strike","Corruption+1"],"picked":"Metallicize","floor":21.0},{"not_picked":["Metallicize","Fire Breathing+1","Clothesline"],"picked":"Singing Bowl","floor":24.0},{"not_picked":["Burning Pact+1","True Grit+1","Thunderclap"],"picked":"Singing Bowl","floor":25.0},{"not_picked":["Sword Boomerang","Corruption","Iron Wave"],"picked":"Singing Bowl","floor":27.0},{"not_picked":["Sword Boomerang+1","Twin Strike"],"picked":"Flex+1","floor":30.0},{"not_picked":["Clash+1","True Grit+1"],"picked":"Heavy Blade","floor":31.0},{"not_picked":["Feed","Bludgeon","Berserk"],"picked":"Singing Bowl","floor":33.0},{"not_picked":[],"picked":"Entrench+1","floor":35.0},{"not_picked":["Wild Strike"],"picked":"Singing Bowl","floor":36.0},{"not_picked":[],"picked":"Body Slam+1","floor":37.0},{"not_picked":[],"picked":"Flex+1","floor":39.0},{"not_picked":["Wild Strike+1"],"picked":"Singing Bowl","floor":41.0},{"not_picked":["Flex+1"],"picked":"Singing Bowl","floor":42.0},{"not_picked":["Armaments+1"],"picked":"Singing Bowl","floor":44.0},{"not_picked":["Burning Pact+1","Cleave"],"picked":"Singing Bowl","floor":46.0},{"not_picked":["Armaments+1"],"picked":"Whirlwind","floor":47.0}],"player_experience":68164,"relics_obtained":[{"floor":7.0,"key":"Blue Candle"},{"floor":9.0,"key":"Whetstone"},{"floor":10.0,"key":"The Courier"},{"floor":14.0,"key":"Toxic Egg 2"},{"floor":24.0,"key":"StoneCalendar"},{"floor":26.0,"key":"Ornamental Fan"},{"floor":27.0,"key":"Meat on the Bone"},{"floor":30.0,"key":"Bottled Tornado"},{"floor":41.0,"key":"Bag of Preparation"},{"floor":42.0,"key":"Champion Belt"},{"floor":43.0,"key":"Potion Belt"},{"floor":44.0,"key":"Question Card"},{"floor":47.0,"key":"Peace Pipe"}],"event_choices":[{"event_name":"Scrap Ooze","player_choice":"success","floor":5.0,"damage_taken":7.0},{"event_name":"Golden Shrine","player_choice":"Desecrate","floor":19.0,"damage_taken":0.0},{"event_name":"Wheel of Change","player_choice":"Full Heal","floor":20.0,"damage_taken":0.0},{"event_name":"Ghosts","player_choice":"Ignored","floor":29.0,"damage_taken":0.0},{"event_name":"Mysterious Sphere","player_choice":"Fight","floor":42.0,"damage_taken":0.0},{"event_name":"MindBloom","player_choice":"Fight","floor":47.0,"damage_taken":0.0},{"event_name":"Match and Keep!","player_choice":"1 cards matched","floor":48,"damage_taken":0}],"is_beta":false,"boss_relics":[{"not_picked":["Calling Bell","Philosopher\u0027s Stone"],"picked":"Cursed Key"},{"not_picked":["Orrery","Eternal Feather"],"picked":"Busted Crown"}],"items_purged_floors":[4,22,38,45],"is_endless":false,"potions_floor_spawned":[2,11,13,18,24,31,35,41,42,44,46,47],"ascension_level":8}