{"gold_per_floor":[110,385,405,415,78,110,110,136,136,166,166,192,212,212,212,288,288,306,306,319,269,141,141,161,175,200,200,217,217,228,98,98,175,175,193,213,163,182,199,199,212,228,228,228,228,228,11,11,11,11,11,11,11,11,11],"floor_reached":55,"playtime":3130,"items_purged":["Regret","Strike_B","Defend_B","Defend_B","Defend_B"],"score":1774,"play_id":"0abcc1e4-8f96-4559-bd33-95230713e11d","local_time":"20190107131437","is_ascension_mode":true,"campfire_choices":[{"data":"Apotheosis","floor":7.0,"key":"SMITH"},{"data":"Defragment","floor":11.0,"key":"SMITH"},{"data":"Capacitor","floor":15.0,"key":"SMITH"},{"data":"Capacitor","floor":23.0,"key":"SMITH"},{"data":"Buffer","floor":27.0,"key":"SMITH"},{"data":"Consume","floor":29.0,"key":"SMITH"},{"data":"Capacitor","floor":32.0,"key":"SMITH"},{"floor":40.0,"key":"RECALL"},{"floor":45.0,"key":"REST"},{"floor":49,"key":"REST"},{"data":"Fission","floor":53,"key":"SMITH"}],"neow_cost":"NONE","seed_source_timestamp":1422187964857,"circlet_count":0,"master_deck":["AscendersBane","Zap","Dualcast","Coolheaded","Defragment+1","Self Repair","Apotheosis+1","Capacitor+1","Hyperbeam","Streamline","Fusion","Biased Cognition","Sunder+1","Sweeping Beam+1","Rainbow+1","Capacitor+1","Consume+1","Buffer+1","Capacitor+1","Electrodynamics","Coolheaded+1","Recycle","Coolheaded+1","Fission+1"],"special_seed":0,"relics":["Cracked Core","NeowsBlessing","Anchor","Symbiotic Virus","Orichalcum","Lantern","Smiling Mask","Happy Flower","Astrolabe","Cursed Key","OrangePellets"],"potions_floor_usage":[],"damage_taken":[{"damage":0.0,"enemies":"Small Slimes","floor":1.0,"turns":1.0},{"damage":0.0,"enemies":"Cultist","floor":3.0,"turns":1.0},{"damage":0.0,"enemies":"2 Louse","floor":4.0,"turns":1.0},{"damage":18.0,"enemies":"3 Sentries","floor":6.0,"turns":8.0},{"damage":0.0,"enemies":"Lagavulin","floor":8.0,"turns":8.0},{"damage":6.0,"enemies":"Gremlin Nob","floor":10.0,"turns":3.0},{"damage":11.0,"enemies":"Exordium Thugs","floor":13.0,"turns":5.0},{"damage":30.0,"enemies":"The Guardian","floor":16.0,"turns":10.0},{"damage":0.0,"enemies":"3 Byrds","floor":18.0,"turns":2.0},{"damage":18.0,"enemies":"Shell Parasite","floor":20.0,"turns":7.0},{"damage":16.0,"enemies":"3 Cultists","floor":24.0,"turns":5.0},{"damage":7.0,"enemies":"Chosen and Byrds","floor":25.0,"turns":4.0},{"damage":14.0,"enemies":"Snake Plant","floor":28.0,"turns":5.0},{"damage":0.0,"enemies":"Sentry and Sphere","floor":30.0,"turns":4.0},{"damage":14.0,"enemies":"Champ","floor":33.0,"turns":11.0},{"damage":0.0,"enemies":"3 Darklings","floor":35.0,"turns":2.0},{"damage":19.0,"enemies":"Orb Walker","floor":36.0,"turns":4.0},{"damage":1.0,"enemies":"Sphere and 2 Shapes","floor":38.0,"turns":4.0},{"damage":40.0,"enemies":"Writhing Mass","floor":39.0,"turns":5.0},{"damage":31.0,"enemies":"Jaw Worm Horde","floor":41.0,"turns":3.0},{"damage":0.0,"enemies":"Transient","floor":42.0,"turns":6.0},{"damage":41,"enemies":"Awakened One","floor":50,"turns":10},{"damage":14,"enemies":"Donu and Deca","floor":51,"turns":6},{"damage":23,"enemies":"Shield and Spear","floor":55,"turns":2}],"seed_played":"-8045054187930967081","potions_obtained":[{"floor":1.0,"key":"Energy Potion"},{"floor":3.0,"key":"Weak Potion"},{"floor":24.0,"key":"AttackPotion"},{"floor":25.0,"key":"Regen Potion"},{"floor":33.0,"key":"PowerPotion"},{"floor":41.0,"key":"Poison Potion"},{"floor":42.0,"key":"SmokeBomb"}],"is_trial":false,"path_per_floor":["M","?","M","M","$","E","R","E","T","E","R","T","M","?","R","B",null,"M","?","M","$","$","R","M","M","T","R","M","R","M","$","R","B",null,"M","M","$","M","M","R","M","M","T","?","R","?","$","$","R","B","B",null,"R","$","E"],"character_chosen":"DEFECT","items_purchased":["Apotheosis","Capacitor","Capacitor","Capacitor","OrangePellets"],"campfire_rested":2,"item_purchase_floors":[5,5,22,31,47],"current_hp_per_floor":[64,64,64,64,64,56,56,66,66,60,60,60,56,51,51,28,60,60,60,52,52,52,52,43,46,46,46,42,42,42,42,42,35,62,69,60,60,71,41,41,17,27,27,27,48,48,48,48,67,26,22,56,56,56,33],"gold":11,"neow_bonus":"THREE_ENEMY_KILL","is_prod":false,"is_daily":false,"chose_seed":false,"campfire_upgraded":8,"win_rate":0,"timestamp":1546838077,"path_taken":["M","?","M","?","$","E","R","E","T","E","R","?","M","?","R","BOSS","M","?","M","?","$","R","M","M","T","R","?","R","M","$","R","BOSS","M","M","$","M","M","R","M","M","T","?","R","?","$","?","R","BOSS","BOSS","R","$","E"],"build_version":"2019-01-03v4","purchased_purges":5,"victory":false,"max_hp_per_floor":[71,71,71,71,71,71,71,71,71,71,71,71,71,71,71,71,71,71,71,71,71,71,71,71,71,71,71,71,71,71,71,71,71,71,71,71,71,71,71,71,71,71,71,71,71,67,67,67,67,67,67,67,67,67,67],"card_choices":[{"not_picked":["Aggregate","Conserve Battery"],"picked":"Coolheaded","floor":1.0},{"not_picked":["Self Repair","Ball Lightning"],"picked":"Defragment","floor":3.0},{"not_picked":["Barrage","Stack"],"picked":"Self Repair","floor":4.0},{"not_picked":["Rebound","Turbo"],"picked":"Hyperbeam","floor":6.0},{"not_picked":["Beam Cell","Gash"],"picked":"Streamline","floor":8.0},{"not_picked":["Leap","Beam Cell"],"picked":"Fusion","floor":10.0},{"not_picked":["Reprogram","Turbo","Conserve Battery"],"picked":"SKIP","floor":13.0},{"not_picked":["Seek","Rainbow"],"picked":"Biased Cognition","floor":16.0},{"not_picked":["Gash","Rebound","Tempest"],"picked":"SKIP","floor":18.0},{"not_picked":["Streamline","Leap","Sweeping Beam"],"picked":"SKIP","floor":20.0},{"not_picked":["Force Field","Aggregate"],"picked":"Consume","floor":24.0},{"not_picked":["Conserve Battery","Beam Cell"],"picked":"Buffer","floor":25.0},{"not_picked":["Turbo","Leap","Ball Lightning"],"picked":"SKIP","floor":28.0},{"not_picked":["Compile Driver","Beam Cell","Force Field"],"picked":"SKIP","floor":30.0},{"not_picked":["Amplify","Echo Form"],"picked":"Electrodynamics","floor":33.0},{"not_picked":["Turbo","Rebound+1"],"picked":"Coolheaded+1","floor":35.0},{"not_picked":["Scrape","Sunder"],"picked":"Recycle","floor":36.0},{"not_picked":["Fusion","Scrape+1","Aggregate+1"],"picked":"SKIP","floor":38.0},{"not_picked":["Conserve Battery","Ball Lightning"],"picked":"Coolheaded+1","floor":39.0},{"not_picked":["Streamline+1","Cold Snap","Fusion+1"],"picked":"SKIP","floor":41.0},{"not_picked":["Stack","Barrage"],"picked":"Fission","floor":42.0}],"player_experience":1805863,"relics_obtained":[{"floor":6.0,"key":"Anchor"},{"floor":8.0,"key":"Symbiotic Virus"},{"floor":9.0,"key":"Orichalcum"},{"floor":10.0,"key":"Lantern"},{"floor":12.0,"key":"Smiling Mask"}],"event_choices":[{"damage_healed":0.0,"max_hp_gain":0.0,"max_hp_loss":0.0,"gold_gain":275.0,"event_name":"Golden Shrine","player_choice":"Desecrate","floor":2.0,"gold_loss":0.0,"damage_taken":0.0,"cards_obtained":["Regret"]},{"damage_healed":0.0,"max_hp_gain":0.0,"max_hp_loss":0.0,"gold_gain":0.0,"event_name":"Scrap Ooze","player_choice":"Success","floor":14.0,"gold_loss":0.0,"damage_taken":5.0,"relics_obtained":["Happy Flower"]},{"cards_removed":["Defend_B"],"damage_healed":0.0,"max_hp_gain":0.0,"max_hp_loss":0.0,"gold_gain":0.0,"event_name":"Bonfire Elementals","player_choice":"Offered Basic","floor":19.0,"gold_loss":0.0,"damage_taken":0.0},{"damage_healed":0.0,"max_hp_gain":0.0,"max_hp_loss":0.0,"gold_gain":0.0,"event_name":"Tomb of Lord Red Mask","player_choice":"Ignored","floor":44.0,"gold_loss":0.0,"damage_taken":0.0},{"damage_healed":0.0,"max_hp_gain":0.0,"max_hp_loss":4.0,"gold_gain":0.0,"event_name":"Winding Halls","player_choice":"Max HP","floor":46.0,"gold_loss":0.0,"damage_taken":0.0}],"is_beta":false,"boss_relics":[{"not_picked":["Ectoplasm","Lizard Tail"],"picked":"Astrolabe"},{"not_picked":["Black Star","Tiny House"],"picked":"Cursed Key"}],"items_purged_floors":[5,21,22,31,37],"is_endless":false,"potions_floor_spawned":[1,3,4,24,25,33,36,41,42],"killed_by":"Shield and Spear","ascension_level":20}