{"gold_per_floor":[215,215,215,165,182,182,213,213,213,84,84,156,156,56,56,152,152,169,54,54,54,54,54,72,88,88,88,105,120,120,120,120,224,224,235,254,129,146,146,146,164,183,209,209,229,229,229,239,239,239],"floor_reached":51,"playtime":2018,"items_purged":["Strike_B","Strike_B","Defend_B"],"score":743,"play_id":"28aae6a6-e4c4-4a4c-88cc-a46e642dd65f","local_time":"20190618183009","is_ascension_mode":false,"campfire_choices":[{"data":"Coolheaded","floor":6.0,"key":"SMITH"},{"data":"Skim","floor":8.0,"key":"SMITH"},{"data":"Gash","floor":13.0,"key":"SMITH"},{"data":"Dualcast","floor":15.0,"key":"SMITH"},{"data":"Coolheaded","floor":23.0,"key":"SMITH"},{"data":"Recycle","floor":27.0,"key":"SMITH"},{"data":"Steam Power","floor":32.0,"key":"SMITH"},{"data":"Seek","floor":40.0,"key":"SMITH"},{"data":"Seek","floor":46,"key":"SMITH"},{"data":"J.A.X.","floor":49,"key":"SMITH"}],"neow_cost":"NONE","seed_source_timestamp":28355633745151,"circlet_count":0,"master_deck":["Defend_B","Defend_B","Zap","Dualcast+1","Gash+1","Coolheaded+1","Skim+1","Gash+1","Coolheaded+1","Recycle+1","Turbo","J.A.X.+1","Gash+1","Steam Power+1","Seek+1","Seek+1","Undo","Steam Power+1","Normality"],"special_seed":0,"relics":["Cracked Core","Du-Vu Doll","Lantern","Molten Egg 2","Blue Candle","Philosopher\u0027s Stone","Happy Flower","Thread and Needle","Cursed Key","Bag of Preparation"],"potions_floor_usage":[50,50,50],"damage_taken":[{"damage":3.0,"enemies":"Small Slimes","floor":1.0,"turns":3.0},{"damage":0.0,"enemies":"2 Louse","floor":5.0,"turns":3.0},{"damage":31.0,"enemies":"Lagavulin","floor":7.0,"turns":9.0},{"damage":14.0,"enemies":"The Guardian","floor":16.0,"turns":6.0},{"damage":13.0,"enemies":"3 Byrds","floor":18.0,"turns":2.0},{"damage":3.0,"enemies":"Spheric Guardian","floor":24.0,"turns":4.0},{"damage":14.0,"enemies":"Cultist and Chosen","floor":25.0,"turns":6.0},{"damage":17.0,"enemies":"Sentry and Sphere","floor":28.0,"turns":4.0},{"damage":6.0,"enemies":"Centurion and Healer","floor":29.0,"turns":6.0},{"damage":12.0,"enemies":"Collector","floor":33.0,"turns":6.0},{"damage":0.0,"enemies":"3 Darklings","floor":35.0,"turns":4.0},{"damage":19.0,"enemies":"3 Shapes","floor":36.0,"turns":5.0},{"damage":2.0,"enemies":"Sphere and 2 Shapes","floor":38.0,"turns":3.0},{"damage":0.0,"enemies":"3 Darklings","floor":41.0,"turns":2.0},{"damage":0.0,"enemies":"Spire Growth","floor":42.0,"turns":2.0},{"damage":1,"enemies":"Writhing Mass","floor":45,"turns":2},{"damage":7,"enemies":"3 Darklings","floor":48,"turns":1},{"damage":27,"enemies":"Awakened One","floor":50,"turns":3}],"seed_played":"6473009680400595676","potions_obtained":[{"floor":1.0,"key":"Strength Potion"},{"floor":16.0,"key":"LiquidBronze"},{"floor":25.0,"key":"Ancient Potion"},{"floor":29.0,"key":"PowerPotion"},{"floor":41.0,"key":"FocusPotion"}],"is_trial":false,"path_per_floor":["M","?","?","?","M","R","E","R","T","$","?","T","R","$","R","B",null,"M","$","?","T","$","R","M","M","T","R","M","M","?","$","R","B",null,"M","M","$","M","?","R","M","M","T","?","M","R","?","M","R","B",null],"character_chosen":"DEFECT","items_purchased":["Gash+1","Recycle","Turbo"],"campfire_rested":0,"item_purchase_floors":[10,19,19],"current_hp_per_floor":[72,77,65,65,65,65,34,34,34,34,27,27,27,27,27,13,80,67,67,67,67,67,67,64,50,50,50,33,27,27,27,27,15,80,80,61,61,59,59,59,59,59,59,59,58,58,58,51,51,24],"gold":239,"neow_bonus":"HUNDRED_GOLD","is_prod":false,"is_daily":false,"chose_seed":false,"campfire_upgraded":10,"win_rate":0,"timestamp":1560853809,"path_taken":["M","?","?","?","M","R","E","R","T","$","?","?","R","?","R","BOSS","M","$","?","?","?","R","?","M","T","R","M","M","?","$","R","BOSS","M","M","$","M","?","R","?","M","T","?","M","R","?","M","R","BOSS"],"build_version":"2019-01-23","purchased_purges":3,"victory":true,"max_hp_per_floor":[75,80,80,80,80,80,80,80,80,80,80,80,80,80,80,80,80,80,80,80,80,80,80,80,80,80,80,80,80,80,80,80,80,80,80,80,80,80,80,80,80,80,80,80,80,80,80,80,80,80],"card_choices":[{"not_picked":["Tempest","Conserve Battery"],"picked":"Gash","floor":1.0},{"not_picked":["FTL","Melter"],"picked":"Coolheaded","floor":5.0},{"not_picked":["Darkness","All For One"],"picked":"Skim","floor":7.0},{"not_picked":["Auto Shields","Cold Snap+1"],"picked":"Coolheaded","floor":18.0},{"not_picked":["Compile Driver+1","Fusion","Streamline+1"],"picked":"SKIP","floor":24.0},{"not_picked":["Cold Snap+1","Streamline+1"],"picked":"Gash+1","floor":25.0},{"not_picked":["BootSequence","Doom and Gloom+1"],"picked":"Steam Power","floor":28.0},{"not_picked":["Ball Lightning+1","Reinforced Body"],"picked":"Seek","floor":29.0},{"not_picked":["Core Surge+1","Meteor Strike+1"],"picked":"Seek","floor":33.0},{"not_picked":["Undo","Steam","Go for the Eyes+1"],"picked":"SKIP","floor":35.0},{"not_picked":["Steam","Go for the Eyes+1"],"picked":"Undo","floor":35.0},{"not_picked":["Aggregate","Sweeping Beam+1","Go for the Eyes+1"],"picked":"SKIP","floor":36.0},{"not_picked":["Undo","Steam","Defragment"],"picked":"SKIP","floor":38.0},{"not_picked":["Barrage+1","FTL+1","Glacier"],"picked":"SKIP","floor":41.0},{"not_picked":["Redo+1","Heatsinks"],"picked":"Steam Power+1","floor":42.0},{"not_picked":["Go for the Eyes+1","Steam+1","Redo+1"],"picked":"SKIP","floor":45},{"not_picked":["Scrape+1","Rebound+1","Glacier"],"picked":"SKIP","floor":48}],"player_experience":5409233,"relics_obtained":[{"floor":7.0,"key":"Lantern"},{"floor":9.0,"key":"Molten Egg 2"},{"floor":12.0,"key":"Blue Candle"},{"floor":21.0,"key":"Happy Flower"},{"floor":26.0,"key":"Thread and Needle"},{"floor":43.0,"key":"Bag of Preparation"}],"event_choices":[{"damage_healed":0.0,"max_hp_gain":5.0,"max_hp_loss":0.0,"gold_gain":0.0,"event_name":"Big Fish","player_choice":"Donut","floor":2.0,"gold_loss":0.0,"damage_taken":0.0},{"damage_healed":0.0,"max_hp_gain":0.0,"max_hp_loss":0.0,"gold_gain":0.0,"event_name":"Scrap Ooze","player_choice":"Success","floor":3.0,"gold_loss":0.0,"damage_taken":12.0,"relics_obtained":["Du-Vu Doll"]},{"cards_removed":["Strike_B"],"damage_healed":0.0,"max_hp_gain":0.0,"max_hp_loss":0.0,"gold_gain":0.0,"event_name":"The Cleric","player_choice":"Card Removal","floor":4.0,"gold_loss":50.0,"damage_taken":0.0},{"cards_removed":["Strike_B"],"damage_healed":0.0,"max_hp_gain":0.0,"max_hp_loss":0.0,"gold_gain":0.0,"event_name":"Golden Wing","player_choice":"Card Removal","floor":11.0,"gold_loss":0.0,"damage_taken":7.0},{"damage_healed":0.0,"max_hp_gain":0.0,"max_hp_loss":0.0,"gold_gain":0.0,"event_name":"Drug Dealer","player_choice":"Obtain J.A.X.","floor":20.0,"gold_loss":0.0,"damage_taken":0.0,"cards_obtained":["J.A.X."]},{"damage_healed":0.0,"max_hp_gain":0.0,"max_hp_loss":0.0,"gold_gain":0.0,"event_name":"Vampires","player_choice":"Ignored","floor":30.0,"gold_loss":0.0,"damage_taken":0.0},{"damage_healed":0.0,"max_hp_gain":0.0,"max_hp_loss":0.0,"gold_gain":0.0,"event_name":"Match and Keep!","player_choice":"0 cards matched","floor":39.0,"gold_loss":0.0,"damage_taken":0.0,"cards_obtained":[]},{"cards_removed":["Defend_B"],"damage_healed":0,"gold_gain":0,"player_choice":"Removed Skill","damage_taken":0,"max_hp_gain":0,"max_hp_loss":0,"event_name":"Falling","floor":44,"gold_loss":0},{"damage_healed":0,"gold_gain":0,"player_choice":"Ignored","damage_taken":0,"max_hp_gain":0,"max_hp_loss":0,"event_name":"Mysterious Sphere","floor":47,"gold_loss":0}],"is_beta":false,"boss_relics":[{"not_picked":["Inserter","Velvet Choker"],"picked":"Philosopher\u0027s Stone"},{"not_picked":["Nuclear Battery","Busted Crown"],"picked":"Cursed Key"}],"items_purged_floors":[10,14,37],"is_endless":false,"potions_floor_spawned":[1,16,25,29,33,35,41,42,45],"ascension_level":0}