{"path_per_floor":["M","?","?","?","$","M","T","E","T","M","E","$","E","M","R","B",null,"M","M","?","M","M","E","M","M","T","?","E","M","$","M","R","B",null,"M","M","M","?","M","E","?","E","T","R","M","E","?","M","R","B"],"character_chosen":"IRONCLAD","items_purchased":["Clash","Question Card","Turnip","Letter Opener","Secret Technique"],"gold_per_floor":[144,144,144,144,96,141,141,231,531,576,666,416,506,551,551,851,851,896,941,941,986,1031,1121,1166,1211,1211,1211,1301,1346,619,664,664,964,964,1009,1054,1099,1099,1144,1234,1234,1324,1374,1374,1419,1509,1759,1804,1804,1804],"floor_reached":51,"campfire_rested":4,"playtime":1648,"item_purchase_floors":[5,12,30,30,30],"current_hp_per_floor":[80,80,73,73,73,79,79,74,74,80,60,60,66,72,80,80,80,70,76,60,66,68,66,64,66,66,66,59,49,49,55,79,78,80,78,78,68,90,88,92,92,92,92,92,92,92,92,84,92,55],"items_purged":[],"gold":1804,"score":1376,"play_id":"de70e163-029d-4a2b-8f05-6bdd0e2fb169","local_time":"20180613204511","daily_mods":["Heirloom","Midas","Hoarder"],"is_prod":false,"is_daily":true,"chose_seed":false,"is_ascension_mode":false,"campfire_upgraded":0,"win_rate":0,"timestamp":1528893911,"campfire_choices":[{"floor":15,"key":"REST"},{"floor":32,"key":"REST"},{"floor":44,"key":"REST"},{"floor":49,"key":"REST"}],"path_taken":["M","?","?","?","$","M","?","E","T","M","E","$","E","M","R","BOSS","M","M","?","M","M","E","M","M","T","?","E","M","$","M","R","BOSS","M","M","M","?","M","E","?","E","T","R","M","E","?","M","R","BOSS"],"build_version":"2018-06-12","seed_source_timestamp":0,"purchased_purges":0,"victory":true,"master_deck":["Strike_R","Strike_R","Strike_R","Strike_R","Strike_R","Defend_R","Defend_R","Defend_R","Bash","Cleave","Cleave","Clash","Clash","Clash+1","Wild Strike","Wild Strike+1","Wild Strike","Havoc","Havoc","Havoc","Intimidate","Intimidate","Intimidate","Offering+1","Offering","Offering","Perfected Strike+1","Perfected Strike+1","Perfected Strike+1","Thunderclap","Thunderclap","Thunderclap","Metallicize+1","Metallicize+1","Wild Strike+1","Wild Strike+1","Wild Strike+1","Dual Wield","Dual Wield","Dual Wield+1","Shockwave","Shockwave","Shockwave","Decay","Decay","Decay","Shrug It Off","Shrug It Off","Shrug It Off","Secret Technique","Secret Technique","Secret Technique","Armaments+1","Armaments+1","Armaments+1","Feed","Feed","Feed","Perfected Strike+1","Perfected Strike+1","Perfected Strike+1","Pommel Strike+1","Pommel Strike+1","Pommel Strike+1","Clash+1","Clash+1","Clash+1","Perfected Strike","Perfected Strike","Perfected Strike","Twin Strike+1","Twin Strike+1","Twin Strike+1","Havoc+1","Havoc+1","Havoc+1","Writhe","Writhe","Writhe","Havoc+1","Havoc+1","Havoc+1","Feel No Pain+1","Feel No Pain+1","Feel No Pain+1","Dropkick+1","Dropkick+1","Dropkick+1","Regret","Regret","Regret","Feel No Pain","Feel No Pain","Feel No Pain","Corruption+1","Corruption+1","Corruption+1"],"max_hp_per_floor":[80,80,80,80,80,80,80,80,80,80,80,80,80,80,80,80,80,80,80,80,80,80,80,80,80,80,80,80,80,80,80,80,80,80,80,83,86,92,92,92,92,92,92,92,92,92,92,92,92,92],"special_seed":17695,"relics":["Burning Blood","Charon\u0027s Ashes","Gremlin Horn","Bottled Lightning","Old Coin","Toolbox","Question Card","Potion Belt","Cursed Key","Nilry\u0027s Codex","Self Forming Clay","Whetstone","Pantograph","Turnip","Letter Opener","Fusion Hammer","Sundial","Bag of Marbles","Dream Catcher","War Paint","Regal Pillow"],"card_choices":[{"not_picked":["Pummel","Sword Boomerang"],"picked":"Cleave","floor":1},{"not_picked":["Anger","Headbutt"],"picked":"Wild Strike","floor":6},{"not_picked":["Fiend Fire","Ghostly Armor"],"picked":"Havoc","floor":8},{"not_picked":["Headbutt","Iron Wave","Bloodletting"],"picked":"SKIP","floor":10},{"not_picked":["Headbutt","Iron Wave","Bloodletting"],"picked":"SKIP","floor":10},{"not_picked":["Juggernaut","Second Wind","Whirlwind"],"picked":"SKIP","floor":11},{"not_picked":["Exhume","Anger","Armaments","Ghostly Armor"],"picked":"SKIP","floor":13},{"not_picked":["Sword Boomerang","Clothesline","Headbutt"],"picked":"Intimidate","floor":14},{"not_picked":["Immolate","Bludgeon","Exhume"],"picked":"Offering","floor":16},{"not_picked":["Clothesline","Power Through","Carnage"],"picked":"Perfected Strike+1","floor":18},{"not_picked":["Reckless Charge","Whirlwind","Heavy Blade+1"],"picked":"Thunderclap","floor":19},{"not_picked":["Searing Blow","Cleave+1","Bloodletting"],"picked":"Metallicize+1","floor":21},{"not_picked":["Dropkick+1","Body Slam","Cleave+1"],"picked":"Wild Strike+1","floor":22},{"not_picked":["Sword Boomerang","Juggernaut","Clothesline"],"picked":"Dual Wield","floor":23},{"not_picked":["Clash","Inflame","Reckless Charge+1","Clothesline"],"picked":"SKIP","floor":24},{"not_picked":["Armaments","Exhume","Havoc"],"picked":"Shockwave","floor":25},{"not_picked":["Thunderclap+1","Havoc","Shockwave"],"picked":"Shrug It Off","floor":28},{"not_picked":["Burning Pact","Body Slam","Sever Soul","Clash"],"picked":"SKIP","floor":29},{"not_picked":["Dropkick+1","Searing Blow","Heavy Blade"],"picked":"Armaments+1","floor":31},{"not_picked":["Offering","Immolate","Reaper"],"picked":"Feed","floor":33},{"not_picked":["Shrug It Off","Evolve","Twin Strike+1"],"picked":"Perfected Strike+1","floor":35},{"not_picked":["Body Slam","Feed","Warcry"],"picked":"Pommel Strike+1","floor":36},{"not_picked":["Armaments","Heavy Blade+1","Uppercut+1","Twin Strike"],"picked":"SKIP","floor":37},{"not_picked":["Sword Boomerang+1","Infernal Blade+1","Carnage"],"picked":"Clash+1","floor":38},{"not_picked":["True Grit+1","Shrug It Off","Metallicize+1"],"picked":"Perfected Strike","floor":39},{"not_picked":["Bludgeon","True Grit","Disarm"],"picked":"Twin Strike+1","floor":40},{"not_picked":["Headbutt","Metallicize","Limit Break"],"picked":"Havoc+1","floor":42},{"not_picked":["Cleave","Thunderclap","Feel No Pain+1"],"picked":"Havoc+1","floor":44},{"not_picked":["Shrug It Off","Burning Pact","Headbutt+1"],"picked":"Feel No Pain+1","floor":45},{"not_picked":["Headbutt+1","Clothesline+1","Body Slam+1"],"picked":"Dropkick+1","floor":46},{"not_picked":["Pommel Strike+1","Anger","Power Through"],"picked":"Feel No Pain","floor":48},{"not_picked":["Headbutt","Perfected Strike+1","Clothesline+1"],"picked":"Corruption+1","floor":49}],"player_experience":585018,"potions_floor_usage":[13,16,23,36,38,50,50,50,50,50],"damage_taken":[{"damage":5,"enemies":"Jaw Worm","floor":1,"turns":5},{"damage":0,"enemies":"Cultist","floor":6,"turns":2},{"damage":11,"enemies":"3 Sentries","floor":8,"turns":4},{"damage":0,"enemies":"Small Slimes","floor":10,"turns":1},{"damage":26,"enemies":"Lagavulin","floor":11,"turns":4},{"damage":0,"enemies":"3 Sentries","floor":13,"turns":4},{"damage":0,"enemies":"3 Louse","floor":14,"turns":1},{"damage":0,"enemies":"Slime Boss","floor":16,"turns":7},{"damage":16,"enemies":"2 Thieves","floor":18,"turns":2},{"damage":0,"enemies":"Spheric Guardian","floor":19,"turns":2},{"damage":0,"enemies":"3 Cultists","floor":21,"turns":2},{"damage":4,"enemies":"Chosen and Byrds","floor":22,"turns":2},{"damage":8,"enemies":"Gremlin Leader","floor":23,"turns":2},{"damage":8,"enemies":"Cultist and Chosen","floor":24,"turns":1},{"damage":4,"enemies":"Centurion and Healer","floor":25,"turns":2},{"damage":13,"enemies":"Book of Stabbing","floor":28,"turns":3},{"damage":16,"enemies":"Snake Plant","floor":29,"turns":2},{"damage":0,"enemies":"Snecko","floor":31,"turns":2},{"damage":8,"enemies":"Automaton","floor":33,"turns":4},{"damage":8,"enemies":"Orb Walker","floor":35,"turns":3},{"damage":9,"enemies":"3 Shapes","floor":36,"turns":2},{"damage":19,"enemies":"Spire Growth","floor":37,"turns":3},{"damage":8,"floor":38,"turns":6},{"damage":8,"enemies":"Transient","floor":39,"turns":5},{"damage":0,"enemies":"Nemesis","floor":40,"turns":3},{"damage":0,"enemies":"2 Orb Walkers","floor":42,"turns":2},{"damage":4,"enemies":"Maw","floor":45,"turns":4},{"damage":0,"enemies":"Nemesis","floor":46,"turns":1},{"damage":14,"enemies":"3 Darklings","floor":48,"turns":3},{"damage":52,"enemies":"Time Eater","floor":50,"turns":7}],"relics_obtained":[{"floor":7,"key":"Gremlin Horn"},{"floor":8,"key":"Bottled Lightning"},{"floor":9,"key":"Old Coin"},{"floor":11,"key":"Toolbox"},{"floor":13,"key":"Potion Belt"},{"floor":20,"key":"Nilry\u0027s Codex"},{"floor":23,"key":"Self Forming Clay"},{"floor":26,"key":"Whetstone"},{"floor":28,"key":"Pantograph"},{"floor":38,"key":"Sundial"},{"floor":40,"key":"Bag of Marbles"},{"floor":42,"key":"Dream Catcher"},{"floor":43,"key":"War Paint"},{"floor":46,"key":"Regal Pillow"}],"event_choices":[{"event_name":"The Lab","player_choice":"Got Potions","floor":2,"damage_taken":0},{"event_name":"Golden Wing","player_choice":"Card Removal","floor":3,"damage_taken":0},{"event_name":"The Woman in Blue","player_choice":"Bought 0 Potions","floor":4,"damage_taken":0},{"event_name":"Cursed Tome","player_choice":"Obtained Book","floor":20,"damage_taken":0},{"event_name":"Back to Basics","player_choice":"Elegance","floor":27,"damage_taken":0},{"event_name":"MindBloom","player_choice":"Fight","floor":38,"damage_taken":0},{"event_name":"Falling","player_choice":"Removed Power","floor":41,"damage_taken":0},{"event_name":"Golden Shrine","player_choice":"Desecrate","floor":47,"damage_taken":0}],"boss_relics":[{"not_picked":["Velvet Choker","Coffee Dripper"],"picked":"Cursed Key"},{"not_picked":["Mark of Pain","Busted Crown"],"picked":"Fusion Hammer"}],"items_purged_floors":[],"potions_floor_spawned":[1,6,10,11,14,21,22,24,25,29,33,36,38,39,45],"seed_played":"-5779064230905744809","ascension_level":0,"potions_obtained":[{"floor":1,"key":"LiquidBronze"},{"floor":2,"key":"Fire Potion"},{"floor":2,"key":"Strength Potion"},{"floor":14,"key":"Energy Potion"},{"floor":21,"key":"Swift Potion"},{"floor":22,"key":"Explosive Potion"},{"floor":24,"key":"Block Potion"},{"floor":25,"key":"Ancient Potion"},{"floor":36,"key":"Ancient Potion"},{"floor":38,"key":"PowerPotion"},{"floor":39,"key":"BloodPotion"}],"is_trial":false}