{"path_per_floor":["M","?","M","M","$","E","R","?","T","$","R","M","E","M","R","B",null,"M","$","?","?","M","E","R","M","T","M","T","R","M","M","R"],"character_chosen":"THE_SILENT","items_purchased":["Noxious Fumes","Dagger Throw","Prepared"],"gold_per_floor":[118,118,135,149,60,86,86,86,86,11,11,30,60,72,72,171,171,188,162,162,87,99,126,126,141,141,158,158,158,174,190,190,190],"floor_reached":33,"campfire_rested":5,"playtime":1640,"current_hp_per_floor":[66,66,56,45,45,36,57,57,57,57,57,56,48,32,53,3,70,61,61,61,61,55,24,45,40,40,18,18,39,25,21,42,0],"items_purged":["Defend_G"],"gold":190,"score":402,"play_id":"ed13f061-5898-4aaa-8797-4359e53f3a21","local_time":"20180324155219","is_prod":false,"is_daily":false,"is_ascension_mode":false,"campfire_upgraded":1,"timestamp":1521903139,"path_taken":["M","?","?","M","$","E","R","?","T","?","R","M","E","M","R","BOSS","M","$","?","?","M","E","R","M","T","M","?","R","?","M","R","BOSS"],"build_version":"2018-03-22v2","purchased_purges":1,"victory":false,"master_deck":["Defend_G","Defend_G","Strike_G","Strike_G","Strike_G","Strike_G","Strike_G","Survivor","Neutralize+1","Decay","Well Laid Plans","Regret","Dodge and Roll","Flying Knee","Noxious Fumes","Dagger Throw","Outmaneuver","Riddle With Holes","Heel Hook","Glass Knife","Bullet Time","Regret","Pain","Clumsy","Backstab","Prepared","Bouncing Flask","Acrobatics","Catalyst","Prepared+1","Underhanded Strike","Poisoned Stab","Prepared","Footwork","Backstab+1"],"max_hp_per_floor":[70,70,70,70,70,70,70,70,70,70,70,70,70,70,70,70,70,70,70,70,70,70,70,70,70,70,70,70,70,70,70,70,70],"relics":["Ring of the Snake","Du-Vu Doll","Sundial","Snake Skull","Prayer Wheel","Happy Flower","Calling Bell","Bag of Marbles","Shuriken","Art of War","Pen Nib","Dead Branch","Peace Pipe"],"card_choices":[{"not_picked":["Terror","Choke"],"picked":"Well Laid Plans","floor":1},{"not_picked":["Masterful Stab","Underhanded Strike"],"picked":"Dodge and Roll","floor":3},{"not_picked":["PiercingWail","Poisoned Stab"],"picked":"Flying Knee","floor":4},{"not_picked":["Setup","Backflip"],"picked":"Outmaneuver","floor":6},{"not_picked":["Reflex","Flying Knee"],"picked":"Riddle With Holes","floor":12},{"not_picked":["Backflip","Endless Agony"],"picked":"Heel Hook","floor":13},{"not_picked":["Endless Agony","Underhanded Strike"],"picked":"Glass Knife","floor":14},{"not_picked":["Grand Finale","Die Die Die"],"picked":"Bullet Time","floor":16},{"not_picked":["Sucker Punch","Calculated Gamble"],"picked":"Backstab","floor":18},{"not_picked":["Flechettes","Accuracy"],"picked":"Acrobatics","floor":22},{"not_picked":["Blur","Calculated Gamble"],"picked":"Catalyst","floor":23},{"not_picked":["Outmaneuver","Dodge and Roll"],"picked":"Prepared","floor":25},{"not_picked":["Finisher","Slice"],"picked":"Underhanded Strike","floor":26},{"not_picked":["Acrobatics","Terror"],"picked":"Poisoned Stab","floor":27},{"not_picked":["Blade Dance","Sucker Punch"],"picked":"Prepared","floor":28},{"not_picked":["Masterful Stab","Flying Knee"],"picked":"Footwork","floor":30},{"not_picked":["Masterful Stab","Bullet Time"],"picked":"Backstab","floor":31}],"player_experience":179120,"potions_floor_usage":[6,13,16,16,23,33],"damage_taken":[{"damage":4,"enemies":"Small Slimes","floor":1,"turns":4},{"damage":10,"enemies":"Cultist","floor":3,"turns":4},{"damage":11,"enemies":"Jaw Worm","floor":4,"turns":5},{"damage":9,"enemies":"3 Sentries","floor":6,"turns":6},{"damage":1,"enemies":"Blue Slaver","floor":12,"turns":3},{"damage":8,"enemies":"Lagavulin","floor":13,"turns":4},{"damage":16,"enemies":"Exordium Wildlife","floor":14,"turns":4},{"damage":50,"enemies":"The Guardian","floor":16,"turns":6},{"damage":9,"enemies":"Spheric Guardian","floor":18,"turns":3},{"damage":6,"enemies":"Shell Parasite","floor":22,"turns":2},{"damage":31,"enemies":"Slavers","floor":23,"turns":4},{"damage":5,"enemies":"Centurion and Healer","floor":25,"turns":3},{"damage":22,"enemies":"Chosen and Byrds","floor":27,"turns":4},{"damage":14,"enemies":"Slaver and Parasite","floor":30,"turns":3},{"damage":4,"enemies":"Snake Plant","floor":31,"turns":1},{"damage":50,"enemies":"Champ","floor":33,"turns":6}],"event_choices":[{"event_name":"Big Fish","player_choice":"Box","floor":2,"damage_taken":0},{"event_name":"Living Wall","player_choice":"Forget","floor":8,"damage_taken":0},{"event_name":"The Library","player_choice":"Read","floor":20,"damage_taken":0},{"event_name":"Beggar","player_choice":"Gave Gold","floor":21,"damage_taken":0}],"boss_relics":[{"not_picked":["Tiny House","Snecko Eye"],"picked":"Calling Bell"}],"potions_floor_spawned":[1,3,4,14,22,25],"seed_played":"3149672271805782076","killed_by":"Champ","ascension_level":0,"is_trial":false}