{"path_per_floor":["M","?","$","?","M","R","E","M","T","R","?","E","$","?","R","B",null,"M","?","?","M","M","R","$","R","T","E","M","M","T","?","R","B",null,"M","?","M","M"],"character_chosen":"THE_SILENT","items_purchased":["Bouncing Flask","Noxious Fumes"],"gold_per_floor":[109,184,30,30,47,47,82,101,101,101,101,128,28,28,28,126,126,142,142,142,154,171,171,100,100,124,159,174,190,213,213,213,311,311,325,325,337,354,354],"floor_reached":39,"campfire_rested":3,"playtime":1986,"item_purchase_floors":[3,24],"current_hp_per_floor":[63,52,52,57,57,57,54,54,54,54,39,30,30,30,54,24,80,73,73,73,63,48,48,48,72,72,55,41,33,33,33,57,8,80,24,24,20,2,0],"items_purged":["Defend_G","Strike_G"],"gold":354,"score":432,"play_id":"7606ee87-e674-48b1-8f1c-bdfe17d6a0ae","local_time":"20180526124204","is_prod":false,"is_daily":false,"chose_seed":false,"is_ascension_mode":false,"campfire_upgraded":3,"win_rate":0.0,"timestamp":1527331324,"campfire_choices":[{"data":"Neutralize","floor":6,"key":"SMITH"},{"data":"Flechettes","floor":10,"key":"SMITH"},{"floor":15,"key":"REST"},{"data":"Prepared","floor":23,"key":"SMITH"},{"floor":25,"key":"REST"},{"floor":32,"key":"REST"}],"path_taken":["M","?","$","?","M","R","E","M","T","R","?","E","$","?","R","BOSS","M","?","?","?","M","R","$","R","T","E","M","M","?","?","R","BOSS","M","?","M","M","M"],"build_version":"2018-05-25","seed_source_timestamp":7995867863632,"purchased_purges":2,"victory":false,"master_deck":["Defend_G","Defend_G","Defend_G","Strike_G+1","Strike_G+1","Strike_G","Survivor","Neutralize+1","Deadly Poison","Bouncing Flask+1","Leg Sweep","Sucker Punch","Flechettes+1","Bane","Venomology","Escape Plan","Purity","Finisher","Prepared+1","Noxious Fumes","Decay","Well Laid Plans+1","Footwork","All Out Attack","Injury","Envenom","Slice+1","Crippling Poison+1"],"max_hp_per_floor":[63,63,63,68,68,68,75,75,75,75,75,80,80,80,80,80,80,80,80,80,80,80,80,80,80,80,80,80,80,80,80,80,80,80,80,80,85,85,85],"relics":["Ring of the Snake","Strawberry","Mercury Hourglass","Ginger","Cursed Key","Bag of Marbles","Snake Skull","Sundial","Happy Flower","Black Star"],"card_choices":[{"not_picked":["Masterful Stab","Deflect"],"picked":"Deadly Poison","floor":1},{"not_picked":["Quick Slash","Deadly Poison"],"picked":"Leg Sweep","floor":5},{"not_picked":["Eviscerate","Slice"],"picked":"Sucker Punch","floor":7},{"not_picked":["Quick Slash","Prepared"],"picked":"Flechettes","floor":8},{"not_picked":["Dagger Spray","Poisoned Stab"],"picked":"Bane","floor":12},{"not_picked":["Wraith Form v2","Bullet Time"],"picked":"Venomology","floor":16},{"not_picked":["Prepared","All Out Attack"],"picked":"Escape Plan","floor":18},{"not_picked":["Poisoned Stab","Bane"],"picked":"Finisher","floor":21},{"not_picked":["PiercingWail","Backflip"],"picked":"Prepared","floor":22},{"not_picked":["Leg Sweep+1","Quick Slash"],"picked":"Well Laid Plans+1","floor":27},{"not_picked":["Deadly Poison+1","PiercingWail+1"],"picked":"Footwork","floor":28},{"not_picked":["Sucker Punch+1","Dodge and Roll"],"picked":"All Out Attack","floor":29},{"not_picked":["Glass Knife","A Thousand Cuts"],"picked":"Envenom","floor":33},{"not_picked":["Sucker Punch","PiercingWail"],"picked":"Slice+1","floor":35},{"not_picked":["Prepared+1","Poisoned Stab+1"],"picked":"Crippling Poison+1","floor":37},{"not_picked":["Bane","Dash","Eviscerate"],"picked":"SKIP","floor":38}],"player_experience":65538,"potions_floor_usage":[7,12,22,27,27,27,28,29,33,33,33,33,37,38],"damage_taken":[{"damage":0,"enemies":"2 Louse","floor":1,"turns":2},{"damage":0,"enemies":"Jaw Worm","floor":5,"turns":3},{"damage":10,"enemies":"Gremlin Nob","floor":7,"turns":4},{"damage":0,"enemies":"Cultist","floor":8,"turns":3},{"damage":14,"enemies":"3 Sentries","floor":12,"turns":7},{"damage":30,"enemies":"Hexaghost","floor":16,"turns":7},{"damage":7,"enemies":"Chosen","floor":18,"turns":3},{"damage":10,"enemies":"2 Thieves","floor":21,"turns":2},{"damage":15,"enemies":"Slaver and Parasite","floor":22,"turns":6},{"damage":17,"enemies":"Slavers","floor":27,"turns":4},{"damage":14,"enemies":"Centurion and Healer","floor":28,"turns":6},{"damage":8,"enemies":"Cultist and Chosen","floor":29,"turns":6},{"damage":64,"enemies":"Champ","floor":33,"turns":9},{"damage":56,"enemies":"Flame Bruiser 1 Orb","floor":35,"turns":3},{"damage":9,"enemies":"3 Shapes","floor":37,"turns":4},{"damage":18,"enemies":"Flame Bruiser 2 Orb","floor":38,"turns":4},{"damage":9,"enemies":"3 Darklings","floor":39,"turns":1}],"relics_obtained":[{"floor":7,"key":"Strawberry"},{"floor":9,"key":"Mercury Hourglass"},{"floor":12,"key":"Ginger"},{"floor":26,"key":"Snake Skull"},{"floor":27,"key":"Sundial"},{"floor":30,"key":"Happy Flower"}],"event_choices":[{"event_name":"World of Goop","player_choice":"Gather Gold","floor":2,"damage_taken":0},{"event_name":"Big Fish","player_choice":"Donut","floor":4,"damage_taken":0},{"event_name":"Shining Light","player_choice":"Entered Light","floor":11,"damage_taken":0},{"event_name":"Upgrade Shrine","player_choice":"Upgraded","floor":14,"damage_taken":0},{"event_name":"The Mausoleum","player_choice":"Yes","floor":19,"damage_taken":0},{"event_name":"Match and Keep!","player_choice":"1 cards matched","floor":20,"damage_taken":0},{"event_name":"Vampires","player_choice":"Ignored","floor":31,"damage_taken":0},{"event_name":"The Lab","player_choice":"Got Potions","floor":36,"damage_taken":0}],"boss_relics":[{"not_picked":["Sozu","Lizard Tail"],"picked":"Cursed Key"},{"not_picked":["Runic Dome","Runic Pyramid"],"picked":"Black Star"}],"items_purged_floors":[3,13],"potions_floor_spawned":[1,7,8,16,22,27,28,37],"seed_played":"-5818901257749133464","killed_by":"3 Darklings","ascension_level":0,"potions_obtained":[{"floor":1,"key":"Poison Potion"},{"floor":7,"key":"FearPotion"},{"floor":8,"key":"Fruit Juice"},{"floor":16,"key":"Explosive Potion"},{"floor":22,"key":"SpeedPotion"},{"floor":27,"key":"SpeedPotion"},{"floor":28,"key":"Strength Potion"},{"floor":36,"key":"Weak Potion"},{"floor":36,"key":"Fruit Juice"},{"floor":36,"key":"LiquidBronze"},{"floor":37,"key":"SteroidPotion"}],"is_trial":false}