{"gold_per_floor":[218,233,247,247,268,268,268,268,268,268,283,125,42,60,60,156,156,181,181,181,205,218,218],"floor_reached":23,"playtime":992,"items_purged":["Strike_R"],"score":357,"play_id":"0ddef504-00ea-4320-b48d-27930c32eb3e","local_time":"20190731103536","is_ascension_mode":true,"campfire_choices":[{"data":"Flex","floor":6.0,"key":"SMITH"},{"data":"Berserk","floor":8.0,"key":"SMITH"},{"data":"Burning Pact","floor":10.0,"key":"SMITH"},{"data":"Blood for Blood","floor":15.0,"key":"SMITH"}],"neow_cost":"NONE","seed_source_timestamp":0,"circlet_count":0,"master_deck":["AscendersBane","Strike_R","Strike_R","Strike_R","Defend_R","Defend_R","Defend_R","Defend_R","Bash","Burning Pact+1","Flex+1","Berserk+1","Blood for Blood+1","Evolve","Shrug It Off","Impervious","Whirlwind"],"special_seed":0,"relics":["Burning Blood","Golden Idol","Ice Cream","Runic Dome"],"potions_floor_usage":[23],"damage_taken":[{"damage":7.0,"enemies":"Cultist","floor":1.0,"turns":4.0},{"damage":6.0,"enemies":"Jaw Worm","floor":2.0,"turns":6.0},{"damage":5.0,"enemies":"2 Louse","floor":3.0,"turns":4.0},{"damage":12.0,"enemies":"Looter","floor":5.0,"turns":4.0},{"damage":10.0,"enemies":"Gremlin Gang","floor":11.0,"turns":4.0},{"damage":24.0,"enemies":"Exordium Wildlife","floor":14.0,"turns":5.0},{"damage":15.0,"enemies":"Hexaghost","floor":16.0,"turns":7.0},{"damage":2.0,"enemies":"3 Byrds","floor":18.0,"turns":3.0},{"damage":12.0,"enemies":"Shell Parasite","floor":21.0,"turns":6.0},{"damage":35.0,"enemies":"Shelled Parasite and Fungi","floor":22.0,"turns":8.0},{"damage":35,"enemies":"Gremlin Leader","floor":23,"turns":4}],"seed_played":"-4306619989921707535","potions_obtained":[{"floor":2.0,"key":"Explosive Potion"},{"floor":3.0,"key":"LiquidBronze"},{"floor":18.0,"key":"Explosive Potion"},{"floor":21.0,"key":"Poison Potion"}],"is_trial":false,"path_per_floor":["M","M","M","?","M","R","?","R","T","R","M","$","$","M","R","B",null,"M","?","?","M","M","E"],"character_chosen":"IRONCLAD","items_purchased":["Evolve","Shrug It Off","PowerPotion"],"campfire_rested":0,"item_purchase_floors":[12,13,13],"current_hp_per_floor":[67,67,68,68,62,62,62,62,62,62,58,58,58,40,40,31,59,63,63,68,62,33,0],"gold":218,"neow_bonus":"HUNDRED_GOLD","is_prod":false,"is_daily":false,"chose_seed":false,"campfire_upgraded":4,"win_rate":0,"timestamp":1564536936,"path_taken":["M","?","M","?","M","R","?","R","T","R","M","?","$","M","R","BOSS","M","?","?","?","?","E"],"build_version":"2019-07-17","purchased_purges":1,"victory":false,"max_hp_per_floor":[75,75,75,68,68,68,68,68,68,68,68,68,68,68,68,68,68,68,68,68,68,68,68],"card_choices":[{"not_picked":["Havoc","Clash"],"picked":"Burning Pact","floor":1.0},{"not_picked":["Sword Boomerang","Twin Strike"],"picked":"Flex","floor":2.0},{"not_picked":["Clothesline","Dual Wield","Armaments"],"picked":"SKIP","floor":3.0},{"not_picked":["Clash","Havoc","Wild Strike"],"picked":"SKIP","floor":5.0},{"not_picked":["Clash","Wild Strike"],"picked":"Havoc","floor":5.0},{"not_picked":["Perfected Strike","Blood for Blood","Corruption"],"picked":"SKIP","floor":11.0},{"not_picked":["Perfected Strike","Corruption"],"picked":"Blood for Blood","floor":11.0},{"not_picked":["Wild Strike","Infernal Blade"],"picked":"Sever Soul","floor":14.0},{"not_picked":["Offering","Brutality"],"picked":"Impervious","floor":16.0},{"not_picked":["Shockwave","Warcry"],"picked":"Whirlwind","floor":18.0},{"not_picked":["Searing Blow","Anger","Thunderclap"],"picked":"SKIP","floor":21.0},{"not_picked":["Shrug It Off","Anger","Carnage"],"picked":"SKIP","floor":22.0}],"player_experience":702936,"relics_obtained":[{"floor":9.0,"key":"Ice Cream"}],"event_choices":[{"damage_healed":0.0,"max_hp_gain":0.0,"max_hp_loss":7.0,"gold_gain":0.0,"event_name":"Golden Idol","player_choice":"Lose Max HP","floor":4.0,"gold_loss":0.0,"damage_taken":0.0,"relics_obtained":["Golden Idol"]},{"damage_healed":0.0,"max_hp_gain":0.0,"max_hp_loss":0.0,"gold_gain":0.0,"cards_transformed":["Havoc"],"event_name":"Living Wall","player_choice":"Change","floor":7.0,"gold_loss":0.0,"damage_taken":0.0,"cards_obtained":["Berserk"]},{"cards_removed":["Strike_R"],"damage_healed":0.0,"max_hp_gain":0.0,"max_hp_loss":0.0,"gold_gain":0.0,"event_name":"Back to Basics","player_choice":"Elegance","floor":19.0,"gold_loss":0.0,"damage_taken":0.0},{"cards_removed":["Sever Soul"],"damage_healed":5.0,"max_hp_gain":0.0,"max_hp_loss":0.0,"gold_gain":0.0,"event_name":"Bonfire Elementals","player_choice":"Offered Uncommon","floor":20.0,"gold_loss":0.0,"damage_taken":0.0}],"is_beta":false,"boss_relics":[{"not_picked":["Runic Cube","Eternal Feather"],"picked":"Runic Dome"}],"items_purged_floors":[12],"is_endless":false,"potions_floor_spawned":[2,3,14,18,21],"killed_by":"Gremlin Leader","ascension_level":19}