{"gold_per_floor":[214,232,14,31,31,58,76,151,151,151,151,169,169,185,185,275,275,195,195,215,115,128,128,152,152,152,186,200,200,200,238,238,337,337,352,187,203,203,216,251,584,616,616,632,644,437,455,490,490,490,490,490,490,110,144,144],"floor_reached":57,"playtime":2704,"items_purged":["Strike_R","Strike_R","Strike_R","Bash","Strike_R"],"score":3573,"play_id":"1e8c1949-fc0c-460c-b9f7-25b7f596d692","local_time":"20181129195122","is_ascension_mode":true,"campfire_choices":[{"floor":13.0,"key":"REST"},{"data":"Power Through","floor":15.0,"key":"SMITH"},{"data":"Second Wind","floor":23.0,"key":"SMITH"},{"data":"Juggernaut","floor":25.0,"key":"SMITH"},{"data":"Battle Trance","floor":30.0,"key":"SMITH"},{"data":"Metallicize","floor":32.0,"key":"SMITH"},{"floor":49.0,"key":"RECALL"},{"data":"Feel No Pain","floor":53.0,"key":"SMITH"}],"neow_cost":"NONE","seed_source_timestamp":0,"circlet_count":0,"master_deck":["AscendersBane","Defend_R","Defend_R","Defend_R","Defend_R","Evolve","Shrug It Off","Second Wind+1","Body Slam+1","Power Through+1","Juggernaut+1","Impervious","Metallicize+1","Battle Trance+1","Fiend Fire+1","Feel No Pain+1","Barricade"],"special_seed":0,"relics":["Burning Blood","Boot","Mummified Hand","Coffee Dripper","Molten Egg 2","Incense Burner","Spirit Poop","Art of War","Runic Pyramid","Ornamental Fan","Dream Catcher","Charon\u0027s Ashes","The Courier"],"potions_floor_usage":[55,56,56],"damage_taken":[{"damage":4.0,"enemies":"2 Louse","floor":1.0,"turns":3.0},{"damage":4.0,"enemies":"Small Slimes","floor":2.0,"turns":4.0},{"damage":3.0,"enemies":"Cultist","floor":4.0,"turns":4.0},{"damage":61.0,"enemies":"Gremlin Nob","floor":6.0,"turns":5.0},{"damage":3.0,"enemies":"Blue Slaver","floor":7.0,"turns":6.0},{"damage":28.0,"enemies":"Lots of Slimes","floor":12.0,"turns":4.0},{"damage":15.0,"enemies":"3 Louse","floor":14.0,"turns":3.0},{"damage":0.0,"enemies":"Hexaghost","floor":16.0,"turns":11.0},{"damage":17.0,"enemies":"2 Thieves","floor":18.0,"turns":4.0},{"damage":5.0,"enemies":"3 Byrds","floor":20.0,"turns":5.0},{"damage":11.0,"enemies":"Shelled Parasite and Fungi","floor":22.0,"turns":7.0},{"damage":7.0,"enemies":"Snecko","floor":24.0,"turns":6.0},{"damage":31.0,"enemies":"Slavers","floor":27.0,"turns":6.0},{"damage":0.0,"enemies":"Snake Plant","floor":28.0,"turns":3.0},{"damage":0.0,"enemies":"Book of Stabbing","floor":31.0,"turns":5.0},{"damage":0.0,"enemies":"Collector","floor":33.0,"turns":12.0},{"damage":8.0,"enemies":"Orb Walker","floor":35.0,"turns":5.0},{"damage":1.0,"enemies":"3 Darklings","floor":37.0,"turns":5.0},{"damage":9.0,"enemies":"Transient","floor":39.0,"turns":6.0},{"damage":0.0,"enemies":"Nemesis","floor":40.0,"turns":5.0},{"damage":0.0,"enemies":"Reptomancer","floor":42.0,"turns":4.0},{"damage":0.0,"enemies":"Spire Growth","floor":44.0,"turns":4.0},{"damage":0.0,"enemies":"4 Shapes","floor":45.0,"turns":4.0},{"damage":0.0,"enemies":"Writhing Mass","floor":47.0,"turns":5.0},{"damage":0.0,"enemies":"Giant Head","floor":48.0,"turns":5.0},{"damage":0.0,"enemies":"Time Eater","floor":50.0,"turns":5.0},{"damage":23.0,"enemies":"Donu and Deca","floor":51.0,"turns":6.0},{"damage":0,"enemies":"Shield and Spear","floor":55,"turns":4},{"damage":0,"enemies":"The Heart","floor":56,"turns":6}],"seed_played":"-3351435406108962787","potions_obtained":[{"floor":2.0,"key":"SteroidPotion"},{"floor":14.0,"key":"SkillPotion"},{"floor":22.0,"key":"GamblersBrew"},{"floor":27.0,"key":"Dexterity Potion"},{"floor":44.0,"key":"SpeedPotion"},{"floor":45.0,"key":"EssenceOfSteel"},{"floor":55,"key":"Poison Potion"}],"is_trial":false,"path_per_floor":["M","M","$","M","?","E","M","?","T","?","?","M","R","M","R","B",null,"M","?","M","$","M","R","M","R","T","E","M","?","R","E","R","B",null,"M","$","M","?","M","E","?","E","T","M","M","$","M","E","R","B","B",null,"R","$","E","B",null],"character_chosen":"IRONCLAD","items_purchased":["Second Wind","AttackPotion","Feel No Pain","Swift Potion","Barricade","Swift Potion"],"campfire_rested":1,"item_purchase_floors":[3,3,36,46,54,54],"current_hp_per_floor":[70,72,72,75,75,20,23,12,12,30,30,8,28,19,19,25,57,46,46,47,47,42,42,41,41,41,16,22,22,22,28,28,34,57,55,55,60,60,57,63,63,65,65,65,65,65,65,65,65,65,48,61,61,61,65,65],"gold":144,"neow_bonus":"HUNDRED_GOLD","is_prod":false,"is_daily":false,"chose_seed":true,"campfire_upgraded":6,"win_rate":0,"timestamp":1543492282,"path_taken":["M","M","$","M","?","E","M","?","T","?","?","M","R","M","R","BOSS","M","?","M","$","M","R","M","R","T","E","?","?","R","E","R","BOSS","M","?","M","?","M","E","?","E","T","M","?","$","M","E","R","BOSS","BOSS","R","$","E","BOSS"],"build_version":"2018-11-15","purchased_purges":5,"victory":true,"max_hp_per_floor":[75,75,75,75,75,75,75,75,75,75,68,68,68,68,68,68,68,68,68,68,68,68,68,68,68,68,68,68,65,65,65,65,65,65,65,65,65,65,65,65,65,65,65,65,65,65,65,65,65,65,65,65,65,65,65,65],"card_choices":[{"not_picked":["Iron Wave","Flex"],"picked":"Evolve","floor":1.0},{"not_picked":["Headbutt","Twin Strike"],"picked":"Shrug It Off","floor":2.0},{"not_picked":["Pommel Strike","Sword Boomerang"],"picked":"Body Slam","floor":4.0},{"not_picked":["Searing Blow","Twin Strike"],"picked":"Power Through","floor":6.0},{"not_picked":["Blood for Blood","Heavy Blade"],"picked":"Juggernaut","floor":7.0},{"not_picked":["Carnage","Bloodletting","Power Through"],"picked":"SKIP","floor":12.0},{"not_picked":["Perfected Strike","Combust","Cleave"],"picked":"SKIP","floor":14.0},{"not_picked":["Offering","Juggernaut"],"picked":"Impervious","floor":16.0},{"not_picked":["Sword Boomerang","Reckless Charge","Twin Strike"],"picked":"SKIP","floor":18.0},{"not_picked":["Dual Wield","Havoc"],"picked":"Battle Trance","floor":20.0},{"not_picked":["Headbutt","Sentinel","Clash"],"picked":"SKIP","floor":22.0},{"not_picked":["Bludgeon","Wild Strike","Thunderclap"],"picked":"SKIP","floor":24.0},{"not_picked":["Body Slam+1","Sever Soul+1","Reaper+1"],"picked":"SKIP","floor":27.0},{"not_picked":["Combust","Rupture","Anger+1"],"picked":"SKIP","floor":28.0},{"not_picked":["Combust","Clash+1","Rage"],"picked":"SKIP","floor":31.0},{"not_picked":["Feed+1","Demon Form"],"picked":"Fiend Fire+1","floor":33.0},{"not_picked":["Body Slam+1","Rage+1","Iron Wave+1"],"picked":"SKIP","floor":35.0},{"not_picked":["Twin Strike+1","Perfected Strike+1","Thunderclap+1"],"picked":"SKIP","floor":37.0},{"not_picked":["Havoc","Body Slam+1","Corruption"],"picked":"SKIP","floor":39.0},{"not_picked":["Rupture","Clash+1","Reaper+1"],"picked":"SKIP","floor":40.0},{"not_picked":["Intimidate","Disarm","Whirlwind+1"],"picked":"SKIP","floor":42.0},{"not_picked":["Pommel Strike+1","Headbutt+1","Sword Boomerang+1"],"picked":"SKIP","floor":44.0},{"not_picked":["Perfected Strike+1","Body Slam+1","Dropkick+1"],"picked":"SKIP","floor":45.0},{"not_picked":["Warcry","Flame Barrier","Evolve"],"picked":"SKIP","floor":47.0},{"not_picked":["Shrug It Off","Bloodletting+1","Flex+1"],"picked":"SKIP","floor":48.0},{"not_picked":["Dropkick+1","Twin Strike+1","Sever Soul+1"],"picked":"SKIP","floor":55}],"player_experience":603519,"relics_obtained":[{"floor":6.0,"key":"Boot"},{"floor":9.0,"key":"Mummified Hand"},{"floor":26.0,"key":"Molten Egg 2"},{"floor":27.0,"key":"Incense Burner"},{"floor":31.0,"key":"Art of War"},{"floor":40.0,"key":"Ornamental Fan"},{"floor":42.0,"key":"Dream Catcher"},{"floor":48.0,"key":"Charon\u0027s Ashes"},{"floor":55,"key":"The Courier"}],"event_choices":[{"damage_healed":0.0,"max_hp_gain":0.0,"max_hp_loss":0.0,"gold_gain":0.0,"event_name":"Living Wall","player_choice":"Grow","floor":5.0,"gold_loss":0.0,"damage_taken":0.0,"cards_upgraded":["Body Slam"]},{"damage_healed":0.0,"max_hp_gain":0.0,"max_hp_loss":0.0,"gold_gain":75.0,"event_name":"World of Goop","player_choice":"Gather Gold","floor":8.0,"gold_loss":0.0,"damage_taken":11.0},{"damage_healed":18.0,"max_hp_gain":0.0,"max_hp_loss":0.0,"gold_gain":0.0,"event_name":"Mushrooms","player_choice":"Healed and dodged fight","floor":10.0,"gold_loss":0.0,"damage_taken":0.0,"cards_obtained":["Parasite"]},{"damage_healed":0.0,"max_hp_gain":0.0,"max_hp_loss":7.0,"gold_gain":0.0,"event_name":"Golden Idol","player_choice":"Lose Max HP","floor":11.0,"gold_loss":0.0,"damage_taken":0.0,"relics_obtained":["Golden Idol"]},{"damage_healed":0.0,"max_hp_gain":0.0,"max_hp_loss":0.0,"gold_gain":0.0,"event_name":"Match and Keep!","player_choice":"1 cards matched","floor":19.0,"gold_loss":0.0,"damage_taken":0.0,"cards_obtained":["Metallicize"]},{"cards_removed":["Parasite"],"damage_healed":0.0,"max_hp_gain":0.0,"max_hp_loss":0.0,"gold_gain":0.0,"event_name":"Bonfire Elementals","player_choice":"Offered Curse","floor":29.0,"gold_loss":0.0,"damage_taken":0.0,"relics_obtained":["Spirit Poop"]},{"cards_removed":["Strike_R"],"damage_healed":0.0,"max_hp_gain":0.0,"max_hp_loss":0.0,"gold_gain":0.0,"event_name":"Falling","player_choice":"Removed Attack","floor":38.0,"gold_loss":0.0,"damage_taken":0.0},{"damage_healed":0.0,"max_hp_gain":0.0,"max_hp_loss":0.0,"gold_gain":333.0,"event_name":"The Moai Head","player_choice":"Gave Idol","floor":41.0,"relics_lost":["Golden Idol"],"gold_loss":0.0,"damage_taken":0.0}],"is_beta":true,"boss_relics":[{"not_picked":["Astrolabe","Sozu"],"picked":"Coffee Dripper"},{"not_picked":["Black Star","Eternal Feather"],"picked":"Runic Pyramid"}],"items_purged_floors":[3,21,36,46,54],"is_endless":false,"potions_floor_spawned":[2,14,22,27,28,44,45,47,48,55],"ascension_level":20}