{"path_per_floor":["M","$","M","M","?","R","E","M","T","R","M","R","?","M","R","B",null,"M","M","?","?","?","E","R","E","T","R","M","$"],"character_chosen":"THE_SILENT","items_purchased":["Dead Branch"],"gold_per_floor":[116,41,52,72,72,72,101,119,174,174,191,191,191,216,216,346,346,367,380,380,380,305,344,344,388,412,412,433,123,123],"floor_reached":30,"campfire_rested":1,"playtime":896,"item_purchase_floors":[29],"current_hp_per_floor":[62,62,62,61,61,61,36,36,36,36,30,30,13,13,13,6,54,26,26,26,26,26,3,24,24,24,24,9,9,0],"items_purged":["Doubt"],"gold":123,"score":410,"play_id":"3c7c08fc-b5a2-43e4-a454-88bbb35b33bd","local_time":"20180531112935","is_prod":false,"is_daily":false,"chose_seed":false,"is_ascension_mode":true,"campfire_upgraded":5,"win_rate":0,"timestamp":1527737375,"campfire_choices":[{"data":"Neutralize","floor":6.0,"key":"SMITH"},{"data":"Terror","floor":10.0,"key":"SMITH"},{"data":"Noxious Fumes","floor":12.0,"key":"SMITH"},{"data":"Footwork","floor":15.0,"key":"SMITH"},{"floor":24,"key":"REST"},{"data":"Calculated Gamble","floor":27,"key":"SMITH"}],"path_taken":["M","$","M","M","?","R","E","M","T","R","M","R","?","M","R","BOSS","M","M","?","?","?","E","R","E","T","R","?","?","M"],"build_version":"2018-05-30","seed_source_timestamp":0,"purchased_purges":1,"victory":false,"master_deck":["Defend_G","Defend_G","Strike_G","Survivor","Neutralize+1","Distraction+1","Die Die Die","Slice","Dagger Spray","Backflip+1","Noxious Fumes+1","Well Laid Plans","Terror+1","Footwork+1","Calculated Gamble+1","Adrenaline","Riddle With Holes+1","Infinite Blades+1","Predator+1","Outmaneuver+1"],"max_hp_per_floor":[70,70,70,70,70,70,70,70,70,70,70,70,70,70,70,70,70,70,70,70,70,70,70,70,70,70,70,70,70,70],"relics":["Ring of the Snake","War Paint","Tiny Chest","Golden Idol","Astrolabe","Happy Flower","Boot","Snake Skull","Dead Branch"],"card_choices":[{"not_picked":["Expertise","Dodge and Roll"],"picked":"Slice","floor":1.0},{"not_picked":["Prepared","Slice"],"picked":"Dagger Spray","floor":3.0},{"not_picked":["Underhanded Strike","Bane"],"picked":"Backflip","floor":4.0},{"not_picked":["Concentrate","Blade Dance"],"picked":"Well Laid Plans","floor":7.0},{"not_picked":["Predator","Reflex"],"picked":"Terror","floor":8.0},{"not_picked":["Deflect","Cloak And Dagger"],"picked":"Footwork","floor":11.0},{"not_picked":["Expertise","Quick Slash"],"picked":"Calculated Gamble","floor":14.0},{"not_picked":["Die Die Die","Corpse Explosion"],"picked":"Adrenaline","floor":16.0},{"not_picked":["Deadly Poison+1","Outmaneuver","Backflip"],"picked":"SKIP","floor":18},{"not_picked":["Setup","Distraction","Die Die Die"],"picked":"SKIP","floor":19},{"not_picked":["Heel Hook+1","Deadly Poison","PiercingWail+1"],"picked":"SKIP","floor":23},{"not_picked":["Bouncing Flask","Deadly Poison"],"picked":"Outmaneuver+1","floor":25},{"not_picked":["Choke","Well Laid Plans+1","Endless Agony"],"picked":"SKIP","floor":28}],"player_experience":514310,"potions_floor_usage":[],"damage_taken":[{"damage":1.0,"enemies":"Small Slimes","floor":1.0,"turns":3.0},{"damage":0.0,"enemies":"Cultist","floor":3.0,"turns":3.0},{"damage":1.0,"enemies":"Jaw Worm","floor":4.0,"turns":3.0},{"damage":25.0,"enemies":"Gremlin Nob","floor":7.0,"turns":5.0},{"damage":0.0,"enemies":"3 Louse","floor":8.0,"turns":1.0},{"damage":6.0,"enemies":"Looter","floor":11.0,"turns":3.0},{"damage":0.0,"enemies":"Large Slime","floor":14.0,"turns":3.0},{"damage":7.0,"enemies":"The Guardian","floor":16.0,"turns":10.0},{"damage":28,"enemies":"2 Thieves","floor":18,"turns":3},{"damage":0,"enemies":"Chosen","floor":19,"turns":4},{"damage":23,"enemies":"Book of Stabbing","floor":23,"turns":5},{"damage":0,"enemies":"Gremlin Leader","floor":25,"turns":5},{"damage":15,"enemies":"Centurion and Healer","floor":28,"turns":4},{"damage":12,"enemies":"Snake Plant","floor":30,"turns":1}],"relics_obtained":[{"floor":7.0,"key":"War Paint"},{"floor":9.0,"key":"Tiny Chest"},{"floor":23,"key":"Happy Flower"},{"floor":25,"key":"Boot"},{"floor":26,"key":"Snake Skull"}],"event_choices":[{"event_name":"Transmorgrifier","player_choice":"Transform","floor":5.0,"damage_taken":0.0},{"event_name":"Golden Idol","player_choice":"Take Damage","floor":13.0,"damage_taken":0.0},{"event_name":"Ghosts","player_choice":"Ignored","floor":20,"damage_taken":0},{"event_name":"Drug Dealer","player_choice":"Ignored","floor":21,"damage_taken":0},{"event_name":"Beggar","player_choice":"Gave Gold","floor":22,"damage_taken":0}],"boss_relics":[{"not_picked":["Snecko Eye","Lizard Tail"],"picked":"Astrolabe"}],"items_purged_floors":[],"potions_floor_spawned":[3,4,19],"seed_played":"8053807851829727434","killed_by":"Snake Plant","ascension_level":8,"potions_obtained":[{"floor":3.0,"key":"SkillPotion"},{"floor":4.0,"key":"SpeedPotion"},{"floor":19,"key":"SpeedPotion"}],"is_trial":false}