{"gold_per_floor":[116,128,203,39,54,54,87,98,98,114,14,14,33,52,52,126,126,138,188,109,121,136,166,166,41,67,67,86,86,86,118,118,197,197,207,97,116,42,42,42,42,75,75,94,105,105,136,152,152,152,152,152,152,2,32,32],"floor_reached":57,"playtime":3394,"items_purged":["Shame","Strike_B","Strike_B","Defend_B"],"score":3129,"play_id":"c8b2ee98-50fa-46ad-901c-2e652c164cf2","local_time":"20190222003259","is_ascension_mode":true,"campfire_choices":[{"data":"Defragment","floor":6.0,"key":"SMITH"},{"data":"Defragment","floor":12.0,"key":"SMITH"},{"data":"Coolheaded","floor":15.0,"key":"SMITH"},{"floor":24.0,"key":"REST"},{"data":"Defragment","floor":29.0,"key":"SMITH"},{"data":"Capacitor","floor":32.0,"key":"SMITH"},{"data":"Buffer","floor":40.0,"key":"SMITH"},{"floor":46,"key":"RECALL"},{"data":"Dualcast","floor":49,"key":"SMITH"},{"data":"Zap","floor":53,"key":"SMITH"}],"neow_cost":"CURSE","seed_source_timestamp":41331825156037,"circlet_count":0,"master_deck":["AscendersBane","Defend_B+1","Zap+1","Dualcast+1","Auto Shields","Defragment+1","Defragment+1","Coolheaded+1","Core Surge","Ball Lightning","Biased Cognition+1","Defragment+1","Capacitor+1","Self Repair","Recycle+1","Echo Form","Buffer+1","Glacier","Heatsinks"],"special_seed":0,"relics":["Cracked Core","Pocketwatch","Bag of Marbles","Mummified Hand","Empty Cage","Gambling Chip","War Paint","Omamori","Runic Pyramid","DataDisk","Anchor","Dodecahedron"],"potions_floor_usage":[56],"damage_taken":[{"damage":15.0,"enemies":"Small Slimes","floor":1.0,"turns":4.0},{"damage":0.0,"enemies":"2 Louse","floor":2.0,"turns":2.0},{"damage":0.0,"enemies":"Cultist","floor":5.0,"turns":3.0},{"damage":5.0,"enemies":"Lagavulin","floor":7.0,"turns":7.0},{"damage":0.0,"enemies":"Looter","floor":8.0,"turns":3.0},{"damage":0.0,"enemies":"2 Fungi Beasts","floor":10.0,"turns":3.0},{"damage":0.0,"enemies":"Large Slime","floor":13.0,"turns":4.0},{"damage":0.0,"enemies":"Exordium Thugs","floor":14.0,"turns":4.0},{"damage":0.0,"enemies":"The Guardian","floor":16.0,"turns":10.0},{"damage":1.0,"enemies":"Shell Parasite","floor":18.0,"turns":5.0},{"damage":12.0,"enemies":"2 Thieves","floor":21.0,"turns":4.0},{"damage":9.0,"enemies":"Centurion and Healer","floor":22.0,"turns":7.0},{"damage":40.0,"enemies":"Slavers","floor":23.0,"turns":6.0},{"damage":0.0,"enemies":"Cultist and Chosen","floor":28.0,"turns":5.0},{"damage":19.0,"enemies":"Colosseum Slavers","floor":30.0,"turns":2.0},{"damage":11.0,"enemies":"Gremlin Leader","floor":31.0,"turns":6.0},{"damage":0.0,"enemies":"Automaton","floor":33.0,"turns":7.0},{"damage":12.0,"enemies":"3 Shapes","floor":35.0,"turns":6.0},{"damage":0.0,"enemies":"Orb Walker","floor":37.0,"turns":4.0},{"damage":0.0,"enemies":"Giant Head","floor":42.0,"turns":11.0},{"damage":0.0,"enemies":"Spire Growth","floor":44.0,"turns":5.0},{"damage":0,"enemies":"Writhing Mass","floor":45,"turns":5},{"damage":2,"enemies":"Nemesis","floor":47,"turns":5},{"damage":0,"enemies":"Maw","floor":48,"turns":7},{"damage":0,"enemies":"Time Eater","floor":50,"turns":10},{"damage":1,"enemies":"Donu and Deca","floor":51,"turns":7},{"damage":0,"enemies":"Shield and Spear","floor":55,"turns":6},{"damage":49,"enemies":"The Heart","floor":56,"turns":9}],"seed_played":"-5273358391653688952","potions_obtained":[{"floor":2.0,"key":"Block Potion"},{"floor":5.0,"key":"SpeedPotion"},{"floor":14.0,"key":"Block Potion"},{"floor":18.0,"key":"EssenceOfSteel"},{"floor":23.0,"key":"SkillPotion"},{"floor":28.0,"key":"Explosive Potion"},{"floor":42.0,"key":"LiquidBronze"},{"floor":45,"key":"Poison Potion"}],"is_trial":false,"path_per_floor":["M","M","?","$","M","R","E","M","T","M","$","R","M","M","R","B",null,"M","?","$","M","M","E","R","$","T","?","M","R","?","E","R","B",null,"M","?","M","$","$","R","?","E","T","M","M","R","E","M","R","B","B",null,"R","$","E","B",null],"character_chosen":"DEFECT","items_purchased":["Defragment","Capacitor","Glacier"],"campfire_rested":1,"item_purchase_floors":[4,20,38],"current_hp_per_floor":[49,49,38,38,38,38,33,33,33,33,33,33,33,33,33,33,62,61,61,61,49,47,14,35,35,35,35,42,42,23,19,19,26,60,62,62,71,71,71,71,67,67,67,67,67,67,67,67,67,67,67,67,67,67,67,18],"gold":32,"neow_bonus":"ONE_RARE_RELIC","is_prod":false,"is_daily":false,"chose_seed":false,"campfire_upgraded":8,"win_rate":0,"timestamp":1550766779,"path_taken":["M","M","?","$","M","R","E","M","T","M","$","R","M","M","R","BOSS","M","?","$","?","M","E","R","$","T","?","M","R","?","E","R","BOSS","M","?","M","?","$","R","?","E","T","M","?","R","E","M","R","BOSS","BOSS","R","$","E","BOSS"],"build_version":"2019-01-23","purchased_purges":4,"victory":true,"max_hp_per_floor":[71,71,71,71,71,71,71,71,71,71,71,71,71,71,71,71,71,71,71,71,71,71,71,71,71,71,71,71,71,71,71,71,71,71,71,71,71,71,71,71,67,67,67,67,67,67,67,67,67,67,67,67,67,67,67,67],"card_choices":[{"not_picked":["Compile Driver","Rebound"],"picked":"Auto Shields","floor":1.0},{"not_picked":["BootSequence","Gash"],"picked":"Defragment","floor":2.0},{"not_picked":["Steam","Beam Cell","Storm"],"picked":"SKIP","floor":5.0},{"not_picked":["Thunder Strike","Streamline","Gash"],"picked":"SKIP","floor":7.0},{"not_picked":["Aggregate","Barrage"],"picked":"Coolheaded","floor":8.0},{"not_picked":["Gash","Skim"],"picked":"Core Surge","floor":10.0},{"not_picked":["Sweeping Beam","Go for the Eyes"],"picked":"Ball Lightning","floor":13.0},{"not_picked":["Steam Power","Stack","Go for the Eyes"],"picked":"SKIP","floor":14.0},{"not_picked":["Machine Learning","Meteor Strike"],"picked":"Biased Cognition","floor":16.0},{"not_picked":["Leap","Blizzard"],"picked":"Defragment","floor":18.0},{"not_picked":["Go for the Eyes","Chaos"],"picked":"Self Repair","floor":21.0},{"not_picked":["Sweeping Beam","Storm","FTL"],"picked":"SKIP","floor":22.0},{"not_picked":["Skim","Turbo"],"picked":"Recycle","floor":23.0},{"not_picked":["Tempest","Rebound","Force Field"],"picked":"SKIP","floor":28.0},{"not_picked":["Static Discharge","Self Repair"],"picked":"Echo Form","floor":31.0},{"not_picked":["Reboot","Electrodynamics"],"picked":"Buffer","floor":33.0},{"not_picked":["Rip and Tear","Genetic Algorithm","Ball Lightning"],"picked":"SKIP","floor":35.0},{"not_picked":["Streamline","Stack+1","Conserve Battery+1"],"picked":"SKIP","floor":37.0},{"not_picked":["Steam","Genetic Algorithm","Gash"],"picked":"SKIP","floor":42.0},{"not_picked":["Glacier","Redo"],"picked":"Heatsinks","floor":44.0},{"not_picked":["BootSequence","Ball Lightning","Leap"],"picked":"SKIP","floor":45},{"not_picked":["Cold Snap","Glacier","Reprogram"],"picked":"SKIP","floor":47},{"not_picked":["Melter","Gash","Beam Cell"],"picked":"SKIP","floor":48},{"not_picked":["Chill","Scrape","Multi-Cast"],"picked":"SKIP","floor":55}],"player_experience":3021749,"relics_obtained":[{"floor":7.0,"key":"Bag of Marbles"},{"floor":9.0,"key":"Mummified Hand"},{"floor":23.0,"key":"Gambling Chip"},{"floor":26.0,"key":"War Paint"},{"floor":31.0,"key":"Omamori"},{"floor":42.0,"key":"DataDisk"},{"floor":47,"key":"Anchor"},{"floor":55,"key":"Dodecahedron"}],"event_choices":[{"damage_healed":0.0,"max_hp_gain":0.0,"max_hp_loss":0.0,"gold_gain":75.0,"event_name":"World of Goop","player_choice":"Gather Gold","floor":3.0,"gold_loss":0.0,"damage_taken":11.0},{"damage_healed":0.0,"max_hp_gain":0.0,"max_hp_loss":0.0,"gold_gain":100.0,"event_name":"The Joust","player_choice":"Bet on Murderer","floor":19.0,"gold_loss":50.0,"damage_taken":0.0},{"cards_removed":["Defend_B"],"damage_healed":0.0,"max_hp_gain":0.0,"max_hp_loss":0.0,"gold_gain":0.0,"event_name":"Back to Basics","player_choice":"Elegance","floor":27.0,"gold_loss":0.0,"damage_taken":0.0},{"damage_healed":0.0,"max_hp_gain":0.0,"max_hp_loss":0.0,"gold_gain":0.0,"event_name":"Colosseum","player_choice":"Fight","floor":30.0,"gold_loss":0.0,"damage_taken":0.0},{"damage_healed":0.0,"max_hp_gain":0.0,"max_hp_loss":0.0,"gold_gain":0.0,"event_name":"Colosseum","player_choice":"Fled From Nobs","floor":30.0,"gold_loss":0.0,"damage_taken":0.0},{"cards_removed":["Defend_B"],"damage_healed":0.0,"max_hp_gain":0.0,"max_hp_loss":0.0,"gold_gain":0.0,"event_name":"Designer","player_choice":"Upgrade and Remove","floor":36.0,"gold_loss":110.0,"damage_taken":0.0,"cards_upgraded":["Biased Cognition"]},{"damage_healed":0.0,"max_hp_gain":0.0,"max_hp_loss":4.0,"gold_gain":0.0,"event_name":"Winding Halls","player_choice":"Max HP","floor":41.0,"gold_loss":0.0,"damage_taken":0.0}],"is_beta":false,"boss_relics":[{"not_picked":["Ectoplasm","Orrery"],"picked":"Empty Cage"},{"not_picked":["Astrolabe","Snecko Eye"],"picked":"Runic Pyramid"}],"items_purged_floors":[4,11,25,54],"is_endless":false,"potions_floor_spawned":[2,5,7,14,18,23,28,42,45,48],"ascension_level":20}