{"gold_per_floor":[113,127,40,40,60,60,85,10,10,10,27,61,73,84,84,157,157,171,171,171,182,201,201,233,233,233,268,268,300,316,10,10,82,82,100,118,118,118,131,164,164,196,196,226,226,226,226,246,246,246,246,246,246,65,94,94],"floor_reached":57,"playtime":3898,"items_purged":["Strike_G","Strike_G+1"],"score":3616,"play_id":"de8dbfe2-05dd-48dd-bd30-aaf31d3d7d7d","local_time":"20190215151632","is_ascension_mode":true,"campfire_choices":[{"data":"Expertise","floor":6.0,"key":"SMITH"},{"data":"Acrobatics","floor":10.0,"key":"SMITH"},{"data":"Calculated Gamble","floor":15.0,"key":"SMITH"},{"data":"Well Laid Plans","floor":23.0,"key":"SMITH"},{"data":"Acrobatics","floor":25.0,"key":"SMITH"},{"data":"Grand Finale","floor":28.0,"key":"SMITH"},{"data":"Tactician","floor":32.0,"key":"SMITH"},{"data":"Strike_G+1","floor":41.0,"key":"PURGE"},{"floor":47,"key":"RECALL"},{"data":"Strike_G+1","floor":49,"key":"PURGE"},{"data":"Strike_G+1","floor":53,"key":"PURGE"}],"neow_cost":"CURSE","seed_source_timestamp":22735860281086,"circlet_count":0,"master_deck":["AscendersBane","Defend_G+1","Defend_G+1","Defend_G+1","Defend_G+1","Defend_G+1","Survivor+1","Neutralize+1","Clumsy","Grand Finale+1","Backflip+1","Expertise+1","Acrobatics+1","Calculated Gamble+1","Well Laid Plans+1","Acrobatics+1","Tactician+1","Echo Form+1","True Grit+1","Chaos+1","Shrug It Off+1"],"special_seed":0,"relics":["Ring of the Snake","Ninja Scroll","Tough Bandages","Philosopher\u0027s Stone","Ornamental Fan","Turnip","Vajra","Paper Crane","PrismaticShard","Cursed Key","Mark of the Bloom","Peace Pipe","Juzu Bracelet","Dream Catcher","Whetstone"],"potions_floor_usage":[50,56],"damage_taken":[{"damage":2.0,"enemies":"Small Slimes","floor":1.0,"turns":3.0},{"damage":20.0,"enemies":"Cultist","floor":2.0,"turns":7.0},{"damage":2.0,"enemies":"Jaw Worm","floor":5.0,"turns":4.0},{"damage":0.0,"enemies":"3 Sentries","floor":7.0,"turns":2.0},{"damage":9.0,"enemies":"3 Louse","floor":11.0,"turns":7.0},{"damage":7.0,"enemies":"Lagavulin","floor":12.0,"turns":4.0},{"damage":0.0,"enemies":"Blue Slaver","floor":13.0,"turns":5.0},{"damage":1.0,"enemies":"Red Slaver","floor":14.0,"turns":3.0},{"damage":6.0,"enemies":"Hexaghost","floor":16.0,"turns":9.0},{"damage":0.0,"enemies":"2 Thieves","floor":18.0,"turns":2.0},{"damage":15.0,"enemies":"Chosen","floor":21.0,"turns":5.0},{"damage":10.0,"enemies":"Shelled Parasite and Fungi","floor":22.0,"turns":3.0},{"damage":0.0,"enemies":"Book of Stabbing","floor":24.0,"turns":4.0},{"damage":0.0,"enemies":"Gremlin Leader","floor":27.0,"turns":3.0},{"damage":0.0,"enemies":"Slavers","floor":29.0,"turns":3.0},{"damage":0.0,"enemies":"Snake Plant","floor":30.0,"turns":3.0},{"damage":0.0,"enemies":"Automaton","floor":33.0,"turns":4.0},{"damage":0.0,"enemies":"Orb Walker","floor":35.0,"turns":3.0},{"damage":0.0,"enemies":"3 Shapes","floor":36.0,"turns":5.0},{"damage":0.0,"enemies":"Transient","floor":39.0,"turns":6.0},{"damage":0.0,"enemies":"Giant Head","floor":40.0,"turns":4.0},{"damage":0.0,"enemies":"Nemesis","floor":42.0,"turns":7.0},{"damage":0,"enemies":"Reptomancer","floor":44,"turns":5},{"damage":0,"enemies":"4 Shapes","floor":48,"turns":1},{"damage":0,"enemies":"Time Eater","floor":50,"turns":7},{"damage":0,"enemies":"Donu and Deca","floor":51,"turns":4},{"damage":0,"enemies":"Shield and Spear","floor":55,"turns":4},{"damage":18,"enemies":"The Heart","floor":56,"turns":9}],"seed_played":"5308246146476386503","potions_obtained":[{"floor":1.0,"key":"Strength Potion"},{"floor":2.0,"key":"PowerPotion"},{"floor":4.0,"key":"Poison Potion"},{"floor":13.0,"key":"Regen Potion"},{"floor":21.0,"key":"Poison Potion"},{"floor":30.0,"key":"FairyPotion"},{"floor":48,"key":"Energy Potion"}],"is_trial":false,"path_per_floor":["M","M","$","?","M","R","E","$","T","R","M","E","M","M","R","B",null,"M","?","?","M","M","R","E","R","T","E","R","E","M","$","R","B",null,"M","M","?","?","M","E","R","E","T","E","?","?","R","M","R","B","B",null,"R","$","E","B",null],"character_chosen":"THE_SILENT","items_purchased":["Expertise","Tactician","PrismaticShard","GamblersBrew"],"campfire_rested":0,"item_purchase_floors":[3,31,31,54],"current_hp_per_floor":[57,37,37,37,35,35,35,35,35,35,26,19,19,18,18,12,53,53,53,53,38,37,37,37,37,37,37,37,37,37,37,37,37,59,59,59,59,59,59,59,59,59,59,59,59,59,59,59,59,59,59,59,59,59,59,41],"gold":94,"neow_bonus":"THREE_RARE_CARDS","is_prod":false,"is_daily":false,"chose_seed":false,"campfire_upgraded":7,"win_rate":0,"timestamp":1550214992,"path_taken":["M","M","$","?","M","R","E","?","T","R","M","E","?","M","R","BOSS","M","?","?","?","M","R","E","R","T","E","R","E","?","$","R","BOSS","M","M","?","?","M","E","R","E","T","E","?","?","R","M","R","BOSS","BOSS","R","$","E","BOSS"],"build_version":"2019-01-23","purchased_purges":2,"victory":true,"max_hp_per_floor":[66,66,66,66,66,66,66,66,66,66,66,66,66,66,66,66,66,66,66,66,66,66,66,66,66,66,66,66,66,66,66,66,66,66,66,66,66,66,66,66,66,66,66,66,66,63,63,63,63,63,63,63,63,63,63,63],"card_choices":[{"not_picked":["Venomology","Doppelganger"],"picked":"Grand Finale","floor":0.0},{"not_picked":["Riddle With Holes","Crippling Poison","Flying Knee"],"picked":"SKIP","floor":1.0},{"not_picked":["Prepared","Footwork"],"picked":"Backflip","floor":2.0},{"not_picked":["Deflect","Eviscerate"],"picked":"Acrobatics","floor":5.0},{"not_picked":["Slice","Phantasmal Killer","PiercingWail"],"picked":"SKIP","floor":7.0},{"not_picked":["Acrobatics","Poisoned Stab"],"picked":"Calculated Gamble","floor":11.0},{"not_picked":["Blade Dance","Heel Hook","Distraction"],"picked":"SKIP","floor":12.0},{"not_picked":["Backflip","Cloak And Dagger","Distraction"],"picked":"SKIP","floor":13.0},{"not_picked":["Dagger Spray","Noxious Fumes","Cloak And Dagger"],"picked":"SKIP","floor":14.0},{"not_picked":["Prepared","Endless Agony+1","Accuracy"],"picked":"SKIP","floor":18.0},{"not_picked":["PiercingWail","Predator","Dagger Throw"],"picked":"SKIP","floor":21.0},{"not_picked":["Choke","Dash+1","Terror"],"picked":"SKIP","floor":22.0},{"not_picked":["Deadly Poison","Die Die Die","Dodge and Roll"],"picked":"SKIP","floor":24.0},{"not_picked":["PiercingWail+1","Cloak And Dagger","Malaise"],"picked":"SKIP","floor":27.0},{"not_picked":["All Out Attack","Dash+1","Flying Knee"],"picked":"SKIP","floor":29.0},{"not_picked":["Dagger Spray","PiercingWail","Bane"],"picked":"SKIP","floor":30.0},{"not_picked":["Bludgeon","Transmutation"],"picked":"Echo Form","floor":33.0},{"not_picked":["Dagger Throw","Wild Strike","Good Instincts+1"],"picked":"SKIP","floor":35.0},{"not_picked":["Ball Lightning","Thunderclap+1"],"picked":"True Grit","floor":36.0},{"not_picked":["Shockwave","Outmaneuver","Dagger Throw"],"picked":"SKIP","floor":39.0},{"not_picked":["Rebound","Gash+1","Redo+1"],"picked":"SKIP","floor":40.0},{"not_picked":["Dagger Spray+1","Quick Slash+1","Blade Dance"],"picked":"SKIP","floor":42.0},{"not_picked":["Havoc","Good Instincts","Cleave+1"],"picked":"SKIP","floor":44},{"not_picked":["Leap","Bludgeon"],"picked":"Chaos+1","floor":48},{"not_picked":["Armaments","Enlightenment"],"picked":"Shrug It Off+1","floor":55}],"player_experience":2773186,"relics_obtained":[{"floor":7.0,"key":"Ninja Scroll"},{"floor":12.0,"key":"Tough Bandages"},{"floor":24.0,"key":"Ornamental Fan"},{"floor":26.0,"key":"Turnip"},{"floor":27.0,"key":"Vajra"},{"floor":29.0,"key":"Paper Crane"},{"floor":40.0,"key":"Peace Pipe"},{"floor":42.0,"key":"Juzu Bracelet"},{"floor":44,"key":"Dream Catcher"},{"floor":55,"key":"Whetstone"}],"event_choices":[{"damage_healed":0.0,"max_hp_gain":0.0,"max_hp_loss":0.0,"gold_gain":0.0,"event_name":"Lab","player_choice":"Got Potions","floor":4.0,"gold_loss":0.0,"damage_taken":0.0},{"damage_healed":0.0,"max_hp_gain":0.0,"max_hp_loss":0.0,"gold_gain":0.0,"event_name":"Vampires","player_choice":"Ignored","floor":19.0,"gold_loss":0.0,"damage_taken":0.0},{"damage_healed":0.0,"max_hp_gain":0.0,"max_hp_loss":0.0,"gold_gain":0.0,"event_name":"Match and Keep!","player_choice":"2 cards matched","floor":20.0,"gold_loss":0.0,"damage_taken":0.0,"cards_obtained":["Well Laid Plans","Acrobatics"]},{"damage_healed":0.0,"max_hp_gain":0.0,"max_hp_loss":0.0,"gold_gain":0.0,"event_name":"MindBloom","player_choice":"Upgrade","floor":37.0,"gold_loss":0.0,"damage_taken":0.0,"cards_upgraded":["Defend_G","Defend_G","Defend_G","Defend_G","Defend_G","Strike_G","Strike_G","Strike_G","Strike_G","Survivor","Neutralize","Backflip","Echo Form","True Grit"],"relics_obtained":["Mark of the Bloom"]},{"damage_healed":0.0,"max_hp_gain":0.0,"max_hp_loss":0.0,"gold_gain":0.0,"event_name":"Mysterious Sphere","player_choice":"Ignored","floor":38.0,"gold_loss":0.0,"damage_taken":0.0},{"damage_healed":0,"gold_gain":0,"player_choice":"Ignored","damage_taken":0,"max_hp_gain":0,"max_hp_loss":0,"event_name":"Tomb of Lord Red Mask","floor":45,"gold_loss":0},{"damage_healed":0,"gold_gain":0,"player_choice":"Max HP","damage_taken":0,"max_hp_gain":0,"max_hp_loss":3,"event_name":"Winding Halls","floor":46,"gold_loss":0}],"is_beta":false,"boss_relics":[{"not_picked":["Calling Bell","Snecko Eye"],"picked":"Philosopher\u0027s Stone"},{"not_picked":["Orrery","Eternal Feather"],"picked":"Cursed Key"}],"items_purged_floors":[8,54],"is_endless":false,"potions_floor_spawned":[1,2,13,21,30,40,42,48],"ascension_level":20}