{"gold_per_floor":[118,130,51,69,69,101,101,44,93,18,18,52,72,99,99,99],"floor_reached":16,"playtime":649,"items_purged":[],"score":286,"play_id":"06af69f4-49e1-4b98-9bce-da4cc3246926","local_time":"20190508030951","is_ascension_mode":true,"campfire_choices":[{"data":"Dualcast","floor":7.0,"key":"SMITH"},{"data":"Coolheaded","floor":11.0,"key":"SMITH"},{"data":"Recycle","floor":15,"key":"SMITH"}],"neow_cost":"NONE","seed_source_timestamp":56568312502565,"circlet_count":0,"master_deck":["AscendersBane","Strike_B","Strike_B","Strike_B","Defend_B","Defend_B","Defend_B","Defend_B","Zap","Dualcast+1","Cold Snap","Streamline+1","Recycle+1","Heatsinks","Coolheaded+1","Undo","Glacier","Go for the Eyes+1"],"special_seed":0,"relics":["Eternal Feather","Pen Nib","Molten Egg 2","Emotion Chip"],"potions_floor_usage":[14,16],"damage_taken":[{"damage":5.0,"enemies":"2 Louse","floor":1.0,"turns":3.0},{"damage":0.0,"enemies":"Jaw Worm","floor":2.0,"turns":5.0},{"damage":2.0,"enemies":"Small Slimes","floor":4.0,"turns":3.0},{"damage":48.0,"enemies":"Gremlin Nob","floor":6.0,"turns":6.0},{"damage":15.0,"enemies":"3 Sentries","floor":12.0,"turns":8.0},{"damage":11.0,"enemies":"Looter","floor":13.0,"turns":4.0},{"damage":0,"enemies":"Lagavulin","floor":14,"turns":11},{"damage":11,"enemies":"Hexaghost","floor":16,"turns":14}],"seed_played":"2911362634652951388","potions_obtained":[{"floor":4.0,"key":"Fire Potion"},{"floor":6.0,"key":"Weak Potion"},{"floor":14,"key":"GamblersBrew"}],"is_trial":false,"path_per_floor":["M","M","$","M","?","E","R","$","T","?","R","E","M","E","R","B"],"character_chosen":"DEFECT","items_purchased":["Recycle","Coolheaded"],"campfire_rested":0,"item_purchase_floors":[3,8],"current_hp_per_floor":[59,59,59,57,57,9,18,18,18,18,27,12,1,1,10,0],"gold":99,"neow_bonus":"BOSS_RELIC","is_prod":false,"is_daily":false,"chose_seed":false,"campfire_upgraded":3,"win_rate":0,"timestamp":1557256191,"path_taken":["M","M","$","M","?","E","R","$","T","?","R","E","M","E","R","BOSS"],"build_version":"2019-01-23","purchased_purges":0,"victory":false,"max_hp_per_floor":[71,71,71,71,71,71,71,71,71,71,71,71,71,71,71,71],"card_choices":[{"not_picked":["Compile Driver","Fusion"],"picked":"Cold Snap","floor":1.0},{"not_picked":["Barrage","Turbo"],"picked":"Streamline","floor":2.0},{"not_picked":["Reprogram","Barrage","Rebound"],"picked":"SKIP","floor":4.0},{"not_picked":["Reprogram","Barrage","Rebound"],"picked":"SKIP","floor":4.0},{"not_picked":["Multi-Cast","Barrage"],"picked":"Heatsinks","floor":6.0},{"not_picked":["Chill","Steam Power"],"picked":"Undo","floor":12.0},{"not_picked":["Consume","Steam"],"picked":"Glacier","floor":13.0},{"not_picked":["Loop","Hologram"],"picked":"Go for the Eyes+1","floor":14}],"player_experience":4647286,"relics_obtained":[{"floor":6.0,"key":"Pen Nib"},{"floor":12.0,"key":"Molten Egg 2"},{"floor":14,"key":"Emotion Chip"}],"event_choices":[{"damage_healed":0.0,"max_hp_gain":0.0,"max_hp_loss":0.0,"gold_gain":0.0,"event_name":"Living Wall","player_choice":"Grow","floor":5.0,"gold_loss":0.0,"damage_taken":0.0,"cards_upgraded":["Streamline"]},{"cards_removed":["Strike_B"],"damage_healed":0.0,"max_hp_gain":0.0,"max_hp_loss":0.0,"gold_gain":0.0,"event_name":"The Cleric","player_choice":"Card Removal","floor":10.0,"gold_loss":75.0,"damage_taken":0.0}],"is_beta":false,"boss_relics":[],"items_purged_floors":[],"is_endless":false,"potions_floor_spawned":[4,6,14],"killed_by":"Hexaghost","ascension_level":20}