{"gold_per_floor":[116,129,129,54,69,69,95,95,95,110,140,140,140,183,183,273,273,289,303,303,83,83,83,117,117,117,117,161,161,174,195,195,288,288,304,304,322,272,4,43,43,43,43,77,410,410,428,456,456,456,456,456,456,65,90,90],"floor_reached":57,"playtime":2430,"items_purged":["Strike_G","Strike_G","Strike_G","Strike_G"],"score":3009,"play_id":"0560e830-b8d6-4e47-a02c-a10fea1ad436","local_time":"20190416173759","is_ascension_mode":true,"campfire_choices":[{"data":"Acrobatics","floor":6.0,"key":"SMITH"},{"data":"Acrobatics","floor":8.0,"key":"SMITH"},{"data":"Flechettes","floor":15.0,"key":"SMITH"},{"data":"Terror","floor":23.0,"key":"SMITH"},{"data":"Neutralize","floor":25.0,"key":"SMITH"},{"floor":27.0,"key":"RECALL"},{"data":"Survivor","floor":29.0,"key":"SMITH"},{"data":"Defend_G","floor":32.0,"key":"SMITH"},{"data":"Grand Finale","floor":42.0,"key":"SMITH"},{"data":"Wraith Form v2","floor":46.0,"key":"SMITH"},{"data":"Defend_G","floor":49.0,"key":"SMITH"},{"data":"Defend_G","floor":53.0,"key":"SMITH"}],"neow_cost":"TEN_PERCENT_HP_LOSS","seed_source_timestamp":42751748373466,"circlet_count":0,"master_deck":["AscendersBane","Defend_G+1","Defend_G","Defend_G+1","Defend_G+1","Strike_G","Survivor+1","Neutralize+1","Glass Knife+1","Tactician+1","Acrobatics+1","Acrobatics+1","Flechettes+1","Terror+1","Backflip+1","Grand Finale+1","Wraith Form v2+1","Well Laid Plans"],"special_seed":0,"relics":["Ring of the Snake","Meat on the Bone","Blood Vial","Pen Nib","Letter Opener","Coffee Dripper","Medical Kit","Nilry\u0027s Codex","Smiling Mask","Ornamental Fan","FossilizedHelix","Sozu","FaceOfCleric","ClockworkSouvenir","Happy Flower","Orichalcum","Incense Burner","Membership Card","Vajra","Sundial"],"potions_floor_usage":[56],"damage_taken":[{"damage":1.0,"enemies":"Jaw Worm","floor":1.0,"turns":4.0},{"damage":0.0,"enemies":"2 Louse","floor":2.0,"turns":3.0},{"damage":0.0,"enemies":"Small Slimes","floor":5.0,"turns":3.0},{"damage":30.0,"enemies":"Gremlin Nob","floor":7.0,"turns":4.0},{"damage":0.0,"enemies":"Blue Slaver","floor":10.0,"turns":1.0},{"damage":2.0,"enemies":"Lagavulin","floor":11.0,"turns":5.0},{"damage":14.0,"enemies":"Gremlin Nob","floor":14.0,"turns":3.0},{"damage":27.0,"enemies":"Slime Boss","floor":16.0,"turns":8.0},{"damage":6.0,"enemies":"2 Thieves","floor":18.0,"turns":3.0},{"damage":2.0,"enemies":"3 Byrds","floor":19.0,"turns":4.0},{"damage":12.0,"enemies":"Slavers","floor":24.0,"turns":4.0},{"damage":15.0,"enemies":"Book of Stabbing","floor":28.0,"turns":5.0},{"damage":0.0,"enemies":"Snecko","floor":30.0,"turns":2.0},{"damage":0.0,"enemies":"3 Cultists","floor":31.0,"turns":5.0},{"damage":12.0,"enemies":"Automaton","floor":33.0,"turns":10.0},{"damage":0.0,"enemies":"3 Shapes","floor":35.0,"turns":4.0},{"damage":0.0,"enemies":"3 Darklings","floor":37.0,"turns":2.0},{"damage":38.0,"enemies":"Nemesis","floor":40.0,"turns":9.0},{"damage":0.0,"enemies":"Giant Head","floor":44.0,"turns":3.0},{"damage":0.0,"enemies":"Sphere and 2 Shapes","floor":47.0,"turns":2.0},{"damage":10.0,"enemies":"Nemesis","floor":48.0,"turns":5.0},{"damage":0.0,"enemies":"Awakened One","floor":50.0,"turns":13.0},{"damage":35.0,"enemies":"Donu and Deca","floor":51.0,"turns":12.0},{"damage":0,"enemies":"Shield and Spear","floor":55,"turns":3},{"damage":1,"enemies":"The Heart","floor":56,"turns":10}],"seed_played":"-3971816051460346553","potions_obtained":[{"floor":1.0,"key":"GhostInAJar"},{"floor":2.0,"key":"SteroidPotion"},{"floor":16.0,"key":"Explosive Potion"},{"floor":19.0,"key":"EssenceOfSteel"},{"floor":30.0,"key":"SteroidPotion"}],"is_trial":false,"path_per_floor":["M","M","?","$","M","R","E","R","T","M","E","?","?","E","R","B",null,"M","M","?","$","?","R","E","R","T","R","E","R","M","M","R","B",null,"M","?","M","$","$","E","?","R","T","E","?","R","M","E","R","B","B",null,"R","$","E","B",null],"character_chosen":"THE_SILENT","items_purchased":["Medical Kit","ClockworkSouvenir","Membership Card","Well Laid Plans","Vajra"],"campfire_rested":0,"item_purchase_floors":[21,39,54,54,54],"current_hp_per_floor":[58,58,40,40,40,40,10,10,10,24,36,36,36,36,36,23,46,42,42,42,42,21,21,23,23,23,23,22,22,36,38,38,28,48,50,50,53,53,53,30,30,30,30,33,33,33,36,41,41,44,24,52,52,52,55,57],"gold":90,"neow_bonus":"THREE_RARE_CARDS","is_prod":false,"is_daily":false,"chose_seed":false,"campfire_upgraded":11,"win_rate":0,"timestamp":1555407479,"path_taken":["M","M","?","$","M","R","E","R","T","M","E","?","?","E","R","BOSS","M","M","?","$","?","R","E","R","T","R","E","R","M","M","R","BOSS","M","?","M","?","$","E","?","R","T","E","?","R","M","E","R","BOSS","BOSS","R","$","E","BOSS"],"build_version":"2019-01-23","purchased_purges":4,"victory":true,"max_hp_per_floor":[60,60,60,60,60,60,60,60,60,60,60,60,54,54,54,54,54,54,54,54,54,54,54,54,54,54,54,54,54,54,54,54,54,54,54,54,55,55,55,56,56,56,56,57,57,57,58,59,59,60,61,61,61,61,62,63],"card_choices":[{"not_picked":["Bullet Time","Wraith Form v2"],"picked":"Glass Knife","floor":0.0},{"not_picked":["Blade Dance","Backstab"],"picked":"Tactician","floor":1.0},{"not_picked":["Tactician","Slice"],"picked":"Acrobatics","floor":2.0},{"not_picked":["PiercingWail","Deflect"],"picked":"Acrobatics","floor":5.0},{"not_picked":["Backstab","Endless Agony"],"picked":"Flechettes","floor":7.0},{"not_picked":["Underhanded Strike","Prepared"],"picked":"Terror","floor":10.0},{"not_picked":["Reflex","Poisoned Stab","Quick Slash"],"picked":"SKIP","floor":11.0},{"not_picked":["Underhanded Strike","Slice","Dodge and Roll"],"picked":"SKIP","floor":14.0},{"not_picked":["Slice","Bouncing Flask","Sucker Punch"],"picked":"SKIP","floor":18.0},{"not_picked":["Poisoned Stab+1","Dodge and Roll","Sucker Punch"],"picked":"SKIP","floor":19.0},{"not_picked":["Distraction","Prepared","Masterful Stab"],"picked":"SKIP","floor":24.0},{"not_picked":["Blade Dance","Expertise","Masterful Stab"],"picked":"SKIP","floor":28.0},{"not_picked":["Distraction","Noxious Fumes"],"picked":"Backflip+1","floor":30.0},{"not_picked":["Sucker Punch","Dodge and Roll","Quick Slash+1"],"picked":"SKIP","floor":31.0},{"not_picked":["Tools of the Trade","Adrenaline"],"picked":"Grand Finale","floor":33.0},{"not_picked":["Dagger Spray","Sucker Punch","Concentrate"],"picked":"SKIP","floor":35.0},{"not_picked":["Infinite Blades","Poisoned Stab","Blade Dance"],"picked":"SKIP","floor":37.0},{"not_picked":["Bane","Backstab","Setup+1"],"picked":"SKIP","floor":40.0},{"not_picked":["Dagger Spray+1","Predator+1"],"picked":"Wraith Form v2","floor":44.0},{"not_picked":["Prepared","Crippling Poison","Flying Knee"],"picked":"SKIP","floor":47.0},{"not_picked":["Deadly Poison","Dodge and Roll+1","Flechettes"],"picked":"SKIP","floor":48.0},{"not_picked":["Sucker Punch","PiercingWail","Unload"],"picked":"SKIP","floor":55}],"player_experience":4325892,"relics_obtained":[{"floor":7.0,"key":"Meat on the Bone"},{"floor":9.0,"key":"Blood Vial"},{"floor":11.0,"key":"Pen Nib"},{"floor":14.0,"key":"Letter Opener"},{"floor":22.0,"key":"Nilry\u0027s Codex"},{"floor":24.0,"key":"Smiling Mask"},{"floor":26.0,"key":"Ornamental Fan"},{"floor":28.0,"key":"FossilizedHelix"},{"floor":40.0,"key":"Happy Flower"},{"floor":44.0,"key":"Orichalcum"},{"floor":48.0,"key":"Incense Burner"},{"floor":55,"key":"Sundial"}],"event_choices":[{"damage_healed":0.0,"max_hp_gain":0.0,"max_hp_loss":0.0,"gold_gain":0.0,"event_name":"Shining Light","player_choice":"Entered Light","floor":3.0,"gold_loss":0.0,"damage_taken":18.0,"cards_upgraded":["Tactician","Glass Knife"]},{"damage_healed":0.0,"max_hp_gain":0.0,"max_hp_loss":0.0,"gold_gain":0.0,"event_name":"Liars Game","player_choice":"Ignored","floor":12.0,"gold_loss":0.0,"damage_taken":0.0},{"damage_healed":0.0,"max_hp_gain":0.0,"max_hp_loss":6.0,"gold_gain":0.0,"event_name":"Golden Idol","player_choice":"Lose Max HP","floor":13.0,"gold_loss":0.0,"damage_taken":0.0,"relics_obtained":["Golden Idol"]},{"damage_healed":0.0,"max_hp_gain":0.0,"max_hp_loss":0.0,"gold_gain":0.0,"event_name":"Ghosts","player_choice":"Ignored","floor":20.0,"gold_loss":0.0,"damage_taken":0.0},{"damage_healed":0.0,"max_hp_gain":0.0,"max_hp_loss":0.0,"gold_gain":0.0,"event_name":"Cursed Tome","player_choice":"Obtained Book","floor":22.0,"gold_loss":0.0,"damage_taken":21.0},{"damage_healed":0.0,"max_hp_gain":0.0,"max_hp_loss":0.0,"gold_gain":0.0,"event_name":"FaceTrader","player_choice":"Trade","floor":36.0,"gold_loss":0.0,"damage_taken":0.0,"relics_obtained":["FaceOfCleric"]},{"cards_removed":["Defend_G"],"damage_healed":0.0,"max_hp_gain":0.0,"max_hp_loss":0.0,"gold_gain":0.0,"event_name":"Falling","player_choice":"Removed Skill","floor":41.0,"gold_loss":0.0,"damage_taken":0.0},{"damage_healed":0.0,"max_hp_gain":0.0,"max_hp_loss":0.0,"gold_gain":333.0,"event_name":"The Moai Head","player_choice":"Gave Idol","floor":45.0,"relics_lost":["Golden Idol"],"gold_loss":0.0,"damage_taken":0.0}],"is_beta":false,"boss_relics":[{"not_picked":["Runic Dome","Snecko Eye"],"picked":"Coffee Dripper"},{"not_picked":["White Beast Statue","WristBlade"],"picked":"Sozu"}],"items_purged_floors":[4,38,39,54],"is_endless":false,"potions_floor_spawned":[1,2,16,19,30,33,35,44,55],"ascension_level":20}