{"path_per_floor":["M","M","M","?","$","E","M","R","T","?","M","M","M","M","R","B",null,"M","M","M","M","?","E","T","M","T","?","M","$","R","M","R","B",null,"M","M","?","?","M","$","M","M","T","R","M","R","E","M","R","B"],"character_chosen":"IRONCLAD","items_purchased":["True Grit","Bottled Tornado","Shuriken","Ancient Tea Set"],"gold_per_floor":[114,129,144,144,118,148,163,163,163,163,208,223,238,253,253,353,353,368,383,398,413,413,443,468,483,533,533,548,298,298,313,313,413,413,428,443,443,443,458,58,73,88,88,88,103,103,133,148,148,148],"floor_reached":51,"campfire_rested":0,"playtime":1722,"item_purchase_floors":[5,29,40,40],"current_hp_per_floor":[80,83,83,66,66,67,65,65,65,62,73,73,77,85,85,89,89,71,62,64,57,57,75,75,82,82,66,74,74,74,101,101,111,111,111,111,111,97,112,112,116,120,130,130,145,145,145,149,149,149],"items_purged":[],"gold":148,"score":1134,"play_id":"93df20aa-c344-4665-b0a6-79ca631cb799","local_time":"20180530123359","daily_mods":["Shiny","Uncertain Future","Vintage"],"is_prod":false,"is_daily":true,"chose_seed":false,"is_ascension_mode":false,"campfire_upgraded":7,"win_rate":0,"timestamp":1527654839,"campfire_choices":[{"data":"True Grit","floor":8,"key":"SMITH"},{"data":"Feed","floor":15,"key":"SMITH"},{"data":"Dark Embrace","floor":30,"key":"SMITH"},{"data":"Exhume","floor":32,"key":"SMITH"},{"data":"Offering","floor":44,"key":"SMITH"},{"data":"Juggernaut","floor":46,"key":"SMITH"},{"data":"Impervious","floor":49,"key":"SMITH"}],"path_taken":["M","M","M","?","$","E","?","R","T","?","M","M","M","M","R","BOSS","M","M","M","M","?","E","?","M","T","?","M","$","R","M","R","BOSS","M","M","?","?","M","$","M","M","T","R","?","R","E","M","R","BOSS"],"build_version":"2018-05-28","seed_source_timestamp":0,"purchased_purges":0,"victory":true,"master_deck":["Double Tap+1","Demon Form+1","Bludgeon+1","Feed+1","Limit Break+1","Barricade","Fiend Fire+1","Dark Embrace+1","Berserk","Impervious+1","Juggernaut+1","Brutality","Reaper","Exhume+1","Offering+1","Immolate+1","True Grit+1","Limit Break+1","Infernal Blade+1","Necronomicurse","Madness+1","Madness+1","Inflame+1"],"max_hp_per_floor":[80,83,83,83,83,83,83,83,83,83,86,89,89,89,89,89,89,93,97,97,105,105,109,109,109,109,109,109,109,109,109,109,111,111,111,111,111,111,116,116,116,120,130,130,145,145,145,149,149,149],"relics":["Burning Blood","War Paint","Bronze Scales","Paper Frog","Toxic Egg 2","Self Forming Clay","Prayer Wheel","Pantograph","Tiny Chest","Blood Vial","Lantern","Sundial","Bottled Flame","Philosopher\u0027s Stone","Singing Bowl","Matryoshka","Happy Flower","Mummified Hand","Molten Egg 2","Dead Branch","Meat on the Bone","Regal Pillow","Dream Catcher","Vajra","Bag of Preparation","Necronomicon","Omamori","Bottled Tornado","Question Card","Mercury Hourglass","White Beast Statue","Orichalcum","Centennial Puzzle","Bag of Marbles","Shuriken","Ancient Tea Set","Toolbox","Whetstone","Pear","Strawberry","Du-Vu Doll","Ice Cream"],"card_choices":[{"not_picked":["Anger","Perfected Strike","Body Slam"],"picked":"SKIP","floor":6},{"not_picked":["Berserk","Impervious+1"],"picked":"Limit Break+1","floor":16},{"not_picked":["Blood for Blood+1","Heavy Blade+1"],"picked":"Infernal Blade+1","floor":23},{"not_picked":["Demon Form","Impervious+1","Feed+1","Bludgeon+1"],"picked":"Singing Bowl","floor":33},{"not_picked":["Cleave+1","True Grit+1","Clash+1"],"picked":"Inflame+1","floor":47}],"player_experience":511580,"potions_floor_usage":[6,20,23,23,39,50],"damage_taken":[{"damage":0,"enemies":"2 Louse","floor":1,"turns":1},{"damage":0,"enemies":"Small Slimes","floor":2,"turns":2},{"damage":0,"enemies":"Cultist","floor":3,"turns":2},{"damage":5,"enemies":"Gremlin Nob","floor":6,"turns":3},{"damage":8,"enemies":"Blue Slaver","floor":7,"turns":2},{"damage":2,"enemies":"Exordium Wildlife","floor":11,"turns":3},{"damage":26,"enemies":"Gremlin Gang","floor":12,"turns":3},{"damage":4,"enemies":"Blue Slaver","floor":13,"turns":1},{"damage":0,"enemies":"Red Slaver","floor":14,"turns":1},{"damage":5,"enemies":"Slime Boss","floor":16,"turns":4},{"damage":28,"enemies":"2 Thieves","floor":18,"turns":4},{"damage":21,"enemies":"Shell Parasite","floor":19,"turns":2},{"damage":10,"enemies":"Snake Plant","floor":20,"turns":2},{"damage":23,"enemies":"3 Cultists","floor":21,"turns":4},{"damage":6,"enemies":"Gremlin Leader","floor":23,"turns":3},{"damage":4,"enemies":"Cultist and Chosen","floor":25,"turns":3},{"damage":0,"enemies":"Sentry and Sphere","floor":28,"turns":2},{"damage":5,"enemies":"Centurion and Healer","floor":31,"turns":2},{"damage":4,"enemies":"Automaton","floor":33,"turns":1},{"damage":0,"enemies":"Orb Walker","floor":35,"turns":2},{"damage":4,"enemies":"Flame Bruiser 1 Orb","floor":36,"turns":2},{"damage":4,"enemies":"Spire Growth","floor":39,"turns":1},{"damage":4,"enemies":"3 Darklings","floor":41,"turns":1},{"damage":0,"enemies":"Sphere and 2 Shapes","floor":42,"turns":1},{"damage":4,"enemies":"4 Shapes","floor":45,"turns":1},{"damage":4,"enemies":"2 Orb Walkers","floor":47,"turns":1},{"damage":0,"enemies":"Spire Growth","floor":48,"turns":1},{"damage":4,"enemies":"Donu and Deca","floor":50,"turns":2}],"relics_obtained":[{"floor":1,"key":"War Paint"},{"floor":2,"key":"Bronze Scales"},{"floor":3,"key":"Paper Frog"},{"floor":6,"key":"Toxic Egg 2"},{"floor":7,"key":"Self Forming Clay"},{"floor":9,"key":"Prayer Wheel"},{"floor":11,"key":"Tiny Chest"},{"floor":12,"key":"Blood Vial"},{"floor":13,"key":"Lantern"},{"floor":14,"key":"Sundial"},{"floor":16,"key":"Bottled Flame"},{"floor":18,"key":"Singing Bowl"},{"floor":19,"key":"Matryoshka"},{"floor":20,"key":"Happy Flower"},{"floor":21,"key":"Mummified Hand"},{"floor":23,"key":"Dead Branch"},{"floor":24,"key":"Meat on the Bone"},{"floor":24,"key":"Regal Pillow"},{"floor":25,"key":"Dream Catcher"},{"floor":26,"key":"Vajra"},{"floor":26,"key":"Bag of Preparation"},{"floor":27,"key":"Necronomicon"},{"floor":28,"key":"Omamori"},{"floor":31,"key":"Question Card"},{"floor":33,"key":"Mercury Hourglass"},{"floor":35,"key":"Orichalcum"},{"floor":36,"key":"Centennial Puzzle"},{"floor":39,"key":"Bag of Marbles"},{"floor":41,"key":"Toolbox"},{"floor":42,"key":"Whetstone"},{"floor":43,"key":"Pear"},{"floor":45,"key":"Strawberry"},{"floor":47,"key":"Du-Vu Doll"},{"floor":48,"key":"Ice Cream"}],"event_choices":[{"event_name":"Shining Light","player_choice":"Entered Light","floor":4,"damage_taken":0},{"event_name":"Scrap Ooze","player_choice":"success","floor":10,"damage_taken":3},{"event_name":"Wheel of Change","player_choice":"Relic","floor":22,"damage_taken":0},{"event_name":"Cursed Tome","player_choice":"Obtained Book","floor":27,"damage_taken":0},{"event_name":"Tomb of Lord Red Mask","player_choice":"Ignored","floor":37,"damage_taken":0},{"event_name":"Winding Halls","player_choice":"Embrace Madness","floor":38,"damage_taken":0}],"boss_relics":[{"not_picked":["Black Blood","Runic Cube"],"picked":"Philosopher\u0027s Stone"},{"not_picked":["Eternal Feather","Runic Pyramid"],"picked":"White Beast Statue"}],"items_purged_floors":[],"potions_floor_spawned":[3,7,12,14,16,18,19,21,33,35,36,39,41,42,45,47,48],"seed_played":"-522671777961550399","ascension_level":0,"potions_obtained":[{"floor":3,"key":"SkillPotion"},{"floor":7,"key":"EssenceOfSteel"},{"floor":12,"key":"SneckoOil"},{"floor":14,"key":"Fire Potion"},{"floor":16,"key":"LiquidBronze"},{"floor":18,"key":"Block Potion"},{"floor":21,"key":"PowerPotion"},{"floor":33,"key":"Explosive Potion"},{"floor":35,"key":"FearPotion"},{"floor":36,"key":"Fruit Juice"},{"floor":39,"key":"BloodPotion"}],"is_trial":false}