{"gold_per_floor":[119,119,143,158,178,178,207,207,278,278,293,306,6,56,56,133,133,148,63,63,63,83,83,83,112,194,194,210,221,92,120,120,120],"floor_reached":33,"playtime":1069,"items_purged":["Strike_B","Pain"],"score":766,"play_id":"99243d0f-7ea4-4d28-9096-58da27fee9bd","local_time":"20190223013051","is_ascension_mode":true,"campfire_choices":[{"data":"Zap","floor":6.0,"key":"SMITH"},{"data":"Go for the Eyes","floor":10.0,"key":"SMITH"},{"data":"Coolheaded","floor":15.0,"key":"SMITH"},{"data":"Dualcast","floor":23.0,"key":"SMITH"},{"data":"White Noise","floor":27,"key":"SMITH"},{"data":"Skim","floor":32,"key":"SMITH"}],"neow_cost":"NONE","seed_source_timestamp":451467075314526,"circlet_count":0,"master_deck":["AscendersBane","Defend_B","Defend_B","Defend_B","Zap+1","Dualcast+1","Glacier+1","Go for the Eyes+1","Steam","White Noise+1","Self Repair+1","Stack","Skim+1","Coolheaded+1","Defragment+1","Cold Snap","All For One","Compile Driver+1","Double Energy+1","Meteor Strike+1","Stack+1","Double Energy+1","Steam Power+1","Coolheaded+1","Turbo+1","Hologram+1"],"special_seed":0,"relics":["Cracked Core","NeowsBlessing","Vajra","Frozen Egg 2","Sundial","Symbiotic Virus","PreservedInsect","Astrolabe","Toxic Egg 2","WarpedTongs","Orichalcum","Gremlin Horn"],"potions_floor_usage":[31],"damage_taken":[{"damage":0.0,"enemies":"Jaw Worm","floor":1.0,"turns":1.0},{"damage":0.0,"enemies":"Cultist","floor":4.0,"turns":1.0},{"damage":0.0,"enemies":"2 Louse","floor":5.0,"turns":1.0},{"damage":29.0,"enemies":"3 Sentries","floor":7.0,"turns":9.0},{"damage":0.0,"enemies":"Blue Slaver","floor":11.0,"turns":2.0},{"damage":8.0,"enemies":"Large Slime","floor":12.0,"turns":5.0},{"damage":0.0,"enemies":"Hexaghost","floor":16.0,"turns":8.0},{"damage":7.0,"enemies":"Spheric Guardian","floor":18.0,"turns":4.0},{"damage":19.0,"enemies":"Shell Parasite","floor":22.0,"turns":7.0},{"damage":24,"enemies":"Gremlin Leader","floor":25,"turns":5},{"damage":7,"enemies":"3 Cultists","floor":28,"turns":5},{"damage":14,"enemies":"Sentry and Sphere","floor":29,"turns":7},{"damage":0,"enemies":"Slavers","floor":31,"turns":4},{"damage":55,"enemies":"Champ","floor":33,"turns":8}],"seed_played":"-2058206029301791584","potions_obtained":[{"floor":1.0,"key":"Poison Potion"},{"floor":7.0,"key":"FocusPotion"},{"floor":12.0,"key":"AttackPotion"},{"floor":25,"key":"Energy Potion"},{"floor":28,"key":"Poison Potion"}],"is_trial":false,"path_per_floor":["M","?","T","M","M","R","E","T","T","R","M","M","$","T","R","B",null,"M","?","?","?","M","R","?","E","T","R","M","M","$","E","R","B"],"character_chosen":"DEFECT","items_purchased":["Skim","Coolheaded","Defragment+1","Cold Snap","Turbo+1"],"campfire_rested":0,"item_purchase_floors":[13,13,13,13,30],"current_hp_per_floor":[64,43,43,43,43,43,14,14,14,14,14,16,16,16,16,26,60,53,53,53,53,44,44,44,30,30,30,33,29,29,39,39,0],"gold":120,"neow_bonus":"THREE_ENEMY_KILL","is_prod":false,"is_daily":false,"chose_seed":false,"campfire_upgraded":6,"win_rate":0,"timestamp":1550856651,"path_taken":["M","?","?","?","M","R","E","?","T","R","?","M","$","?","R","BOSS","M","?","?","?","?","R","?","E","T","R","M","M","?","E","R","BOSS"],"build_version":"2019-01-23","purchased_purges":2,"victory":false,"max_hp_per_floor":[71,71,71,71,71,71,71,71,71,71,71,71,71,71,71,71,71,71,71,71,71,71,71,71,71,71,71,71,71,71,71,71,71],"card_choices":[{"not_picked":["Recycle","Beam Cell"],"picked":"Glacier","floor":1.0},{"not_picked":["Rebound","Leap"],"picked":"Go for the Eyes","floor":4.0},{"not_picked":["Rebound","Beam Cell"],"picked":"Steam","floor":5.0},{"not_picked":["Beam Cell","White Noise","Genetic Algorithm"],"picked":"SKIP","floor":7.0},{"not_picked":["Beam Cell","Genetic Algorithm"],"picked":"White Noise","floor":7.0},{"not_picked":["Redo","Ball Lightning"],"picked":"Self Repair+1","floor":11.0},{"not_picked":["Conserve Battery","Gash"],"picked":"Stack","floor":12.0},{"not_picked":["Multi-Cast","Hyperbeam"],"picked":"All For One","floor":16.0},{"not_picked":["Hello World+1","Self Repair+1","Ball Lightning"],"picked":"SKIP","floor":18.0},{"not_picked":["Gash+1","Sweeping Beam+1"],"picked":"Stack+1","floor":22.0},{"not_picked":["Beam Cell","Streamline"],"picked":"Double Energy+1","floor":25},{"not_picked":["Barrage","Steam+1","Steam Power+1"],"picked":"SKIP","floor":28},{"not_picked":["Barrage","Steam+1"],"picked":"Steam Power+1","floor":28},{"not_picked":["Beam Cell","Barrage+1"],"picked":"Coolheaded+1","floor":29},{"not_picked":["Lockon+1","Coolheaded+1"],"picked":"Hologram+1","floor":31}],"player_experience":924100,"relics_obtained":[{"floor":3.0,"key":"Vajra"},{"floor":7.0,"key":"Frozen Egg 2"},{"floor":8.0,"key":"Sundial"},{"floor":9.0,"key":"Symbiotic Virus"},{"floor":14.0,"key":"PreservedInsect"},{"floor":25,"key":"Orichalcum"},{"floor":31,"key":"Gremlin Horn"}],"event_choices":[{"damage_healed":0.0,"max_hp_gain":0.0,"max_hp_loss":0.0,"gold_gain":0.0,"event_name":"Shining Light","player_choice":"Entered Light","floor":2.0,"gold_loss":0.0,"damage_taken":21.0,"cards_upgraded":["Strike_B","Glacier"]},{"damage_healed":0.0,"max_hp_gain":0.0,"max_hp_loss":0.0,"gold_gain":0.0,"event_name":"Addict","player_choice":"Obtained Relic","floor":19.0,"gold_loss":85.0,"damage_taken":0.0,"relics_obtained":["Toxic Egg 2"]},{"damage_healed":0.0,"max_hp_gain":0.0,"max_hp_loss":0.0,"gold_gain":0.0,"event_name":"The Mausoleum","player_choice":"Ignored","floor":20.0,"gold_loss":0.0,"damage_taken":0.0},{"cards_removed":["Strike_B"],"damage_healed":0.0,"max_hp_gain":0.0,"max_hp_loss":0.0,"gold_gain":0.0,"event_name":"Purifier","player_choice":"Purged","floor":21.0,"gold_loss":0.0,"damage_taken":0.0},{"damage_healed":0,"gold_gain":0,"player_choice":"Rummage","damage_taken":0,"relics_obtained":["WarpedTongs"],"max_hp_gain":0,"max_hp_loss":0,"event_name":"Accursed Blacksmith","floor":24,"gold_loss":0,"cards_obtained":["Pain"]}],"is_beta":false,"boss_relics":[{"not_picked":["Nuclear Battery","Coffee Dripper"],"picked":"Astrolabe"}],"items_purged_floors":[13,30],"is_endless":false,"potions_floor_spawned":[1,7,12,25,28],"killed_by":"Champ","ascension_level":20}