{"gold_per_floor":[361,361,378,303,303,303,318,297,297,197,209,0,10,28,28,104,104,123,573,423,433,433],"floor_reached":22,"playtime":922,"items_purged":["Strike_G","Strike_G","Strike_G","Strike_G"],"score":356,"play_id":"a845674e-53bc-4a37-a2d8-0dce9810d564","local_time":"20181226204904","is_ascension_mode":true,"campfire_choices":[{"data":"Neutralize","floor":6.0,"key":"SMITH"},{"data":"Noxious Fumes","floor":15.0,"key":"SMITH"}],"neow_cost":"TEN_PERCENT_HP_LOSS","seed_source_timestamp":30680490412137,"circlet_count":0,"master_deck":["AscendersBane","Defend_G","Defend_G","Defend_G","Defend_G","Strike_G","Survivor","Neutralize+1","Acrobatics","Escape Plan","Poisoned Stab","Poisoned Stab","Deadly Poison","Well Laid Plans","Noxious Fumes+1","Burst"],"special_seed":0,"relics":["Ring of the Snake","FaceOfCleric","Meat on the Bone","Eternal Feather"],"potions_floor_usage":[18,22],"damage_taken":[{"damage":4.0,"enemies":"Small Slimes","floor":1.0,"turns":6.0},{"damage":14.0,"enemies":"Cultist","floor":3.0,"turns":6.0},{"damage":6.0,"enemies":"Jaw Worm","floor":7.0,"turns":6.0},{"damage":14.0,"enemies":"Exordium Thugs","floor":8.0,"turns":4.0},{"damage":1.0,"enemies":"Blue Slaver","floor":11.0,"turns":3.0},{"damage":13.0,"enemies":"Lots of Slimes","floor":13.0,"turns":5.0},{"damage":7.0,"enemies":"Exordium Thugs","floor":14.0,"turns":5.0},{"damage":15.0,"enemies":"Hexaghost","floor":16.0,"turns":9.0},{"damage":22,"enemies":"3 Byrds","floor":18,"turns":5},{"damage":9,"enemies":"Shell Parasite","floor":21,"turns":9},{"damage":16,"enemies":"Chosen and Byrds","floor":22,"turns":5}],"seed_played":"-2941178718420823661","potions_obtained":[{"floor":7.0,"key":"SteroidPotion"},{"floor":8.0,"key":"Block Potion"},{"floor":18,"key":"FairyPotion"}],"is_trial":false,"path_per_floor":["M","?","M","$","?","R","M","M","T","$","M","$","M","M","R","B",null,"M","?","$","M","M"],"character_chosen":"THE_SILENT","items_purchased":["Well Laid Plans"],"campfire_rested":0,"item_purchase_floors":[12],"current_hp_per_floor":[55,55,42,42,42,42,37,24,24,24,36,36,36,42,42,40,60,39,3,3,17,1],"gold":433,"neow_bonus":"TWO_FIFTY_GOLD","is_prod":false,"is_daily":false,"chose_seed":false,"campfire_upgraded":2,"win_rate":0,"timestamp":1545828544,"path_taken":["M","?","?","$","?","R","M","M","T","?","M","$","M","M","R","BOSS","M","?","$","M","?"],"build_version":"2018-12-20","purchased_purges":4,"victory":false,"max_hp_per_floor":[60,60,61,61,61,61,62,63,63,63,64,64,65,66,66,67,67,68,68,68,69,69],"card_choices":[{"not_picked":["Dodge and Roll","Poisoned Stab"],"picked":"Acrobatics","floor":1.0},{"not_picked":["Poisoned Stab","Outmaneuver"],"picked":"Escape Plan","floor":3.0},{"not_picked":["Backflip","Sucker Punch"],"picked":"Poisoned Stab","floor":7.0},{"not_picked":["Outmaneuver","Cloak And Dagger"],"picked":"Poisoned Stab","floor":8.0},{"not_picked":["Crippling Poison","Slice"],"picked":"Deadly Poison","floor":11.0},{"not_picked":["Flying Knee","Escape Plan"],"picked":"Noxious Fumes","floor":13.0},{"not_picked":["Quick Slash","Bane","Flying Knee"],"picked":"SKIP","floor":14.0},{"not_picked":["Phantasmal Killer","Doppelganger"],"picked":"Burst","floor":16.0},{"not_picked":["Flechettes","Dodge and Roll","PiercingWail"],"picked":"SKIP","floor":18},{"not_picked":["Finisher","Outmaneuver","Poisoned Stab"],"picked":"SKIP","floor":21}],"player_experience":1500401,"relics_obtained":[{"floor":9.0,"key":"Meat on the Bone"}],"event_choices":[{"damage_healed":0.0,"max_hp_gain":0.0,"max_hp_loss":0.0,"gold_gain":0.0,"event_name":"FaceTrader","player_choice":"Trade","floor":2.0,"gold_loss":0.0,"damage_taken":0.0,"relics_obtained":["FaceOfCleric"]},{"cards_removed":["Defend_G"],"damage_healed":0.0,"max_hp_gain":0.0,"max_hp_loss":0.0,"gold_gain":0.0,"event_name":"Purifier","player_choice":"Purged","floor":5.0,"gold_loss":0.0,"damage_taken":0.0},{"damage_healed":0,"gold_gain":450,"player_choice":"GOLD GOLD GOLD GOLD GOLD ","damage_taken":36,"max_hp_gain":0,"max_hp_loss":0,"event_name":"Knowing Skull","floor":19,"potions_obtained":[],"gold_loss":0,"cards_obtained":[]}],"is_beta":false,"boss_relics":[{"not_picked":["Calling Bell","Ectoplasm"],"picked":"Eternal Feather"}],"items_purged_floors":[4,10,12,20],"is_endless":false,"potions_floor_spawned":[7,8,16,18],"killed_by":"Chosen and Byrds","ascension_level":20}