{"gold_per_floor":[17,34,46,63,74,74,92,92,115,33,52,81,81,113,113,213,213,224,257,257,272,291,291,320,320,320,320,332,94,94,109,109,212,212,225,225,125,135,145,172,172,217,217,217,217,217,217,92,92,92],"floor_reached":51,"playtime":1500,"items_purged":["Strike_G","All Out Attack+1","Reflex"],"score":878,"play_id":"256d4e92-0be2-429e-9e46-bee3d8ed9d45","local_time":"20181019225157","is_ascension_mode":false,"campfire_choices":[{"data":"Glass Knife","floor":6.0,"key":"SMITH"},{"data":"Deadly Poison","floor":8.0,"key":"SMITH"},{"data":"Catalyst","floor":15.0,"key":"SMITH"},{"data":"Catalyst","floor":23,"key":"SMITH"},{"data":"Noxious Fumes","floor":25,"key":"SMITH"},{"data":"Corpse Explosion","floor":28,"key":"SMITH"},{"data":"Apotheosis","floor":30,"key":"SMITH"},{"data":"Neutralize","floor":32,"key":"SMITH"},{"data":"Catalyst","floor":41,"key":"SMITH"},{"data":"Purity","floor":45,"key":"SMITH"},{"data":"Dodge and Roll","floor":46,"key":"SMITH"},{"data":"Deflect","floor":49,"key":"SMITH"}],"neow_cost":"NO_GOLD","seed_source_timestamp":13579087863938,"circlet_count":0,"master_deck":["Survivor","Neutralize+1","Glass Knife+1","Deadly Poison+1","Backflip","Noxious Fumes+1","Corpse Explosion+1","Catalyst+1","Die Die Die+1","PiercingWail+1","Catalyst+1","Deadly Poison+1","Apotheosis+1","Die Die Die+1","Slice+1","Underhanded Strike+1","Backflip","Catalyst+1","Dodge and Roll+1","Deflect+1","Cloak And Dagger+1","Leg Sweep+1","Leg Sweep+1","Footwork+1","Purity+1"],"special_seed":0,"relics":["Ring of the Snake","Ancient Tea Set","Kunai","Molten Egg 2","Bronze Scales","Runic Pyramid","Red Mask","Oddly Smooth Stone","Anchor","MawBank","Pandora\u0027s Box","WingedGreaves","Incense Burner","Whetstone"],"potions_floor_usage":[21,22,50,50,50],"damage_taken":[{"damage":0.0,"enemies":"Cultist","floor":1.0,"turns":3.0},{"damage":0.0,"enemies":"2 Louse","floor":2.0,"turns":3.0},{"damage":0.0,"enemies":"Small Slimes","floor":3.0,"turns":3.0},{"damage":6.0,"enemies":"Exordium Thugs","floor":4.0,"turns":6.0},{"damage":3.0,"enemies":"Blue Slaver","floor":5.0,"turns":4.0},{"damage":7.0,"enemies":"Gremlin Gang","floor":7.0,"turns":7.0},{"damage":0.0,"enemies":"3 Louse","floor":11.0,"turns":5.0},{"damage":3.0,"enemies":"Lagavulin","floor":12.0,"turns":5.0},{"damage":15.0,"enemies":"Gremlin Nob","floor":14.0,"turns":4.0},{"damage":20.0,"enemies":"The Guardian","floor":16.0,"turns":8.0},{"damage":0.0,"enemies":"Chosen","floor":18.0,"turns":3.0},{"damage":0,"enemies":"Masked Bandits","floor":19,"turns":2},{"damage":0,"enemies":"Spheric Guardian","floor":21,"turns":3},{"damage":0,"enemies":"Snake Plant","floor":22,"turns":4},{"damage":0,"enemies":"Gremlin Leader","floor":24,"turns":3},{"damage":0,"enemies":"Cultist and Chosen","floor":31,"turns":6},{"damage":0,"enemies":"Automaton","floor":33,"turns":6},{"damage":0,"enemies":"Orb Walker","floor":35,"turns":3},{"damage":0,"enemies":"3 Shapes","floor":38,"turns":2},{"damage":0,"enemies":"Writhing Mass","floor":39,"turns":3},{"damage":0,"enemies":"Giant Head","floor":40,"turns":6},{"damage":0,"enemies":"2 Orb Walkers","floor":42,"turns":2},{"damage":0,"enemies":"Time Eater","floor":50,"turns":3}],"seed_played":"-4998048157679526292","potions_obtained":[{"floor":5.0,"key":"Strength Potion"},{"floor":7.0,"key":"LiquidBronze"},{"floor":14.0,"key":"Poison Potion"},{"floor":19,"key":"Block Potion"},{"floor":24,"key":"Poison Potion"},{"floor":31,"key":"Poison Potion"},{"floor":39,"key":"Poison Potion"}],"is_trial":false,"path_per_floor":["M","M","M","M","M","R","M","R","T","$","M","E","T","E","R","B",null,"M","?","?","M","M","R","E","R","T","?","R","$","R","M","R","B",null,"M","?","$","M","M","E","R","?","T","?","R","R","?","$","R","B"],"character_chosen":"THE_SILENT","items_purchased":["Noxious Fumes","Apotheosis"],"campfire_rested":0,"item_purchase_floors":[10,29],"current_hp_per_floor":[70,70,70,64,61,61,54,54,54,54,54,51,51,36,36,16,70,70,70,70,70,70,70,70,70,70,70,70,70,70,70,70,70,70,70,70,70,70,70,70,70,70,70,70,70,70,70,70,70,70],"gold":92,"neow_bonus":"THREE_RARE_CARDS","is_prod":false,"is_daily":false,"chose_seed":false,"campfire_upgraded":12,"win_rate":0,"timestamp":1539960717,"path_taken":["M","M","M","M","?","R","M","R","T","$","M","E","?","E","R","BOSS","M","?","?","M","M","R","E","R","T","?","R","$","R","?","R","BOSS","M","?","$","?","M","E","R","?","T","?","R","R","?","$","R","BOSS"],"build_version":"2018-10-18","purchased_purges":3,"victory":true,"max_hp_per_floor":[70,70,70,70,70,70,70,70,70,70,70,70,70,70,70,70,70,70,70,70,70,70,70,70,70,70,70,70,70,70,70,70,70,70,70,70,70,70,70,70,70,70,70,70,70,70,70,70,70,70],"card_choices":[{"not_picked":["Adrenaline","Tools of the Trade"],"picked":"Glass Knife","floor":0.0},{"not_picked":["Prepared","Deflect","Outmaneuver"],"picked":"SKIP","floor":1.0},{"not_picked":["Poisoned Stab","Slice","All Out Attack"],"picked":"SKIP","floor":2.0},{"not_picked":["Concentrate","Skewer","PiercingWail"],"picked":"SKIP","floor":3.0},{"not_picked":["Poisoned Stab","Quick Slash","Blade Dance"],"picked":"SKIP","floor":4.0},{"not_picked":["Slice","A Thousand Cuts"],"picked":"Deadly Poison","floor":5.0},{"not_picked":["Slice","Outmaneuver"],"picked":"Backflip","floor":7.0},{"not_picked":["Acrobatics","Setup","Underhanded Strike"],"picked":"SKIP","floor":11.0},{"not_picked":["Underhanded Strike","Terror"],"picked":"Corpse Explosion","floor":12.0},{"not_picked":["Underhanded Strike+1","Dodge and Roll"],"picked":"Catalyst","floor":14.0},{"not_picked":["Storm of Steel","Unload+1"],"picked":"Die Die Die+1","floor":16.0},{"not_picked":["Slice+1","Choke+1","Acrobatics"],"picked":"SKIP","floor":18.0},{"not_picked":["Sucker Punch+1","Deadly Poison"],"picked":"PiercingWail+1","floor":19},{"not_picked":["Tactician","PiercingWail"],"picked":"Catalyst","floor":21},{"not_picked":["Quick Slash+1","Crippling Poison"],"picked":"Backflip+1","floor":22},{"not_picked":["Deflect","Skewer+1"],"picked":"Deadly Poison+1","floor":24},{"not_picked":["Masterful Stab+1","Deadly Poison","Dagger Throw+1"],"picked":"SKIP","floor":31},{"not_picked":["Envenom","A Thousand Cuts"],"picked":"Die Die Die+1","floor":33},{"not_picked":["Acrobatics+1","Masterful Stab+1"],"picked":"Cloak And Dagger+1","floor":35},{"not_picked":["Backstab+1","Outmaneuver+1"],"picked":"Leg Sweep+1","floor":38},{"not_picked":["Poisoned Stab+1","All Out Attack+1"],"picked":"Leg Sweep+1","floor":39},{"not_picked":["Sucker Punch+1","Prepared+1","All Out Attack+1"],"picked":"SKIP","floor":40},{"not_picked":["Acrobatics+1","Deflect+1"],"picked":"Footwork+1","floor":42},{"not_picked":["Deep Breath","PanicButton"],"picked":"Purity","floor":44}],"player_experience":382197,"relics_obtained":[{"floor":9.0,"key":"Ancient Tea Set"},{"floor":12.0,"key":"Kunai"},{"floor":13.0,"key":"Molten Egg 2"},{"floor":14.0,"key":"Bronze Scales"},{"floor":19,"key":"Red Mask"},{"floor":24,"key":"Oddly Smooth Stone"},{"floor":26,"key":"Anchor"},{"floor":40,"key":"WingedGreaves"},{"floor":42,"key":"Incense Burner"},{"floor":43,"key":"Whetstone"}],"event_choices":[{"damage_healed":0,"gold_gain":0,"player_choice":"Fought Bandits","damage_taken":0,"max_hp_gain":0,"max_hp_loss":0,"event_name":"Masked Bandits","floor":19,"gold_loss":0},{"damage_healed":0,"gold_gain":0,"player_choice":"Ignored","damage_taken":0,"max_hp_gain":0,"max_hp_loss":0,"event_name":"Cursed Tome","floor":20,"gold_loss":0},{"cards_removed":["Backflip"],"damage_healed":0,"gold_gain":0,"player_choice":"Gave Card","damage_taken":0,"relics_obtained":["MawBank"],"max_hp_gain":0,"max_hp_loss":0,"event_name":"WeMeetAgain","floor":27,"gold_loss":0},{"cards_removed":["Caltrops"],"damage_healed":0,"gold_gain":0,"player_choice":"Removed Power","damage_taken":0,"max_hp_gain":0,"max_hp_loss":0,"event_name":"Falling","floor":36,"gold_loss":0},{"damage_healed":0,"gold_gain":0,"player_choice":"Fight","damage_taken":0,"max_hp_gain":0,"max_hp_loss":0,"event_name":"Mysterious Sphere","floor":42,"gold_loss":0},{"damage_healed":0,"gold_gain":0,"player_choice":"Memory 1","damage_taken":0,"max_hp_gain":0,"max_hp_loss":0,"event_name":"SensoryStone","floor":44,"gold_loss":0},{"damage_healed":0,"gold_gain":0,"player_choice":"Bought 0 Potions","damage_taken":0,"max_hp_gain":0,"max_hp_loss":0,"event_name":"The Woman in Blue","floor":47,"gold_loss":0}],"is_beta":false,"boss_relics":[{"not_picked":["Eternal Feather","Fusion Hammer"],"picked":"Runic Pyramid"},{"not_picked":["Velvet Choker","Snecko Eye"],"picked":"Pandora\u0027s Box"}],"items_purged_floors":[29,37,48],"is_endless":false,"potions_floor_spawned":[5,7,14,16,19,24,31,39,40],"ascension_level":0}