{"gold_per_floor":[19,69,81,81,81,81,99,132,132,7,7,25,25,57,57,57],"floor_reached":16,"playtime":264,"items_purged":["Strike_R"],"score":189,"play_id":"120af43d-d50d-497e-b26b-ab4e3c174190","local_time":"20190209143819","is_ascension_mode":true,"campfire_choices":[{"data":"Body Slam","floor":6.0,"key":"SMITH"},{"data":"Immolate","floor":11.0,"key":"SMITH"},{"data":"Flame Barrier","floor":13.0,"key":"SMITH"},{"floor":15.0,"key":"RECALL"}],"neow_cost":"NO_GOLD","seed_source_timestamp":1028620785193769,"circlet_count":0,"master_deck":["AscendersBane","Strike_R+1","Defend_R","Defend_R","Defend_R","Defend_R","Bash+1","Body Slam+1","Flame Barrier+1","Immolate+1","True Grit+1","Armaments+1"],"special_seed":0,"relics":["Burning Blood","Toxic Egg 2","Centennial Puzzle"],"potions_floor_usage":[16],"damage_taken":[{"damage":10.0,"enemies":"2 Louse","floor":1.0,"turns":3.0},{"damage":6.0,"enemies":"Cultist","floor":3.0,"turns":4.0},{"damage":2.0,"enemies":"Jaw Worm","floor":7.0,"turns":3.0},{"damage":23.0,"enemies":"Lagavulin","floor":8.0,"turns":8.0},{"damage":0.0,"enemies":"Looter","floor":12.0,"turns":2.0},{"damage":1.0,"enemies":"3 Sentries","floor":14.0,"turns":4.0},{"damage":0,"enemies":"The Guardian","floor":16,"turns":2}],"seed_played":"1395498581919244850","potions_obtained":[{"floor":12.0,"key":"Strength Potion"},{"floor":14.0,"key":"Strength Potion"}],"is_trial":false,"path_per_floor":["M","?","M","?","?","R","M","E","T","$","R","M","R","E","R","B"],"character_chosen":"IRONCLAD","items_purchased":["True Grit+1"],"campfire_rested":0,"item_purchase_floors":[10],"current_hp_per_floor":[64,57,57,50,27,27,31,14,14,14,14,20,20,25,25,25],"gold":57,"neow_bonus":"REMOVE_TWO","is_prod":false,"is_daily":false,"chose_seed":false,"campfire_upgraded":3,"win_rate":0,"timestamp":1549694299,"path_taken":["M","?","?","?","?","R","M","E","T","$","R","M","R","E","R","BOSS"],"build_version":"2019-01-23","purchased_purges":1,"victory":false,"max_hp_per_floor":[75,75,75,75,75,75,75,75,75,75,75,75,75,75,75,75],"card_choices":[{"not_picked":["Sword Boomerang","Havoc","Dual Wield"],"picked":"SKIP","floor":1.0},{"not_picked":["Heavy Blade","Thunderclap"],"picked":"Body Slam","floor":3.0},{"not_picked":["Perfected Strike","Havoc"],"picked":"Flame Barrier","floor":7.0},{"not_picked":["Exhume","Cleave"],"picked":"Immolate","floor":8.0},{"not_picked":["Carnage","Fire Breathing","Heavy Blade"],"picked":"SKIP","floor":12.0},{"not_picked":["Cleave","Reckless Charge"],"picked":"Armaments+1","floor":14.0}],"player_experience":712360,"relics_obtained":[{"floor":8.0,"key":"Toxic Egg 2"},{"floor":14.0,"key":"Centennial Puzzle"}],"event_choices":[{"damage_healed":0.0,"max_hp_gain":0.0,"max_hp_loss":0.0,"gold_gain":50.0,"event_name":"FaceTrader","player_choice":"Touch","floor":2.0,"gold_loss":0.0,"damage_taken":7.0},{"cards_removed":["Strike_R"],"damage_healed":0.0,"max_hp_gain":0.0,"max_hp_loss":0.0,"gold_gain":0.0,"event_name":"Golden Wing","player_choice":"Card Removal","floor":4.0,"gold_loss":0.0,"damage_taken":7.0},{"damage_healed":0.0,"max_hp_gain":0.0,"max_hp_loss":0.0,"gold_gain":0.0,"event_name":"Shining Light","player_choice":"Entered Light","floor":5.0,"gold_loss":0.0,"damage_taken":23.0,"cards_upgraded":["Bash","Strike_R"]}],"is_beta":false,"boss_relics":[],"items_purged_floors":[10],"is_endless":false,"potions_floor_spawned":[12,14],"killed_by":"The Guardian","ascension_level":15}