{"gold_per_floor":[119,44,44,55,55,55,55,55,79,108,126,150,178,193,193,270,270,284,209,229,229,229,229,264,276,288,315,339,351,428,460,472,557,569,600,612,636,288,302,329,329,13,13,13,41,55,55,105,105,105],"floor_reached":50,"playtime":2688,"items_purged":["Strike_G","Masterful Stab"],"score":1342,"play_id":"129eb1d3-115e-406a-b057-4643da2837d8","local_time":"20190215163810","is_ascension_mode":true,"campfire_choices":[{"data":"Envenom","floor":6.0,"key":"SMITH"},{"data":"Deadly Poison","floor":8.0,"key":"SMITH"},{"data":"Cloak And Dagger","floor":15.0,"key":"SMITH"},{"data":"Night Terror","floor":23.0,"key":"SMITH"},{"data":"Cloak And Dagger","floor":25.0,"key":"SMITH"},{"data":"Neutralize","floor":29.0,"key":"SMITH"},{"data":"Burst","floor":32.0,"key":"SMITH"},{"data":"Thinking Ahead","floor":41,"key":"SMITH"},{"data":"Acrobatics","floor":44,"key":"SMITH"},{"data":"Malaise","floor":47,"key":"SMITH"},{"floor":49,"key":"RECALL"}],"neow_cost":"CURSE","seed_source_timestamp":29062282979092,"circlet_count":0,"master_deck":["AscendersBane","Defend_G+1","Defend_G+1","Defend_G+1","Defend_G+1","Defend_G+1","Neutralize","After Image","Endless Agony","Envenom+1","Neutralize+1","Deadly Poison+1","Escape Plan","Adrenaline","Cloak And Dagger+1","Infinite Blades","Infinite Blades","Night Terror+1","Cloak And Dagger+1","Bane+1","Backflip","Backflip","Burst+1","Backflip","Malaise+1","Bullet Time+1","Concentrate+1","Storm of Steel+1","Backflip","Chrysalis","Panacea","Thinking Ahead+1","Noxious Fumes","Blur","Tactician+1","Acrobatics+1","Infinite Blades+1","Deflect"],"special_seed":0,"relics":["Ring of the Snake","Bottled Tornado","Anchor","Vajra","Coffee Dripper","MawBank","Bag of Preparation","Tiny Chest","Astrolabe","Toy Ornithopter","Frozen Egg 2","Shuriken","Bottled Flame","Potion Belt","Tingsha"],"potions_floor_usage":[39,45,46,48],"damage_taken":[{"damage":1.0,"enemies":"2 Louse","floor":1.0,"turns":6.0},{"damage":2.0,"enemies":"Small Slimes","floor":4.0,"turns":3.0},{"damage":20.0,"enemies":"Gremlin Nob","floor":10.0,"turns":4.0},{"damage":0.0,"enemies":"Cultist","floor":11.0,"turns":4.0},{"damage":6.0,"enemies":"Lagavulin","floor":13.0,"turns":7.0},{"damage":1.0,"enemies":"Exordium Wildlife","floor":14.0,"turns":3.0},{"damage":10.0,"enemies":"Slime Boss","floor":16.0,"turns":10.0},{"damage":0.0,"enemies":"Spheric Guardian","floor":18.0,"turns":3.0},{"damage":1.0,"enemies":"3 Byrds","floor":20.0,"turns":4.0},{"damage":0.0,"enemies":"Book of Stabbing","floor":24.0,"turns":5.0},{"damage":0.0,"enemies":"Centurion and Healer","floor":27.0,"turns":5.0},{"damage":11.0,"enemies":"Snecko","floor":28.0,"turns":4.0},{"damage":9.0,"enemies":"Slavers","floor":30.0,"turns":7.0},{"damage":0.0,"enemies":"Cultist and Chosen","floor":31.0,"turns":4.0},{"damage":0.0,"enemies":"Champ","floor":33.0,"turns":12.0},{"damage":0.0,"enemies":"Orb Walker","floor":35.0,"turns":4.0},{"damage":0.0,"enemies":"3 Shapes","floor":37.0,"turns":5.0},{"damage":0,"enemies":"Transient","floor":39,"turns":6},{"damage":8,"enemies":"Giant Head","floor":40,"turns":7},{"damage":2,"enemies":"Reptomancer","floor":45,"turns":6},{"damage":14,"enemies":"Sphere and 2 Shapes","floor":46,"turns":8},{"damage":5,"enemies":"2 Orb Walkers","floor":48,"turns":5},{"damage":49,"enemies":"Time Eater","floor":50,"turns":13}],"seed_played":"-4495190757138193749","potions_obtained":[{"floor":11.0,"key":"Energy Potion"},{"floor":13.0,"key":"EntropicBrew"},{"floor":18.0,"key":"SkillPotion"},{"floor":27.0,"key":"Poison Potion"},{"floor":31.0,"key":"Energy Potion"},{"floor":40,"key":"Explosive Potion"},{"floor":45,"key":"Energy Potion"},{"floor":46,"key":"Weak Potion"},{"floor":48,"key":"LiquidBronze"}],"is_trial":false,"path_per_floor":["M","?","?","M","?","R","$","R","T","E","M","T","E","M","R","B",null,"M","$","M","?","?","R","E","R","T","M","M","R","E","M","R","B",null,"M","?","M","$","M","E","R","$","T","R","E","M","R","?","R","B"],"character_chosen":"THE_SILENT","items_purchased":["Toy Ornithopter","Noxious Fumes","Shuriken","Acrobatics"],"campfire_rested":0,"item_purchase_floors":[38,38,42,42],"current_hp_per_floor":[58,58,58,56,56,56,56,56,56,36,36,36,30,29,29,19,54,54,54,53,53,53,53,53,53,53,53,42,42,33,33,33,33,58,58,48,48,48,53,45,45,45,45,45,48,39,39,39,39,0],"gold":105,"neow_bonus":"THREE_RARE_CARDS","is_prod":false,"is_daily":false,"chose_seed":false,"campfire_upgraded":10,"win_rate":0,"timestamp":1550219890,"path_taken":["M","?","?","?","?","R","?","R","T","E","M","?","E","M","R","BOSS","M","$","M","?","?","R","E","R","T","M","M","R","E","?","R","BOSS","M","?","M","$","M","E","R","$","T","R","E","M","R","?","R","BOSS"],"build_version":"2019-01-23","purchased_purges":2,"victory":false,"max_hp_per_floor":[66,66,66,66,66,66,66,66,66,66,66,66,66,66,66,66,66,66,66,66,66,66,66,66,66,66,66,66,66,66,66,66,66,66,66,66,66,66,66,66,66,66,66,66,66,66,66,66,66,66],"card_choices":[{"not_picked":["Phantasmal Killer","Envenom"],"picked":"After Image","floor":0.0},{"not_picked":["Dagger Throw","Blade Dance"],"picked":"Endless Agony","floor":1.0},{"not_picked":["Finisher","Quick Slash"],"picked":"Escape Plan","floor":4.0},{"not_picked":["Concentrate","Acrobatics"],"picked":"Cloak And Dagger","floor":10.0},{"not_picked":["Expertise","Outmaneuver"],"picked":"Infinite Blades","floor":11.0},{"not_picked":["Leg Sweep","Predator"],"picked":"Infinite Blades","floor":13.0},{"not_picked":["Deflect","Crippling Poison","Quick Slash"],"picked":"SKIP","floor":14.0},{"not_picked":["Unload","Phantasmal Killer"],"picked":"Night Terror","floor":16.0},{"not_picked":["Backflip","Deadly Poison"],"picked":"Cloak And Dagger","floor":18.0},{"not_picked":["Poisoned Stab","Predator","Bane+1"],"picked":"SKIP","floor":20.0},{"not_picked":["Poisoned Stab","Predator"],"picked":"Bane+1","floor":20.0},{"not_picked":["Dodge and Roll","Masterful Stab+1","Deadly Poison"],"picked":"SKIP","floor":24.0},{"not_picked":["Dash","Sucker Punch"],"picked":"Backflip","floor":27.0},{"not_picked":["Dagger Spray","Dagger Throw"],"picked":"Backflip","floor":28.0},{"not_picked":["Unload","Eviscerate"],"picked":"Burst","floor":30.0},{"not_picked":["Masterful Stab","Leg Sweep"],"picked":"Backflip","floor":31.0},{"not_picked":["Glass Knife","Storm of Steel"],"picked":"Malaise","floor":33.0},{"not_picked":["Poisoned Stab","Dagger Spray"],"picked":"Backflip","floor":35.0},{"not_picked":["Mind Blast","Purity"],"picked":"Chrysalis","floor":36.0},{"not_picked":["Deep Breath","Forethought"],"picked":"Panacea","floor":36.0},{"not_picked":["Finesse","Swift Strike"],"picked":"Thinking Ahead","floor":36.0},{"not_picked":["Bane","Poisoned Stab","Flying Knee"],"picked":"SKIP","floor":37.0},{"not_picked":["Poisoned Stab","Dagger Throw"],"picked":"Blur","floor":39},{"not_picked":["Leg Sweep","Terror"],"picked":"Tactician+1","floor":40},{"not_picked":["Glass Knife","Underhanded Strike+1","Terror"],"picked":"SKIP","floor":45},{"not_picked":["Underhanded Strike","Sucker Punch+1"],"picked":"Infinite Blades+1","floor":46},{"not_picked":["Backstab","Deadly Poison+1"],"picked":"Deflect","floor":48}],"player_experience":2778268,"relics_obtained":[{"floor":10.0,"key":"Bottled Tornado"},{"floor":12.0,"key":"Anchor"},{"floor":13.0,"key":"Vajra"},{"floor":24.0,"key":"MawBank"},{"floor":26.0,"key":"Bag of Preparation"},{"floor":30.0,"key":"Tiny Chest"},{"floor":40,"key":"Frozen Egg 2"},{"floor":43,"key":"Bottled Flame"},{"floor":45,"key":"Potion Belt"},{"floor":48,"key":"Tingsha"}],"event_choices":[{"cards_removed":["Decay"],"damage_healed":0.0,"max_hp_gain":0.0,"max_hp_loss":0.0,"gold_gain":0.0,"event_name":"The Cleric","player_choice":"Card Removal","floor":2.0,"gold_loss":75.0,"damage_taken":0.0},{"damage_healed":0.0,"max_hp_gain":0.0,"max_hp_loss":0.0,"gold_gain":0.0,"event_name":"Match and Keep!","player_choice":"4 cards matched","floor":3.0,"gold_loss":0.0,"damage_taken":0.0,"cards_obtained":["Envenom","Neutralize","Deadly Poison","Masterful Stab"]},{"damage_healed":0.0,"max_hp_gain":0.0,"max_hp_loss":0.0,"gold_gain":0.0,"cards_transformed":["Strike_G"],"event_name":"Living Wall","player_choice":"Change","floor":5.0,"gold_loss":0.0,"damage_taken":0.0,"cards_obtained":["Adrenaline"]},{"damage_healed":0.0,"max_hp_gain":0.0,"max_hp_loss":0.0,"gold_gain":0.0,"event_name":"Back to Basics","player_choice":"Simplicity","floor":21.0,"gold_loss":0.0,"damage_taken":0.0,"cards_upgraded":["Defend_G","Defend_G","Defend_G","Defend_G","Defend_G","Strike_G","Strike_G","Strike_G"]},{"cards_removed":["Survivor"],"damage_healed":0.0,"max_hp_gain":0.0,"max_hp_loss":0.0,"gold_gain":0.0,"event_name":"Wheel of Change","player_choice":"Card Removal","floor":22.0,"gold_loss":0.0,"damage_taken":0.0},{"damage_healed":0.0,"max_hp_gain":0.0,"max_hp_loss":0.0,"gold_gain":0.0,"event_name":"SensoryStone","player_choice":"Memory 3","floor":36.0,"gold_loss":0.0,"damage_taken":10.0},{"damage_healed":0,"gold_gain":0,"player_choice":"Fight","damage_taken":0,"max_hp_gain":0,"max_hp_loss":0,"event_name":"Mysterious Sphere","floor":48,"gold_loss":0}],"is_beta":false,"boss_relics":[{"not_picked":["Orrery","Snecko Eye"],"picked":"Coffee Dripper"},{"not_picked":["Pandora\u0027s Box","Lizard Tail"],"picked":"Astrolabe"}],"items_purged_floors":[19,38],"is_endless":false,"potions_floor_spawned":[11,13,14,18,27,31,33,40,45,46,48],"killed_by":"Time Eater","ascension_level":20}