{"gold_per_floor":[109,259,239,127,137,166,66,66,66,86,86,98,114,140,140,214,214,227,227,243,258,94,429,429,446,446,446,457,307,317,61,61,138,138,155,155,171,171,190,190,224,224,300,300,100,129,144,144,144,144,144,144,144,38,64,64],"floor_reached":56,"playtime":1606,"items_purged":["Doubt","Strike_G","Phantasmal Killer","Poisoned Stab","Acrobatics","Dash+1"],"score":2220,"play_id":"dad41cbd-0c6e-419a-b36d-cbd340c4e24a","local_time":"20190124192915","is_ascension_mode":true,"campfire_choices":[{"data":"Catalyst","floor":8.0,"key":"SMITH"},{"data":"Noxious Fumes","floor":11.0,"key":"SMITH"},{"data":"Deadly Poison","floor":15.0,"key":"SMITH"},{"data":"Well Laid Plans","floor":24.0,"key":"SMITH"},{"data":"Burst","floor":32.0,"key":"SMITH"},{"floor":40.0,"key":"RECALL"},{"floor":42.0,"key":"REST"},{"floor":44.0,"key":"REST"},{"data":"Leg Sweep","floor":49.0,"key":"SMITH"},{"floor":53.0,"key":"REST"}],"neow_cost":"NONE","seed_source_timestamp":23392821623679,"circlet_count":0,"master_deck":["AscendersBane","Survivor+1","Neutralize+1","Deadly Poison+1","Noxious Fumes+1","Catalyst+1","Footwork+1","Corpse Explosion+1","Endless Agony+1","Concentrate+1","Burst+1","Blur+1","Catalyst+1","Well Laid Plans+1","Catalyst+1","Catalyst+1","Bullet Time+1","Backflip+1","Leg Sweep+1"],"special_seed":0,"relics":["Ring of the Snake","NeowsBlessing","Oddly Smooth Stone","Letter Opener","Unceasing Top","Pandora\u0027s Box","Old Coin","Matryoshka","Dream Catcher","Mercury Hourglass","Busted Crown","Mark of the Bloom","PreservedInsect","Lantern","Art of War","Sundial"],"potions_floor_usage":[56],"damage_taken":[{"damage":0.0,"enemies":"Cultist","floor":1.0,"turns":1.0},{"damage":0.0,"enemies":"2 Louse","floor":5.0,"turns":1.0},{"damage":0.0,"enemies":"3 Sentries","floor":6.0,"turns":1.0},{"damage":0.0,"enemies":"Small Slimes","floor":10.0,"turns":2.0},{"damage":5.0,"enemies":"Exordium Thugs","floor":12.0,"turns":5.0},{"damage":0.0,"enemies":"Looter","floor":13.0,"turns":4.0},{"damage":26.0,"enemies":"Gremlin Nob","floor":14.0,"turns":4.0},{"damage":3.0,"enemies":"The Guardian","floor":16.0,"turns":7.0},{"damage":0.0,"enemies":"Chosen","floor":18.0,"turns":2.0},{"damage":8.0,"enemies":"Shell Parasite","floor":20.0,"turns":3.0},{"damage":12.0,"enemies":"Sentry and Sphere","floor":21.0,"turns":5.0},{"damage":10.0,"enemies":"Book of Stabbing","floor":23.0,"turns":3.0},{"damage":0.0,"enemies":"Snake Plant","floor":25.0,"turns":2.0},{"damage":0.0,"enemies":"Cultist and Chosen","floor":28.0,"turns":3.0},{"damage":0.0,"enemies":"Chosen and Byrds","floor":30.0,"turns":3.0},{"damage":28.0,"enemies":"Automaton","floor":33.0,"turns":5.0},{"damage":10.0,"enemies":"3 Shapes","floor":35.0,"turns":2.0},{"damage":0.0,"enemies":"3 Darklings","floor":37.0,"turns":2.0},{"damage":0.0,"enemies":"Writhing Mass","floor":39.0,"turns":3.0},{"damage":0.0,"enemies":"Reptomancer","floor":41.0,"turns":1.0},{"damage":0.0,"enemies":"Nemesis","floor":46.0,"turns":3.0},{"damage":0.0,"enemies":"4 Shapes","floor":47.0,"turns":3.0},{"damage":0.0,"enemies":"Donu and Deca","floor":50.0,"turns":2.0},{"damage":22.0,"enemies":"Awakened One","floor":51.0,"turns":5.0},{"damage":0.0,"enemies":"Shield and Spear","floor":55.0,"turns":2.0},{"damage":0,"enemies":"The Heart","floor":56,"turns":2}],"seed_played":"-8892383446149740038","potions_obtained":[{"floor":1.0,"key":"Explosive Potion"},{"floor":3.0,"key":"AttackPotion"},{"floor":12.0,"key":"Fire Potion"},{"floor":14.0,"key":"Swift Potion"},{"floor":19.0,"key":"Regen Potion"},{"floor":21.0,"key":"Weak Potion"},{"floor":23.0,"key":"GamblersBrew"},{"floor":25.0,"key":"SmokeBomb"},{"floor":46.0,"key":"SpeedPotion"}],"is_trial":false,"path_per_floor":["M","?","?","$","M","E","$","R","T","M","R","M","M","E","R","B",null,"M","?","M","M","$","E","R","M","T","T","M","$","M","$","R","B",null,"M","?","M","?","M","R","E","R","T","R","$","E","M","$","R","B","B",null,"R","$","E","B"],"character_chosen":"THE_SILENT","items_purchased":["Noxious Fumes","Well Laid Plans","Catalyst","Swift Potion","Swift Potion"],"campfire_rested":3,"item_purchase_floors":[4,22,31,54,54],"current_hp_per_floor":[59,59,59,59,59,59,59,59,59,59,59,54,54,28,28,25,56,56,56,60,48,48,38,38,38,38,38,38,38,38,38,38,10,52,42,42,42,42,42,42,42,42,42,42,42,42,42,42,42,42,20,20,20,20,20,20],"gold":64,"neow_bonus":"THREE_ENEMY_KILL","is_prod":false,"is_daily":false,"chose_seed":false,"campfire_upgraded":6,"win_rate":0,"timestamp":1548329355,"path_taken":["M","?","?","$","?","E","$","R","T","M","R","M","M","E","R","BOSS","M","?","M","?","$","E","R","M","T","?","M","$","M","$","R","BOSS","M","?","M","?","M","R","E","R","T","R","$","E","M","$","R","BOSS","BOSS","R","$","E","BOSS"],"build_version":"2019-01-23","purchased_purges":6,"victory":false,"max_hp_per_floor":[66,66,66,66,66,66,66,66,66,66,66,66,66,66,66,66,66,66,66,66,66,66,66,66,66,66,66,66,66,66,66,66,66,66,66,63,63,63,63,63,63,63,63,63,63,63,63,63,63,63,63,63,63,63,63,63],"card_choices":[{"not_picked":["Dash","Acrobatics"],"picked":"Deadly Poison","floor":1.0},{"not_picked":["Eviscerate","Flying Knee","Slice"],"picked":"SKIP","floor":5.0},{"not_picked":["Quick Slash","Dagger Spray"],"picked":"Catalyst","floor":6.0},{"not_picked":["PiercingWail","Dagger Spray","Quick Slash"],"picked":"SKIP","floor":10.0},{"not_picked":["Distraction","Masterful Stab","Escape Plan"],"picked":"SKIP","floor":12.0},{"not_picked":["Accuracy","Dash"],"picked":"Footwork","floor":13.0},{"not_picked":["Grand Finale","Slice","Flechettes"],"picked":"SKIP","floor":14.0},{"not_picked":["Dagger Spray","Choke+1"],"picked":"Catalyst","floor":18.0},{"not_picked":["Dagger Throw","Backstab","Deflect"],"picked":"SKIP","floor":20.0},{"not_picked":["Poisoned Stab","Sucker Punch","Flechettes"],"picked":"SKIP","floor":21.0},{"not_picked":["Distraction","Dodge and Roll+1","Poisoned Stab"],"picked":"SKIP","floor":23.0},{"not_picked":["Dodge and Roll","Prepared","Escape Plan"],"picked":"SKIP","floor":25.0},{"not_picked":["Dagger Throw","Poisoned Stab","Predator"],"picked":"SKIP","floor":28.0},{"not_picked":["Backflip","Slice"],"picked":"Catalyst","floor":30.0},{"not_picked":["Tools of the Trade","Corpse Explosion"],"picked":"Bullet Time","floor":33.0},{"not_picked":[],"picked":"Backflip","floor":35.0},{"not_picked":["Poisoned Stab"],"picked":"SKIP","floor":37.0},{"not_picked":["Cloak And Dagger+1"],"picked":"SKIP","floor":39.0},{"not_picked":["Flying Knee"],"picked":"SKIP","floor":41.0},{"not_picked":[],"picked":"Leg Sweep","floor":46.0},{"not_picked":["Dodge and Roll+1"],"picked":"SKIP","floor":47.0},{"not_picked":["Dash+1"],"picked":"SKIP","floor":55.0}],"player_experience":2207860,"relics_obtained":[{"floor":6.0,"key":"Oddly Smooth Stone"},{"floor":9.0,"key":"Letter Opener"},{"floor":14.0,"key":"Unceasing Top"},{"floor":23.0,"key":"Old Coin"},{"floor":26.0,"key":"Matryoshka"},{"floor":27.0,"key":"Dream Catcher"},{"floor":27.0,"key":"Mercury Hourglass"},{"floor":41.0,"key":"PreservedInsect"},{"floor":43.0,"key":"Lantern"},{"floor":46.0,"key":"Art of War"},{"floor":55.0,"key":"Sundial"}],"event_choices":[{"damage_healed":0.0,"max_hp_gain":0.0,"max_hp_loss":0.0,"gold_gain":150.0,"event_name":"Liars Game","player_choice":"AGREE","floor":2.0,"gold_loss":0.0,"damage_taken":0.0,"cards_obtained":["Doubt"]},{"damage_healed":0.0,"max_hp_gain":0.0,"max_hp_loss":0.0,"gold_gain":0.0,"event_name":"The Woman in Blue","player_choice":"Bought 1 Potion","floor":3.0,"gold_loss":0.0,"damage_taken":0.0},{"damage_healed":0.0,"max_hp_gain":0.0,"max_hp_loss":0.0,"gold_gain":0.0,"event_name":"Lab","player_choice":"Got Potions","floor":19.0,"gold_loss":0.0,"damage_taken":0.0},{"damage_healed":0.0,"max_hp_gain":0.0,"max_hp_loss":3.0,"gold_gain":0.0,"event_name":"Winding Halls","player_choice":"Max HP","floor":36.0,"gold_loss":0.0,"damage_taken":0.0},{"damage_healed":0.0,"max_hp_gain":0.0,"max_hp_loss":0.0,"gold_gain":0.0,"event_name":"MindBloom","player_choice":"Upgrade","floor":38.0,"gold_loss":0.0,"damage_taken":0.0,"cards_upgraded":["Survivor","Neutralize","Footwork","Corpse Explosion","Dash","Endless Agony","Concentrate","Blur","Catalyst","Catalyst","Catalyst","Bullet Time","Backflip"],"relics_obtained":["Mark of the Bloom"]}],"is_beta":false,"boss_relics":[{"not_picked":["Orrery","Fusion Hammer"],"picked":"Pandora\u0027s Box"},{"not_picked":["Lizard Tail","Sozu"],"picked":"Busted Crown"}],"items_purged_floors":[4,7,22,29,31,45],"is_endless":false,"potions_floor_spawned":[1,12,13,14,21,23,25,30,35,46],"killed_by":"The Heart","ascension_level":20}