{"path_per_floor":["M","?","M","?","$","E","R","?","T","R","M","M","M","E","R"],"character_chosen":"THE_SILENT","items_purchased":["Envenom","Slice"],"gold_per_floor":[115,115,125,300,38,66,66,16,16,16,33,51,70,105,105],"floor_reached":16,"campfire_rested":0,"playtime":741,"current_hp_per_floor":[70,70,70,70,70,70,70,70,70,70,64,64,58,50,50],"items_purged":["Doubt"],"gold":105,"score":135,"play_id":"c91b769d-a6c1-4ae0-8cd2-afa8b4593fe8","local_time":"20180305235337","is_prod":false,"is_daily":false,"is_ascension_mode":false,"campfire_upgraded":3,"timestamp":1520290417,"path_taken":["M","?","?","?","?","E","R","?","T","R","M","?","M","E","R","BOSS"],"build_version":"2018-03-01-PROD1","purchased_purges":1,"victory":false,"master_deck":["Defend_G","Defend_G","Defend_G","Defend_G","Strike_G","Strike_G","Strike_G","Strike_G","Survivor+1","Neutralize","Finisher","Backflip","Envenom+1","Slice","Bane","Catalyst","Blade Dance","Calculated Gamble","Expertise+1"],"max_hp_per_floor":[70,70,70,70,70,70,70,70,70,70,70,70,70,70,70],"relics":["Ring of the Snake","NeowsBlessing","Art of War","The Courier","Pen Nib"],"card_choices":[{"not_picked":["Dagger Throw","Slice"],"picked":"Finisher"},{"not_picked":["Flying Knee","Underhanded Strike"],"picked":"Backflip"},{"not_picked":["Dagger Spray","Backflip"],"picked":"Bane"},{"not_picked":["Finisher","Underhanded Strike"],"picked":"Catalyst"},{"not_picked":["Deadly Poison","Quick Slash"],"picked":"Blade Dance"},{"not_picked":["Malaise","Acrobatics"],"picked":"Calculated Gamble"},{"not_picked":["Quick Slash","Flechettes"],"picked":"Expertise"}],"player_experience":98930,"potions_floor_usage":[14,14],"damage_taken":[{"damage":0,"enemies":"Small Slimes","floor":1,"turns":1},{"damage":0,"enemies":"Cultist","floor":3,"turns":1},{"damage":0,"enemies":"3 Sentries","floor":6,"turns":1},{"damage":6,"enemies":"Jaw Worm","floor":11,"turns":2},{"damage":0,"enemies":"Large Slime","floor":12,"turns":4},{"damage":6,"enemies":"Blue Slaver","floor":13,"turns":3},{"damage":8,"enemies":"Gremlin Nob","floor":14,"turns":4},{"damage":50,"enemies":"The Guardian","floor":16,"turns":6}],"event_choices":[{"event_name":"Bonfire Elementals","player_choice":"BASIC","floor":2,"damage_taken":0},{"event_name":"Liars Game","player_choice":"agreed","floor":4,"damage_taken":0},{"event_name":"The Cleric","player_choice":"Card Removal","floor":8,"damage_taken":0}],"boss_relics":[],"potions_floor_spawned":[3,6],"seed_played":"3491651954755251423","killed_by":"The Guardian","ascension_level":0,"is_trial":false}