{"gold_per_floor":[118,118,118,133,208,208,229,229],"floor_reached":8,"playtime":173,"items_purged":[],"score":92,"play_id":"ef2b4845-793a-4288-87c6-322da1977b4e","local_time":"20190123180537","is_ascension_mode":true,"campfire_choices":[{"data":"Dualcast","floor":6,"key":"SMITH"}],"neow_cost":"PERCENT_DAMAGE","seed_source_timestamp":17328644012188,"circlet_count":0,"master_deck":["AscendersBane","Strike_B","Strike_B","Strike_B","Strike_B","Defend_B","Defend_B","Defend_B","Defend_B","Zap","Dualcast+1","Echo Form","Chill"],"relics":["Cracked Core","Smiling Mask","Golden Idol"],"potions_floor_usage":[],"damage_taken":[{"damage":1,"enemies":"2 Louse","floor":1,"turns":2},{"damage":5,"enemies":"Small Slimes","floor":4,"turns":4},{"damage":0,"enemies":"Jaw Worm","floor":7,"turns":4},{"damage":1,"enemies":"Lots of Slimes","floor":8,"turns":2}],"seed_played":"-9142466449685960572","potions_obtained":[],"is_trial":false,"path_per_floor":["M","?","?","M","?","R","M","M"],"character_chosen":"DEFECT","items_purchased":[],"campfire_rested":0,"item_purchase_floors":[],"current_hp_per_floor":[45,27,27,22,11,11,11,10],"gold":229,"neow_bonus":"THREE_RARE_CARDS","is_prod":false,"is_daily":false,"chose_seed":false,"campfire_upgraded":1,"win_rate":0,"timestamp":1548237937,"path_taken":["M","?","?","M","?","R","M","M"],"build_version":"2019-01-17v2","purchased_purges":0,"victory":false,"max_hp_per_floor":[71,71,64,64,64,64,64,64],"card_choices":[{"not_picked":["Rainbow","Meteor Strike"],"picked":"Echo Form","floor":0},{"not_picked":["Compile Driver","Conserve Battery"],"picked":"Chill","floor":1},{"not_picked":["Blizzard","Turbo","Cold Snap"],"picked":"SKIP","floor":4},{"not_picked":["Barrage","Go for the Eyes","Hologram"],"picked":"SKIP","floor":7}],"player_experience":2170509,"relics_obtained":[],"event_choices":[{"damage_healed":0,"gold_gain":0,"player_choice":"Success","damage_taken":18,"relics_obtained":["Smiling Mask"],"max_hp_gain":0,"max_hp_loss":0,"event_name":"Scrap Ooze","floor":2,"gold_loss":0},{"damage_healed":0,"gold_gain":0,"player_choice":"Lose Max HP","damage_taken":0,"relics_obtained":["Golden Idol"],"max_hp_gain":0,"max_hp_loss":7,"event_name":"Golden Idol","floor":3,"gold_loss":0},{"damage_healed":0,"gold_gain":75,"player_choice":"Gather Gold","damage_taken":11,"max_hp_gain":0,"max_hp_loss":0,"event_name":"World of Goop","floor":5,"gold_loss":0}],"is_beta":false,"boss_relics":[],"items_purged_floors":[],"is_endless":false,"potions_floor_spawned":[],"killed_by":"Lots of Slimes","ascension_level":20}