{"gold_per_floor":[118,393,406,58,58,85,95,95],"floor_reached":8,"playtime":168,"items_purged":["Regret"],"score":142,"play_id":"f58486fd-1a2a-4c1c-abc7-408ea5a004f4","local_time":"20181112195255","is_ascension_mode":true,"campfire_choices":[],"neow_cost":"NONE","seed_source_timestamp":4521832859023,"circlet_count":0,"master_deck":["AscendersBane","Defend_G","Defend_G","Defend_G","Defend_G","Defend_G","Strike_G","Strike_G","Strike_G","Strike_G","Survivor","Neutralize","Poisoned Stab","Heel Hook","Acrobatics","Night Terror","Crippling Poison","Backflip"],"relics":["Ring of the Snake","NeowsBlessing","Regal Pillow","Pen Nib"],"potions_floor_usage":[],"damage_taken":[{"damage":0,"enemies":"Jaw Worm","floor":1,"turns":1},{"damage":0,"enemies":"Cultist","floor":3,"turns":1},{"damage":0,"enemies":"Gremlin Nob","floor":6,"turns":1},{"damage":0,"enemies":"Small Slimes","floor":7,"turns":3},{"damage":4,"enemies":"Lagavulin","floor":8,"turns":5}],"seed_played":"-5410236067920231915","potions_obtained":[{"floor":6,"key":"EssenceOfSteel"}],"is_trial":false,"path_per_floor":["M","?","M","$","?","E","M","E"],"character_chosen":"THE_SILENT","items_purchased":["Heel Hook","Acrobatics","Regal Pillow"],"campfire_rested":0,"item_purchase_floors":[4,4,4],"current_hp_per_floor":[59,59,59,59,59,59,59,55],"gold":95,"neow_bonus":"THREE_ENEMY_KILL","is_prod":false,"is_daily":false,"chose_seed":false,"campfire_upgraded":0,"win_rate":0,"timestamp":1542023575,"path_taken":["M","?","?","$","?","E","M","E"],"build_version":"2018-11-08","purchased_purges":1,"victory":false,"max_hp_per_floor":[66,66,66,66,66,66,66,66],"card_choices":[{"not_picked":["Underhanded Strike","Dagger Spray"],"picked":"Poisoned Stab","floor":1},{"not_picked":["Deflect","Quick Slash","Distraction"],"picked":"SKIP","floor":3},{"not_picked":["Noxious Fumes","Underhanded Strike"],"picked":"Crippling Poison","floor":6},{"not_picked":["Dash","All Out Attack"],"picked":"Backflip","floor":7}],"player_experience":1032022,"relics_obtained":[{"floor":6,"key":"Pen Nib"}],"event_choices":[{"damage_healed":0,"gold_gain":275,"player_choice":"Desecrate","damage_taken":0,"max_hp_gain":0,"max_hp_loss":0,"event_name":"Golden Shrine","floor":2,"gold_loss":0,"cards_obtained":["Regret"]},{"damage_healed":0,"gold_gain":0,"cards_transformed":["Strike_G"],"player_choice":"Change","damage_taken":0,"max_hp_gain":0,"max_hp_loss":0,"event_name":"Living Wall","floor":5,"gold_loss":0,"cards_obtained":["Night Terror"]}],"is_beta":true,"boss_relics":[],"items_purged_floors":[4],"is_endless":false,"potions_floor_spawned":[6],"killed_by":"Lagavulin","ascension_level":15}