{"gold_per_floor":[14,14,28,28,41,41,71,71,71,71,34,34,34,52,52,52],"floor_reached":16,"playtime":425,"items_purged":[],"score":196,"play_id":"f4c4fe7f-68f7-49ca-9f4b-37b957282ee5","local_time":"20190218230904","is_ascension_mode":true,"campfire_choices":[{"data":"Neutralize","floor":6,"key":"SMITH"},{"data":"Burst","floor":8,"key":"SMITH"},{"data":"Terror","floor":13,"key":"SMITH"},{"data":"Finisher","floor":15,"key":"SMITH"}],"neow_cost":"NO_GOLD","seed_source_timestamp":54182879347972,"circlet_count":0,"master_deck":["AscendersBane","Defend_G","Defend_G","Defend_G","Defend_G","Defend_G","Strike_G","Strike_G","Strike_G","Strike_G","Survivor","Neutralize+1","Burst+1","Dagger Throw","Leg Sweep","Terror+1","Finisher+1"],"relics":["Ring of the Snake","Singing Bowl","Happy Flower"],"potions_floor_usage":[7],"damage_taken":[{"damage":2,"enemies":"2 Louse","floor":1,"turns":5},{"damage":4,"enemies":"Cultist","floor":3,"turns":4},{"damage":3,"enemies":"Jaw Worm","floor":5,"turns":7},{"damage":45,"enemies":"Gremlin Nob","floor":7,"turns":6},{"damage":7,"enemies":"2 Fungi Beasts","floor":14,"turns":6},{"damage":13,"enemies":"Hexaghost","floor":16,"turns":9}],"seed_played":"6393301326512438083","potions_obtained":[{"floor":5,"key":"Regen Potion"},{"floor":14,"key":"Swift Potion"}],"is_trial":false,"path_per_floor":["M","?","M","$","M","R","E","R","T","?","$","?","R","M","R","B"],"character_chosen":"THE_SILENT","items_purchased":["Terror"],"campfire_rested":0,"item_purchase_floors":[11],"current_hp_per_floor":[57,57,53,53,50,50,20,20,20,20,20,20,20,13,13,0],"gold":52,"neow_bonus":"THREE_RARE_CARDS","is_prod":false,"is_daily":false,"chose_seed":false,"campfire_upgraded":4,"win_rate":0,"timestamp":1550502544,"path_taken":["M","?","M","?","M","R","E","R","T","?","$","?","R","M","R","BOSS"],"build_version":"2019-01-23","purchased_purges":0,"victory":false,"max_hp_per_floor":[66,66,66,66,66,66,66,66,66,66,66,66,66,66,66,66],"card_choices":[{"not_picked":["Bullet Time","Phantasmal Killer"],"picked":"Burst","floor":0},{"not_picked":["Outmaneuver","Dagger Throw","Bane"],"picked":"SKIP","floor":1},{"not_picked":["Expertise","Bane","Finisher"],"picked":"SKIP","floor":3},{"not_picked":["Skewer","Outmaneuver"],"picked":"Dagger Throw","floor":5},{"not_picked":["Underhanded Strike","Acrobatics"],"picked":"Leg Sweep","floor":7},{"not_picked":["Quick Slash","Expertise"],"picked":"Finisher","floor":14}],"player_experience":2927946,"relics_obtained":[{"floor":7,"key":"Singing Bowl"},{"floor":9,"key":"Happy Flower"}],"event_choices":[{"cards_removed":["Strike_G"],"damage_healed":0,"gold_gain":0,"player_choice":"Purged","damage_taken":0,"max_hp_gain":0,"max_hp_loss":0,"event_name":"Purifier","floor":2,"gold_loss":0},{"damage_healed":0,"gold_gain":0,"player_choice":"Leave","damage_taken":0,"max_hp_gain":0,"max_hp_loss":0,"event_name":"The Cleric","floor":10,"gold_loss":0},{"damage_healed":0,"gold_gain":0,"player_choice":"Ignored","damage_taken":0,"max_hp_gain":0,"max_hp_loss":0,"event_name":"Shining Light","floor":12,"gold_loss":0}],"is_beta":false,"boss_relics":[],"items_purged_floors":[],"is_endless":false,"potions_floor_spawned":[5,14],"killed_by":"Hexaghost","ascension_level":20}