{"gold_per_floor":[18,30,30,48,63,63,81,81,81,81,94,113,130,140,140,243,243,243,243,243,243,243,243,243,243,243,243,243,243,243,243,243,243,243,243,243,168,168,168,168,168,168,168,168,68,68,68],"floor_reached":47,"playtime":1410,"items_purged":["Strike_R","Normality"],"score":561,"play_id":"912a5bbe-2dc9-4a0e-8f40-30f134b06ab8","local_time":"20181009132843","is_ascension_mode":true,"campfire_choices":[{"data":"Whirlwind","floor":6,"key":"SMITH"},{"data":"Flex","floor":8,"key":"SMITH"},{"data":"Bash","floor":10,"key":"SMITH"},{"data":"Strike_R","floor":15,"key":"SMITH"},{"floor":24,"key":"REST"},{"floor":28,"key":"REST"},{"floor":32,"key":"REST"},{"data":"Double Tap","floor":40,"key":"SMITH"},{"data":"Fiend Fire","floor":42,"key":"SMITH"}],"neow_cost":"NO_GOLD","seed_source_timestamp":9199038547079,"circlet_count":0,"master_deck":["Strike_R+1","Strike_R","Strike_R","Defend_R","Defend_R","Defend_R","Bash+1","Whirlwind+1","Flex+1","Barricade+1","Battle Trance+1","Flame Barrier+1","Disarm+1","Fiend Fire+1","Inflame+1","Disarm+1","Ghostly Armor+1","Double Tap+1","Entrench+1","Normality","Evolve+1","Inflame+1"],"relics":["Burning Blood","Ice Cream","Ectoplasm","Bottled Lightning","Happy Flower","Snecko Eye","Centennial Puzzle"],"potions_floor_usage":[18,23,33,33,47],"damage_taken":[{"damage":6,"enemies":"Cultist","floor":1,"turns":4},{"damage":0,"enemies":"Small Slimes","floor":2,"turns":3},{"damage":5,"enemies":"2 Louse","floor":4,"turns":3},{"damage":22,"enemies":"Blue Slaver","floor":5,"turns":6},{"damage":0,"enemies":"Gremlin Gang","floor":7,"turns":2},{"damage":11,"enemies":"Looter","floor":11,"turns":2},{"damage":0,"enemies":"Lots of Slimes","floor":12,"turns":1},{"damage":8,"enemies":"Blue Slaver","floor":13,"turns":2},{"damage":0,"enemies":"Large Slime","floor":14,"turns":3},{"damage":71,"enemies":"Slime Boss","floor":16,"turns":7},{"damage":0,"enemies":"Spheric Guardian","floor":18,"turns":2},{"damage":24,"enemies":"Shell Parasite","floor":19,"turns":3},{"damage":12,"enemies":"Chosen and Byrds","floor":20,"turns":3},{"damage":26,"enemies":"Snake Plant","floor":22,"turns":4},{"damage":17,"enemies":"Gremlin Leader","floor":23,"turns":4},{"damage":37,"enemies":"Centurion and Healer","floor":25,"turns":3},{"damage":0,"enemies":"3 Cultists","floor":27,"turns":2},{"damage":12,"enemies":"Cultist and Chosen","floor":30,"turns":3},{"damage":6,"enemies":"Chosen and Byrds","floor":31,"turns":3},{"damage":15,"enemies":"Collector","floor":33,"turns":8},{"damage":44,"enemies":"3 Shapes","floor":35,"turns":2},{"damage":25,"enemies":"3 Darklings","floor":36,"turns":3},{"damage":9,"enemies":"Reptomancer","floor":41,"turns":5},{"damage":0,"enemies":"Sphere and 2 Shapes","floor":44,"turns":3},{"damage":60,"enemies":"Maw","floor":46,"turns":7},{"damage":28,"enemies":"Transient","floor":47,"turns":3}],"seed_played":"4650361201765211981","potions_obtained":[{"floor":5,"key":"Fire Potion"},{"floor":11,"key":"Ancient Potion"},{"floor":12,"key":"Explosive Potion"},{"floor":13,"key":"SteroidPotion"},{"floor":18,"key":"SkillPotion"},{"floor":25,"key":"Poison Potion"},{"floor":41,"key":"PowerPotion"},{"floor":44,"key":"Strength Potion"}],"is_trial":false,"path_per_floor":["M","M","$","M","M","R","M","R","T","R","M","M","M","M","R","B",null,"M","M","M","?","M","E","R","M","T","M","R","?","M","M","R","B",null,"M","M","$","?","?","R","M","R","T","M","$","M"],"character_chosen":"IRONCLAD","items_purchased":[],"campfire_rested":3,"item_purchase_floors":[],"current_hp_per_floor":[80,80,80,80,64,64,70,70,70,70,65,71,69,75,75,10,63,69,51,45,45,25,14,38,7,7,13,37,37,31,31,55,46,72,34,15,15,15,70,70,67,67,67,70,70,16,0],"gold":68,"neow_bonus":"REMOVE_TWO","is_prod":false,"is_daily":false,"chose_seed":false,"campfire_upgraded":6,"win_rate":1,"timestamp":1539062923,"path_taken":["M","M","?","M","M","R","M","R","T","R","?","M","M","?","R","BOSS","M","M","M","?","M","E","R","M","T","M","R","?","M","M","R","BOSS","M","?","$","?","?","R","?","R","T","M","$","M","M"],"build_version":"2018-10-04v2","purchased_purges":2,"victory":false,"max_hp_per_floor":[80,80,80,80,80,80,80,80,80,80,80,80,80,80,80,80,80,80,80,80,80,80,80,80,80,80,80,80,80,80,80,80,80,80,80,80,80,80,70,70,70,70,70,70,70,70,70],"card_choices":[{"not_picked":["Warcry","Body Slam","Clothesline"],"picked":"SKIP","floor":1},{"not_picked":["Clothesline","Twin Strike","Iron Wave"],"picked":"SKIP","floor":2},{"not_picked":["Reckless Charge","Combust","Flex"],"picked":"SKIP","floor":4},{"not_picked":["Infernal Blade","Perfected Strike"],"picked":"Whirlwind","floor":5},{"not_picked":["Rupture","Heavy Blade"],"picked":"Flex","floor":7},{"not_picked":["Wild Strike","Havoc","True Grit"],"picked":"SKIP","floor":11},{"not_picked":["Intimidate","Sword Boomerang","Rampage"],"picked":"SKIP","floor":12},{"not_picked":["Shrug It Off","Intimidate","Feel No Pain"],"picked":"SKIP","floor":13},{"not_picked":["Pummel","Armaments","Fire Breathing"],"picked":"SKIP","floor":14},{"not_picked":["Bludgeon","Exhume"],"picked":"Barricade","floor":16},{"not_picked":["Fire Breathing+1","Carnage"],"picked":"Battle Trance+1","floor":18},{"not_picked":["Carnage+1","Dropkick","Twin Strike"],"picked":"SKIP","floor":19},{"not_picked":["Warcry","Headbutt+1"],"picked":"Flame Barrier+1","floor":20},{"not_picked":["Infernal Blade","Burning Pact"],"picked":"Disarm+1","floor":22},{"not_picked":["Clothesline","Reckless Charge"],"picked":"Fiend Fire","floor":23},{"not_picked":["Pommel Strike","Body Slam","Warcry"],"picked":"SKIP","floor":25},{"not_picked":["Headbutt","Shrug It Off"],"picked":"Inflame+1","floor":27},{"not_picked":["Havoc","Twin Strike"],"picked":"Ghostly Armor+1","floor":30},{"not_picked":["Evolve+1","Anger+1","Twin Strike"],"picked":"SKIP","floor":31},{"not_picked":["Fiend Fire","Dark Embrace"],"picked":"Double Tap","floor":33},{"not_picked":["Perfected Strike","Sword Boomerang"],"picked":"Entrench+1","floor":35},{"not_picked":["Sword Boomerang+1","Uppercut","Clothesline+1"],"picked":"SKIP","floor":36},{"not_picked":["Shrug It Off","Burning Pact+1"],"picked":"Evolve+1","floor":41},{"not_picked":["Flex","Feel No Pain+1","Warcry"],"picked":"SKIP","floor":44},{"not_picked":["Headbutt+1","Anger"],"picked":"Inflame+1","floor":46}],"player_experience":32342,"relics_obtained":[{"floor":9,"key":"Ice Cream"},{"floor":23,"key":"Bottled Lightning"},{"floor":26,"key":"Happy Flower"},{"floor":43,"key":"Centennial Puzzle"}],"event_choices":[{"event_name":"Accursed Blacksmith","player_choice":"Forge","floor":21,"damage_taken":0},{"event_name":"Duplicator","player_choice":"One dupe","floor":29,"damage_taken":0},{"event_name":"MindBloom","player_choice":"Gold","floor":38,"damage_taken":0},{"event_name":"The Moai Head","player_choice":"Heal","floor":39,"damage_taken":0}],"is_beta":false,"boss_relics":[{"not_picked":["Lizard Tail","White Beast Statue"],"picked":"Ectoplasm"},{"not_picked":["Philosopher\u0027s Stone","Pandora\u0027s Box"],"picked":"Snecko Eye"}],"items_purged_floors":[37,45],"is_endless":false,"potions_floor_spawned":[5,11,12,13,16,18,20,25,27,31,41,44],"killed_by":"Transient","ascension_level":5}