{"gold_per_floor":[111,36,186,198,98,98,112,112,136,136,146,71,85,85,85,85],"floor_reached":16,"playtime":399,"items_purged":["Strike_G","Doubt"],"score":180,"play_id":"1f86ce14-1f70-41dd-86ac-e85c764cdfbe","local_time":"20190125121738","is_ascension_mode":true,"campfire_choices":[{"data":"Wraith Form v2","floor":6,"key":"SMITH"},{"data":"Catalyst","floor":8,"key":"SMITH"},{"data":"Tools of the Trade","floor":10,"key":"SMITH"},{"data":"Neutralize","floor":15,"key":"SMITH"}],"neow_cost":"TEN_PERCENT_HP_LOSS","seed_source_timestamp":437059012774,"circlet_count":0,"master_deck":["AscendersBane","Defend_G","Defend_G","Defend_G","Defend_G","Strike_G","Strike_G","Survivor","Neutralize+1","Wraith Form v2+1","Tools of the Trade+1","Catalyst+1","Calculated Gamble"],"relics":["Ring of the Snake","Snake Skull"],"potions_floor_usage":[16],"damage_taken":[{"damage":14,"enemies":"Cultist","floor":1,"turns":7},{"damage":5,"enemies":"Small Slimes","floor":4,"turns":7},{"damage":1,"enemies":"Jaw Worm","floor":7,"turns":7},{"damage":14,"enemies":"2 Fungi Beasts","floor":11,"turns":6},{"damage":14,"enemies":"Exordium Wildlife","floor":13,"turns":7},{"damage":0,"enemies":"Hexaghost","floor":16,"turns":1}],"seed_played":"7689822957915474392","potions_obtained":[{"floor":1,"key":"SkillPotion"}],"is_trial":false,"path_per_floor":["M","$","?","M","$","R","M","R","T","R","M","?","M","$","R","B"],"character_chosen":"THE_SILENT","items_purchased":[],"campfire_rested":0,"item_purchase_floors":[],"current_hp_per_floor":[45,45,45,40,40,40,39,39,39,39,25,25,11,11,11,11],"gold":85,"neow_bonus":"TRANSFORM_TWO_CARDS","is_prod":false,"is_daily":false,"chose_seed":false,"campfire_upgraded":4,"win_rate":0,"timestamp":1548389858,"path_taken":["M","?","?","M","$","R","M","R","T","R","?","?","M","$","R","BOSS"],"build_version":"2019-01-23","purchased_purges":2,"victory":false,"max_hp_per_floor":[60,60,60,60,60,60,60,60,60,60,60,60,60,60,60,60],"card_choices":[{"not_picked":["Bane","Bouncing Flask"],"picked":"Catalyst","floor":1},{"not_picked":["Masterful Stab","Deflect","Dodge and Roll"],"picked":"SKIP","floor":4},{"not_picked":["Sucker Punch","Riddle With Holes","Dagger Spray"],"picked":"SKIP","floor":7},{"not_picked":["Riddle With Holes","Dagger Throw","Infinite Blades"],"picked":"SKIP","floor":11},{"not_picked":["Escape Plan","Underhanded Strike"],"picked":"Calculated Gamble","floor":13}],"player_experience":2223294,"relics_obtained":[{"floor":9,"key":"Snake Skull"}],"event_choices":[{"damage_healed":0,"gold_gain":150,"player_choice":"AGREE","damage_taken":0,"max_hp_gain":0,"max_hp_loss":0,"event_name":"Liars Game","floor":3,"gold_loss":0,"cards_obtained":["Doubt"]},{"cards_removed":["Strike_G"],"damage_healed":0,"gold_gain":0,"player_choice":"Card Removal","damage_taken":0,"max_hp_gain":0,"max_hp_loss":0,"event_name":"The Cleric","floor":12,"gold_loss":75}],"is_beta":false,"boss_relics":[],"items_purged_floors":[2,5],"is_endless":false,"potions_floor_spawned":[1],"killed_by":"Hexaghost","ascension_level":20}