{"gold_per_floor":[110,120,133,59,73,73,91,111,138,138,148,162,45,62,62,157,157,174,174,124,124,139,139,15,49,61,73,85,116,128,140,152,263,275,306,338,35,54,70,70,84,0,0,0,20,32,32,132,132,132],"floor_reached":51,"playtime":1764,"items_purged":["Strike_G","Strike_G","Strike_G","Choke+1"],"score":688,"play_id":"cb43d7cd-9f6c-4abc-a1ab-7c45040a79e9","local_time":"20181030195430","is_ascension_mode":false,"campfire_choices":[{"data":"Well Laid Plans","floor":6.0,"key":"SMITH"},{"data":"Poisoned Stab","floor":10.0,"key":"SMITH"},{"data":"Accuracy","floor":15.0,"key":"SMITH"},{"data":"Terror","floor":23.0,"key":"SMITH"},{"data":"Well Laid Plans","floor":27.0,"key":"SMITH"},{"data":"Cloak And Dagger","floor":30.0,"key":"SMITH"},{"data":"Backflip","floor":32.0,"key":"SMITH"},{"data":"Footwork","floor":40,"key":"SMITH"},{"floor":44,"key":"REST"},{"floor":49,"key":"REST"}],"neow_cost":"NONE","seed_source_timestamp":34409067951306,"circlet_count":0,"master_deck":["Defend_G","Defend_G","Defend_G","Survivor","Neutralize+1","Cloak And Dagger+1","Backflip+1","Well Laid Plans+1","Poisoned Stab+1","Backstab","Infinite Blades","Poisoned Stab","Unload","Accuracy+1","Infinite Blades","After Image","Bane+1","Deadly Poison","Terror+1","Well Laid Plans+1","PiercingWail+1","Deflect+1","Adrenaline+1","After Image","Deadly Poison+1","Apotheosis+1","Footwork+1","Backflip+1","Terror+1","Catalyst+1","Blur+1","Blade Dance+1","Catalyst+1"],"special_seed":0,"relics":["Ring of the Snake","Smiling Mask","Astrolabe","MawBank","Toxic Egg 2","Cursed Key","Red Mask","Ginger"],"potions_floor_usage":[36,50,50],"damage_taken":[{"damage":0.0,"enemies":"2 Louse","floor":1.0,"turns":3.0},{"damage":5.0,"enemies":"Jaw Worm","floor":2.0,"turns":4.0},{"damage":0.0,"enemies":"Cultist","floor":3.0,"turns":4.0},{"damage":2.0,"enemies":"Looter","floor":5.0,"turns":4.0},{"damage":1.0,"enemies":"Blue Slaver","floor":7.0,"turns":3.0},{"damage":0.0,"enemies":"Exordium Wildlife","floor":8.0,"turns":3.0},{"damage":0.0,"enemies":"2 Fungi Beasts","floor":11.0,"turns":3.0},{"damage":2.0,"enemies":"Blue Slaver","floor":12.0,"turns":3.0},{"damage":0.0,"enemies":"3 Louse","floor":14.0,"turns":3.0},{"damage":5.0,"enemies":"Slime Boss","floor":16.0,"turns":6.0},{"damage":12.0,"enemies":"Spheric Guardian","floor":18.0,"turns":5.0},{"damage":7.0,"enemies":"Colosseum Slavers","floor":19.0,"turns":4.0},{"damage":0.0,"enemies":"3 Byrds","floor":22.0,"turns":4.0},{"damage":16.0,"enemies":"Gremlin Leader","floor":25.0,"turns":6.0},{"damage":0.0,"enemies":"Centurion and Healer","floor":29.0,"turns":4.0},{"damage":7.0,"enemies":"Automaton","floor":33.0,"turns":9.0},{"damage":0.0,"enemies":"Orb Walker","floor":35.0,"turns":3.0},{"damage":5,"enemies":"3 Darklings","floor":36,"turns":7},{"damage":8,"enemies":"Spire Growth","floor":38,"turns":4},{"damage":2,"enemies":"Writhing Mass","floor":39,"turns":5},{"damage":10,"enemies":"Sphere and 2 Shapes","floor":41,"turns":6},{"damage":0,"enemies":"4 Shapes","floor":45,"turns":6},{"damage":9,"enemies":"3 Darklings","floor":46,"turns":5},{"damage":2,"enemies":"Mind Bloom Boss Battle","floor":48,"turns":5},{"damage":50,"enemies":"Time Eater","floor":50,"turns":7}],"seed_played":"-850913685720238159","potions_obtained":[{"floor":5.0,"key":"SteroidPotion"},{"floor":7.0,"key":"Regen Potion"},{"floor":12.0,"key":"Ancient Potion"},{"floor":14.0,"key":"GhostInAJar"},{"floor":22.0,"key":"Fire Potion"},{"floor":29.0,"key":"Strength Potion"},{"floor":38,"key":"Strength Potion"}],"is_trial":false,"path_per_floor":["M","M","M","$","M","R","M","M","T","R","M","M","$","M","R","B",null,"M","?","$","?","M","R","$","E","T","R","?","M","R","?","R","B",null,"M","M","$","M","M","R","M","?","T","R","M","M","?","?","R","B"],"character_chosen":"THE_SILENT","items_purchased":["Well Laid Plans","Accuracy","Well Laid Plans","Apotheosis+1","Footwork"],"campfire_rested":2,"item_purchase_floors":[4,13,24,37,37],"current_hp_per_floor":[70,65,65,65,63,63,62,62,62,62,62,60,60,60,60,55,70,58,51,51,51,51,51,51,35,35,35,35,35,35,35,35,28,70,70,65,65,57,55,55,45,45,45,66,66,57,57,55,70,20],"gold":132,"neow_bonus":"UPGRADE_CARD","is_prod":false,"is_daily":false,"chose_seed":false,"campfire_upgraded":8,"win_rate":0,"timestamp":1540900470,"path_taken":["M","M","M","$","M","R","M","M","T","R","M","M","$","M","R","BOSS","M","?","$","?","M","R","$","E","T","R","?","M","R","?","R","BOSS","M","M","$","M","?","R","M","?","T","R","?","?","?","?","R","BOSS"],"build_version":"2018-10-25v2","purchased_purges":4,"victory":true,"max_hp_per_floor":[70,70,70,70,70,70,70,70,70,70,70,70,70,70,70,70,70,70,70,70,70,70,70,70,70,70,70,70,70,70,70,70,70,70,70,70,70,70,70,70,70,70,70,70,70,70,70,70,70,70],"card_choices":[{"not_picked":["Outmaneuver","Bane"],"picked":"Cloak And Dagger","floor":1.0},{"not_picked":["Blur","Terror"],"picked":"Backflip","floor":2.0},{"not_picked":["Flying Knee","Blade Dance","Bane"],"picked":"SKIP","floor":3.0},{"not_picked":["Masterful Stab","Bane"],"picked":"Poisoned Stab","floor":5.0},{"not_picked":["Bane","Setup"],"picked":"Backstab","floor":7.0},{"not_picked":["Flying Knee","Dagger Spray"],"picked":"Infinite Blades","floor":8.0},{"not_picked":["Backflip","Riddle With Holes"],"picked":"Poisoned Stab","floor":11.0},{"not_picked":["Masterful Stab","Backstab"],"picked":"Unload","floor":12.0},{"not_picked":["Cloak And Dagger","Bane"],"picked":"Infinite Blades","floor":14.0},{"not_picked":["Adrenaline","Die Die Die"],"picked":"After Image","floor":16.0},{"not_picked":["Acrobatics","Bane"],"picked":"Deadly Poison","floor":18.0},{"not_picked":["Deflect","Slice"],"picked":"Terror","floor":22.0},{"not_picked":["Backflip","Deadly Poison+1"],"picked":"PiercingWail+1","floor":25.0},{"not_picked":["Slice+1","Sucker Punch"],"picked":"Deflect+1","floor":29.0},{"not_picked":["Tools of the Trade","Malaise+1"],"picked":"After Image","floor":33.0},{"not_picked":["Slice","Choke+1","Outmaneuver+1"],"picked":"SKIP","floor":35.0},{"not_picked":["Flying Knee","Riddle With Holes"],"picked":"Deadly Poison+1","floor":36},{"not_picked":["Caltrops","Blade Dance+1"],"picked":"Backflip+1","floor":38},{"not_picked":["Poisoned Stab+1","Setup+1"],"picked":"Terror+1","floor":39},{"not_picked":["Slice+1","Blade Dance+1"],"picked":"Catalyst+1","floor":41},{"not_picked":["PiercingWail+1","Quick Slash+1"],"picked":"Blur+1","floor":45},{"not_picked":["Predator","Acrobatics+1"],"picked":"Blade Dance+1","floor":46},{"not_picked":["Slice","Predator+1"],"picked":"Catalyst+1","floor":48}],"player_experience":747081,"relics_obtained":[{"floor":9.0,"key":"Smiling Mask"},{"floor":25.0,"key":"MawBank"},{"floor":26.0,"key":"Toxic Egg 2"},{"floor":48,"key":"Ginger"}],"event_choices":[{"damage_healed":0.0,"max_hp_gain":0.0,"max_hp_loss":0.0,"gold_gain":0.0,"event_name":"Colosseum","player_choice":"Fight","floor":19.0,"gold_loss":0.0,"damage_taken":0.0},{"damage_healed":0.0,"max_hp_gain":0.0,"max_hp_loss":0.0,"gold_gain":0.0,"event_name":"Colosseum","player_choice":"Fled From Nobs","floor":19.0,"gold_loss":0.0,"damage_taken":0.0},{"damage_healed":0.0,"max_hp_gain":0.0,"max_hp_loss":0.0,"gold_gain":0.0,"event_name":"Cursed Tome","player_choice":"Ignored","floor":21.0,"gold_loss":0.0,"damage_taken":0.0},{"cards_removed":["Defend_G"],"damage_healed":0.0,"max_hp_gain":0.0,"max_hp_loss":0.0,"gold_gain":0.0,"event_name":"Back to Basics","player_choice":"Elegance","floor":28.0,"gold_loss":0.0,"damage_taken":0.0},{"damage_healed":0.0,"max_hp_gain":0.0,"max_hp_loss":0.0,"gold_gain":0.0,"event_name":"The Library","player_choice":"Read","floor":31.0,"gold_loss":0.0,"damage_taken":0.0,"cards_obtained":["Adrenaline"]},{"damage_healed":0,"gold_gain":0,"player_choice":"Paid","damage_taken":0,"relics_obtained":["Red Mask"],"max_hp_gain":0,"max_hp_loss":0,"event_name":"Tomb of Lord Red Mask","floor":42,"gold_loss":84},{"cards_removed":["Concentrate"],"damage_healed":0,"gold_gain":0,"player_choice":"Purged","damage_taken":0,"max_hp_gain":0,"max_hp_loss":0,"event_name":"Purifier","floor":47,"gold_loss":0},{"damage_healed":0,"gold_gain":0,"player_choice":"Fight","damage_taken":0,"max_hp_gain":0,"max_hp_loss":0,"event_name":"MindBloom","floor":48,"gold_loss":0}],"is_beta":false,"boss_relics":[{"not_picked":["Calling Bell","Black Star"],"picked":"Astrolabe"},{"not_picked":["Tiny House","Empty Cage"],"picked":"Cursed Key"}],"items_purged_floors":[13,20,24,37],"is_endless":false,"potions_floor_spawned":[5,7,12,14,19,22,29,38,45,46],"ascension_level":0}