{"gold_per_floor":[111,111,122,72,72,72,84,6,30,62,74,9,9,29,29,134,134,151,151,161,174,99,99,115,15,15,15,285,108,108,128,128,226,226,237,248,248,248,248,248,264,264,337,337,337,337,337,337,337,337],"floor_reached":51,"playtime":1100,"items_purged":["Defend_B","Defend_B","Zap"],"score":681,"play_id":"31f7ec7c-0ce8-415c-bd44-cff5340a9a6d","local_time":"20190615124735","is_ascension_mode":false,"campfire_choices":[{"data":"Loop","floor":6.0,"key":"SMITH"},{"data":"Dualcast","floor":11.0,"key":"SMITH"},{"data":"Darkness","floor":13.0,"key":"SMITH"},{"data":"Machine Learning","floor":15.0,"key":"SMITH"},{"data":"Seek","floor":27.0,"key":"SMITH"},{"data":"Redo","floor":32.0,"key":"SMITH"},{"data":"Seek","floor":40.0,"key":"SMITH"},{"data":"Seek","floor":42.0,"key":"SMITH"},{"floor":44.0,"key":"REST"},{"floor":49,"key":"RECALL"}],"neow_cost":"NONE","seed_source_timestamp":8203900511406,"circlet_count":0,"master_deck":["Defend_B+1","Dualcast+1","Loop+1","Machine Learning+1","Cold Snap+1","Darkness+1","Amplify+1","Seek+1","Undo+1","Seek+1","Redo+1","Seek+1"],"special_seed":0,"relics":["Cracked Core","Juzu Bracelet","Orichalcum","Mango","MawBank","Empty Cage","Letter Opener","Busted Crown","Mercury Hourglass","Mark of the Bloom","Bag of Marbles"],"potions_floor_usage":[50],"damage_taken":[{"damage":2.0,"enemies":"2 Louse","floor":1.0,"turns":2.0},{"damage":1.0,"enemies":"Jaw Worm","floor":3.0,"turns":3.0},{"damage":0.0,"enemies":"Cultist","floor":7.0,"turns":3.0},{"damage":3.0,"enemies":"Blue Slaver","floor":10.0,"turns":3.0},{"damage":14.0,"enemies":"Exordium Thugs","floor":14.0,"turns":3.0},{"damage":36.0,"enemies":"Hexaghost","floor":16.0,"turns":6.0},{"damage":2.0,"enemies":"Spheric Guardian","floor":18.0,"turns":3.0},{"damage":2.0,"enemies":"Shell Parasite","floor":20.0,"turns":4.0},{"damage":17.0,"enemies":"Sentry and Sphere","floor":21.0,"turns":4.0},{"damage":3.0,"enemies":"Snake Plant","floor":24.0,"turns":3.0},{"damage":2.0,"enemies":"Snecko","floor":31.0,"turns":4.0},{"damage":3.0,"enemies":"Champ","floor":33.0,"turns":6.0},{"damage":13.0,"enemies":"3 Darklings","floor":35.0,"turns":4.0},{"damage":0.0,"enemies":"3 Shapes","floor":36.0,"turns":4.0},{"damage":19.0,"enemies":"Jaw Worm Horde","floor":41.0,"turns":4.0},{"damage":17,"enemies":"Time Eater","floor":50,"turns":5}],"seed_played":"5717332528758715031","potions_obtained":[{"floor":3.0,"key":"FearPotion"},{"floor":7.0,"key":"Explosive Potion"},{"floor":14.0,"key":"Weak Potion"},{"floor":18.0,"key":"Energy Potion"},{"floor":31.0,"key":"Fire Potion"},{"floor":41.0,"key":"Block Potion"}],"is_trial":false,"path_per_floor":["M","?","M","?","T","R","M","$","T","M","R","$","R","M","R","B",null,"M","?","M","M","$","?","M","$","T","R","?","$","?","M","R","B",null,"M","M","?","?","?","R","M","R","T","R","?","?","?","?","R","B",null],"character_chosen":"DEFECT","items_purchased":["Doom and Gloom","Darkness","Redo"],"campfire_rested":1,"item_purchase_floors":[8,12,29],"current_hp_per_floor":[73,66,65,65,79,79,79,79,79,76,76,76,76,62,62,26,89,87,87,85,68,68,68,65,65,65,65,33,33,33,31,31,28,89,76,76,76,76,76,76,57,57,57,82,82,82,82,82,82,65],"gold":337,"neow_bonus":"RANDOM_COMMON_RELIC","is_prod":false,"is_daily":false,"chose_seed":false,"campfire_upgraded":8,"win_rate":0,"timestamp":1560574055,"path_taken":["M","?","M","?","?","R","M","?","T","M","R","$","R","M","R","BOSS","M","?","M","M","$","?","M","$","T","R","?","?","?","M","R","BOSS","M","M","?","?","?","R","M","R","T","R","?","?","?","?","R","BOSS"],"build_version":"2019-01-23","purchased_purges":3,"victory":true,"max_hp_per_floor":[75,75,75,75,89,89,89,89,89,89,89,89,89,89,89,89,89,89,89,89,89,89,89,89,89,89,89,89,89,89,89,89,89,89,89,89,89,85,85,85,85,85,85,85,85,85,85,85,85,85],"card_choices":[{"not_picked":["Barrage","Redo","Sweeping Beam"],"picked":"SKIP","floor":1.0},{"not_picked":["Self Repair","Beam Cell"],"picked":"Loop","floor":3.0},{"not_picked":["Gash","Aggregate"],"picked":"Machine Learning","floor":7.0},{"not_picked":["Steam","Compile Driver"],"picked":"Cold Snap","floor":10.0},{"not_picked":["Darkness","Conserve Battery"],"picked":"Amplify","floor":14.0},{"not_picked":["Creative AI","Machine Learning"],"picked":"Seek","floor":16.0},{"not_picked":["Streamline","Barrage+1"],"picked":"Undo","floor":18.0},{"not_picked":["Rebound","Cold Snap","Heatsinks"],"picked":"SKIP","floor":20.0},{"not_picked":["Compile Driver","Cold Snap","Stack"],"picked":"SKIP","floor":21.0},{"not_picked":["Go for the Eyes","Conserve Battery"],"picked":"Seek","floor":24.0},{"not_picked":["Streamline+1","Hologram","Barrage+1"],"picked":"SKIP","floor":31.0},{"not_picked":["All For One","Creative AI"],"picked":"Seek","floor":33.0},{"not_picked":["Beam Cell"],"picked":"SKIP","floor":35.0},{"not_picked":["White Noise+1"],"picked":"SKIP","floor":36.0},{"not_picked":["Ball Lightning+1"],"picked":"SKIP","floor":41.0}],"player_experience":5237427,"relics_obtained":[{"floor":5.0,"key":"Mango"},{"floor":9.0,"key":"MawBank"},{"floor":26.0,"key":"Letter Opener"},{"floor":43.0,"key":"Mercury Hourglass"},{"floor":48,"key":"Bag of Marbles"}],"event_choices":[{"damage_healed":0.0,"max_hp_gain":0.0,"max_hp_loss":0.0,"gold_gain":0.0,"event_name":"Scrap Ooze","player_choice":"Success","floor":2.0,"gold_loss":0.0,"damage_taken":7.0,"relics_obtained":["Orichalcum"]},{"cards_removed":["Strike_B"],"damage_healed":0.0,"max_hp_gain":0.0,"max_hp_loss":0.0,"gold_gain":0.0,"event_name":"The Cleric","player_choice":"Card Removal","floor":4.0,"gold_loss":50.0,"damage_taken":0.0},{"cards_removed":["Strike_B"],"damage_healed":0.0,"max_hp_gain":0.0,"max_hp_loss":0.0,"gold_gain":0.0,"event_name":"Bonfire Elementals","player_choice":"Offered Basic","floor":19.0,"gold_loss":0.0,"damage_taken":0.0},{"damage_healed":0.0,"max_hp_gain":0.0,"max_hp_loss":0.0,"gold_gain":0.0,"event_name":"Cursed Tome","player_choice":"Ignored","floor":23.0,"gold_loss":0.0,"damage_taken":0.0},{"damage_healed":0.0,"max_hp_gain":0.0,"max_hp_loss":0.0,"gold_gain":270.0,"event_name":"Knowing Skull","player_choice":"GOLD GOLD GOLD ","floor":28.0,"potions_obtained":[],"gold_loss":0.0,"damage_taken":32.0,"cards_obtained":[]},{"cards_removed":["Doom and Gloom"],"damage_healed":0.0,"max_hp_gain":0.0,"max_hp_loss":0.0,"gold_gain":0.0,"event_name":"Back to Basics","player_choice":"Elegance","floor":30.0,"gold_loss":0.0,"damage_taken":0.0},{"damage_healed":0.0,"max_hp_gain":0.0,"max_hp_loss":0.0,"gold_gain":0.0,"event_name":"Mysterious Sphere","player_choice":"Ignored","floor":37.0,"gold_loss":0.0,"damage_taken":0.0},{"damage_healed":0.0,"max_hp_gain":0.0,"max_hp_loss":4.0,"gold_gain":0.0,"event_name":"Winding Halls","player_choice":"Max HP","floor":38.0,"gold_loss":0.0,"damage_taken":0.0},{"damage_healed":0.0,"max_hp_gain":0.0,"max_hp_loss":0.0,"gold_gain":0.0,"event_name":"Tomb of Lord Red Mask","player_choice":"Ignored","floor":39.0,"gold_loss":0.0,"damage_taken":0.0},{"damage_healed":0,"gold_gain":0,"player_choice":"Memory 1","damage_taken":0,"max_hp_gain":0,"max_hp_loss":0,"event_name":"SensoryStone","floor":45,"gold_loss":0},{"cards_removed":["Defend_B"],"damage_healed":0,"gold_gain":0,"player_choice":"Removed Skill","damage_taken":0,"max_hp_gain":0,"max_hp_loss":0,"event_name":"Falling","floor":46,"gold_loss":0},{"damage_healed":0,"gold_gain":0,"player_choice":"Upgrade","damage_taken":0,"relics_obtained":["Mark of the Bloom"],"max_hp_gain":0,"max_hp_loss":0,"event_name":"MindBloom","floor":47,"gold_loss":0,"cards_upgraded":["Defend_B","Cold Snap","Amplify","Undo"]},{"damage_healed":0,"gold_gain":0,"player_choice":"Relic","damage_taken":0,"max_hp_gain":0,"max_hp_loss":0,"event_name":"Wheel of Change","floor":48,"gold_loss":0}],"is_beta":false,"boss_relics":[{"not_picked":["Inserter","Tiny House"],"picked":"Empty Cage"},{"not_picked":["White Beast Statue","FrozenCore"],"picked":"Busted Crown"}],"items_purged_floors":[22,25,29],"is_endless":false,"potions_floor_spawned":[3,7,14,18,31,41],"ascension_level":0}