{"gold_per_floor":[118,118,118,138,54,54,71,71,144,144],"floor_reached":10,"playtime":204,"items_purged":[],"score":112,"play_id":"8f447b9d-e295-47b5-a425-52aa587e98f4","local_time":"20190217183315","is_ascension_mode":true,"campfire_choices":[{"data":"A Thousand Cuts","floor":6.0,"key":"SMITH"},{"data":"Neutralize","floor":8.0,"key":"SMITH"}],"neow_cost":"CURSE","seed_source_timestamp":34511036190931,"circlet_count":0,"master_deck":["AscendersBane","Defend_G","Defend_G","Defend_G","Defend_G","Defend_G","Strike_G","Strike_G","Strike_G","Strike_G","Strike_G","Survivor","Neutralize+1","Normality","A Thousand Cuts+1","Backflip","Deflect+1","Well Laid Plans","Leg Sweep+1"],"special_seed":0,"relics":["Ring of the Snake","Toxic Egg 2","CultistMask","Kunai"],"potions_floor_usage":[10],"damage_taken":[{"damage":4.0,"enemies":"Jaw Worm","floor":1.0,"turns":5.0},{"damage":0.0,"enemies":"2 Louse","floor":4.0,"turns":3.0},{"damage":1.0,"enemies":"Cultist","floor":7.0,"turns":4.0},{"damage":46,"enemies":"Gremlin Nob","floor":10,"turns":6}],"seed_played":"-8758529026666463086","potions_obtained":[{"floor":7.0,"key":"AttackPotion"}],"is_trial":false,"path_per_floor":["M","?","?","M","$","R","M","R","T","E"],"character_chosen":"THE_SILENT","items_purchased":["Well Laid Plans"],"campfire_rested":0,"item_purchase_floors":[5],"current_hp_per_floor":[55,50,50,50,50,50,49,49,49,3],"gold":144,"neow_bonus":"THREE_RARE_CARDS","is_prod":false,"is_daily":false,"chose_seed":false,"campfire_upgraded":2,"win_rate":0,"timestamp":1550399595,"path_taken":["M","?","?","?","$","R","M","R","T","E"],"build_version":"2019-01-23","purchased_purges":0,"victory":false,"max_hp_per_floor":[66,66,66,66,66,66,66,66,66,66],"card_choices":[{"not_picked":["Malaise","Burst"],"picked":"A Thousand Cuts","floor":0.0},{"not_picked":["PiercingWail","Underhanded Strike"],"picked":"Backflip","floor":1.0},{"not_picked":["Bane","Distraction+1"],"picked":"Deflect+1","floor":4.0},{"not_picked":["Underhanded Strike","Riddle With Holes"],"picked":"Leg Sweep+1","floor":7.0}],"player_experience":2874512,"relics_obtained":[{"floor":9.0,"key":"Kunai"}],"event_choices":[{"damage_healed":0.0,"max_hp_gain":0.0,"max_hp_loss":0.0,"gold_gain":0.0,"event_name":"Scrap Ooze","player_choice":"Success","floor":2.0,"gold_loss":0.0,"damage_taken":5.0,"relics_obtained":["Toxic Egg 2"]},{"damage_healed":0.0,"max_hp_gain":0.0,"max_hp_loss":0.0,"gold_gain":0.0,"event_name":"FaceTrader","player_choice":"Trade","floor":3.0,"gold_loss":0.0,"damage_taken":0.0,"relics_obtained":["CultistMask"]}],"is_beta":false,"boss_relics":[],"items_purged_floors":[],"is_endless":false,"potions_floor_spawned":[7],"killed_by":"Gremlin Nob","ascension_level":20}