{"path_per_floor":["M","M","?","$","M","E","R","?","T","R","E","$","?","E","R","B",null,"M","?","M","?","$","E","R","?","T","M","$","$","E","M","R","B",null,"M","?","?","?","M","R","E","R","T","E","M","E","?","?","R","B"],"character_chosen":"THE_SILENT","items_purchased":["Infinite Blades"],"gold_per_floor":[114,129,129,55,70,100,100,100,100,100,130,130,130,160,160,260,260,275,275,290,205,155,185,185,185,185,200,200,150,180,195,195,295,295,310,310,338,338,353,353,383,383,383,413,428,458,458,458,458,458],"floor_reached":51,"campfire_rested":1,"playtime":2440,"current_hp_per_floor":[70,70,70,70,56,55,55,55,55,55,51,51,44,27,27,25,70,68,68,66,66,66,45,45,45,45,35,35,35,38,37,37,27,70,70,70,54,54,54,54,54,54,54,56,56,58,48,48,69,69],"items_purged":["Corpse Explosion","Writhe"],"gold":458,"score":985,"play_id":"f5f427ba-f797-4c62-8aef-6e66e363b53d","local_time":"20180428111919","daily_mods":["Insanity","Time Dilation","Night Terrors"],"is_prod":false,"is_daily":true,"chose_seed":false,"is_ascension_mode":false,"campfire_upgraded":4,"timestamp":1524885559,"path_taken":["M","?","?","$","M","E","R","?","T","R","E","?","?","E","R","BOSS","M","?","M","?","$","E","R","?","T","M","?","$","E","M","R","BOSS","M","?","?","?","M","R","E","R","T","E","M","E","?","?","R","BOSS"],"build_version":"2018-04-26v2","seed_source_timestamp":0,"purchased_purges":2,"victory":true,"master_deck":["After Image+1","Well Laid Plans","A Thousand Cuts","Expertise","Bane","After Image+1","Cloak And Dagger","Quick Slash","Envenom","Riddle With Holes","Heel Hook","Night Terror","A Thousand Cuts","Phantasmal Killer","Calculated Gamble","Corpse Explosion","Unload","Prepared","Deflect","Finisher+1","Leg Sweep","Storm of Steel","Well Laid Plans","Outmaneuver","Tools of the Trade","Flying Knee","Backstab+1","Blade Dance","Phantasmal Killer","PiercingWail","Blur","Dagger Spray","Unload","All Out Attack","Setup","Noxious Fumes","Predator","A Thousand Cuts","Quick Slash","Tactician","Deflect","Setup","Noxious Fumes","Bane","Tools of the Trade","Skewer","Neutralize","Backflip","Caltrops","Infinite Blades+1","Blur","Bullet Time","Dodge and Roll","Deflect+1","Slice","Malaise+1","PiercingWail","Blur","Glass Knife","Quick Slash+1","Slice+1","Well Laid Plans+1","Distraction+1","Endless Agony+1","Panache","Flash of Steel","Trip","Sucker Punch+1"],"max_hp_per_floor":[70,70,70,70,70,70,70,70,70,70,70,70,70,70,70,70,70,70,70,70,70,70,70,70,70,70,70,70,70,70,70,70,70,70,70,70,70,70,70,70,70,70,70,72,72,74,74,74,69,69],"relics":["Ring of the Snake","Girya","Juzu Bracelet","Bottled Flame","Unceasing Top","Tingsha","Black Star","Smiling Mask","Gambling Chip","Ginger","Art of War","Blue Candle","Toolbox","Matryoshka","Philosopher\u0027s Stone","Thread and Needle","Ancient Tea Set","Dream Catcher","Singing Bowl","Turnip","Question Card","Gremlin Horn","Mummified Hand","Bottled Tornado"],"card_choices":[{"not_picked":["Flying Knee","Finisher"],"picked":"Backflip","floor":1},{"not_picked":["Poisoned Stab","Flying Knee"],"picked":"Caltrops","floor":2},{"not_picked":["Outmaneuver","Catalyst"],"picked":"Blur","floor":11},{"not_picked":["Night Terror","Grand Finale"],"picked":"Bullet Time","floor":16},{"not_picked":["Leg Sweep","Bane"],"picked":"Deflect","floor":20},{"not_picked":["Deadly Poison","Tactician"],"picked":"Slice","floor":23},{"not_picked":["Quick Slash","Poisoned Stab"],"picked":"Malaise","floor":27},{"not_picked":["Dagger Spray","Predator"],"picked":"PiercingWail","floor":30},{"not_picked":["Quick Slash","Flying Knee"],"picked":"Blur","floor":31},{"not_picked":["Wraith Form v2","Tactician"],"picked":"Glass Knife","floor":33},{"not_picked":["Backflip","Bane"],"picked":"Quick Slash","floor":35},{"not_picked":["Dagger Spray","Calculated Gamble"],"picked":"Slice","floor":37},{"not_picked":["Expertise","Blade Dance"],"picked":"Well Laid Plans","floor":39},{"not_picked":["Dodge and Roll","Backflip"],"picked":"Distraction","floor":41},{"not_picked":["Dodge and Roll","Tactician","Dagger Throw"],"picked":"Endless Agony","floor":45},{"not_picked":["Panacea","Mind Blast","Transmutation"],"picked":"Panache","floor":47},{"not_picked":["Swift Strike","Madness","Mind Blast"],"picked":"Flash of Steel","floor":47},{"not_picked":["Thinking Ahead","Blind","Swift Strike"],"picked":"Trip","floor":47},{"not_picked":["Acrobatics","Poisoned Stab","Bane"],"picked":"Sucker Punch","floor":49}],"player_experience":442442,"potions_floor_usage":[5,30,33,33,33,41,46,50,50],"damage_taken":[{"damage":0,"enemies":"Cultist","floor":1,"turns":3},{"damage":0,"enemies":"2 Louse","floor":2,"turns":1},{"damage":14,"enemies":"Small Slimes","floor":5,"turns":2},{"damage":1,"enemies":"Gremlin Nob","floor":6,"turns":3},{"damage":4,"enemies":"Lagavulin","floor":11,"turns":5},{"damage":17,"enemies":"3 Sentries","floor":14,"turns":5},{"damage":2,"enemies":"The Guardian","floor":16,"turns":7},{"damage":2,"enemies":"Chosen","floor":18,"turns":4},{"damage":2,"enemies":"Spheric Guardian","floor":20,"turns":3},{"damage":21,"enemies":"Slavers","floor":23,"turns":6},{"damage":10,"enemies":"Snake Plant","floor":27,"turns":3},{"damage":9,"enemies":"Gremlin Leader","floor":30,"turns":5},{"damage":1,"enemies":"Centurion and Healer","floor":31,"turns":5},{"damage":10,"enemies":"Champ","floor":33,"turns":8},{"damage":0,"enemies":"Flame Bruiser 1 Orb","floor":35,"turns":2},{"damage":16,"enemies":"…Ò√ÿ‘≤«Ú","floor":37,"turns":4},{"damage":0,"enemies":"3 Shapes","floor":39,"turns":4},{"damage":0,"enemies":"2 Orb Walkers","floor":41,"turns":4},{"damage":0,"enemies":"Nemesis","floor":44,"turns":1},{"damage":0,"enemies":"Sphere and 2 Shapes","floor":45,"turns":2},{"damage":0,"enemies":"2 Orb Walkers","floor":46,"turns":2},{"damage":0,"enemies":"Donu and Deca","floor":50,"turns":4}],"event_choices":[{"event_name":"Big Fish","player_choice":"Box","floor":3,"damage_taken":0},{"event_name":"Accursed Blacksmith","player_choice":"Forge","floor":8,"damage_taken":0},{"event_name":"Golden Wing","player_choice":"Card Removal","floor":13,"damage_taken":0},{"event_name":"Transmorgrifier","player_choice":"Transform","floor":19,"damage_taken":0},{"event_name":"Addict","player_choice":"Obtained Relic","floor":21,"damage_taken":0},{"event_name":"The Mausoleum","player_choice":"Yes","floor":25,"damage_taken":0},{"event_name":"Mysterious Sphere","player_choice":"Fight","floor":37,"damage_taken":0},{"event_name":"Tomb of Lord Red Mask","player_choice":"Ignored","floor":38,"damage_taken":0},{"event_name":"SensoryStone","player_choice":"Memory 3","floor":47,"damage_taken":0},{"event_name":"The Lab","player_choice":"Got Potions","floor":48,"damage_taken":0}],"boss_relics":[{"not_picked":["Cursed Key","Ectoplasm"],"picked":"Black Star"},{"not_picked":["White Beast Statue","Runic Pyramid"],"picked":"Philosopher\u0027s Stone"}],"potions_floor_spawned":[1,2,14,23,27,30,31,35,41,44],"seed_played":"8797904352761270822","ascension_level":0,"is_trial":false}