{"gold_per_floor":[109,121,11,11,28,28,38,38,38,38,38,38,55,74,74,176,176,188,203,103,123,142,142,154,154,179,192,67,78,78,78,78,173,173,183,200,200,200],"floor_reached":39,"playtime":1036,"items_purged":["Bash","Strike_R","Strike_R"],"score":600,"play_id":"a7f27d77-f143-45c4-a0b5-1ed4fb506493","local_time":"20190713113241","is_ascension_mode":false,"campfire_choices":[{"data":"Searing Blow","floor":6.0,"key":"SMITH"},{"data":"Searing Blow+1","floor":8.0,"key":"SMITH"},{"data":"Searing Blow+2","floor":12.0,"key":"SMITH"},{"data":"Searing Blow+3","floor":15.0,"key":"SMITH"},{"data":"Searing Blow+4","floor":23.0,"key":"SMITH"},{"data":"Searing Blow+5","floor":25.0,"key":"SMITH"},{"data":"Searing Blow+6","floor":30.0,"key":"SMITH"},{"data":"Searing Blow+7","floor":32.0,"key":"SMITH"}],"neow_cost":"NONE","seed_source_timestamp":577975664585,"circlet_count":0,"master_deck":["Inflame","Combust","Searing Blow+8","Impervious","Shrug It Off","Blood for Blood","Shrug It Off","Bloodletting","Rupture","Rage","Dropkick"],"special_seed":0,"relics":["Burning Blood","FaceOfCleric","Mercury Hourglass","Paper Frog","Busted Crown","Strawberry","Pandora\u0027s Box"],"potions_floor_usage":[38,38,38],"damage_taken":[{"damage":6.0,"enemies":"Cultist","floor":1.0,"turns":3.0},{"damage":6.0,"enemies":"Jaw Worm","floor":2.0,"turns":4.0},{"damage":0.0,"enemies":"2 Louse","floor":5.0,"turns":2.0},{"damage":11.0,"enemies":"Gremlin Gang","floor":7.0,"turns":3.0},{"damage":5.0,"enemies":"2 Fungi Beasts","floor":13.0,"turns":3.0},{"damage":12.0,"enemies":"Lots of Slimes","floor":14.0,"turns":2.0},{"damage":22.0,"enemies":"Slime Boss","floor":16.0,"turns":6.0},{"damage":13.0,"enemies":"2 Thieves","floor":18.0,"turns":4.0},{"damage":10.0,"enemies":"Shell Parasite","floor":19.0,"turns":5.0},{"damage":10.0,"enemies":"Centurion and Healer","floor":21.0,"turns":5.0},{"damage":3.0,"enemies":"Snecko","floor":22.0,"turns":4.0},{"damage":2.0,"enemies":"Sentry and Sphere","floor":24.0,"turns":4.0},{"damage":3.0,"enemies":"3 Cultists","floor":27.0,"turns":4.0},{"damage":22.0,"enemies":"Snake Plant","floor":29.0,"turns":5.0},{"damage":58.0,"enemies":"Automaton","floor":33.0,"turns":9.0},{"damage":2.0,"enemies":"3 Shapes","floor":35.0,"turns":4.0},{"damage":3.0,"enemies":"3 Darklings","floor":36.0,"turns":3.0},{"damage":78,"enemies":"Donu and Deca","floor":38,"turns":6}],"seed_played":"8889636185136076295","potions_obtained":[{"floor":1.0,"key":"PowerPotion"},{"floor":7.0,"key":"SteroidPotion"},{"floor":13.0,"key":"LiquidBronze"},{"floor":21.0,"key":"SneckoOil"},{"floor":29.0,"key":"AttackPotion"},{"floor":36.0,"key":"PowerPotion"}],"is_trial":false,"path_per_floor":["M","M","$","?","M","R","M","R","T","$","T","R","M","M","R","B",null,"M","M","$","M","M","R","M","R","T","M","$","M","R","?","R","B",null,"M","M","?","B",null],"character_chosen":"IRONCLAD","items_purchased":["Searing Blow"],"campfire_rested":0,"item_purchase_floors":[3],"current_hp_per_floor":[80,80,80,80,81,81,77,77,77,77,77,77,79,74,74,59,85,79,76,76,73,77,77,82,82,89,93,93,78,78,78,78,27,100,101,102,102,31],"gold":200,"neow_bonus":"TRANSFORM_CARD","is_prod":false,"is_daily":false,"chose_seed":false,"campfire_upgraded":8,"win_rate":0,"timestamp":1562988761,"path_taken":["M","?","$","?","M","R","M","R","T","$","?","R","M","M","R","BOSS","M","?","?","M","M","R","?","R","T","M","$","M","R","?","R","BOSS","M","?","?","BOSS"],"build_version":"2019-07-05","purchased_purges":3,"victory":true,"max_hp_per_floor":[80,80,80,80,81,81,82,82,82,82,82,82,83,84,84,85,85,86,87,87,88,89,89,90,90,97,98,98,99,99,99,99,100,100,101,102,102,103],"card_choices":[{"not_picked":["Intimidate","Clothesline","Havoc"],"picked":"SKIP","floor":1.0},{"not_picked":["Shrug It Off","Armaments"],"picked":"Combust","floor":2.0},{"not_picked":["Perfected Strike","Twin Strike","Dual Wield"],"picked":"SKIP","floor":5.0},{"not_picked":["Havoc","Rupture","Pommel Strike"],"picked":"SKIP","floor":7.0},{"not_picked":["Whirlwind","Double Tap","Heavy Blade"],"picked":"SKIP","floor":13.0},{"not_picked":["Clothesline","Shrug It Off","Body Slam"],"picked":"SKIP","floor":14.0},{"not_picked":["Exhume","Double Tap"],"picked":"Impervious","floor":16.0},{"not_picked":["Shrug It Off"],"picked":"SKIP","floor":18.0},{"not_picked":[],"picked":"Shrug It Off","floor":19.0},{"not_picked":["Dual Wield"],"picked":"SKIP","floor":21.0},{"not_picked":["Bloodletting"],"picked":"SKIP","floor":22.0},{"not_picked":["Dropkick"],"picked":"SKIP","floor":24.0},{"not_picked":["Clothesline"],"picked":"SKIP","floor":27.0},{"not_picked":["Warcry"],"picked":"SKIP","floor":29.0},{"not_picked":["Body Slam"],"picked":"SKIP","floor":35.0},{"not_picked":["Rage"],"picked":"SKIP","floor":36.0}],"player_experience":5717394,"relics_obtained":[{"floor":9.0,"key":"Mercury Hourglass"},{"floor":11.0,"key":"Paper Frog"},{"floor":26.0,"key":"Strawberry"}],"event_choices":[{"damage_healed":0.0,"max_hp_gain":0.0,"max_hp_loss":0.0,"gold_gain":0.0,"event_name":"FaceTrader","player_choice":"Trade","floor":4.0,"gold_loss":0.0,"damage_taken":0.0,"relics_obtained":["FaceOfCleric"]},{"damage_healed":0.0,"max_hp_gain":0.0,"max_hp_loss":0.0,"gold_gain":0.0,"event_name":"Match and Keep!","player_choice":"0 cards matched","floor":31.0,"gold_loss":0.0,"damage_taken":0.0,"cards_obtained":[]},{"damage_healed":0.0,"max_hp_gain":0.0,"max_hp_loss":0.0,"gold_gain":0.0,"event_name":"SecretPortal","player_choice":"Took Portal","floor":37.0,"gold_loss":0.0,"damage_taken":0.0}],"is_beta":false,"boss_relics":[{"not_picked":["Tiny House","Fusion Hammer"],"picked":"Busted Crown"},{"not_picked":["Philosopher\u0027s Stone","Eternal Feather"],"picked":"Pandora\u0027s Box"}],"items_purged_floors":[3,20,28],"is_endless":false,"potions_floor_spawned":[1,7,13,14,21,29,35,36],"ascension_level":0}