{"gold_per_floor":[116,130,130,141,13,13,43,57,57,71,71,88,88,101,101,101],"floor_reached":16,"playtime":528,"items_purged":["Strike_G"],"score":208,"play_id":"53725875-0b01-44a7-aec7-212dd4298582","local_time":"20190116221006","is_ascension_mode":true,"campfire_choices":[{"data":"Flechettes","floor":6.0,"key":"SMITH"},{"data":"Acrobatics","floor":13.0,"key":"SMITH"},{"data":"Acrobatics","floor":15.0,"key":"SMITH"}],"neow_cost":"NONE","seed_source_timestamp":39972945550813,"circlet_count":0,"master_deck":["AscendersBane","Defend_G","Defend_G","Defend_G","Defend_G","Defend_G","Strike_G","Strike_G","Strike_G","Survivor","Neutralize","Flechettes+1","Acrobatics+1","Adrenaline","Parasite","Acrobatics+1"],"special_seed":0,"relics":["Ring of the Snake","NeowsBlessing","Question Card"],"potions_floor_usage":[16,16],"damage_taken":[{"damage":0.0,"enemies":"2 Louse","floor":1.0,"turns":1.0},{"damage":0.0,"enemies":"Jaw Worm","floor":2.0,"turns":1.0},{"damage":0.0,"enemies":"Cultist","floor":4.0,"turns":1.0},{"damage":15.0,"enemies":"Lagavulin","floor":7.0,"turns":4.0},{"damage":29.0,"enemies":"Gremlin Gang","floor":8.0,"turns":5.0},{"damage":0.0,"enemies":"Exordium Thugs","floor":10.0,"turns":3.0},{"damage":1.0,"enemies":"Blue Slaver","floor":12.0,"turns":6.0},{"damage":1.0,"enemies":"3 Louse","floor":14.0,"turns":5.0},{"damage":39,"enemies":"The Guardian","floor":16,"turns":14}],"seed_played":"479192850568381079","potions_obtained":[{"floor":1.0,"key":"EntropicBrew"},{"floor":2.0,"key":"SteroidPotion"},{"floor":7.0,"key":"Regen Potion"},{"floor":8.0,"key":"Poison Potion"},{"floor":14.0,"key":"LiquidBronze"}],"is_trial":false,"path_per_floor":["M","M","?","M","$","R","E","M","T","M","?","M","R","M","R","B"],"character_chosen":"THE_SILENT","items_purchased":["Acrobatics"],"campfire_rested":0,"item_purchase_floors":[5],"current_hp_per_floor":[59,59,52,52,52,52,37,22,22,22,38,37,37,36,36,0],"gold":101,"neow_bonus":"THREE_ENEMY_KILL","is_prod":false,"is_daily":false,"chose_seed":false,"campfire_upgraded":3,"win_rate":0,"timestamp":1547647806,"path_taken":["M","M","?","M","$","R","E","M","T","M","?","M","R","M","R","BOSS"],"build_version":"2019-01-10","purchased_purges":1,"victory":false,"max_hp_per_floor":[66,66,66,66,66,66,66,66,66,66,66,66,66,66,66,66],"card_choices":[{"not_picked":["Underhanded Strike","All Out Attack"],"picked":"Flechettes","floor":1.0},{"not_picked":["Cloak And Dagger","Leg Sweep","Crippling Poison"],"picked":"SKIP","floor":2.0},{"not_picked":["Slice","Poisoned Stab","Outmaneuver"],"picked":"SKIP","floor":4.0},{"not_picked":["Flying Knee","Underhanded Strike","Finisher"],"picked":"SKIP","floor":7.0},{"not_picked":["Blur","Bane","Outmaneuver"],"picked":"Adrenaline","floor":8.0},{"not_picked":["Quick Slash","Choke","Backstab","PiercingWail"],"picked":"SKIP","floor":10.0},{"not_picked":["Dagger Throw","Flying Knee","Quick Slash","Backstab"],"picked":"SKIP","floor":12.0},{"not_picked":["Flying Knee","Reflex","Cloak And Dagger"],"picked":"Acrobatics","floor":14.0}],"player_experience":1962899,"relics_obtained":[{"floor":7.0,"key":"Question Card"}],"event_choices":[{"cards_removed":["Strike_G"],"damage_healed":0.0,"max_hp_gain":0.0,"max_hp_loss":0.0,"gold_gain":0.0,"event_name":"Golden Wing","player_choice":"Card Removal","floor":3.0,"gold_loss":0.0,"damage_taken":7.0},{"damage_healed":16.0,"max_hp_gain":0.0,"max_hp_loss":0.0,"gold_gain":0.0,"event_name":"Mushrooms","player_choice":"Healed and dodged fight","floor":11.0,"gold_loss":0.0,"damage_taken":0.0,"cards_obtained":["Parasite"]}],"is_beta":false,"boss_relics":[],"items_purged_floors":[5],"is_endless":false,"potions_floor_spawned":[1,2,7,8,14],"killed_by":"The Guardian","ascension_level":20}