{"gold_per_floor":[114,0,0,12,24,24,24,24,69,69,89,122,22,52,52,52],"floor_reached":16,"playtime":492,"items_purged":["Strike_G","Strike_G"],"score":216,"play_id":"ccc978a2-dee4-4e2e-89e1-17aafa8c0b10","local_time":"20190319113331","is_ascension_mode":true,"campfire_choices":[{"data":"Predator","floor":8,"key":"SMITH"},{"data":"Poisoned Stab","floor":10,"key":"SMITH"},{"data":"Wraith Form v2","floor":15,"key":"SMITH"}],"neow_cost":"TEN_PERCENT_HP_LOSS","seed_source_timestamp":2664409649158,"circlet_count":0,"master_deck":["AscendersBane","Defend_G","Defend_G","Defend_G","Defend_G","Defend_G","Strike_G","Strike_G","Survivor","Neutralize","Escape Plan","Predator+1","Wraith Form v2+1","Poisoned Stab+1","All Out Attack","Infinite Blades","Grand Finale"],"special_seed":0,"relics":["Ring of the Snake","Thread and Needle","Dodecahedron","PreservedInsect","Centennial Puzzle","Ancient Tea Set"],"potions_floor_usage":[],"damage_taken":[{"damage":13.0,"enemies":"Small Slimes","floor":1.0,"turns":5.0},{"damage":0,"enemies":"Cultist","floor":4,"turns":4},{"damage":0,"enemies":"2 Louse","floor":5,"turns":2},{"damage":0,"enemies":"Blue Slaver","floor":11,"turns":5},{"damage":1,"enemies":"3 Sentries","floor":12,"turns":4},{"damage":4,"enemies":"Gremlin Nob","floor":14,"turns":3},{"damage":0,"enemies":"Hexaghost","floor":16,"turns":2}],"seed_played":"4312555918425510562","potions_obtained":[{"floor":1.0,"key":"Swift Potion"},{"floor":12,"key":"Explosive Potion"}],"is_trial":false,"path_per_floor":["M","$","?","M","M","$","?","R","T","R","M","E","$","E","R","B"],"character_chosen":"THE_SILENT","items_purchased":["Predator"],"campfire_rested":0,"item_purchase_floors":[2],"current_hp_per_floor":[46,46,46,46,46,46,41,41,41,41,41,40,40,36,36,36],"gold":52,"neow_bonus":"ONE_RARE_RELIC","is_prod":false,"is_daily":false,"chose_seed":false,"campfire_upgraded":3,"win_rate":0,"timestamp":1552966411,"path_taken":["M","$","?","M","M","?","?","R","T","R","?","E","?","E","R","BOSS"],"build_version":"2019-01-23","purchased_purges":2,"victory":false,"max_hp_per_floor":[60,60,60,60,60,60,60,60,60,60,60,60,60,60,60,60],"card_choices":[{"not_picked":["PiercingWail","Skewer"],"picked":"Escape Plan","floor":1.0},{"not_picked":["Deflect","Outmaneuver"],"picked":"Poisoned Stab","floor":4},{"not_picked":["Dagger Spray","Quick Slash"],"picked":"All Out Attack","floor":5},{"not_picked":["Quick Slash","Dodge and Roll"],"picked":"Infinite Blades","floor":11},{"not_picked":["Dagger Spray","PiercingWail"],"picked":"Grand Finale","floor":12},{"not_picked":["Finisher","Dodge and Roll","Deflect"],"picked":"SKIP","floor":14}],"player_experience":3710642,"relics_obtained":[{"floor":9,"key":"PreservedInsect"},{"floor":12,"key":"Centennial Puzzle"},{"floor":14,"key":"Ancient Tea Set"}],"event_choices":[{"damage_healed":0,"gold_gain":0,"cards_transformed":["Strike_G"],"player_choice":"Transformed","damage_taken":0,"max_hp_gain":0,"max_hp_loss":0,"event_name":"Transmorgrifier","floor":3,"gold_loss":0,"cards_obtained":["Wraith Form v2"]},{"damage_healed":0,"gold_gain":0,"player_choice":"Success","damage_taken":5,"relics_obtained":["Dodecahedron"],"max_hp_gain":0,"max_hp_loss":0,"event_name":"Scrap Ooze","floor":7,"gold_loss":0}],"is_beta":false,"boss_relics":[],"items_purged_floors":[2,13],"is_endless":false,"potions_floor_spawned":[1,12],"killed_by":"Hexaghost","ascension_level":20}