{"gold_per_floor":[118,129,143,143,155,155,186,186,238,238,238,249,275,112,112,189,189,202,222,23,37,48,48,48],"floor_reached":24,"playtime":724,"items_purged":["Strike_G","Strike_G"],"score":416,"play_id":"d77ad5c9-fe6f-4ec9-9642-df7521d057a8","local_time":"20190324230854","is_ascension_mode":true,"campfire_choices":[{"data":"Bouncing Flask","floor":6.0,"key":"SMITH"},{"data":"Deadly Poison","floor":8.0,"key":"SMITH"},{"data":"Neutralize","floor":10.0,"key":"SMITH"},{"data":"Catalyst","floor":15.0,"key":"SMITH"},{"data":"Acrobatics","floor":23,"key":"SMITH"}],"neow_cost":"NONE","seed_source_timestamp":48083726276494,"circlet_count":0,"master_deck":["AscendersBane","Defend_G","Defend_G","Defend_G","Defend_G","Defend_G","Strike_G","Strike_G","Survivor","Neutralize+1","Deadly Poison+1","Backstab","Backflip","Die Die Die","Bouncing Flask+1","Acrobatics","Catalyst+1","PiercingWail","Acrobatics+1","Madness","PiercingWail+1"],"special_seed":0,"relics":["Ring of the Snake","Mummified Hand","Boot","Vajra","Ancient Tea Set","Sozu"],"potions_floor_usage":[24,24],"damage_taken":[{"damage":1.0,"enemies":"Cultist","floor":1.0,"turns":3.0},{"damage":0.0,"enemies":"2 Louse","floor":2.0,"turns":2.0},{"damage":0.0,"enemies":"Jaw Worm","floor":3.0,"turns":4.0},{"damage":0.0,"enemies":"3 Louse","floor":5.0,"turns":1.0},{"damage":7.0,"enemies":"Lagavulin","floor":7.0,"turns":7.0},{"damage":0.0,"enemies":"Gremlin Gang","floor":12.0,"turns":1.0},{"damage":20.0,"enemies":"3 Sentries","floor":13.0,"turns":6.0},{"damage":2.0,"enemies":"Hexaghost","floor":16.0,"turns":5.0},{"damage":14,"enemies":"Chosen","floor":18,"turns":5},{"damage":6,"enemies":"2 Thieves","floor":19,"turns":4},{"damage":5,"enemies":"Centurion and Healer","floor":21,"turns":8},{"damage":19,"enemies":"Snake Plant","floor":22,"turns":2},{"damage":11,"enemies":"Slavers","floor":24,"turns":4}],"seed_played":"-4456218013456076706","potions_obtained":[{"floor":1.0,"key":"Regen Potion"},{"floor":2.0,"key":"GamblersBrew"},{"floor":3.0,"key":"Fire Potion"},{"floor":16.0,"key":"GhostInAJar"}],"is_trial":false,"path_per_floor":["M","M","M","?","M","R","E","R","T","R","?","M","E","$","R","B",null,"M","M","$","M","M","R","E"],"character_chosen":"THE_SILENT","items_purchased":["Catalyst","Madness"],"campfire_rested":0,"item_purchase_floors":[14,20],"current_hp_per_floor":[58,58,58,58,58,58,51,51,51,51,40,40,20,20,20,18,54,40,34,34,29,10,10,0],"gold":48,"neow_bonus":"THREE_CARDS","is_prod":false,"is_daily":false,"chose_seed":false,"campfire_upgraded":5,"win_rate":0,"timestamp":1553440134,"path_taken":["M","M","?","?","M","R","E","R","T","R","?","M","E","$","R","BOSS","M","M","$","M","M","R","E"],"build_version":"2019-01-23","purchased_purges":2,"victory":false,"max_hp_per_floor":[66,66,66,66,66,66,66,66,66,66,66,66,66,66,66,66,66,66,66,66,66,66,66,66],"card_choices":[{"not_picked":["Acrobatics","Cloak And Dagger"],"picked":"Deadly Poison","floor":0.0},{"not_picked":["Deflect","PiercingWail"],"picked":"Backstab","floor":1.0},{"not_picked":["Cloak And Dagger","Dodge and Roll"],"picked":"Backflip","floor":2.0},{"not_picked":["Dodge and Roll","Dagger Throw"],"picked":"Die Die Die","floor":3.0},{"not_picked":["Slice","Deadly Poison"],"picked":"Bouncing Flask","floor":5.0},{"not_picked":["Skewer","Deadly Poison","Bane"],"picked":"SKIP","floor":7.0},{"not_picked":["Crippling Poison","Dodge and Roll","Dagger Throw"],"picked":"SKIP","floor":12.0},{"not_picked":["Predator","Eviscerate"],"picked":"Acrobatics","floor":13.0},{"not_picked":["Dodge and Roll","Deflect"],"picked":"PiercingWail","floor":18},{"not_picked":["Flying Knee","Prepared"],"picked":"Acrobatics","floor":19},{"not_picked":["Masterful Stab","Deflect","PiercingWail+1"],"picked":"SKIP","floor":21},{"not_picked":["Caltrops+1","All Out Attack"],"picked":"PiercingWail+1","floor":22}],"player_experience":1486482,"relics_obtained":[{"floor":7.0,"key":"Mummified Hand"},{"floor":9.0,"key":"Boot"},{"floor":13.0,"key":"Ancient Tea Set"}],"event_choices":[{"cards_removed":["Strike_G"],"damage_healed":0.0,"max_hp_gain":0.0,"max_hp_loss":0.0,"gold_gain":0.0,"event_name":"Living Wall","player_choice":"Forget","floor":4.0,"gold_loss":0.0,"damage_taken":0.0},{"damage_healed":0.0,"max_hp_gain":0.0,"max_hp_loss":0.0,"gold_gain":0.0,"event_name":"Scrap Ooze","player_choice":"Success","floor":11.0,"gold_loss":0.0,"damage_taken":11.0,"relics_obtained":["Vajra"]}],"is_beta":false,"boss_relics":[{"not_picked":["Calling Bell","Runic Dome"],"picked":"Sozu"}],"items_purged_floors":[14,20],"is_endless":false,"potions_floor_spawned":[1,2,3,16,19,22],"killed_by":"Slavers","ascension_level":20}