{"gold_per_floor":[365,376,391,246,258,258,258,273,299,299,63,83,83,98,98,193,193,205,205,205,10,22,22,34,34,334,62,79,79,111,123,123,224,224,236,7,7,25,25,25,42,42,42,42,42,42,42,42,42,42],"floor_reached":51,"playtime":4325,"items_purged":["Strike_R","Pain","Strike_R","Strike_R"],"score":730,"play_id":"238300cc-239d-4ff8-88a7-ca52ef69e0df","local_time":"20190705185828","is_ascension_mode":false,"campfire_choices":[{"data":"Carnage","floor":6.0,"key":"SMITH"},{"data":"Bash","floor":10.0,"key":"SMITH"},{"data":"Havoc","floor":13.0,"key":"SMITH"},{"data":"Body Slam","floor":15.0,"key":"SMITH"},{"data":"Barricade","floor":23.0,"key":"SMITH"},{"data":"Flame Barrier","floor":25.0,"key":"SMITH"},{"data":"Battle Trance","floor":29.0,"key":"SMITH"},{"data":"Evolve","floor":32.0,"key":"SMITH"},{"data":"Impervious","floor":40.0,"key":"SMITH"},{"data":"Impervious","floor":42,"key":"SMITH"},{"data":"Shrug It Off","floor":44,"key":"SMITH"},{"data":"Fiend Fire","floor":47,"key":"SMITH"},{"data":"Defend_R","floor":49,"key":"SMITH"}],"neow_cost":"PERCENT_DAMAGE","seed_source_timestamp":0,"circlet_count":0,"master_deck":["Strike_R","Defend_R+1","Defend_R","Defend_R","Defend_R","Battle Trance+1","Havoc+1","Carnage+1","Evolve+1","Flame Barrier+1","Fiend Fire+1","Body Slam+1","Shrug It Off+1","Barricade+1","Ghostly","Ghostly","Ghostly","Ghostly","Ghostly","Necronomicurse","Impervious+1","Impervious+1","Feel No Pain+1"],"special_seed":0,"relics":["Burning Blood","WarpedTongs","PreservedInsect","Velvet Choker","Necronomicon","Strange Spoon","Old Coin","Centennial Puzzle","Oddly Smooth Stone","Busted Crown","Red Skull"],"potions_floor_usage":[],"damage_taken":[{"damage":5.0,"enemies":"Jaw Worm","floor":1.0,"turns":5.0},{"damage":3.0,"enemies":"Cultist","floor":2.0,"turns":5.0},{"damage":3.0,"enemies":"Small Slimes","floor":3.0,"turns":3.0},{"damage":5.0,"enemies":"3 Louse","floor":5.0,"turns":4.0},{"damage":2.0,"enemies":"Exordium Thugs","floor":8.0,"turns":3.0},{"damage":4.0,"enemies":"Blue Slaver","floor":12.0,"turns":3.0},{"damage":0.0,"enemies":"3 Louse","floor":14.0,"turns":3.0},{"damage":32.0,"enemies":"The Guardian","floor":16.0,"turns":10.0},{"damage":2.0,"enemies":"3 Byrds","floor":18.0,"turns":5.0},{"damage":2.0,"enemies":"Chosen","floor":22.0,"turns":5.0},{"damage":1.0,"enemies":"Snecko","floor":24.0,"turns":4.0},{"damage":1.0,"enemies":"3 Cultists","floor":28.0,"turns":6.0},{"damage":4.0,"enemies":"Gremlin Leader","floor":30.0,"turns":2.0},{"damage":3.0,"enemies":"Sentry and Sphere","floor":31.0,"turns":5.0},{"damage":3.0,"enemies":"Collector","floor":33.0,"turns":9.0},{"damage":4.0,"enemies":"Orb Walker","floor":35.0,"turns":3.0},{"damage":0.0,"enemies":"3 Shapes","floor":38.0,"turns":4.0},{"damage":0.0,"enemies":"Jaw Worm Horde","floor":41.0,"turns":5.0},{"damage":0,"enemies":"Time Eater","floor":50,"turns":10}],"seed_played":"844006683212611704","potions_obtained":[{"floor":1.0,"key":"Fruit Juice"},{"floor":5.0,"key":"Explosive Potion"},{"floor":8.0,"key":"Poison Potion"},{"floor":24.0,"key":"Poison Potion"},{"floor":30.0,"key":"SpeedPotion"}],"is_trial":false,"path_per_floor":["M","M","M","$","M","R","?","M","T","R","$","M","R","M","R","B",null,"M","?","?","$","M","R","M","R","T","$","M","R","E","M","R","B",null,"M","$","?","M","?","R","M","R","T","R","$","?","R","?","R","B",null],"character_chosen":"IRONCLAD","items_purchased":["Carnage","Fiend Fire","Strange Spoon","Centennial Puzzle","Impervious"],"campfire_rested":0,"item_purchase_floors":[4,11,21,27,36],"current_hp_per_floor":[62,65,68,68,69,69,69,73,73,73,73,75,75,81,81,55,85,85,42,26,26,30,30,35,35,35,35,40,40,42,42,42,42,42,42,42,32,38,38,38,42,42,42,42,42,40,40,40,40,40],"gold":42,"neow_bonus":"TWO_FIFTY_GOLD","is_prod":false,"is_daily":false,"chose_seed":false,"campfire_upgraded":13,"win_rate":0,"timestamp":1562324308,"path_taken":["M","M","M","$","M","R","?","M","T","R","?","M","R","M","R","BOSS","M","?","?","$","M","R","M","R","T","$","M","R","E","M","R","BOSS","M","$","?","M","?","R","?","R","T","R","$","?","R","?","R","BOSS"],"build_version":"2019-07-01","purchased_purges":4,"victory":true,"max_hp_per_floor":[85,85,85,85,85,85,85,85,85,85,85,85,85,85,85,85,85,85,42,42,42,42,42,42,42,42,42,42,42,42,42,42,42,42,42,42,42,42,42,42,42,42,42,42,42,40,40,40,40,40],"card_choices":[{"not_picked":["True Grit","Inflame"],"picked":"Battle Trance","floor":1.0},{"not_picked":["Sentinel","Pommel Strike"],"picked":"Havoc","floor":2.0},{"not_picked":["Dual Wield","Intimidate","Iron Wave"],"picked":"SKIP","floor":3.0},{"not_picked":["Pommel Strike","Heavy Blade"],"picked":"Evolve","floor":5.0},{"not_picked":["Flame Barrier","Sword Boomerang","Pommel Strike"],"picked":"SKIP","floor":8.0},{"not_picked":["Sword Boomerang","Pommel Strike"],"picked":"Flame Barrier","floor":8.0},{"not_picked":["Twin Strike","Headbutt"],"picked":"Body Slam","floor":12.0},{"not_picked":["Perfected Strike","Carnage"],"picked":"Shrug It Off","floor":14.0},{"not_picked":["Limit Break","Berserk"],"picked":"Barricade","floor":16.0},{"not_picked":["Fire Breathing","Blood for Blood","Cleave"],"picked":"SKIP","floor":18.0},{"not_picked":["Thunderclap+1","Cleave+1","Havoc"],"picked":"SKIP","floor":22.0},{"not_picked":["Flex+1","Cleave","Perfected Strike"],"picked":"SKIP","floor":24.0},{"not_picked":["Infernal Blade+1","Headbutt","Cleave"],"picked":"SKIP","floor":28.0},{"not_picked":["Perfected Strike+1","Intimidate","Battle Trance"],"picked":"SKIP","floor":30.0},{"not_picked":["Iron Wave","Infernal Blade","Twin Strike+1"],"picked":"SKIP","floor":31.0},{"not_picked":["Double Tap","Brutality"],"picked":"Impervious","floor":33.0},{"not_picked":["Perfected Strike+1"],"picked":"SKIP","floor":35.0},{"not_picked":["Infernal Blade+1"],"picked":"SKIP","floor":38.0},{"not_picked":[],"picked":"Feel No Pain+1","floor":41}],"player_experience":5696273,"relics_obtained":[{"floor":9.0,"key":"PreservedInsect"},{"floor":20.0,"key":"Necronomicon"},{"floor":26.0,"key":"Old Coin"},{"floor":30.0,"key":"Oddly Smooth Stone"},{"floor":43,"key":"Red Skull"}],"event_choices":[{"damage_healed":0.0,"max_hp_gain":0.0,"max_hp_loss":0.0,"gold_gain":0.0,"event_name":"Accursed Blacksmith","player_choice":"Rummage","floor":7.0,"gold_loss":0.0,"damage_taken":0.0,"relics_obtained":["WarpedTongs"],"cards_obtained":["Pain"]},{"damage_healed":0.0,"max_hp_gain":0.0,"max_hp_loss":43.0,"gold_gain":0.0,"event_name":"Ghosts","player_choice":"Became a Ghost","floor":19.0,"gold_loss":0.0,"damage_taken":0.0,"cards_obtained":["Ghostly","Ghostly","Ghostly","Ghostly","Ghostly"]},{"damage_healed":0.0,"max_hp_gain":0.0,"max_hp_loss":0.0,"gold_gain":0.0,"event_name":"Cursed Tome","player_choice":"Obtained Book","floor":20.0,"gold_loss":0.0,"damage_taken":16.0},{"damage_healed":0.0,"max_hp_gain":0.0,"max_hp_loss":0.0,"gold_gain":0.0,"event_name":"SensoryStone","player_choice":"Memory 3","floor":37.0,"gold_loss":0.0,"damage_taken":10.0},{"cards_removed":["Strike_R"],"damage_healed":0.0,"max_hp_gain":0.0,"max_hp_loss":0.0,"gold_gain":0.0,"event_name":"Bonfire Elementals","player_choice":"Offered Basic","floor":39.0,"gold_loss":0.0,"damage_taken":0.0},{"damage_healed":0,"gold_gain":0,"player_choice":"Max HP","damage_taken":0,"max_hp_gain":0,"max_hp_loss":2,"event_name":"Winding Halls","floor":46,"gold_loss":0},{"cards_removed":["Bash"],"damage_healed":0,"gold_gain":0,"player_choice":"Removed Attack","damage_taken":0,"max_hp_gain":0,"max_hp_loss":0,"event_name":"Falling","floor":48,"gold_loss":0}],"is_beta":false,"boss_relics":[{"not_picked":["Philosopher\u0027s Stone","Ectoplasm"],"picked":"Velvet Choker"},{"not_picked":["Tiny House","Runic Cube"],"picked":"Busted Crown"}],"items_purged_floors":[4,11,27,36],"is_endless":false,"potions_floor_spawned":[1,5,8,24,30,38],"ascension_level":0}