{"gold_per_floor":[11,27,40,58,68,68,92,92,119,119,154,154,168,196,196,291,291,310,326,326,326,100,134,134,166,178,209,221,247,273,312,324,336],"floor_reached":33,"playtime":2370,"items_purged":["Writhe"],"score":460,"play_id":"7a545410-dfec-451e-8576-162b03f9c222","local_time":"20190730015716","is_ascension_mode":true,"campfire_choices":[{"data":"Immolate","floor":6,"key":"SMITH"},{"data":"Whirlwind","floor":8,"key":"SMITH"},{"data":"Power Through","floor":10,"key":"SMITH"},{"data":"Body Slam","floor":12,"key":"SMITH"},{"data":"Rampage","floor":15,"key":"SMITH"},{"floor":24,"key":"REST"},{"data":"Double Tap","floor":28,"key":"SMITH"},{"floor":32,"key":"REST"}],"neow_cost":"NO_GOLD","seed_source_timestamp":823469177850919,"circlet_count":0,"master_deck":["AscendersBane","Strike_R","Strike_R+1","Strike_R+1","Strike_R","Defend_R","Defend_R+1","Defend_R","Defend_R+1","Bash","Immolate+1","Power Through+1","Whirlwind+1","Shrug It Off","Shrug It Off","Battle Trance","Body Slam+1","Ghostly Armor","Rampage+1","Double Tap+1","Pommel Strike","Flame Barrier","Rupture","Inflame+1","Second Wind+1","Metallicize","Evolve","Intimidate+1"],"relics":["Burning Blood","Potion Belt","PreservedInsect","Lantern","Whetstone","Sozu","Dream Catcher","Centennial Puzzle","Regal Pillow","MawBank","Bottled Tornado","War Paint"],"potions_floor_usage":[16,16,23],"damage_taken":[{"damage":1,"enemies":"Cultist","floor":1,"turns":3},{"damage":7,"enemies":"Jaw Worm","floor":2,"turns":5},{"damage":0,"enemies":"Small Slimes","floor":3,"turns":3},{"damage":7,"enemies":"Exordium Wildlife","floor":4,"turns":4},{"damage":0,"enemies":"Lots of Slimes","floor":5,"turns":1},{"damage":2,"enemies":"Lagavulin","floor":11,"turns":7},{"damage":11,"enemies":"Exordium Thugs","floor":13,"turns":4},{"damage":2,"enemies":"3 Sentries","floor":14,"turns":2},{"damage":59,"enemies":"Hexaghost","floor":16,"turns":11},{"damage":2,"enemies":"3 Byrds","floor":18,"turns":3},{"damage":8,"enemies":"Shell Parasite","floor":19,"turns":3},{"damage":40,"enemies":"Gremlin Leader","floor":23,"turns":7},{"damage":24,"enemies":"Slavers","floor":25,"turns":2},{"damage":29,"enemies":"Shelled Parasite and Fungi","floor":27,"turns":4},{"damage":0,"enemies":"Centurion and Healer","floor":29,"turns":4},{"damage":15,"enemies":"Snecko","floor":30,"turns":6},{"damage":90,"enemies":"Champ","floor":33,"turns":11}],"seed_played":"1578966153929009541","potions_obtained":[{"floor":1,"key":"FearPotion"},{"floor":3,"key":"Block Potion"},{"floor":4,"key":"Fire Potion"},{"floor":11,"key":"AttackPotion"}],"is_trial":false,"path_per_floor":["M","M","M","M","M","R","T","R","T","R","E","R","M","E","R","B",null,"M","M","?","?","$","E","R","E","T","M","R","M","M","T","R","B"],"character_chosen":"IRONCLAD","items_purchased":["Centennial Puzzle"],"campfire_rested":2,"item_purchase_floors":[22],"current_hp_per_floor":[77,76,80,79,80,80,80,80,80,80,80,80,75,79,79,26,67,71,69,69,69,69,35,74,56,56,33,33,39,30,30,69,0],"gold":336,"neow_bonus":"THREE_RARE_CARDS","is_prod":false,"is_daily":false,"chose_seed":false,"campfire_upgraded":6,"win_rate":0,"timestamp":1564469836,"path_taken":["M","M","M","M","M","R","?","R","T","R","E","R","?","E","R","BOSS","M","M","?","?","$","E","R","E","T","?","R","M","M","?","R","BOSS"],"build_version":"2019-07-17","purchased_purges":1,"victory":false,"max_hp_per_floor":[80,80,80,80,80,80,80,80,80,80,80,80,80,80,80,80,80,80,80,80,80,80,80,80,80,80,80,80,80,80,80,80,80],"card_choices":[{"not_picked":["Dark Embrace","Offering"],"picked":"Immolate","floor":0},{"not_picked":["Intimidate","Body Slam"],"picked":"Power Through","floor":1},{"not_picked":["Blood for Blood","Iron Wave"],"picked":"Whirlwind","floor":2},{"not_picked":["Carnage","Pummel"],"picked":"Shrug It Off","floor":3},{"not_picked":["Twin Strike","Clothesline"],"picked":"Shrug It Off","floor":4},{"not_picked":["Flex","Shrug It Off"],"picked":"Battle Trance","floor":5},{"not_picked":["Clothesline","Anger"],"picked":"Body Slam","floor":11},{"not_picked":["Combust","Corruption"],"picked":"Ghostly Armor","floor":13},{"not_picked":["Rupture","Body Slam"],"picked":"Rampage","floor":14},{"not_picked":["Reaper","Fiend Fire"],"picked":"Double Tap","floor":16},{"not_picked":["Clash","Uppercut"],"picked":"Pommel Strike","floor":18},{"not_picked":["Headbutt","Infernal Blade"],"picked":"Flame Barrier","floor":19},{"not_picked":["Second Wind+1","Bloodletting"],"picked":"Inflame+1","floor":23},{"not_picked":["Body Slam","Twin Strike"],"picked":"Second Wind+1","floor":24},{"not_picked":["Rupture","Combust","Sword Boomerang"],"picked":"SKIP","floor":25},{"not_picked":["Thunderclap","Armaments"],"picked":"Metallicize","floor":27},{"not_picked":["Thunderclap","Blood for Blood","Corruption+1"],"picked":"SKIP","floor":29},{"not_picked":["Anger","Armaments"],"picked":"Evolve","floor":30},{"not_picked":["Cleave","Sword Boomerang"],"picked":"Intimidate+1","floor":32}],"player_experience":385234,"relics_obtained":[{"floor":7,"key":"Potion Belt"},{"floor":9,"key":"PreservedInsect"},{"floor":11,"key":"Lantern"},{"floor":14,"key":"Whetstone"},{"floor":23,"key":"Regal Pillow"},{"floor":25,"key":"MawBank"},{"floor":26,"key":"Bottled Tornado"},{"floor":31,"key":"War Paint"}],"event_choices":[{"damage_healed":0,"gold_gain":0,"player_choice":"Opened","damage_taken":0,"relics_obtained":["Dream Catcher"],"max_hp_gain":0,"max_hp_loss":0,"event_name":"The Mausoleum","floor":20,"gold_loss":0,"cards_obtained":["Writhe"]},{"damage_healed":0,"gold_gain":0,"cards_transformed":["Strike_R"],"player_choice":"Transformed","damage_taken":0,"max_hp_gain":0,"max_hp_loss":0,"event_name":"Transmorgrifier","floor":21,"gold_loss":0,"cards_obtained":["Rupture"]}],"is_beta":false,"boss_relics":[{"not_picked":["Cursed Key","Tiny House"],"picked":"Sozu"}],"items_purged_floors":[22],"is_endless":false,"potions_floor_spawned":[1,3,4,11,19,23,25,30],"killed_by":"Champ","ascension_level":11}