{"gold_per_floor":[109,123,123,123,123,123,156,5,5,5,23,35,60,74,74,151,151,169,94,94,108,123,123,123],"floor_reached":24,"playtime":595,"items_purged":["Strike_G"],"score":404,"play_id":"3c2dfaa6-3500-4305-a6e1-80cb48e50fec","local_time":"20181112200311","is_ascension_mode":true,"campfire_choices":[{"data":"Neutralize","floor":6,"key":"SMITH"},{"data":"Deadly Poison","floor":10,"key":"SMITH"},{"floor":15,"key":"RECALL"},{"data":"PiercingWail","floor":23,"key":"SMITH"}],"neow_cost":"NONE","seed_source_timestamp":4699665820361,"circlet_count":0,"master_deck":["AscendersBane","Defend_G","Defend_G","Defend_G","Defend_G","Defend_G","Strike_G","Strike_G","Strike_G","Survivor","Neutralize+1","Deadly Poison+1","PiercingWail+1","Deadly Poison+1","Poisoned Stab","Escape Plan","Corpse Explosion"],"relics":["Ring of the Snake","NeowsBlessing","Question Card","Meat on the Bone","Singing Bowl","Shuriken","Runic Pyramid"],"potions_floor_usage":[16,24,24],"damage_taken":[{"damage":0,"enemies":"Cultist","floor":1,"turns":1},{"damage":0,"enemies":"Jaw Worm","floor":2,"turns":1},{"damage":0,"enemies":"Lagavulin","floor":7,"turns":1},{"damage":0,"enemies":"Small Slimes","floor":11,"turns":3},{"damage":0,"enemies":"2 Fungi Beasts","floor":12,"turns":3},{"damage":30,"enemies":"3 Sentries","floor":13,"turns":8},{"damage":8,"enemies":"Exordium Wildlife","floor":14,"turns":5},{"damage":3,"enemies":"Hexaghost","floor":16,"turns":8},{"damage":19,"enemies":"2 Thieves","floor":18,"turns":4},{"damage":1,"enemies":"Chosen","floor":21,"turns":5},{"damage":13,"enemies":"Snake Plant","floor":22,"turns":4},{"damage":44,"enemies":"Gremlin Leader","floor":24,"turns":5}],"seed_played":"5741305395260347650","potions_obtained":[{"floor":1,"key":"Block Potion"},{"floor":14,"key":"Energy Potion"},{"floor":18,"key":"SpeedPotion"},{"floor":21,"key":"Poison Potion"}],"is_trial":false,"path_per_floor":["M","M","?","?","?","R","E","$","T","R","M","M","E","M","R","B",null,"M","?","?","M","M","R","E"],"character_chosen":"THE_SILENT","items_purchased":["Deadly Poison","Poisoned Stab"],"campfire_rested":0,"item_purchase_floors":[8,8],"current_hp_per_floor":[59,59,54,54,54,54,54,54,54,54,56,56,40,46,46,43,65,48,48,27,40,41,41,0],"gold":123,"neow_bonus":"THREE_ENEMY_KILL","is_prod":false,"is_daily":false,"chose_seed":false,"campfire_upgraded":3,"win_rate":0,"timestamp":1542024191,"path_taken":["M","M","?","?","?","R","E","$","T","R","M","M","E","M","R","BOSS","M","?","?","M","M","R","E"],"build_version":"2018-11-08","purchased_purges":1,"victory":false,"max_hp_per_floor":[66,66,66,66,66,66,66,66,66,66,68,68,70,72,72,72,72,74,74,79,81,83,83,83],"card_choices":[{"not_picked":["Well Laid Plans","Slice"],"picked":"Deadly Poison","floor":1},{"not_picked":["Dagger Spray","Expertise","Underhanded Strike"],"picked":"SKIP","floor":2},{"not_picked":["Setup","Masterful Stab","Predator"],"picked":"PiercingWail","floor":7},{"not_picked":["Dagger Throw","Slice","All Out Attack","Deflect"],"picked":"Singing Bowl","floor":11},{"not_picked":["PiercingWail","Expertise","Slice"],"picked":"Escape Plan","floor":12},{"not_picked":["PiercingWail","Poisoned Stab","Deflect","Choke"],"picked":"Singing Bowl","floor":13},{"not_picked":["Dodge and Roll","Tactician","Flying Knee","Outmaneuver"],"picked":"Singing Bowl","floor":14},{"not_picked":["Night Terror","Grand Finale","Adrenaline"],"picked":"Corpse Explosion","floor":16},{"not_picked":["Cloak And Dagger","Dodge and Roll+1","Sucker Punch+1","Dagger Throw"],"picked":"Singing Bowl","floor":18},{"not_picked":["Flying Knee","Underhanded Strike","Leg Sweep+1","Backflip"],"picked":"Singing Bowl","floor":21},{"not_picked":["Heel Hook","Deadly Poison","Choke","Burst"],"picked":"Singing Bowl","floor":22}],"player_experience":1032190,"relics_obtained":[{"floor":7,"key":"Meat on the Bone"},{"floor":9,"key":"Singing Bowl"},{"floor":13,"key":"Shuriken"}],"event_choices":[{"damage_healed":0,"gold_gain":0,"player_choice":"Success","damage_taken":5,"relics_obtained":["Question Card"],"max_hp_gain":0,"max_hp_loss":0,"event_name":"Scrap Ooze","floor":3,"gold_loss":0},{"damage_healed":0,"gold_gain":0,"player_choice":"Ignored","damage_taken":0,"max_hp_gain":0,"max_hp_loss":0,"event_name":"Liars Game","floor":4,"gold_loss":0},{"damage_healed":0,"gold_gain":0,"player_choice":"Grow","damage_taken":0,"max_hp_gain":0,"max_hp_loss":0,"event_name":"Living Wall","floor":5,"gold_loss":0,"cards_upgraded":["Deadly Poison"]},{"cards_removed":["Strike_G"],"damage_healed":0,"gold_gain":0,"player_choice":"Gave Gold","damage_taken":0,"max_hp_gain":0,"max_hp_loss":0,"event_name":"Beggar","floor":19,"gold_loss":75},{"damage_healed":0,"gold_gain":0,"player_choice":"Shed Blood","damage_taken":26,"max_hp_gain":5,"max_hp_loss":0,"event_name":"Forgotten Altar","floor":20,"gold_loss":0}],"is_beta":true,"boss_relics":[{"not_picked":["White Beast Statue","Calling Bell"],"picked":"Runic Pyramid"}],"items_purged_floors":[8],"is_endless":false,"potions_floor_spawned":[1,14,18,21],"killed_by":"Gremlin Leader","ascension_level":15}