{"gold_per_floor":[118,118,118,118,138,138,138,49,49,49,49,49,49,82,82,178,178,196,216,240,240,29,29],"floor_reached":23,"playtime":411,"items_purged":[],"score":420,"play_id":"0ed85398-94ff-4cf7-b48c-4b5cacbc02a5","local_time":"20190310021926","is_ascension_mode":true,"campfire_choices":[{"data":"Sunder","floor":6,"key":"SMITH"},{"data":"Zap","floor":12,"key":"SMITH"},{"data":"Consume","floor":15,"key":"SMITH"}],"neow_cost":"NONE","seed_source_timestamp":0,"circlet_count":0,"master_deck":["AscendersBane","Zap+1","Dualcast","Consume+1","Sunder+1","Discovery+1","Core Surge","White Noise","Tempest","Loop","Skim","Turbo","Turbo","Steam Power","Streamline","Hologram"],"relics":["Cracked Core","NeowsBlessing","Golden Idol","Strawberry","Pandora\u0027s Box","Medical Kit"],"potions_floor_usage":[16,20],"damage_taken":[{"damage":0,"enemies":"Cultist","floor":1,"turns":1},{"damage":0,"enemies":"2 Louse","floor":5,"turns":1},{"damage":0,"enemies":"Lagavulin","floor":14,"turns":1},{"damage":12,"enemies":"The Guardian","floor":16,"turns":12},{"damage":40,"enemies":"3 Byrds","floor":18,"turns":4},{"damage":0,"enemies":"Chosen","floor":19,"turns":3},{"damage":12,"enemies":"Snake Plant","floor":20,"turns":2},{"damage":9,"enemies":"Centurion and Healer","floor":23,"turns":2}],"seed_played":"-5459438831790487675","potions_obtained":[{"floor":1,"key":"Weak Potion"},{"floor":18,"key":"Block Potion"}],"is_trial":false,"path_per_floor":["M","$","?","?","M","R","?","$","T","?","$","R","$","E","R","B",null,"M","M","M","?","$","M"],"character_chosen":"DEFECT","items_purchased":["Discovery","Medical Kit"],"campfire_rested":0,"item_purchase_floors":[8,22],"current_hp_per_floor":[64,64,43,43,43,43,43,43,43,43,43,43,43,50,50,38,63,23,23,11,11,11,2],"gold":29,"neow_bonus":"THREE_ENEMY_KILL","is_prod":false,"is_daily":false,"chose_seed":true,"campfire_upgraded":3,"win_rate":0,"timestamp":1552155566,"path_taken":["M","?","?","?","?","R","?","$","T","?","$","R","?","E","R","BOSS","M","?","M","?","$","M"],"build_version":"2019-01-23","purchased_purges":0,"victory":false,"max_hp_per_floor":[71,71,71,64,64,64,64,64,64,64,64,64,64,71,71,71,71,71,71,71,71,71,71],"card_choices":[{"not_picked":["Steam","Go for the Eyes"],"picked":"Consume","floor":1},{"not_picked":["Compile Driver","Turbo"],"picked":"Sunder","floor":5},{"not_picked":["Genetic Algorithm","Sunder","Amplify"],"picked":"SKIP","floor":14},{"not_picked":["Electrodynamics","Reboot"],"picked":"Core Surge","floor":16},{"not_picked":["Stack","Rebound"],"picked":"Hologram","floor":18},{"not_picked":["Hologram","Doom and Gloom","Gash"],"picked":"SKIP","floor":19},{"not_picked":["Stack","Rebound","Gash"],"picked":"SKIP","floor":20}],"player_experience":1176835,"relics_obtained":[{"floor":14,"key":"Strawberry"}],"event_choices":[{"damage_healed":0,"gold_gain":0,"player_choice":"Entered Light","damage_taken":21,"max_hp_gain":0,"max_hp_loss":0,"event_name":"Shining Light","floor":3,"gold_loss":0,"cards_upgraded":["Defend_B","Defend_B"]},{"damage_healed":0,"gold_gain":0,"player_choice":"Lose Max HP","damage_taken":0,"relics_obtained":["Golden Idol"],"max_hp_gain":0,"max_hp_loss":7,"event_name":"Golden Idol","floor":4,"gold_loss":0},{"damage_healed":0,"gold_gain":0,"player_choice":"Searched \u00270\u0027 times","damage_taken":0,"max_hp_gain":0,"max_hp_loss":0,"event_name":"Dead Adventurer","floor":7,"gold_loss":0},{"damage_healed":0,"gold_gain":0,"player_choice":"Grow","damage_taken":0,"max_hp_gain":0,"max_hp_loss":0,"event_name":"Living Wall","floor":10,"gold_loss":0,"cards_upgraded":["Discovery"]},{"damage_healed":0,"gold_gain":0,"player_choice":"Ignored","damage_taken":0,"max_hp_gain":0,"max_hp_loss":0,"event_name":"The Mausoleum","floor":21,"gold_loss":0}],"is_beta":false,"boss_relics":[{"not_picked":["Runic Pyramid","Busted Crown"],"picked":"Pandora\u0027s Box"}],"items_purged_floors":[],"is_endless":false,"potions_floor_spawned":[1,18],"killed_by":"Centurion and Healer","ascension_level":20}