{"gold_per_floor":[117,117,141,41,41,41,75,91,140,140,153,173,173],"floor_reached":13,"playtime":170,"items_purged":["Strike_G"],"score":216,"play_id":"578a7474-0a08-4d18-be52-41bc6c45b988","local_time":"20181118003014","is_ascension_mode":true,"campfire_choices":[{"data":"Neutralize","floor":6,"key":"SMITH"}],"neow_cost":"NONE","seed_source_timestamp":1518014617940243,"circlet_count":0,"master_deck":["AscendersBane","Defend_G","Defend_G","Defend_G","Defend_G","Defend_G","Strike_G","Strike_G","Strike_G","Survivor","Neutralize+1","Backflip","Choke","Well Laid Plans","Calculated Gamble","Blade Dance"],"relics":["Ring of the Snake","NeowsBlessing","Golden Idol","Vajra","Dream Catcher","PreservedInsect"],"potions_floor_usage":[],"damage_taken":[{"damage":0,"enemies":"2 Louse","floor":1,"turns":1},{"damage":0,"enemies":"Lagavulin","floor":7,"turns":1},{"damage":0,"enemies":"Jaw Worm","floor":8,"turns":1},{"damage":0,"enemies":"Cultist","floor":11,"turns":3},{"damage":1,"enemies":"Blue Slaver","floor":12,"turns":4},{"damage":0,"enemies":"The Mushroom Lair","floor":13,"turns":2}],"seed_played":"4303073974459451628","potions_obtained":[],"is_trial":false,"path_per_floor":["M","?","T","$","?","R","E","M","T","?","M","M","?"],"character_chosen":"THE_SILENT","items_purchased":["Backflip"],"campfire_rested":0,"item_purchase_floors":[4],"current_hp_per_floor":[59,36,36,36,36,36,36,36,36,41,41,40,40],"gold":173,"neow_bonus":"THREE_ENEMY_KILL","is_prod":false,"is_daily":false,"chose_seed":false,"campfire_upgraded":1,"win_rate":0,"timestamp":1542472214,"path_taken":["M","?","?","$","?","R","E","?","T","?","M","M","?"],"build_version":"2018-11-15","purchased_purges":1,"victory":false,"max_hp_per_floor":[66,66,66,66,66,66,66,66,66,71,71,71,71],"card_choices":[{"not_picked":["PiercingWail","Dagger Throw","Cloak And Dagger"],"picked":"SKIP","floor":1},{"not_picked":["Setup","Dash"],"picked":"Well Laid Plans","floor":7},{"not_picked":["PiercingWail","Dagger Spray","Outmaneuver"],"picked":"SKIP","floor":8},{"not_picked":["Underhanded Strike","Outmaneuver"],"picked":"Calculated Gamble","floor":11},{"not_picked":["Prepared","Infinite Blades"],"picked":"Blade Dance","floor":12}],"player_experience":522593,"relics_obtained":[{"floor":3,"key":"Vajra"},{"floor":7,"key":"Dream Catcher"},{"floor":9,"key":"PreservedInsect"}],"event_choices":[{"damage_healed":0,"gold_gain":0,"player_choice":"Take Damage","damage_taken":23,"relics_obtained":["Golden Idol"],"max_hp_gain":0,"max_hp_loss":0,"event_name":"Golden Idol","floor":2,"gold_loss":0},{"damage_healed":0,"gold_gain":0,"cards_transformed":["Strike_G"],"player_choice":"Transformed","damage_taken":0,"max_hp_gain":0,"max_hp_loss":0,"event_name":"Transmorgrifier","floor":5,"gold_loss":0,"cards_obtained":["Choke"]},{"damage_healed":0,"gold_gain":0,"player_choice":"Donut","damage_taken":0,"max_hp_gain":5,"max_hp_loss":0,"event_name":"Big Fish","floor":10,"gold_loss":0},{"damage_healed":0,"gold_gain":0,"player_choice":"Fought Mushrooms","damage_taken":0,"max_hp_gain":0,"max_hp_loss":0,"event_name":"Mushrooms","floor":13,"gold_loss":0}],"is_beta":true,"boss_relics":[],"items_purged_floors":[4],"is_endless":false,"potions_floor_spawned":[],"killed_by":"The Mushroom Lair","ascension_level":20}