{"gold_per_floor":[15,31,44,64,64,64,94,54,54,64,90,90,90,108,108,108],"floor_reached":16,"playtime":2188,"items_purged":[],"score":173,"play_id":"26da21a5-f9b8-4fcb-b40c-99326b65f6f5","local_time":"20190727160235","is_ascension_mode":true,"campfire_choices":[{"data":"Cleave","floor":6,"key":"SMITH"},{"data":"Metallicize","floor":13,"key":"SMITH"},{"data":"Heavy Blade","floor":15,"key":"SMITH"}],"neow_cost":"NO_GOLD","seed_source_timestamp":0,"circlet_count":0,"master_deck":["Strike_R","Strike_R","Strike_R","Strike_R","Strike_R","Defend_R","Defend_R","Defend_R","Defend_R","Bash","Heavy Blade","Cleave+1","Metallicize+1","Heavy Blade+1","Infernal Blade","True Grit","Offering","Feed","True Grit"],"special_seed":0,"relics":["Burning Blood","Odd Mushroom","Vajra","Dodecahedron"],"potions_floor_usage":[7,7,11,16,16,16,16],"damage_taken":[{"damage":3,"enemies":"2 Louse","floor":1,"turns":4},{"damage":3,"enemies":"Jaw Worm","floor":2,"turns":5},{"damage":1,"enemies":"Cultist","floor":3,"turns":3},{"damage":9,"enemies":"Looter","floor":4,"turns":5},{"damage":0,"enemies":"The Mushroom Lair","floor":7,"turns":2},{"damage":12,"enemies":"Exordium Thugs","floor":10,"turns":3},{"damage":32,"enemies":"3 Sentries","floor":11,"turns":8},{"damage":9,"enemies":"Blue Slaver","floor":14,"turns":4},{"damage":64,"enemies":"The Guardian","floor":16,"turns":13}],"seed_played":"-3092789452456881918","potions_obtained":[{"floor":1,"key":"Fire Potion"},{"floor":4,"key":"Strength Potion"},{"floor":8,"key":"EntropicBrew"},{"floor":8,"key":"SteroidPotion"},{"floor":8,"key":"Energy Potion"},{"floor":10,"key":"EssenceOfSteel"}],"is_trial":false,"path_per_floor":["M","M","M","M","?","R","?","?","T","M","E","?","R","M","R","B"],"character_chosen":"IRONCLAD","items_purchased":[],"campfire_rested":0,"item_purchase_floors":[],"current_hp_per_floor":[91,94,96,93,93,93,96,96,96,90,64,64,64,64,64,0],"gold":108,"neow_bonus":"TWENTY_PERCENT_HP_BONUS","is_prod":false,"is_daily":false,"chose_seed":false,"campfire_upgraded":3,"win_rate":0,"timestamp":1564261355,"path_taken":["M","M","M","M","?","R","?","?","T","?","E","?","R","M","R","BOSS"],"build_version":"2019-07-17","purchased_purges":0,"victory":false,"max_hp_per_floor":[96,96,96,96,96,96,96,96,96,96,96,96,96,99,99,99],"card_choices":[{"not_picked":["Second Wind","Sentinel"],"picked":"Heavy Blade","floor":1},{"not_picked":["Anger","Sword Boomerang"],"picked":"Cleave","floor":2},{"not_picked":["Havoc","Clothesline"],"picked":"Metallicize","floor":3},{"not_picked":["Havoc","Clothesline"],"picked":"Heavy Blade","floor":4},{"not_picked":["Power Through","Wild Strike"],"picked":"Infernal Blade","floor":7},{"not_picked":["Clothesline","Thunderclap"],"picked":"True Grit","floor":10},{"not_picked":["Thunderclap","Anger"],"picked":"Offering","floor":11},{"not_picked":["Flex","Sword Boomerang"],"picked":"True Grit","floor":14}],"player_experience":339894,"relics_obtained":[{"floor":7,"key":"Odd Mushroom"},{"floor":9,"key":"Vajra"},{"floor":11,"key":"Dodecahedron"}],"event_choices":[{"damage_healed":0,"gold_gain":0,"player_choice":"Ignored","damage_taken":0,"max_hp_gain":0,"max_hp_loss":0,"event_name":"Liars Game","floor":5,"gold_loss":0},{"damage_healed":0,"gold_gain":0,"player_choice":"Fought Mushrooms","damage_taken":0,"max_hp_gain":0,"max_hp_loss":0,"event_name":"Mushrooms","floor":7,"gold_loss":0},{"damage_healed":0,"gold_gain":0,"player_choice":"Bought 3 Potions","damage_taken":0,"max_hp_gain":0,"max_hp_loss":0,"event_name":"The Woman in Blue","floor":8,"gold_loss":0},{"damage_healed":0,"gold_gain":0,"player_choice":"1 cards matched","damage_taken":0,"max_hp_gain":0,"max_hp_loss":0,"event_name":"Match and Keep!","floor":12,"gold_loss":0,"cards_obtained":["Feed"]}],"is_beta":false,"boss_relics":[],"items_purged_floors":[],"is_endless":false,"potions_floor_spawned":[1,4,10],"killed_by":"The Guardian","ascension_level":9}