{"gold_per_floor":[113,113,388,401,415,126,155,155,179,179,254,282,103,103,103,180,180,156,156,78,97,107,107,119,147,147,147,147,160,36,55,55,131,131,148,201,201,221,271,302,316,333,360,373,373,388,407,348,348,348],"floor_reached":51,"playtime":4647,"items_purged":["Regret","Injury"],"score":1475,"play_id":"7e8d2774-eb23-4ef4-9439-bde7482d835e","local_time":"20181013112053","is_ascension_mode":true,"campfire_choices":[{"floor":8,"key":"REST"},{"floor":10,"key":"REST"},{"data":"Bouncing Flask","floor":15,"key":"SMITH"},{"floor":23,"key":"REST"},{"floor":28,"key":"REST"},{"floor":32,"key":"REST"},{"floor":49,"key":"REST"}],"neow_cost":"CURSE","seed_source_timestamp":4506233162708,"circlet_count":0,"master_deck":["Defend_G+1","Defend_G+1","Defend_G+1","Defend_G+1","Defend_G+1","Strike_G+1","Strike_G+1","Strike_G+1","Strike_G+1","Strike_G+1","Survivor+1","Neutralize+1","AscendersBane","Adrenaline+1","Leg Sweep+1","Footwork+1","Bouncing Flask+1","Footwork+1","Well Laid Plans+1","Night Terror+1","Acrobatics+1","Ghostly+1","Ghostly+1","Ghostly+1","Ghostly+1","Ghostly+1","Well Laid Plans+1","Well Laid Plans+1","Backflip+1","Dodge and Roll+1","Noxious Fumes+1","Leg Sweep+1","Noxious Fumes+1","Wraith Form v2+1","Sucker Punch+1","Calculated Gamble+1","Footwork","Concentrate","Crippling Poison+1"],"relics":["Ring of the Snake","Oddly Smooth Stone","Centennial Puzzle","Anchor","Bronze Scales","Fusion Hammer","PreservedInsect","Torii","Runic Pyramid","StoneCalendar","Mark of the Bloom","Pear","Pen Nib"],"potions_floor_usage":[16,24],"damage_taken":[{"damage":2,"enemies":"2 Louse","floor":1,"turns":4},{"damage":20,"enemies":"Jaw Worm","floor":4,"turns":9},{"damage":4,"enemies":"Small Slimes","floor":5,"turns":4},{"damage":22,"enemies":"Gremlin Nob","floor":7,"turns":5},{"damage":8,"enemies":"Lagavulin","floor":12,"turns":8},{"damage":19,"enemies":"Slime Boss","floor":16,"turns":14},{"damage":0,"enemies":"2 Thieves","floor":18,"turns":4},{"damage":0,"enemies":"Shell Parasite","floor":21,"turns":5},{"damage":1,"enemies":"Chosen and Byrds","floor":22,"turns":8},{"damage":0,"enemies":"3 Cultists","floor":24,"turns":8},{"damage":0,"enemies":"Book of Stabbing","floor":25,"turns":8},{"damage":0,"enemies":"Snake Plant","floor":29,"turns":4},{"damage":0,"enemies":"Centurion and Healer","floor":31,"turns":10},{"damage":4,"enemies":"Collector","floor":33,"turns":9},{"damage":0,"enemies":"3 Darklings","floor":35,"turns":8},{"damage":0,"enemies":"Mysterious Sphere","floor":36,"turns":6},{"damage":0,"enemies":"Orb Walker","floor":38,"turns":6},{"damage":0,"enemies":"2 Orb Walkers","floor":40,"turns":7},{"damage":0,"enemies":"Maw","floor":41,"turns":8},{"damage":0,"enemies":"4 Shapes","floor":42,"turns":6},{"damage":0,"enemies":"Transient","floor":44,"turns":6},{"damage":0,"enemies":"3 Darklings","floor":46,"turns":7},{"damage":0,"enemies":"4 Shapes","floor":47,"turns":5},{"damage":0,"enemies":"Time Eater","floor":50,"turns":13}],"seed_played":"7741234742714084291","potions_obtained":[{"floor":4,"key":"Weak Potion"},{"floor":5,"key":"SteroidPotion"},{"floor":22,"key":"Fire Potion"},{"floor":24,"key":"SneckoOil"},{"floor":25,"key":"Ancient Potion"},{"floor":41,"key":"SteroidPotion"}],"is_trial":false,"path_per_floor":["M","?","?","M","M","$","E","R","T","R","?","E","$","?","R","B",null,"M","?","$","M","M","R","M","E","T","?","R","M","$","M","R","B",null,"M","?","?","M","?","E","M","M","T","M","?","M","M","$","R","B"],"character_chosen":"THE_SILENT","items_purchased":["Bouncing Flask","Oddly Smooth Stone","Well Laid Plans","Well Laid Plans","Noxious Fumes","Leg Sweep","Swift Potion"],"campfire_rested":6,"item_purchase_floors":[6,6,13,20,30,30,48],"current_hp_per_floor":[57,57,57,37,33,33,11,30,30,49,38,30,30,30,30,11,52,52,33,33,33,32,33,33,33,33,33,33,33,33,33,33,29,32,32,32,32,32,32,32,32,32,32,32,32,32,32,32,32,32],"gold":348,"neow_bonus":"THREE_RARE_CARDS","is_prod":false,"is_daily":false,"chose_seed":false,"campfire_upgraded":1,"win_rate":0,"timestamp":1539400853,"path_taken":["M","?","?","?","M","$","E","R","T","R","?","E","$","?","R","BOSS","M","?","$","M","M","R","?","E","T","?","R","?","$","M","R","BOSS","M","?","?","?","?","E","M","M","T","M","?","M","M","$","R","BOSS"],"build_version":"2018-10-11","purchased_purges":2,"victory":true,"max_hp_per_floor":[66,66,66,66,66,66,66,66,66,66,66,66,66,66,66,66,66,66,33,33,33,33,33,33,33,33,33,33,33,33,33,33,33,33,33,33,33,33,33,43,43,43,43,43,41,41,41,41,41,41],"card_choices":[{"not_picked":["Grand Finale","Unload"],"picked":"Adrenaline","floor":0},{"not_picked":["Flechettes","Accuracy"],"picked":"Leg Sweep","floor":1},{"not_picked":["Bane","Dodge and Roll"],"picked":"Footwork","floor":4},{"not_picked":["Acrobatics","Infinite Blades","Blade Dance"],"picked":"SKIP","floor":5},{"not_picked":["PiercingWail","Finisher","Accuracy"],"picked":"SKIP","floor":7},{"not_picked":["Cloak And Dagger","Quick Slash"],"picked":"Footwork","floor":12},{"not_picked":["Unload","Malaise"],"picked":"Night Terror","floor":16},{"not_picked":["Reflex","PiercingWail"],"picked":"Acrobatics+1","floor":18},{"not_picked":["Riddle With Holes","Backstab"],"picked":"Well Laid Plans","floor":21},{"not_picked":["Tactician","Reflex"],"picked":"Backflip","floor":22},{"not_picked":["Prepared","Underhanded Strike"],"picked":"Dodge and Roll","floor":24},{"not_picked":["Caltrops","Dagger Spray+1","Slice"],"picked":"SKIP","floor":25},{"not_picked":["Dagger Spray","Poisoned Stab","Flying Knee"],"picked":"SKIP","floor":29},{"not_picked":["Dagger Spray","Poisoned Stab","Flying Knee"],"picked":"SKIP","floor":29},{"not_picked":["Prepared","Distraction"],"picked":"Noxious Fumes","floor":31},{"not_picked":["Unload","Grand Finale"],"picked":"Wraith Form v2","floor":33},{"not_picked":["Prepared","Terror"],"picked":"Sucker Punch+1","floor":35},{"not_picked":["Quick Slash+1","Distraction+1"],"picked":"Calculated Gamble+1","floor":36},{"not_picked":["Acrobatics","Dagger Throw","Expertise"],"picked":"SKIP","floor":38},{"not_picked":["Bouncing Flask","A Thousand Cuts","Blade Dance"],"picked":"SKIP","floor":40},{"not_picked":["Blur","Sucker Punch"],"picked":"Footwork","floor":41},{"not_picked":["Cloak And Dagger+1","Acrobatics","Poisoned Stab"],"picked":"SKIP","floor":42},{"not_picked":["Bane","Infinite Blades"],"picked":"Concentrate","floor":44},{"not_picked":["Prepared","Cloak And Dagger+1"],"picked":"Crippling Poison+1","floor":46},{"not_picked":["Distraction","Sucker Punch","Unload"],"picked":"SKIP","floor":47}],"player_experience":144687,"relics_obtained":[{"floor":7,"key":"Centennial Puzzle"},{"floor":9,"key":"Anchor"},{"floor":12,"key":"Bronze Scales"},{"floor":25,"key":"PreservedInsect"},{"floor":26,"key":"Torii"},{"floor":36,"key":"StoneCalendar"},{"floor":40,"key":"Pear"},{"floor":43,"key":"Pen Nib"}],"event_choices":[{"event_name":"Scrap Ooze","player_choice":"unsuccessful","floor":2,"damage_taken":0},{"event_name":"Golden Shrine","player_choice":"Desecrate","floor":3,"damage_taken":0},{"event_name":"World of Goop","player_choice":"Gather Gold","floor":11,"damage_taken":0},{"event_name":"Upgrade Shrine","player_choice":"Upgraded","floor":14,"damage_taken":0},{"event_name":"Ghosts","player_choice":"Became a Ghost","floor":19,"damage_taken":0},{"event_name":"Back to Basics","player_choice":"Simplicity","floor":27,"damage_taken":0},{"event_name":"Mysterious Sphere","player_choice":"Fight","floor":36,"damage_taken":0},{"event_name":"MindBloom","player_choice":"Upgrade","floor":37,"damage_taken":0},{"event_name":"Golden Shrine","player_choice":"Pray","floor":39,"damage_taken":0},{"event_name":"Winding Halls","player_choice":"Max HP","floor":45,"damage_taken":0}],"is_beta":false,"boss_relics":[{"not_picked":["Ring of the Serpent","WristBlade"],"picked":"Fusion Hammer"},{"not_picked":["Coffee Dripper","Black Star"],"picked":"Runic Pyramid"}],"items_purged_floors":[6,13],"is_endless":false,"potions_floor_spawned":[4,5,7,22,24,25,35,41,42,44],"ascension_level":17}