{"gold_per_floor":[362,362,362,44,99,130,41,41,65,65,76,111,111],"floor_reached":13,"playtime":242,"items_purged":["Strike_G"],"score":216,"play_id":"91350342-d264-4838-a7d1-e81fa81b460e","local_time":"20190325131844","is_ascension_mode":true,"campfire_choices":[{"data":"Noxious Fumes","floor":10,"key":"SMITH"}],"neow_cost":"TEN_PERCENT_HP_LOSS","seed_source_timestamp":8185317454956,"circlet_count":0,"master_deck":["AscendersBane","Defend_G","Defend_G","Defend_G","Defend_G","Defend_G","Strike_G","Strike_G+1","Strike_G+1","Strike_G","Survivor","Neutralize+1","Terror","HandOfGreed","Noxious Fumes+1","Bouncing Flask","Heel Hook","Bullet Time"],"special_seed":0,"relics":["Ring of the Snake","PreservedInsect","Lantern"],"potions_floor_usage":[13],"damage_taken":[{"damage":21.0,"enemies":"Jaw Worm","floor":1.0,"turns":5.0},{"damage":0.0,"enemies":"2 Louse","floor":5.0,"turns":4.0},{"damage":0.0,"enemies":"Gremlin Nob","floor":6.0,"turns":2.0},{"damage":0,"enemies":"Cultist","floor":11,"turns":2},{"damage":6,"enemies":"Red Slaver","floor":12,"turns":5},{"damage":14,"enemies":"Lagavulin","floor":13,"turns":4}],"seed_played":"-431175590611104649","potions_obtained":[{"floor":1.0,"key":"Dexterity Potion"}],"is_trial":false,"path_per_floor":["M","?","?","$","M","E","$","?","T","R","M","M","E"],"character_chosen":"THE_SILENT","items_purchased":["HandOfGreed","Fire Potion","Noxious Fumes"],"campfire_rested":0,"item_purchase_floors":[4,4,7],"current_hp_per_floor":[38,20,20,20,20,20,20,20,20,20,20,14,0],"gold":111,"neow_bonus":"TWO_FIFTY_GOLD","is_prod":false,"is_daily":false,"chose_seed":false,"campfire_upgraded":1,"win_rate":0,"timestamp":1553491124,"path_taken":["M","?","?","$","?","E","?","?","T","R","?","M","E"],"build_version":"2019-01-23","purchased_purges":1,"victory":false,"max_hp_per_floor":[60,60,60,60,60,60,60,60,60,60,60,60,60],"card_choices":[{"not_picked":["Acrobatics","Setup"],"picked":"Terror","floor":1.0},{"not_picked":["Blade Dance","PiercingWail","Quick Slash"],"picked":"SKIP","floor":5.0},{"not_picked":["Prepared","Dagger Throw","Sucker Punch"],"picked":"SKIP","floor":6.0},{"not_picked":["Prepared","Sucker Punch"],"picked":"Dagger Throw","floor":6.0},{"not_picked":["Quick Slash","Heel Hook","Flying Knee"],"picked":"SKIP","floor":11},{"not_picked":["Quick Slash","Flying Knee"],"picked":"Heel Hook","floor":11},{"not_picked":["Dagger Spray","Underhanded Strike"],"picked":"Bullet Time","floor":12}],"player_experience":3860187,"relics_obtained":[{"floor":6.0,"key":"PreservedInsect"},{"floor":9,"key":"Lantern"}],"event_choices":[{"damage_healed":0.0,"max_hp_gain":0.0,"max_hp_loss":0.0,"gold_gain":0.0,"event_name":"Shining Light","player_choice":"Entered Light","floor":2.0,"gold_loss":0.0,"damage_taken":18.0,"cards_upgraded":["Strike_G","Strike_G"]},{"damage_healed":0.0,"max_hp_gain":0.0,"max_hp_loss":0.0,"gold_gain":0.0,"event_name":"Upgrade Shrine","player_choice":"Upgraded","floor":3.0,"gold_loss":0.0,"damage_taken":0.0,"cards_upgraded":["Neutralize"]},{"damage_healed":0,"gold_gain":0,"cards_transformed":["Dagger Throw"],"player_choice":"Change","damage_taken":0,"max_hp_gain":0,"max_hp_loss":0,"event_name":"Living Wall","floor":8,"gold_loss":0,"cards_obtained":["Bouncing Flask"]}],"is_beta":false,"boss_relics":[],"items_purged_floors":[4],"is_endless":false,"potions_floor_spawned":[1],"killed_by":"Lagavulin","ascension_level":20}