{"gold_per_floor":[110,21,21,21,46,46,79,79,130,150,170,189,189,202,202,202],"floor_reached":16,"playtime":267,"items_purged":[],"score":254,"play_id":"663085e5-a8fd-44a6-b037-c8e49e85c800","local_time":"20190722223053","is_ascension_mode":true,"campfire_choices":[{"data":"Dagger Spray","floor":6,"key":"SMITH"},{"data":"Calculated Gamble","floor":8,"key":"SMITH"},{"data":"Cloak And Dagger","floor":13,"key":"SMITH"},{"data":"Accuracy","floor":15,"key":"SMITH"}],"neow_cost":"NONE","seed_source_timestamp":333017257680500,"circlet_count":0,"master_deck":["AscendersBane","Strike_G","Strike_G","Strike_G","Strike_G","Strike_G","Defend_G","Defend_G","Defend_G","Defend_G","Defend_G","Survivor","Neutralize+1","Accuracy+1","Dagger Spray+1","Calculated Gamble+1","Choke","Cloak And Dagger+1","Well Laid Plans"],"relics":["Ring of the Snake","NeowsBlessing","Golden Idol","Prayer Wheel"],"potions_floor_usage":[],"damage_taken":[{"damage":0,"enemies":"Small Slimes","floor":1,"turns":1},{"damage":0,"enemies":"Jaw Worm","floor":5,"turns":1},{"damage":0,"enemies":"3 Sentries","floor":7,"turns":1},{"damage":0,"enemies":"Cultist","floor":10,"turns":4},{"damage":0,"enemies":"Lots of Slimes","floor":11,"turns":1},{"damage":7,"enemies":"2 Fungi Beasts","floor":12,"turns":4},{"damage":3,"enemies":"Looter","floor":14,"turns":3},{"damage":51,"enemies":"Slime Boss","floor":16,"turns":7}],"seed_played":"-7177046719355188100","potions_obtained":[{"floor":1,"key":"PowerPotion"},{"floor":5,"key":"SkillPotion"}],"is_trial":false,"path_per_floor":["M","$","?","?","M","R","E","R","T","M","M","M","R","M","R","B"],"character_chosen":"THE_SILENT","items_purchased":["Accuracy"],"campfire_rested":0,"item_purchase_floors":[2],"current_hp_per_floor":[59,59,59,59,59,59,59,59,59,59,59,52,52,49,49,0],"gold":202,"neow_bonus":"THREE_ENEMY_KILL","is_prod":false,"is_daily":false,"chose_seed":false,"campfire_upgraded":4,"win_rate":0,"timestamp":1563805853,"path_taken":["M","$","?","?","M","R","E","R","T","M","M","?","R","M","R","BOSS"],"build_version":"2019-07-17","purchased_purges":0,"victory":false,"max_hp_per_floor":[66,66,60,60,60,60,60,60,60,60,60,60,60,60,60,60],"card_choices":[{"not_picked":["Riddle With Holes","Flying Knee","Bouncing Flask"],"picked":"SKIP","floor":1},{"not_picked":["Prepared","Dagger Throw"],"picked":"Dagger Spray","floor":5},{"not_picked":["Dodge and Roll","Infinite Blades"],"picked":"Calculated Gamble","floor":7},{"not_picked":["Riddle With Holes","Poisoned Stab"],"picked":"Choke","floor":10},{"not_picked":["Dagger Spray","Blur","Dodge and Roll"],"picked":"SKIP","floor":10},{"not_picked":["Slice","Underhanded Strike"],"picked":"Cloak And Dagger","floor":11},{"not_picked":["Sucker Punch","Envenom","Distraction"],"picked":"SKIP","floor":11},{"not_picked":["Slice","Bane","PiercingWail"],"picked":"SKIP","floor":12},{"not_picked":["Sucker Punch","Dagger Throw","Quick Slash"],"picked":"SKIP","floor":12},{"not_picked":["Setup","Deadly Poison"],"picked":"Well Laid Plans","floor":14},{"not_picked":["Underhanded Strike","Poisoned Stab","Bouncing Flask"],"picked":"SKIP","floor":14}],"player_experience":667921,"relics_obtained":[{"floor":7,"key":"Prayer Wheel"}],"event_choices":[{"damage_healed":0,"gold_gain":0,"player_choice":"Lose Max HP","damage_taken":0,"relics_obtained":["Golden Idol"],"max_hp_gain":0,"max_hp_loss":6,"event_name":"Golden Idol","floor":3,"gold_loss":0},{"damage_healed":0,"gold_gain":0,"player_choice":"Upgraded","damage_taken":0,"max_hp_gain":0,"max_hp_loss":0,"event_name":"Upgrade Shrine","floor":4,"gold_loss":0,"cards_upgraded":["Neutralize"]}],"is_beta":false,"boss_relics":[],"items_purged_floors":[],"is_endless":false,"potions_floor_spawned":[1,5],"killed_by":"Slime Boss","ascension_level":20}