{"gold_per_floor":[110,127,140,155,170,170,183,183,183,183,198,218,218,218,218,339,339,359,208,208,108,121,145,145,170,170,170,184,184,208,227,227,350,350,373,373,392,408,283,283,133,133,133,133,133,149,149,168,168,168],"floor_reached":51,"playtime":3188,"items_purged":["Strike_G","Strike_G","Defend_G","Defend_G"],"score":645,"play_id":"34e227f2-3e22-4a22-951e-d7dc0c784da3","local_time":"20181024181436","is_ascension_mode":false,"campfire_choices":[{"data":"Footwork","floor":6.0,"key":"SMITH"},{"data":"Well Laid Plans","floor":8.0,"key":"SMITH"},{"data":"Neutralize","floor":10.0,"key":"SMITH"},{"data":"Deadly Poison","floor":13.0,"key":"SMITH"},{"data":"Backflip","floor":15.0,"key":"SMITH"},{"data":"Well Laid Plans","floor":24.0,"key":"SMITH"},{"data":"Wraith Form v2","floor":27,"key":"SMITH"},{"data":"Survivor","floor":29,"key":"SMITH"},{"data":"Defend_G","floor":32,"key":"SMITH"},{"data":"Grand Finale","floor":40,"key":"SMITH"},{"data":"Defend_G","floor":42,"key":"SMITH"},{"data":"Defend_G","floor":47,"key":"SMITH"},{"data":"Strike_G","floor":49,"key":"SMITH"}],"neow_cost":"NONE","seed_source_timestamp":26696643240869,"circlet_count":0,"master_deck":["Defend_G+1","Defend_G+1","Defend_G+1","Strike_G+1","Strike_G","Strike_G","Survivor+1","Neutralize+1","Footwork+1","Backflip+1","Well Laid Plans+1","Deadly Poison+1","Wraith Form v2+1","Catalyst+1","Well Laid Plans+1","Grand Finale+1","Catalyst+1"],"special_seed":0,"relics":["Ring of the Snake","Sundial","Golden Idol","Cursed Key","Busted Crown"],"potions_floor_usage":[50,50,50],"damage_taken":[{"damage":0.0,"enemies":"Small Slimes","floor":1.0,"turns":4.0},{"damage":0.0,"enemies":"2 Louse","floor":2.0,"turns":3.0},{"damage":2.0,"enemies":"Cultist","floor":3.0,"turns":5.0},{"damage":0.0,"enemies":"Blue Slaver","floor":4.0,"turns":7.0},{"damage":13.0,"enemies":"Lots of Slimes","floor":5.0,"turns":6.0},{"damage":0.0,"enemies":"3 Louse","floor":7.0,"turns":5.0},{"damage":0.0,"enemies":"Blue Slaver","floor":11.0,"turns":5.0},{"damage":8.0,"enemies":"Gremlin Gang","floor":12.0,"turns":6.0},{"damage":1.0,"enemies":"Hexaghost","floor":16.0,"turns":11.0},{"damage":2.0,"enemies":"Spheric Guardian","floor":18.0,"turns":7.0},{"damage":0.0,"enemies":"3 Byrds","floor":22.0,"turns":2.0},{"damage":2.0,"enemies":"3 Cultists","floor":23.0,"turns":8.0},{"damage":0.0,"enemies":"Centurion and Healer","floor":25.0,"turns":7.0},{"damage":3,"enemies":"Cultist and Chosen","floor":28,"turns":8},{"damage":0,"enemies":"Snake Plant","floor":30,"turns":6},{"damage":3,"enemies":"3 Cultists","floor":31,"turns":7},{"damage":10,"enemies":"Automaton","floor":33,"turns":15},{"damage":0,"enemies":"3 Darklings","floor":35,"turns":4},{"damage":0,"enemies":"3 Shapes","floor":37,"turns":7},{"damage":0,"enemies":"Writhing Mass","floor":38,"turns":5},{"damage":0,"enemies":"Transient","floor":46,"turns":5},{"damage":0,"enemies":"Jaw Worm Horde","floor":48,"turns":3},{"damage":38,"enemies":"Donu and Deca","floor":50,"turns":12}],"seed_played":"-5868992041891461300","potions_obtained":[{"floor":1.0,"key":"SkillPotion"},{"floor":5.0,"key":"LiquidBronze"},{"floor":7.0,"key":"FearPotion"},{"floor":25.0,"key":"EssenceOfSteel"},{"floor":30,"key":"PowerPotion"},{"floor":37,"key":"Weak Potion"}],"is_trial":false,"path_per_floor":["M","M","M","M","M","R","M","R","T","R","M","M","R","?","R","B",null,"M","$","?","$","M","M","R","M","T","R","M","R","M","M","R","B",null,"M","?","M","M","$","R","$","R","T","?","?","M","R","M","R","B"],"character_chosen":"THE_SILENT","items_purchased":["Catalyst"],"campfire_rested":0,"item_purchase_floors":[19],"current_hp_per_floor":[77,77,75,75,62,62,62,62,62,62,62,54,54,35,35,34,77,75,75,75,75,75,73,73,73,73,73,70,70,70,67,67,57,77,77,77,77,77,77,77,77,77,77,73,73,73,73,73,73,35],"gold":168,"neow_bonus":"TEN_PERCENT_HP_BONUS","is_prod":false,"is_daily":false,"chose_seed":false,"campfire_upgraded":13,"win_rate":0,"timestamp":1540376076,"path_taken":["M","M","M","M","M","R","M","R","T","R","M","M","R","?","R","BOSS","M","$","?","$","M","M","R","?","T","R","M","R","M","M","R","BOSS","M","?","M","?","$","R","$","R","T","?","?","M","R","M","R","BOSS"],"build_version":"2018-10-18","purchased_purges":4,"victory":true,"max_hp_per_floor":[77,77,77,77,77,77,77,77,77,77,77,77,77,77,77,77,77,77,77,77,77,77,77,77,77,77,77,77,77,77,77,77,77,77,77,77,77,77,77,77,77,77,77,73,73,73,73,73,73,73],"card_choices":[{"not_picked":["Dodge and Roll","Dagger Spray"],"picked":"Footwork","floor":1.0},{"not_picked":["Accuracy","Outmaneuver","Skewer"],"picked":"SKIP","floor":2.0},{"not_picked":["Distraction","Underhanded Strike","Acrobatics"],"picked":"SKIP","floor":3.0},{"not_picked":["Underhanded Strike","Dash"],"picked":"Backflip","floor":4.0},{"not_picked":["Accuracy","Dodge and Roll","Blade Dance"],"picked":"SKIP","floor":5.0},{"not_picked":["Underhanded Strike","Poisoned Stab"],"picked":"Well Laid Plans","floor":7.0},{"not_picked":["Flying Knee","Flechettes","Dodge and Roll"],"picked":"SKIP","floor":11.0},{"not_picked":["PiercingWail","Quick Slash"],"picked":"Deadly Poison","floor":12.0},{"not_picked":["Burst","Unload"],"picked":"Wraith Form v2","floor":16.0},{"not_picked":["Dagger Throw+1","Outmaneuver+1","Terror+1"],"picked":"SKIP","floor":18.0},{"not_picked":["Dagger Throw+1","Outmaneuver+1","Terror+1"],"picked":"SKIP","floor":18.0},{"not_picked":["Dodge and Roll","Riddle With Holes","Flechettes"],"picked":"SKIP","floor":22.0},{"not_picked":["Quick Slash","Dash"],"picked":"Well Laid Plans","floor":23.0},{"not_picked":["Underhanded Strike","Quick Slash+1","Prepared+1"],"picked":"SKIP","floor":25.0},{"not_picked":["Acrobatics","Flying Knee","Quick Slash+1"],"picked":"SKIP","floor":28},{"not_picked":["Expertise+1","Dagger Spray","Riddle With Holes+1"],"picked":"SKIP","floor":30},{"not_picked":["Reflex+1","Choke","Dodge and Roll"],"picked":"SKIP","floor":31},{"not_picked":["Venomology","Die Die Die"],"picked":"Grand Finale","floor":33},{"not_picked":["Sucker Punch"],"picked":"SKIP","floor":35},{"not_picked":["Flying Knee+1"],"picked":"SKIP","floor":37},{"not_picked":["PiercingWail"],"picked":"SKIP","floor":38},{"not_picked":["PiercingWail+1"],"picked":"SKIP","floor":46},{"not_picked":["Eviscerate+1"],"picked":"SKIP","floor":48}],"player_experience":609634,"relics_obtained":[{"floor":9.0,"key":"Sundial"}],"event_choices":[{"damage_healed":0.0,"max_hp_gain":0.0,"max_hp_loss":0.0,"gold_gain":0.0,"event_name":"Golden Idol","player_choice":"Take Damage","floor":14.0,"gold_loss":0.0,"damage_taken":19.0,"relics_obtained":["Golden Idol"]},{"damage_healed":0.0,"max_hp_gain":0.0,"max_hp_loss":0.0,"gold_gain":0.0,"event_name":"Upgrade Shrine","player_choice":"Upgraded","floor":20.0,"gold_loss":0.0,"damage_taken":0.0,"cards_upgraded":["Catalyst"]},{"damage_healed":0,"gold_gain":0,"player_choice":"Copied","damage_taken":0,"max_hp_gain":0,"max_hp_loss":0,"event_name":"Duplicator","floor":36,"gold_loss":0,"cards_obtained":["Catalyst"]},{"damage_healed":0,"gold_gain":0,"player_choice":"Max HP","damage_taken":0,"max_hp_gain":0,"max_hp_loss":4,"event_name":"Winding Halls","floor":44,"gold_loss":0},{"damage_healed":0,"gold_gain":0,"player_choice":"Got Potions","damage_taken":0,"max_hp_gain":0,"max_hp_loss":0,"event_name":"The Lab","floor":45,"gold_loss":0}],"is_beta":false,"boss_relics":[{"not_picked":["Black Star","Astrolabe"],"picked":"Cursed Key"},{"not_picked":["Lizard Tail","Pandora\u0027s Box"],"picked":"Busted Crown"}],"items_purged_floors":[19,21,39,41],"is_endless":false,"potions_floor_spawned":[1,5,7,16,25,30,37,38],"ascension_level":0}