{"gold_per_floor":[117,42,58,58,76,76,93,50,73,105,105,105,133,149,149,225,225,244,144,154,154,170,170,182,202,202,217,232,232,507,34,34,112,112,126,126,140,157,173,203,203,213,240,258,270,287,301,326,326,326,326,326,326,13,47,47],"floor_reached":56,"playtime":2146,"items_purged":["Strike_G","Strike_G","Regret","Defend_G"],"score":2159,"play_id":"d091f3db-a128-4760-ae41-553c15290817","local_time":"20190806024232","is_ascension_mode":true,"campfire_choices":[{"data":"Catalyst","floor":6.0,"key":"SMITH"},{"data":"Tactician","floor":11.0,"key":"SMITH"},{"data":"Acrobatics","floor":15.0,"key":"SMITH"},{"data":"Reflex","floor":23.0,"key":"SMITH"},{"data":"Well Laid Plans","floor":29.0,"key":"SMITH"},{"data":"Apotheosis","floor":32.0,"key":"SMITH"},{"data":"Concentrate","floor":41.0,"key":"SMITH"},{"floor":49.0,"key":"RECALL"},{"data":"Night Terror","floor":53.0,"key":"SMITH"}],"neow_cost":"NONE","seed_source_timestamp":0,"circlet_count":0,"master_deck":["AscendersBane","Defend_G","Defend_G+1","Defend_G","Defend_G","Survivor","Neutralize","Catalyst+1","Well Laid Plans+1","Tactician+1","Acrobatics+1","Night Terror+1","Acrobatics+1","Corpse Explosion+1","Eviscerate+1","Reflex+1","Expertise","Concentrate+1","Apotheosis+1","Burst","Bullet Time","Well Laid Plans"],"special_seed":0,"relics":["Ring of the Snake","NeowsBlessing","Orichalcum","War Paint","Odd Mushroom","Astrolabe","Pocketwatch","Coffee Dripper","Prayer Wheel","Dream Catcher","Snake Skull","Happy Flower"],"potions_floor_usage":[56],"damage_taken":[{"damage":0.0,"enemies":"Cultist","floor":1.0,"turns":1.0},{"damage":0.0,"enemies":"Small Slimes","floor":3.0,"turns":1.0},{"damage":0.0,"enemies":"Jaw Worm","floor":5.0,"turns":1.0},{"damage":19.0,"enemies":"Large Slime","floor":7.0,"turns":9.0},{"damage":34.0,"enemies":"3 Sentries","floor":10.0,"turns":13.0},{"damage":5.0,"enemies":"The Mushroom Lair","floor":13.0,"turns":6.0},{"damage":0.0,"enemies":"2 Fungi Beasts","floor":14.0,"turns":4.0},{"damage":0.0,"enemies":"The Guardian","floor":16.0,"turns":7.0},{"damage":0.0,"enemies":"Chosen","floor":18.0,"turns":3.0},{"damage":12.0,"enemies":"2 Thieves","floor":20.0,"turns":3.0},{"damage":0.0,"enemies":"Snecko","floor":22.0,"turns":5.0},{"damage":4.0,"enemies":"Chosen and Byrds","floor":24.0,"turns":6.0},{"damage":5.0,"enemies":"Snake Plant","floor":25.0,"turns":4.0},{"damage":0.0,"enemies":"Snecko","floor":27.0,"turns":3.0},{"damage":0.0,"enemies":"Centurion and Healer","floor":28.0,"turns":4.0},{"damage":0.0,"enemies":"Collector","floor":33.0,"turns":2.0},{"damage":0.0,"enemies":"3 Darklings","floor":35.0,"turns":2.0},{"damage":0.0,"enemies":"3 Shapes","floor":37.0,"turns":2.0},{"damage":1.0,"enemies":"Writhing Mass","floor":38.0,"turns":3.0},{"damage":6.0,"enemies":"Jaw Worm Horde","floor":39.0,"turns":2.0},{"damage":0.0,"enemies":"Giant Head","floor":40.0,"turns":4.0},{"damage":4.0,"enemies":"Spire Growth","floor":42.0,"turns":2.0},{"damage":5.0,"enemies":"Sphere and 2 Shapes","floor":44.0,"turns":5.0},{"damage":0.0,"enemies":"Transient","floor":45.0,"turns":2.0},{"damage":0.0,"enemies":"Writhing Mass","floor":46.0,"turns":5.0},{"damage":0.0,"enemies":"Maw","floor":47.0,"turns":4.0},{"damage":0.0,"enemies":"Nemesis","floor":48.0,"turns":3.0},{"damage":10.0,"enemies":"Awakened One","floor":50.0,"turns":7.0},{"damage":6.0,"enemies":"Donu and Deca","floor":51.0,"turns":3.0},{"damage":6.0,"enemies":"Shield and Spear","floor":55.0,"turns":2.0},{"damage":47,"enemies":"The Heart","floor":56,"turns":4}],"seed_played":"-2364155649374733511","potions_obtained":[{"floor":3.0,"key":"Poison Potion"},{"floor":10.0,"key":"Ancient Potion"},{"floor":14.0,"key":"Poison Potion"},{"floor":20.0,"key":"Block Potion"},{"floor":24.0,"key":"Block Potion"},{"floor":25.0,"key":"Fire Potion"},{"floor":28.0,"key":"GhostInAJar"},{"floor":35.0,"key":"GhostInAJar"},{"floor":55.0,"key":"Energy Potion"}],"is_trial":false,"path_per_floor":["M","$","M","?","M","R","M","$","T","E","R","?","?","M","R","B",null,"M","$","M","?","M","R","M","M","T","M","M","R","?","$","R","B",null,"M","$","M","M","M","E","R","M","T","M","M","M","M","E","R","B","B",null,"R","$","E","B"],"character_chosen":"THE_SILENT","items_purchased":["Tactician","Expertise","Concentrate","Apotheosis","Snake Skull"],"campfire_rested":0,"item_purchase_floors":[8,31,31,31,54],"current_hp_per_floor":[59,59,59,59,59,59,40,40,40,6,6,6,1,1,1,1,50,50,50,38,29,29,29,25,20,20,20,20,20,20,20,20,20,55,55,55,55,54,48,48,48,44,44,39,39,39,39,39,39,29,23,55,55,55,49,2],"gold":47,"neow_bonus":"THREE_ENEMY_KILL","is_prod":false,"is_daily":false,"chose_seed":false,"campfire_upgraded":8,"win_rate":0,"timestamp":1565026952,"path_taken":["M","$","?","?","M","R","M","?","T","E","R","?","?","M","R","BOSS","M","$","M","?","M","R","?","M","T","M","M","R","?","$","R","BOSS","M","$","M","M","M","E","R","?","T","?","M","M","M","E","R","BOSS","BOSS","R","$","E","BOSS"],"build_version":"2019-07-17","purchased_purges":4,"victory":false,"max_hp_per_floor":[66,66,66,66,66,66,66,66,66,66,66,66,66,66,66,66,66,66,66,66,66,66,66,66,66,66,66,66,66,66,66,66,66,66,66,66,66,66,66,66,66,66,66,66,66,66,66,66,66,66,66,66,66,66,66,66],"card_choices":[{"not_picked":["Flying Knee","Sucker Punch","Poisoned Stab"],"picked":"SKIP","floor":1.0},{"not_picked":["Skewer","Distraction"],"picked":"Catalyst","floor":3.0},{"not_picked":["Sucker Punch","Outmaneuver"],"picked":"Deadly Poison","floor":5.0},{"not_picked":["Sucker Punch","Blade Dance"],"picked":"Well Laid Plans","floor":7.0},{"not_picked":["Well Laid Plans","Dodge and Roll"],"picked":"Acrobatics","floor":10.0},{"not_picked":["Sucker Punch","Slice","Dagger Throw"],"picked":"SKIP","floor":14.0},{"not_picked":["Glass Knife","Tools of the Trade"],"picked":"Night Terror","floor":16.0},{"not_picked":["Backflip","Dagger Throw","Quick Slash"],"picked":"SKIP","floor":18.0},{"not_picked":["Leg Sweep","Backflip"],"picked":"Reflex","floor":20.0},{"not_picked":["Endless Agony","Poisoned Stab","Storm of Steel"],"picked":"SKIP","floor":22.0},{"not_picked":["Blade Dance","Bane","Leg Sweep"],"picked":"SKIP","floor":24.0},{"not_picked":["Crippling Poison","Bane+1","Sucker Punch"],"picked":"SKIP","floor":25.0},{"not_picked":["Blur","Caltrops","Deadly Poison"],"picked":"SKIP","floor":27.0},{"not_picked":["Eviscerate","Acrobatics","Dagger Throw"],"picked":"SKIP","floor":28.0},{"not_picked":["Masterful Stab","Dagger Throw","Flying Knee"],"picked":"SKIP","floor":35.0},{"not_picked":["All Out Attack","Underhanded Strike","Slice+1"],"picked":"SKIP","floor":37.0},{"not_picked":["Blur","Escape Plan"],"picked":"Burst","floor":38.0},{"not_picked":["Slice","Poisoned Stab","Quick Slash+1"],"picked":"SKIP","floor":39.0},{"not_picked":["Quick Slash+1","PiercingWail","Glass Knife"],"picked":"SKIP","floor":40.0},{"not_picked":["Endless Agony","Outmaneuver","Leg Sweep"],"picked":"SKIP","floor":42.0},{"not_picked":["Quick Slash","Noxious Fumes","Underhanded Strike"],"picked":"SKIP","floor":42.0},{"not_picked":["Backflip","Deflect+1","Bane"],"picked":"SKIP","floor":44.0},{"not_picked":["Flechettes","Skewer","Deadly Poison+1"],"picked":"SKIP","floor":44.0},{"not_picked":["Dodge and Roll","Terror","PiercingWail"],"picked":"SKIP","floor":45.0},{"not_picked":["Poisoned Stab","Riddle With Holes","Leg Sweep+1"],"picked":"SKIP","floor":45.0},{"not_picked":["Tools of the Trade","Underhanded Strike","Heel Hook+1"],"picked":"SKIP","floor":46.0},{"not_picked":["Flying Knee","Backflip","Blade Dance"],"picked":"SKIP","floor":46.0},{"not_picked":["Poisoned Stab","Leg Sweep","Flying Knee+1"],"picked":"SKIP","floor":47.0},{"not_picked":["Blade Dance","Bane","Dagger Spray"],"picked":"SKIP","floor":47.0},{"not_picked":["Deadly Poison","Cloak And Dagger"],"picked":"Bullet Time","floor":48.0},{"not_picked":["Slice","Cloak And Dagger+1"],"picked":"Well Laid Plans","floor":55.0}],"player_experience":778761,"relics_obtained":[{"floor":9.0,"key":"Orichalcum"},{"floor":10.0,"key":"War Paint"},{"floor":13.0,"key":"Odd Mushroom"},{"floor":26.0,"key":"Pocketwatch"},{"floor":40.0,"key":"Prayer Wheel"},{"floor":48.0,"key":"Dream Catcher"},{"floor":55.0,"key":"Happy Flower"}],"event_choices":[{"cards_removed":["Strike_G"],"damage_healed":0.0,"max_hp_gain":0.0,"max_hp_loss":0.0,"gold_gain":0.0,"event_name":"Bonfire Elementals","player_choice":"Offered Basic","floor":4.0,"gold_loss":0.0,"damage_taken":0.0},{"damage_healed":0.0,"max_hp_gain":0.0,"max_hp_loss":0.0,"gold_gain":0.0,"event_name":"Scrap Ooze","player_choice":"Fled","floor":12.0,"gold_loss":0.0,"damage_taken":0.0},{"damage_healed":0.0,"max_hp_gain":0.0,"max_hp_loss":0.0,"gold_gain":0.0,"event_name":"Mushrooms","player_choice":"Fought Mushrooms","floor":13.0,"gold_loss":0.0,"damage_taken":0.0},{"damage_healed":0.0,"max_hp_gain":0.0,"max_hp_loss":0.0,"gold_gain":0.0,"event_name":"Wheel of Change","player_choice":"Damaged","floor":21.0,"gold_loss":0.0,"damage_taken":9.0},{"damage_healed":0.0,"max_hp_gain":0.0,"max_hp_loss":0.0,"gold_gain":275.0,"event_name":"Golden Shrine","player_choice":"Desecrate","floor":30.0,"gold_loss":0.0,"damage_taken":0.0,"cards_obtained":["Regret"]}],"is_beta":false,"boss_relics":[{"not_picked":["Ring of the Serpent","Runic Dome"],"picked":"Astrolabe"},{"not_picked":["Runic Pyramid","Busted Crown"],"picked":"Coffee Dripper"}],"items_purged_floors":[2,19,31,54],"is_endless":false,"potions_floor_spawned":[3,10,14,20,24,25,28,35,39,45,46,48,55],"killed_by":"The Heart","ascension_level":20}