{"gold_per_floor":[367,517,517,529,155,155,155,155,155,155,155,188,207,246,246,246],"floor_reached":16,"playtime":440,"items_purged":["Doubt"],"score":212,"play_id":"6bc51f10-de31-4be5-81b8-2be973bf4c16","local_time":"20190417224410","is_ascension_mode":true,"campfire_choices":[{"data":"Bouncing Flask","floor":6.0,"key":"SMITH"},{"data":"Neutralize","floor":8.0,"key":"SMITH"},{"data":"Footwork","floor":10.0,"key":"SMITH"},{"floor":15,"key":"REST"}],"neow_cost":"TEN_PERCENT_HP_LOSS","seed_source_timestamp":149998541553703,"circlet_count":0,"master_deck":["AscendersBane","Defend_G","Defend_G","Defend_G","Defend_G","Defend_G","Strike_G","Strike_G","Strike_G","Strike_G","Survivor","Neutralize+1","Bouncing Flask+1","Backflip","Footwork+1","Concentrate+1","Predator","Outmaneuver+1"],"special_seed":0,"relics":["Ring of the Snake","Frozen Eye","Toxic Egg 2","Golden Idol","Anchor","Potion Belt"],"potions_floor_usage":[14,14],"damage_taken":[{"damage":6.0,"enemies":"Small Slimes","floor":1.0,"turns":6.0},{"damage":0.0,"enemies":"2 Louse","floor":4.0,"turns":3.0},{"damage":27.0,"enemies":"Gremlin Nob","floor":12.0,"turns":4.0},{"damage":0.0,"enemies":"Cultist","floor":13.0,"turns":4.0},{"damage":12,"enemies":"3 Sentries","floor":14,"turns":8},{"damage":12,"enemies":"Slime Boss","floor":16,"turns":5}],"seed_played":"-5844760081432202072","potions_obtained":[{"floor":1.0,"key":"Dexterity Potion"},{"floor":3.0,"key":"FearPotion"},{"floor":3.0,"key":"SteroidPotion"},{"floor":14,"key":"Ancient Potion"}],"is_trial":false,"path_per_floor":["M","?","?","M","$","R","?","R","T","R","?","E","M","E","R","B"],"character_chosen":"THE_SILENT","items_purchased":["Footwork","Frozen Eye"],"campfire_rested":1,"item_purchase_floors":[5,5],"current_hp_per_floor":[53,53,53,53,53,53,46,46,46,46,46,19,19,7,23,11],"gold":246,"neow_bonus":"TWO_FIFTY_GOLD","is_prod":false,"is_daily":false,"chose_seed":false,"campfire_upgraded":3,"win_rate":0,"timestamp":1555512250,"path_taken":["M","?","?","?","$","R","?","R","T","R","?","E","M","E","R","BOSS"],"build_version":"2019-01-23","purchased_purges":1,"victory":false,"max_hp_per_floor":[60,60,60,60,60,60,60,60,60,60,54,54,54,54,54,54],"card_choices":[{"not_picked":["Dagger Spray","Blade Dance"],"picked":"Bouncing Flask","floor":1.0},{"not_picked":["Distraction","Dagger Throw"],"picked":"Backflip","floor":4.0},{"not_picked":["Skewer","Backflip+1"],"picked":"Concentrate+1","floor":12.0},{"not_picked":["Blade Dance+1","Underhanded Strike"],"picked":"Predator","floor":13.0},{"not_picked":["Setup+1","Quick Slash"],"picked":"Outmaneuver+1","floor":14}],"player_experience":4371470,"relics_obtained":[{"floor":9.0,"key":"Toxic Egg 2"},{"floor":12.0,"key":"Anchor"},{"floor":14,"key":"Potion Belt"}],"event_choices":[{"damage_healed":0.0,"max_hp_gain":0.0,"max_hp_loss":0.0,"gold_gain":150.0,"event_name":"Liars Game","player_choice":"AGREE","floor":2.0,"gold_loss":0.0,"damage_taken":0.0,"cards_obtained":["Doubt"]},{"damage_healed":0.0,"max_hp_gain":0.0,"max_hp_loss":0.0,"gold_gain":0.0,"event_name":"Lab","player_choice":"Got Potions","floor":3.0,"gold_loss":0.0,"damage_taken":0.0},{"cards_removed":["Strike_G"],"damage_healed":0.0,"max_hp_gain":0.0,"max_hp_loss":0.0,"gold_gain":0.0,"event_name":"Golden Wing","player_choice":"Card Removal","floor":7.0,"gold_loss":0.0,"damage_taken":7.0},{"damage_healed":0.0,"max_hp_gain":0.0,"max_hp_loss":6.0,"gold_gain":0.0,"event_name":"Golden Idol","player_choice":"Lose Max HP","floor":11.0,"gold_loss":0.0,"damage_taken":0.0,"relics_obtained":["Golden Idol"]}],"is_beta":false,"boss_relics":[],"items_purged_floors":[5],"is_endless":false,"potions_floor_spawned":[1,14],"killed_by":"Slime Boss","ascension_level":20}