{"gold_per_floor":[109,109,72,88,13,44,44,55,55,69,103,103,123,134,134,209,209,219,219,234,252,69,69,81,112,138,157,182,182,182,211,211,288,288,300,315,315,20,35,35,35,54,125,144,144,144,53,82,82,82,82,82,82,1,34,34],"floor_reached":56,"playtime":4454,"items_purged":["Strike_B"],"score":1929,"play_id":"ebcbde03-e384-4b5e-a38f-fa74f7378d57","local_time":"20190527132815","is_ascension_mode":true,"campfire_choices":[{"data":"Darkness","floor":7.0,"key":"SMITH"},{"data":"Dualcast","floor":12.0,"key":"SMITH"},{"data":"Defragment","floor":15.0,"key":"SMITH"},{"data":"Defragment","floor":23.0,"key":"SMITH"},{"floor":29.0,"key":"REST"},{"data":"Loop","floor":32.0,"key":"SMITH"},{"floor":40.0,"key":"REST"},{"data":"Apotheosis","floor":45.0,"key":"SMITH"},{"floor":49.0,"key":"RECALL"},{"floor":53.0,"key":"REST"}],"neow_cost":"PERCENT_DAMAGE","seed_source_timestamp":81573549093630,"circlet_count":0,"master_deck":["AscendersBane","Strike_B","Defend_B","Defend_B","Defend_B","Defend_B","Zap","Dualcast+1","Buffer","Chill","Darkness+1","Defragment+1","Coolheaded","Genetic Algorithm","Defragment+1","Capacitor","Glacier","Echo Form","AscendersBane","Undo","Capacitor","Coolheaded","Capacitor","Loop+1","Turbo+1","Loop+1","Reboot","Coolheaded","Consume","Apotheosis+1","Heatsinks","Skim","Heatsinks","Turbo","Heatsinks","Biased Cognition"],"special_seed":0,"relics":["Cracked Core","Letter Opener","Regal Pillow","Potion Belt","Runic Dome","DataDisk","Mercury Hourglass","Ancient Tea Set","Red Mask","GremlinMask","Oddly Smooth Stone","Sozu","PreservedInsect","Calipers"],"potions_floor_usage":[],"damage_taken":[{"damage":0.0,"enemies":"Small Slimes","floor":1.0,"turns":4.0},{"damage":1.0,"enemies":"Cultist","floor":4.0,"turns":5.0},{"damage":18.0,"enemies":"Gremlin Nob","floor":6.0,"turns":5.0},{"damage":0.0,"enemies":"2 Louse","floor":8.0,"turns":4.0},{"damage":3.0,"enemies":"Red Slaver","floor":10.0,"turns":4.0},{"damage":0.0,"enemies":"Lagavulin","floor":11.0,"turns":5.0},{"damage":9.0,"enemies":"3 Louse","floor":13.0,"turns":4.0},{"damage":2.0,"enemies":"Large Slime","floor":14.0,"turns":4.0},{"damage":6.0,"enemies":"Slime Boss","floor":16.0,"turns":7.0},{"damage":4.0,"enemies":"Chosen","floor":18.0,"turns":8.0},{"damage":7.0,"enemies":"Spheric Guardian","floor":20.0,"turns":6.0},{"damage":0.0,"enemies":"Snecko","floor":21.0,"turns":7.0},{"damage":0.0,"enemies":"Sentry and Sphere","floor":24.0,"turns":8.0},{"damage":37.0,"enemies":"Slavers","floor":25.0,"turns":6.0},{"damage":3.0,"enemies":"Snake Plant","floor":27.0,"turns":7.0},{"damage":0.0,"enemies":"Masked Bandits","floor":28.0,"turns":2.0},{"damage":33.0,"enemies":"Gremlin Leader","floor":31.0,"turns":9.0},{"damage":4.0,"enemies":"Automaton","floor":33.0,"turns":12.0},{"damage":0.0,"enemies":"3 Darklings","floor":35.0,"turns":9.0},{"damage":10.0,"enemies":"3 Shapes","floor":36.0,"turns":4.0},{"damage":0.0,"enemies":"Maw","floor":39.0,"turns":9.0},{"damage":0.0,"enemies":"Transient","floor":42.0,"turns":6.0},{"damage":0.0,"enemies":"4 Shapes","floor":44.0,"turns":5.0},{"damage":31.0,"enemies":"Nemesis","floor":48.0,"turns":7.0},{"damage":2.0,"enemies":"Donu and Deca","floor":50.0,"turns":11.0},{"damage":6.0,"enemies":"Time Eater","floor":51.0,"turns":13.0},{"damage":13.0,"enemies":"Shield and Spear","floor":55.0,"turns":6.0},{"damage":56,"enemies":"The Heart","floor":56,"turns":3}],"seed_played":"4071815957220929910","potions_obtained":[{"floor":1.0,"key":"Ancient Potion"},{"floor":8.0,"key":"SneckoOil"},{"floor":10.0,"key":"SteroidPotion"},{"floor":11.0,"key":"Regen Potion"},{"floor":14.0,"key":"PowerPotion"},{"floor":21.0,"key":"SneckoOil"},{"floor":25.0,"key":"AttackPotion"},{"floor":27.0,"key":"Explosive Potion"},{"floor":31.0,"key":"PowerPotion"},{"floor":33.0,"key":"SpeedPotion"}],"is_trial":false,"path_per_floor":["M","?","$","M","$","E","R","M","T","M","E","R","M","M","R","B",null,"M","?","M","M","$","R","M","E","T","M","?","R","?","E","R","B",null,"M","M","?","$","M","R","$","M","T","M","R","?","$","E","R","B","B",null,"R","$","E","B"],"character_chosen":"DEFECT","items_purchased":["Darkness","DataDisk","Coolheaded","Apotheosis","Heatsinks","Heatsinks","Turbo","Heatsinks"],"campfire_rested":3,"item_purchase_floors":[3,22,22,38,38,47,47,54],"current_hp_per_floor":[46,46,46,45,45,27,27,27,27,24,24,24,27,25,25,19,58,54,54,47,47,47,47,47,10,10,7,7,43,43,10,10,6,55,55,45,45,45,45,71,71,71,71,71,71,67,67,36,36,34,28,57,67,67,54,0],"gold":34,"neow_bonus":"THREE_RARE_CARDS","is_prod":false,"is_daily":false,"chose_seed":false,"campfire_upgraded":6,"win_rate":0,"timestamp":1558934895,"path_taken":["M","?","?","M","$","E","R","M","T","M","E","R","M","M","R","BOSS","M","?","M","M","$","R","M","E","T","?","?","R","?","E","R","BOSS","M","?","?","$","M","R","?","?","T","M","R","?","$","E","R","BOSS","BOSS","R","$","E","BOSS"],"build_version":"2019-01-23","purchased_purges":1,"victory":false,"max_hp_per_floor":[71,71,71,71,71,71,71,71,71,71,71,71,71,71,71,71,71,71,71,71,71,71,71,71,71,71,71,71,71,71,71,71,71,71,71,71,71,71,71,71,71,71,71,71,71,67,67,67,67,67,67,67,67,67,67,67],"card_choices":[{"not_picked":["Meteor Strike","Reboot"],"picked":"Buffer","floor":0.0},{"not_picked":["Streamline","Rebound"],"picked":"Chill","floor":1.0},{"not_picked":["Sweeping Beam","Blizzard"],"picked":"Defragment","floor":4.0},{"not_picked":["Rip and Tear","Go for the Eyes","Static Discharge"],"picked":"SKIP","floor":6.0},{"not_picked":["Lockon","Rip and Tear"],"picked":"Coolheaded","floor":8.0},{"not_picked":["Stack","Gash"],"picked":"Genetic Algorithm","floor":10.0},{"not_picked":["Fusion","Force Field"],"picked":"Defragment","floor":11.0},{"not_picked":["Sweeping Beam","Beam Cell"],"picked":"Capacitor","floor":13.0},{"not_picked":["Steam Power","Conserve Battery"],"picked":"Glacier","floor":14.0},{"not_picked":["Creative AI","Buffer"],"picked":"Echo Form","floor":16.0},{"not_picked":["Stack","Rip and Tear","Beam Cell"],"picked":"SKIP","floor":18.0},{"not_picked":["Conserve Battery","Leap"],"picked":"Undo","floor":20.0},{"not_picked":["Coolheaded","Steam"],"picked":"Capacitor","floor":21.0},{"not_picked":["Leap","Steam"],"picked":"Capacitor","floor":24.0},{"not_picked":["White Noise","Aggregate"],"picked":"Loop+1","floor":25.0},{"not_picked":["Cold Snap","Gash+1"],"picked":"Turbo+1","floor":27.0},{"not_picked":["Glacier","BootSequence"],"picked":"Loop","floor":31.0},{"not_picked":["Machine Learning","Hyperbeam"],"picked":"Reboot","floor":33.0},{"not_picked":["Gash","Reprogram"],"picked":"Coolheaded","floor":35.0},{"not_picked":["Rip and Tear+1","Conserve Battery"],"picked":"Consume","floor":36.0},{"not_picked":["Consume","Go for the Eyes+1","Blizzard"],"picked":"SKIP","floor":39.0},{"not_picked":["Reinforced Body","Lockon","Consume"],"picked":"SKIP","floor":42.0},{"not_picked":["Redo","Steam"],"picked":"Skim","floor":44.0},{"not_picked":["Barrage+1","Go for the Eyes","Rebound"],"picked":"SKIP","floor":48.0},{"not_picked":["Steam","Rip and Tear+1"],"picked":"Biased Cognition","floor":55.0}],"player_experience":4872625,"relics_obtained":[{"floor":6.0,"key":"Letter Opener"},{"floor":9.0,"key":"Regal Pillow"},{"floor":11.0,"key":"Potion Belt"},{"floor":25.0,"key":"Mercury Hourglass"},{"floor":26.0,"key":"Ancient Tea Set"},{"floor":28.0,"key":"Red Mask"},{"floor":31.0,"key":"Oddly Smooth Stone"},{"floor":48.0,"key":"PreservedInsect"},{"floor":55.0,"key":"Calipers"}],"event_choices":[{"cards_removed":["Strike_B"],"damage_healed":0.0,"max_hp_gain":0.0,"max_hp_loss":0.0,"gold_gain":0.0,"event_name":"Bonfire Elementals","player_choice":"Offered Basic","floor":2.0,"gold_loss":0.0,"damage_taken":0.0},{"damage_healed":0.0,"max_hp_gain":0.0,"max_hp_loss":0.0,"gold_gain":0.0,"event_name":"Duplicator","player_choice":"Copied","floor":19.0,"gold_loss":0.0,"damage_taken":0.0,"cards_obtained":["AscendersBane"]},{"damage_healed":0.0,"max_hp_gain":0.0,"max_hp_loss":0.0,"gold_gain":0.0,"event_name":"Masked Bandits","player_choice":"Fought Bandits","floor":28.0,"gold_loss":0.0,"damage_taken":0.0},{"damage_healed":0.0,"max_hp_gain":0.0,"max_hp_loss":0.0,"gold_gain":0.0,"event_name":"FaceTrader","player_choice":"Trade","floor":30.0,"gold_loss":0.0,"damage_taken":0.0,"relics_obtained":["GremlinMask"]},{"cards_removed":["Strike_B"],"damage_healed":0.0,"max_hp_gain":0.0,"max_hp_loss":0.0,"gold_gain":0.0,"event_name":"Falling","player_choice":"Removed Attack","floor":37.0,"gold_loss":0.0,"damage_taken":0.0},{"damage_healed":0.0,"max_hp_gain":0.0,"max_hp_loss":4.0,"gold_gain":0.0,"event_name":"Winding Halls","player_choice":"Max HP","floor":46.0,"gold_loss":0.0,"damage_taken":0.0}],"is_beta":false,"boss_relics":[{"not_picked":["White Beast Statue","Eternal Feather"],"picked":"Runic Dome"},{"not_picked":["FrozenCore","Cursed Key"],"picked":"Sozu"}],"items_purged_floors":[5],"is_endless":false,"potions_floor_spawned":[1,8,10,11,14,21,25,27,31,33,39,44,48],"killed_by":"The Heart","ascension_level":20}