{"gold_per_floor":[115,128,16,27,45,45,76,76,125,200,100,100,119,119,119,215,215,231,242,259,15,15,48,48,75,75,0,16,16,41,41,41,142,142,152,89,29,43,143,143,154,154,154,154,154,154,79,91,91,91],"floor_reached":51,"playtime":1421,"items_purged":["Strike_G","Defend_G","Strike_G","Defend_G"],"score":751,"play_id":"53d68aa3-1316-4582-84a7-7665e7267b5a","local_time":"20181023194815","is_ascension_mode":false,"campfire_choices":[{"data":"Noxious Fumes","floor":6.0,"key":"SMITH"},{"data":"Catalyst","floor":8.0,"key":"SMITH"},{"data":"Neutralize","floor":15.0,"key":"SMITH"},{"data":"Well Laid Plans","floor":24.0,"key":"SMITH"},{"data":"Footwork","floor":29,"key":"SMITH"},{"data":"Well Laid Plans","floor":32,"key":"SMITH"},{"data":"Night Terror","floor":40,"key":"SMITH"},{"data":"Malaise","floor":42,"key":"SMITH"},{"data":"Deadly Poison","floor":44,"key":"SMITH"},{"data":"Poisoned Stab","floor":49,"key":"SMITH"}],"neow_cost":"NONE","seed_source_timestamp":36489547519293,"circlet_count":0,"master_deck":["Defend_G","Defend_G","Strike_G","Survivor","Neutralize+1","Poisoned Stab+1","Noxious Fumes+1","Backstab","Catalyst+1","Malaise+1","Well Laid Plans+1","Deadly Poison+1","Well Laid Plans+1","Escape Plan","Footwork+1","Backflip+1","Night Terror+1","Backflip","Escape Plan+1","Deadly Poison+1"],"special_seed":0,"relics":["Ring of the Snake","Question Card","PreservedInsect","Cursed Key","Membership Card","Juzu Bracelet","FossilizedHelix","Potion Belt","Lizard Tail","Darkstone Periapt"],"potions_floor_usage":[41],"damage_taken":[{"damage":0.0,"enemies":"2 Louse","floor":1.0,"turns":4.0},{"damage":1.0,"enemies":"Cultist","floor":2.0,"turns":4.0},{"damage":2.0,"enemies":"Small Slimes","floor":4.0,"turns":4.0},{"damage":8.0,"enemies":"Exordium Wildlife","floor":5.0,"turns":5.0},{"damage":16.0,"enemies":"Lagavulin","floor":7.0,"turns":6.0},{"damage":2.0,"enemies":"Looter","floor":13.0,"turns":3.0},{"damage":16.0,"enemies":"Hexaghost","floor":16.0,"turns":8.0},{"damage":0.0,"enemies":"Spheric Guardian","floor":18.0,"turns":3.0},{"damage":0.0,"enemies":"Chosen","floor":19.0,"turns":5.0},{"damage":0.0,"enemies":"Sentry and Sphere","floor":20.0,"turns":4.0},{"damage":4.0,"enemies":"Gremlin Leader","floor":23.0,"turns":5.0},{"damage":18.0,"enemies":"Slavers","floor":25.0,"turns":5.0},{"damage":0,"enemies":"Shelled Parasite and Fungi","floor":28,"turns":5},{"damage":0,"enemies":"Book of Stabbing","floor":30,"turns":5},{"damage":7,"enemies":"Collector","floor":33,"turns":7},{"damage":0,"enemies":"3 Shapes","floor":35,"turns":5},{"damage":0,"enemies":"3 Darklings","floor":38,"turns":5},{"damage":0,"enemies":"Jaw Worm Horde","floor":41,"turns":7},{"damage":0,"enemies":"Transient","floor":48,"turns":5},{"damage":12,"enemies":"Time Eater","floor":50,"turns":3}],"seed_played":"-6838454660509700046","potions_obtained":[{"floor":1.0,"key":"PowerPotion"},{"floor":16.0,"key":"SpeedPotion"},{"floor":23.0,"key":"Fire Potion"},{"floor":25.0,"key":"Ancient Potion"},{"floor":33,"key":"GhostInAJar"},{"floor":35,"key":"Regen Potion"}],"is_trial":false,"path_per_floor":["M","M","$","M","M","R","E","R","T","?","$","?","M","?","R","B",null,"M","M","M","$","?","E","R","E","T","?","M","R","E","?","R","B",null,"M","$","?","M","?","R","M","R","T","R","?","?","$","M","R","B"],"character_chosen":"THE_SILENT","items_purchased":["Noxious Fumes","Membership Card","Well Laid Plans"],"campfire_rested":0,"item_purchase_floors":[3,21,21],"current_hp_per_floor":[70,69,69,67,59,59,43,43,43,36,36,41,39,39,39,23,75,75,75,75,75,75,71,71,53,53,53,53,53,53,53,53,46,75,75,75,75,75,75,75,75,75,75,75,71,71,71,71,71,59],"gold":91,"neow_bonus":"REMOVE_CARD","is_prod":false,"is_daily":false,"chose_seed":false,"campfire_upgraded":10,"win_rate":0,"timestamp":1540295295,"path_taken":["M","M","$","M","M","R","E","R","T","?","$","?","M","?","R","BOSS","M","M","M","$","?","E","R","E","T","?","M","R","E","?","R","BOSS","M","$","?","M","?","R","M","R","T","R","?","?","$","M","R","BOSS"],"build_version":"2018-10-18","purchased_purges":4,"victory":true,"max_hp_per_floor":[70,70,70,70,70,70,70,70,70,70,70,75,75,75,75,75,75,75,75,75,75,75,75,75,75,75,75,75,75,75,75,75,75,75,75,75,75,75,75,75,75,75,75,75,71,71,71,71,71,71],"card_choices":[{"not_picked":["Finisher","Outmaneuver"],"picked":"Poisoned Stab","floor":1.0},{"not_picked":["Dodge and Roll","Setup","Infinite Blades"],"picked":"SKIP","floor":2.0},{"not_picked":["Accuracy","Flechettes"],"picked":"Backstab","floor":4.0},{"not_picked":["Choke","Blade Dance"],"picked":"Catalyst","floor":5.0},{"not_picked":["Underhanded Strike","Concentrate","Heel Hook"],"picked":"SKIP","floor":7.0},{"not_picked":["Dodge and Roll","Quick Slash","Blade Dance","Cloak And Dagger"],"picked":"SKIP","floor":13.0},{"not_picked":["Unload","Die Die Die","Phantasmal Killer"],"picked":"Malaise","floor":16.0},{"not_picked":["Bouncing Flask","Accuracy","Dagger Throw"],"picked":"Well Laid Plans","floor":18.0},{"not_picked":["Dagger Spray","Deflect+1","Bane"],"picked":"Deadly Poison","floor":19.0},{"not_picked":["Acrobatics+1","Underhanded Strike","Bane","Blade Dance"],"picked":"SKIP","floor":20.0},{"not_picked":["Deflect","Sucker Punch","Doppelganger"],"picked":"Escape Plan","floor":23.0},{"not_picked":["Prepared","Flying Knee+1","Storm of Steel","Calculated Gamble+1"],"picked":"SKIP","floor":25.0},{"not_picked":["Blade Dance+1","Backflip","Cloak And Dagger+1"],"picked":"Footwork","floor":28},{"not_picked":["Underhanded Strike","Expertise","Crippling Poison"],"picked":"Backflip+1","floor":30},{"not_picked":["Corpse Explosion","Venomology","Bullet Time"],"picked":"Night Terror","floor":33},{"not_picked":["Accuracy","Dagger Throw+1","Predator+1"],"picked":"Backflip","floor":35},{"not_picked":["PiercingWail","Dagger Throw+1","Backstab"],"picked":"Envenom","floor":38},{"not_picked":["Sucker Punch","Bouncing Flask+1","Cloak And Dagger"],"picked":"Escape Plan+1","floor":41},{"not_picked":["Bane+1","Distraction+1","Quick Slash"],"picked":"Deadly Poison+1","floor":48}],"player_experience":575060,"relics_obtained":[{"floor":7.0,"key":"Question Card"},{"floor":9.0,"key":"PreservedInsect"},{"floor":23.0,"key":"Juzu Bracelet"},{"floor":25.0,"key":"FossilizedHelix"},{"floor":30,"key":"Potion Belt"}],"event_choices":[{"damage_healed":0.0,"max_hp_gain":0.0,"max_hp_loss":0.0,"gold_gain":75.0,"event_name":"FaceTrader","player_choice":"Touch","floor":10.0,"gold_loss":0.0,"damage_taken":7.0},{"damage_healed":0.0,"max_hp_gain":5.0,"max_hp_loss":0.0,"gold_gain":0.0,"event_name":"Big Fish","player_choice":"Donut","floor":12.0,"gold_loss":0.0,"damage_taken":0.0},{"cards_removed":["Strike_G"],"damage_healed":0.0,"max_hp_gain":0.0,"max_hp_loss":0.0,"gold_gain":0.0,"event_name":"Living Wall","player_choice":"Forget","floor":14.0,"gold_loss":0.0,"damage_taken":0.0},{"damage_healed":0,"gold_gain":0,"player_choice":"Paid Fearfully","damage_taken":0,"max_hp_gain":0,"max_hp_loss":0,"event_name":"Masked Bandits","floor":27,"gold_loss":75},{"cards_removed":["Defend_G"],"damage_healed":0,"gold_gain":0,"player_choice":"Elegance","damage_taken":0,"max_hp_gain":0,"max_hp_loss":0,"event_name":"Back to Basics","floor":31,"gold_loss":0},{"damage_healed":0,"gold_gain":0,"player_choice":"Paid Gold","damage_taken":0,"relics_obtained":["Darkstone Periapt"],"max_hp_gain":0,"max_hp_loss":0,"event_name":"WeMeetAgain","floor":37,"gold_loss":60},{"damage_healed":0,"gold_gain":100,"player_choice":"Pray","damage_taken":0,"max_hp_gain":0,"max_hp_loss":0,"event_name":"Golden Shrine","floor":39,"gold_loss":0},{"damage_healed":0,"gold_gain":0,"player_choice":"Max HP","damage_taken":0,"max_hp_gain":0,"max_hp_loss":4,"event_name":"Winding Halls","floor":45,"gold_loss":0},{"cards_removed":["Envenom"],"damage_healed":0,"gold_gain":0,"player_choice":"Removed Power","damage_taken":0,"max_hp_gain":0,"max_hp_loss":0,"event_name":"Falling","floor":46,"gold_loss":0}],"is_beta":false,"boss_relics":[{"not_picked":["Pandora\u0027s Box","Tiny House"],"picked":"Cursed Key"},{"not_picked":["Calling Bell","White Beast Statue"],"picked":"Lizard Tail"}],"items_purged_floors":[3,11,36,47],"is_endless":false,"potions_floor_spawned":[1,16,23,25,33,35],"ascension_level":0}