{"gold_per_floor":[113,127,92,142,13,46,46,78,78,78,78,92,92,72,72,148,148,162,162,162,162,173,173,189,89,89,89,109,140,140,167,167,238,238,255,255,269,269,288,288,298,298,366,366,382,382,410,410,410,410,410,410,410,17,48,48],"floor_reached":57,"playtime":3512,"items_purged":["Strike_B","Defend_B","Defend_B"],"score":2777,"play_id":"581b19cd-3dbb-49c6-ad3d-c5f63e373083","local_time":"20190217000049","is_ascension_mode":true,"campfire_choices":[{"data":"Streamline","floor":7.0,"key":"SMITH"},{"data":"Capacitor","floor":10.0,"key":"SMITH"},{"data":"Coolheaded","floor":13.0,"key":"SMITH"},{"data":"Zap","floor":15.0,"key":"SMITH"},{"data":"Defragment","floor":23.0,"key":"SMITH"},{"data":"Dualcast","floor":27.0,"key":"SMITH"},{"data":"Skim","floor":30.0,"key":"SMITH"},{"data":"Self Repair","floor":32.0,"key":"SMITH"},{"data":"Fission","floor":40.0,"key":"SMITH"},{"data":"Hologram","floor":42.0,"key":"SMITH"},{"data":"Echo Form","floor":44.0,"key":"SMITH"},{"floor":46.0,"key":"RECALL"},{"floor":49.0,"key":"REST"},{"data":"Biased Cognition","floor":53.0,"key":"SMITH"}],"neow_cost":"NONE","seed_source_timestamp":0,"circlet_count":0,"master_deck":["AscendersBane","Defend_B","Zap+1","Dualcast+1","Genetic Algorithm","Capacitor+1","Streamline+1","Echo Form+1","Self Repair+1","Coolheaded+1","All For One","Machine Learning+1","Glacier+1","FTL+1","Skim+1","Defragment+1","Ball Lightning","Redo+1","FTL+1","Fission+1","Loop+1","Hologram+1","Go for the Eyes+1","Biased Cognition+1","Thinking Ahead+1","PanicButton+1","Echo Form"],"special_seed":0,"relics":["Philosopher\u0027s Stone","Blue Candle","Potion Belt","DataDisk","Astrolabe","Omamori","The Courier","Cursed Key","Symbiotic Virus","Toxic Egg 2","OrangePellets","Orichalcum"],"potions_floor_usage":[56,56,56],"damage_taken":[{"damage":0.0,"enemies":"Cultist","floor":1.0,"turns":4.0},{"damage":10.0,"enemies":"Jaw Worm","floor":2.0,"turns":4.0},{"damage":63.0,"enemies":"Gremlin Nob","floor":6.0,"turns":5.0},{"damage":0.0,"enemies":"Lagavulin","floor":8.0,"turns":7.0},{"damage":0.0,"enemies":"Small Slimes","floor":12.0,"turns":4.0},{"damage":12.0,"enemies":"Exordium Thugs","floor":14.0,"turns":4.0},{"damage":0.0,"enemies":"Hexaghost","floor":16.0,"turns":10.0},{"damage":0.0,"enemies":"2 Thieves","floor":18.0,"turns":5.0},{"damage":2.0,"enemies":"Shell Parasite","floor":22.0,"turns":5.0},{"damage":15.0,"enemies":"Centurion and Healer","floor":24.0,"turns":7.0},{"damage":7.0,"enemies":"Sentry and Sphere","floor":28.0,"turns":5.0},{"damage":27.0,"enemies":"Gremlin Leader","floor":29.0,"turns":7.0},{"damage":36.0,"enemies":"Slavers","floor":31.0,"turns":8.0},{"damage":10.0,"enemies":"Champ","floor":33.0,"turns":8.0},{"damage":1.0,"enemies":"3 Darklings","floor":35.0,"turns":6.0},{"damage":6.0,"enemies":"3 Shapes","floor":37.0,"turns":4.0},{"damage":1.0,"enemies":"Sphere and 2 Shapes","floor":39.0,"turns":5.0},{"damage":36.0,"enemies":"3 Darklings","floor":41.0,"turns":6.0},{"damage":7.0,"enemies":"Writhing Mass","floor":45.0,"turns":3.0},{"damage":60.0,"enemies":"Reptomancer","floor":47.0,"turns":7.0},{"damage":12.0,"enemies":"Time Eater","floor":50.0,"turns":20.0},{"damage":26.0,"enemies":"Donu and Deca","floor":51.0,"turns":8.0},{"damage":17.0,"enemies":"Shield and Spear","floor":55.0,"turns":6.0},{"damage":23,"enemies":"The Heart","floor":56,"turns":9}],"seed_played":"-7754031518693608356","potions_obtained":[{"floor":1.0,"key":"Weak Potion"},{"floor":6.0,"key":"Dexterity Potion"},{"floor":8.0,"key":"FearPotion"},{"floor":14.0,"key":"Energy Potion"},{"floor":16.0,"key":"Block Potion"},{"floor":28.0,"key":"SpeedPotion"},{"floor":33.0,"key":"FairyPotion"},{"floor":39.0,"key":"SteroidPotion"},{"floor":41.0,"key":"Regen Potion"},{"floor":47.0,"key":"SneckoOil"}],"is_trial":false,"path_per_floor":["M","M","?","?","$","E","R","E","T","R","$","M","R","M","R","B",null,"M","?","?","?","M","R","M","$","T","R","M","E","R","E","R","B",null,"M","?","M","?","M","R","M","R","T","R","M","R","E","?","R","B","B",null,"R","$","E","B",null],"character_chosen":"DEFECT","items_purchased":["Streamline","OrangePellets","Ancient Potion","AttackPotion"],"campfire_rested":1,"item_purchase_floors":[5,54,54,54],"current_hp_per_floor":[64,54,71,64,64,1,1,1,1,1,1,15,15,10,10,17,58,65,65,65,65,70,70,69,69,69,69,69,56,56,27,27,37,63,71,67,67,67,67,67,51,51,51,51,54,54,19,9,29,37,21,56,56,56,49,26],"gold":48,"neow_bonus":"BOSS_RELIC","is_prod":false,"is_daily":false,"chose_seed":false,"campfire_upgraded":12,"win_rate":0,"timestamp":1550332849,"path_taken":["M","?","?","?","$","E","R","E","T","R","$","M","R","M","R","BOSS","M","?","?","?","M","R","M","$","T","R","M","E","R","E","R","BOSS","M","?","M","?","M","R","M","R","T","R","M","R","E","?","R","BOSS","BOSS","R","$","E","BOSS"],"build_version":"2019-01-23","purchased_purges":3,"victory":true,"max_hp_per_floor":[71,71,71,71,71,71,71,71,71,71,71,71,71,71,71,71,71,71,71,71,71,71,71,71,71,71,71,71,71,71,71,71,71,71,71,67,67,67,67,67,67,67,67,67,67,67,67,67,67,67,67,67,67,67,67,67],"card_choices":[{"not_picked":["Self Repair","Cold Snap"],"picked":"Genetic Algorithm","floor":1.0},{"not_picked":["Go for the Eyes","Hologram"],"picked":"Capacitor","floor":2.0},{"not_picked":["Electrodynamics","Recycle"],"picked":"Echo Form","floor":6.0},{"not_picked":["Compile Driver","Barrage"],"picked":"Self Repair","floor":8.0},{"not_picked":["FTL","Rebound"],"picked":"Coolheaded","floor":12.0},{"not_picked":["Stack","Beam Cell","Scrape"],"picked":"SKIP","floor":14.0},{"not_picked":["Amplify","Machine Learning"],"picked":"All For One","floor":16.0},{"not_picked":["Coolheaded","Steam Power"],"picked":"Skim","floor":18.0},{"not_picked":["Heatsinks","Conserve Battery"],"picked":"Ball Lightning","floor":22.0},{"not_picked":["Stack","Sweeping Beam","Barrage"],"picked":"SKIP","floor":24.0},{"not_picked":["Sweeping Beam","Rebound","Barrage"],"picked":"SKIP","floor":28.0},{"not_picked":["Streamline","Coolheaded"],"picked":"Redo+1","floor":29.0},{"not_picked":["Go for the Eyes","Rip and Tear"],"picked":"FTL+1","floor":31.0},{"not_picked":["Hyperbeam","All For One"],"picked":"Fission","floor":33.0},{"not_picked":["Cold Snap+1","Coolheaded"],"picked":"Loop+1","floor":35.0},{"not_picked":["Blizzard","Hologram","Fusion"],"picked":"SKIP","floor":37.0},{"not_picked":["Blizzard","Fusion"],"picked":"Hologram","floor":37.0},{"not_picked":["Gash+1","Turbo","Cold Snap"],"picked":"SKIP","floor":39.0},{"not_picked":["Rip and Tear+1","Compile Driver"],"picked":"Go for the Eyes+1","floor":41.0},{"not_picked":["Redo","Hologram","Steam+1"],"picked":"SKIP","floor":45.0},{"not_picked":["Go for the Eyes","Redo"],"picked":"Biased Cognition","floor":47.0},{"not_picked":["Bandage Up+1","Panache"],"picked":"Thinking Ahead+1","floor":48.0},{"not_picked":["Dramatic Entrance","Enlightenment+1"],"picked":"PanicButton+1","floor":48.0},{"not_picked":["Leap+1","Cold Snap"],"picked":"Echo Form","floor":55.0}],"player_experience":2842512,"relics_obtained":[{"floor":6.0,"key":"Blue Candle"},{"floor":8.0,"key":"Potion Belt"},{"floor":9.0,"key":"DataDisk"},{"floor":29.0,"key":"Omamori"},{"floor":31.0,"key":"The Courier"},{"floor":43.0,"key":"Symbiotic Virus"},{"floor":47.0,"key":"Toxic Egg 2"},{"floor":55.0,"key":"Orichalcum"}],"event_choices":[{"damage_healed":17.0,"max_hp_gain":0.0,"max_hp_loss":0.0,"gold_gain":0.0,"event_name":"The Cleric","player_choice":"Healed","floor":3.0,"gold_loss":35.0,"damage_taken":0.0},{"damage_healed":0.0,"max_hp_gain":0.0,"max_hp_loss":0.0,"gold_gain":50.0,"event_name":"FaceTrader","player_choice":"Touch","floor":4.0,"gold_loss":0.0,"damage_taken":7.0},{"damage_healed":0.0,"max_hp_gain":0.0,"max_hp_loss":0.0,"gold_gain":0.0,"event_name":"The Library","player_choice":"Read","floor":19.0,"gold_loss":0.0,"damage_taken":0.0,"cards_obtained":["Defragment"]},{"cards_removed":["Defend_B"],"damage_healed":0.0,"max_hp_gain":0.0,"max_hp_loss":0.0,"gold_gain":0.0,"event_name":"Back to Basics","player_choice":"Elegance","floor":20.0,"gold_loss":0.0,"damage_taken":0.0},{"damage_healed":0.0,"max_hp_gain":0.0,"max_hp_loss":0.0,"gold_gain":0.0,"event_name":"Vampires","player_choice":"Ignored","floor":21.0,"gold_loss":0.0,"damage_taken":0.0},{"damage_healed":0.0,"max_hp_gain":0.0,"max_hp_loss":4.0,"gold_gain":0.0,"event_name":"Winding Halls","player_choice":"Max HP","floor":36.0,"gold_loss":0.0,"damage_taken":0.0},{"damage_healed":0.0,"max_hp_gain":0.0,"max_hp_loss":0.0,"gold_gain":0.0,"event_name":"Mysterious Sphere","player_choice":"Ignored","floor":38.0,"gold_loss":0.0,"damage_taken":0.0},{"damage_healed":0.0,"max_hp_gain":0.0,"max_hp_loss":0.0,"gold_gain":0.0,"event_name":"SensoryStone","player_choice":"Memory 3","floor":48.0,"gold_loss":0.0,"damage_taken":10.0}],"is_beta":false,"boss_relics":[{"not_picked":["Tiny House","Snecko Eye"],"picked":"Astrolabe"},{"not_picked":["Calling Bell","Orrery"],"picked":"Cursed Key"}],"items_purged_floors":[5,25,54],"is_endless":false,"potions_floor_spawned":[1,6,8,14,16,28,33,39,41,47],"ascension_level":20}