{"gold_per_floor":[112,129,54,67,83,83,113,263,263,323,8,34,34,361,361,435,435,449,374,394,64,64,90,90,121,146,146,175,191,207,227,227,299,299,318,368,384,384,54,87,87,87,87,116,116,148,159,159,159,159,159,159,159,6,41,41],"floor_reached":57,"playtime":3263,"items_purged":["Strike_R","Strike_R"],"score":3453,"play_id":"70c82e08-7a1d-4da5-8585-c01ae11ea710","local_time":"20190530134339","is_ascension_mode":true,"campfire_choices":[{"data":"Armaments","floor":6.0,"key":"SMITH"},{"floor":13.0,"key":"REST"},{"data":"Feel No Pain","floor":15.0,"key":"SMITH"},{"data":"True Grit","floor":24.0,"key":"SMITH"},{"data":"1","floor":32.0,"key":"LIFT"},{"data":"2","floor":41.0,"key":"LIFT"},{"floor":49.0,"key":"RECALL"},{"data":"3","floor":53.0,"key":"LIFT"}],"neow_cost":"PERCENT_DAMAGE","seed_source_timestamp":7694876978408,"circlet_count":0,"master_deck":["AscendersBane","Defend_R","Defend_R","Defend_R","Defend_R","Bash","Armaments+1","Flex","Evolve","Reckless Charge","Feel No Pain+1","Power Through","Offering","Offering","Warcry","Bloodletting+1","True Grit+1","Second Wind","Power Through+1","Feel No Pain","Reaper","Sentinel","Burning Pact","Corruption+1","Berserk","Bloodletting+1","Dual Wield+1","Feel No Pain","Secret Weapon","Panache","Discovery","Metallicize+1","Entrench","Shrug It Off+1","Feed"],"special_seed":0,"relics":["Burning Blood","Torii","Prayer Wheel","Turnip","Magic Flower","Pocketwatch","Dead Branch","Old Coin","Mark of Pain","Charon\u0027s Ashes","Girya","Fusion Hammer","Peace Pipe"],"potions_floor_usage":[56],"damage_taken":[{"damage":7.0,"enemies":"Cultist","floor":1.0,"turns":4.0},{"damage":3.0,"enemies":"Small Slimes","floor":2.0,"turns":5.0},{"damage":1.0,"enemies":"2 Louse","floor":4.0,"turns":4.0},{"damage":2.0,"enemies":"Exordium Wildlife","floor":5.0,"turns":5.0},{"damage":19.0,"enemies":"3 Sentries","floor":7.0,"turns":10.0},{"damage":5.0,"enemies":"3 Sentries","floor":10.0,"turns":7.0},{"damage":35.0,"enemies":"Lagavulin","floor":12.0,"turns":8.0},{"damage":2.0,"enemies":"3 Sentries","floor":14.0,"turns":11.0},{"damage":21.0,"enemies":"Hexaghost","floor":16.0,"turns":11.0},{"damage":7.0,"enemies":"Chosen","floor":18.0,"turns":6.0},{"damage":7.0,"enemies":"2 Thieves","floor":20.0,"turns":2.0},{"damage":38.0,"enemies":"Slavers","floor":23.0,"turns":4.0},{"damage":15.0,"enemies":"Gremlin Leader","floor":25.0,"turns":4.0},{"damage":12.0,"enemies":"Slavers","floor":28.0,"turns":1.0},{"damage":15.0,"enemies":"Sentry and Sphere","floor":29.0,"turns":4.0},{"damage":6.0,"enemies":"Cultist and Chosen","floor":30.0,"turns":2.0},{"damage":10.0,"enemies":"Snake Plant","floor":31.0,"turns":2.0},{"damage":12.0,"enemies":"Automaton","floor":33.0,"turns":2.0},{"damage":0.0,"enemies":"3 Darklings","floor":35.0,"turns":1.0},{"damage":27.0,"enemies":"3 Shapes","floor":37.0,"turns":3.0},{"damage":10.0,"enemies":"Reptomancer","floor":40.0,"turns":2.0},{"damage":9.0,"enemies":"Nemesis","floor":44.0,"turns":5.0},{"damage":36.0,"enemies":"Reptomancer","floor":46.0,"turns":5.0},{"damage":9.0,"enemies":"Maw","floor":47.0,"turns":4.0},{"damage":22.0,"enemies":"Time Eater","floor":50.0,"turns":5.0},{"damage":15.0,"enemies":"Donu and Deca","floor":51.0,"turns":5.0},{"damage":13.0,"enemies":"Shield and Spear","floor":55.0,"turns":4.0},{"damage":68,"enemies":"The Heart","floor":56,"turns":8}],"seed_played":"-404209744722514085","potions_obtained":[{"floor":4.0,"key":"Strength Potion"},{"floor":5.0,"key":"Dexterity Potion"},{"floor":7.0,"key":"Weak Potion"},{"floor":16.0,"key":"GamblersBrew"},{"floor":18.0,"key":"FearPotion"},{"floor":20.0,"key":"LiquidBronze"},{"floor":28.0,"key":"Block Potion"},{"floor":46.0,"key":"SkillPotion"}],"is_trial":false,"path_per_floor":["M","M","$","M","M","R","E","?","T","?","$","E","R","E","R","B",null,"M","?","M","$","?","E","R","E","T","?","E","M","M","M","R","B",null,"M","?","M","?","$","E","R","?","T","E","?","E","M","?","R","B","B",null,"R","$","E","B",null],"character_chosen":"IRONCLAD","items_purchased":["Pocketwatch","Charon\u0027s Ashes","Peace Pipe","PowerPotion"],"campfire_rested":1,"item_purchase_floors":[11,21,39,54],"current_hp_per_floor":[49,52,52,57,61,61,48,48,48,49,49,23,45,52,52,40,66,68,68,70,70,70,41,41,35,35,35,32,26,41,40,40,37,66,75,68,75,75,75,74,74,71,71,71,61,44,62,62,62,49,71,71,71,71,71,34],"gold":41,"neow_bonus":"ONE_RARE_RELIC","is_prod":false,"is_daily":false,"chose_seed":false,"campfire_upgraded":3,"win_rate":0,"timestamp":1559195019,"path_taken":["M","M","$","M","?","R","E","?","T","?","$","E","R","E","R","BOSS","M","?","M","$","?","E","R","E","T","?","E","M","?","?","R","BOSS","M","?","?","?","$","E","R","?","T","E","?","E","M","?","R","BOSS","BOSS","R","$","E","BOSS"],"build_version":"2019-01-23","purchased_purges":2,"victory":true,"max_hp_per_floor":[75,75,75,75,75,75,75,75,75,75,75,75,75,75,75,75,75,75,75,75,75,75,75,75,75,75,75,75,75,75,75,75,75,75,75,75,75,75,75,75,75,71,71,71,71,71,71,71,71,71,71,71,71,71,71,71],"card_choices":[{"not_picked":["Clothesline","Whirlwind"],"picked":"Armaments","floor":1.0},{"not_picked":["Thunderclap","Havoc"],"picked":"Flex","floor":2.0},{"not_picked":["Iron Wave","Headbutt"],"picked":"Evolve","floor":4.0},{"not_picked":["Dual Wield","Pummel","Headbutt"],"picked":"SKIP","floor":5.0},{"not_picked":["Wild Strike","Havoc"],"picked":"Reckless Charge","floor":7.0},{"not_picked":["Pummel","Shrug It Off"],"picked":"Feel No Pain","floor":10.0},{"not_picked":["Fire Breathing","Perfected Strike"],"picked":"Power Through","floor":12.0},{"not_picked":["Rupture","Dropkick"],"picked":"Offering","floor":14.0},{"not_picked":["Berserk","Dark Embrace"],"picked":"Offering","floor":16.0},{"not_picked":["Dropkick","Dual Wield+1"],"picked":"Warcry","floor":18.0},{"not_picked":["Metallicize","Twin Strike"],"picked":"Bloodletting+1","floor":18.0},{"not_picked":["Thunderclap","Iron Wave"],"picked":"True Grit","floor":20.0},{"not_picked":["Clothesline","Thunderclap","Warcry"],"picked":"SKIP","floor":20.0},{"not_picked":["True Grit","Disarm"],"picked":"Power Through+1","floor":23.0},{"not_picked":["Twin Strike","Thunderclap"],"picked":"Feel No Pain","floor":25.0},{"not_picked":["Infernal Blade","True Grit"],"picked":"Reaper","floor":28.0},{"not_picked":["Shrug It Off","Headbutt"],"picked":"Sentinel","floor":29.0},{"not_picked":["Demon Form","Body Slam","Sword Boomerang"],"picked":"SKIP","floor":29.0},{"not_picked":["Fire Breathing","Bloodletting"],"picked":"Burning Pact","floor":30.0},{"not_picked":["Body Slam","Pummel"],"picked":"Corruption+1","floor":30.0},{"not_picked":["Sword Boomerang","True Grit","Armaments"],"picked":"SKIP","floor":31.0},{"not_picked":["Pommel Strike","Inflame","Headbutt"],"picked":"SKIP","floor":31.0},{"not_picked":["Demon Form","Reaper"],"picked":"Berserk","floor":33.0},{"not_picked":["Cleave","Shrug It Off"],"picked":"Bloodletting+1","floor":35.0},{"not_picked":["Uppercut","Sword Boomerang","Body Slam"],"picked":"SKIP","floor":35.0},{"not_picked":["Warcry","Flex","Armaments"],"picked":"SKIP","floor":37.0},{"not_picked":["Inflame","True Grit","Dual Wield+1"],"picked":"SKIP","floor":37.0},{"not_picked":["Inflame","True Grit"],"picked":"Dual Wield+1","floor":37.0},{"not_picked":["Warcry","Flex","Armaments"],"picked":"SKIP","floor":37.0},{"not_picked":["Thunderclap","Carnage","Headbutt"],"picked":"SKIP","floor":40.0},{"not_picked":["Pommel Strike","Body Slam"],"picked":"Feel No Pain","floor":44.0},{"not_picked":["Metamorphosis","Deep Breath"],"picked":"Secret Weapon","floor":45.0},{"not_picked":["PanicButton","Impatience"],"picked":"Panache","floor":45.0},{"not_picked":["Mind Blast","Swift Strike"],"picked":"Discovery","floor":45.0},{"not_picked":["True Grit","Cleave+1"],"picked":"Metallicize+1","floor":46.0},{"not_picked":["Blood for Blood","Hemokinesis"],"picked":"Entrench","floor":47.0},{"not_picked":["Pommel Strike","Armaments"],"picked":"Shrug It Off+1","floor":47.0},{"not_picked":["Headbutt","Cleave"],"picked":"Feed","floor":55.0}],"player_experience":4901698,"relics_obtained":[{"floor":7.0,"key":"Prayer Wheel"},{"floor":9.0,"key":"Turnip"},{"floor":10.0,"key":"Magic Flower"},{"floor":12.0,"key":"Dead Branch"},{"floor":14.0,"key":"Old Coin"},{"floor":25.0,"key":"Girya"}],"event_choices":[{"damage_healed":0.0,"max_hp_gain":0.0,"max_hp_loss":0.0,"gold_gain":150.0,"event_name":"Liars Game","player_choice":"AGREE","floor":8.0,"gold_loss":0.0,"damage_taken":0.0,"cards_obtained":["Doubt"]},{"damage_healed":0.0,"max_hp_gain":0.0,"max_hp_loss":0.0,"gold_gain":0.0,"event_name":"Dead Adventurer","player_choice":"Searched \u00272\u0027 times","floor":10.0,"gold_loss":0.0,"damage_taken":0.0},{"cards_removed":["Doubt"],"damage_healed":0.0,"max_hp_gain":0.0,"max_hp_loss":0.0,"gold_gain":0.0,"event_name":"Beggar","player_choice":"Gave Gold","floor":19.0,"gold_loss":75.0,"damage_taken":0.0},{"damage_healed":0.0,"max_hp_gain":0.0,"max_hp_loss":0.0,"gold_gain":0.0,"event_name":"The Library","player_choice":"Read","floor":22.0,"gold_loss":0.0,"damage_taken":0.0,"cards_obtained":["Second Wind"]},{"cards_removed":["Strike_R"],"damage_healed":0.0,"max_hp_gain":0.0,"max_hp_loss":0.0,"gold_gain":0.0,"event_name":"Back to Basics","player_choice":"Elegance","floor":27.0,"gold_loss":0.0,"damage_taken":0.0},{"damage_healed":0.0,"max_hp_gain":0.0,"max_hp_loss":0.0,"gold_gain":50.0,"event_name":"FaceTrader","player_choice":"Touch","floor":36.0,"gold_loss":0.0,"damage_taken":7.0},{"cards_removed":["Strike_R"],"damage_healed":0.0,"max_hp_gain":0.0,"max_hp_loss":0.0,"gold_gain":0.0,"event_name":"Falling","player_choice":"Removed Attack","floor":38.0,"gold_loss":0.0,"damage_taken":0.0},{"damage_healed":0.0,"max_hp_gain":0.0,"max_hp_loss":4.0,"gold_gain":0.0,"event_name":"Winding Halls","player_choice":"Max HP","floor":42.0,"gold_loss":0.0,"damage_taken":0.0},{"damage_healed":0.0,"max_hp_gain":0.0,"max_hp_loss":0.0,"gold_gain":0.0,"event_name":"SensoryStone","player_choice":"Memory 3","floor":45.0,"gold_loss":0.0,"damage_taken":10.0},{"cards_removed":["Strike_R"],"damage_healed":0.0,"max_hp_gain":0.0,"max_hp_loss":0.0,"gold_gain":0.0,"event_name":"Bonfire Elementals","player_choice":"Offered Basic","floor":48.0,"gold_loss":0.0,"damage_taken":0.0}],"is_beta":false,"boss_relics":[{"not_picked":["Ectoplasm","Tiny House"],"picked":"Mark of Pain"},{"not_picked":["Calling Bell","Black Blood"],"picked":"Fusion Hammer"}],"items_purged_floors":[3,54],"is_endless":false,"potions_floor_spawned":[4,5,7,16,18,20,28,30,35,46],"ascension_level":20}