{"gold_per_floor":[117,117,117,42,62,62,72,107,130,142,142,161,161,161,161,235,235,209,225,225,225,239,239,239,239,293,309,324,343,10,26,26,105,105,123,136,36,46,60,60,0,27,54,85,85,102,102,112,112,112,112,112,1,28,28],"floor_reached":56,"playtime":2456,"items_purged":["Pain","Strike_B"],"score":2090,"play_id":"01377d11-c13a-41a1-86b3-964d6eae5148","local_time":"20181219214513","is_ascension_mode":true,"campfire_choices":[{"data":"Loop","floor":6.0,"key":"SMITH"},{"data":"Consume","floor":11.0,"key":"SMITH"},{"data":"Self Repair","floor":13.0,"key":"SMITH"},{"data":"Zap","floor":15.0,"key":"SMITH"},{"floor":23.0,"key":"RECALL"},{"data":"Dualcast","floor":25.0,"key":"SMITH"},{"data":"Defragment","floor":32.0,"key":"SMITH"},{"data":"Hologram","floor":40,"key":"SMITH"},{"data":"Go for the Eyes","floor":45,"key":"SMITH"},{"data":"Coolheaded","floor":49,"key":"SMITH"},{"data":"Skim","floor":52,"key":"SMITH"}],"neow_cost":"TEN_PERCENT_HP_LOSS","seed_source_timestamp":2404178566163,"circlet_count":0,"master_deck":["AscendersBane","Defend_B","Defend_B","Zap+1","Dualcast+1","Consume+1","Loop+1","Gash","Gash","Cold Snap","Self Repair+1","Core Surge","Skim+1","Glacier+1","Hologram+1","Defragment+1","White Noise","All For One","Hologram+1","Conserve Battery+1","Redo","Go for the Eyes+1","Redo+1","White Noise","Coolheaded+1","White Noise+1"],"special_seed":0,"relics":["Cracked Core","WarpedTongs","Oddly Smooth Stone","Blood Vial","Coffee Dripper","Tiny Chest","ClockworkSouvenir","Runic Pyramid","Red Mask","Potion Belt","Centennial Puzzle","Meat on the Bone","Lantern"],"potions_floor_usage":[50,50,50,55,55,55],"damage_taken":[{"damage":7.0,"enemies":"Jaw Worm","floor":1.0,"turns":3.0},{"damage":4.0,"enemies":"2 Louse","floor":5.0,"turns":2.0},{"damage":0.0,"enemies":"Cultist","floor":7.0,"turns":3.0},{"damage":37.0,"enemies":"3 Sentries","floor":8.0,"turns":6.0},{"damage":6.0,"enemies":"Exordium Wildlife","floor":10.0,"turns":4.0},{"damage":3.0,"enemies":"Exordium Thugs","floor":12.0,"turns":4.0},{"damage":2.0,"enemies":"The Guardian","floor":16.0,"turns":9.0},{"damage":24.0,"enemies":"2 Thieves","floor":18.0,"turns":4.0},{"damage":0.0,"enemies":"Chosen","floor":19.0,"turns":3.0},{"damage":22.0,"enemies":"Shelled Parasite and Fungi","floor":22.0,"turns":5.0},{"damage":0.0,"enemies":"Snake Plant","floor":24.0,"turns":1.0},{"damage":34.0,"enemies":"Centurion and Healer","floor":27.0,"turns":6.0},{"damage":8.0,"enemies":"3 Cultists","floor":28.0,"turns":5.0},{"damage":1.0,"enemies":"Cultist and Chosen","floor":29.0,"turns":4.0},{"damage":1.0,"enemies":"Snecko","floor":31.0,"turns":4.0},{"damage":23.0,"enemies":"Champ","floor":33.0,"turns":14.0},{"damage":40.0,"enemies":"3 Darklings","floor":35.0,"turns":5.0},{"damage":10.0,"enemies":"3 Shapes","floor":36.0,"turns":5.0},{"damage":0.0,"enemies":"Spire Growth","floor":38.0,"turns":5.0},{"damage":9,"enemies":"Writhing Mass","floor":39,"turns":8},{"damage":6,"enemies":"Giant Head","floor":42,"turns":6},{"damage":5,"enemies":"Nemesis","floor":44,"turns":7},{"damage":22,"enemies":"Maw","floor":46,"turns":6},{"damage":0,"enemies":"Sphere and 2 Shapes","floor":48,"turns":4},{"damage":22,"enemies":"Awakened One","floor":50,"turns":23},{"damage":8,"enemies":"Shield and Spear","floor":54,"turns":8},{"damage":6,"enemies":"The Heart","floor":55,"turns":9}],"seed_played":"-6836464675552738014","potions_obtained":[{"floor":7.0,"key":"Poison Potion"},{"floor":10.0,"key":"Block Potion"},{"floor":12.0,"key":"Poison Potion"},{"floor":19.0,"key":"Block Potion"},{"floor":22.0,"key":"SmokeBomb"},{"floor":31.0,"key":"Fire Potion"},{"floor":39,"key":"Fire Potion"},{"floor":42,"key":"Fire Potion"},{"floor":46,"key":"Fire Potion"},{"floor":54,"key":"Weak Potion"}],"is_trial":false,"path_per_floor":["M","?","?","$","M","R","M","E","T","M","R","M","R","T","R","B",null,"M","M","?","?","M","R","M","R","T","M","M","M","$","M","R","B",null,"M","M","$","M","M","R","?","E","T","E","R","M","?","M","R","B",null,"R","$","E","B",null],"character_chosen":"DEFECT","items_purchased":["ClockworkSouvenir","Defragment","White Noise","PowerPotion","Block Potion"],"campfire_rested":0,"item_purchase_floors":[30,30,30,53,53],"current_hp_per_floor":[57,57,57,57,53,53,53,16,16,12,12,11,11,11,11,21,53,41,53,53,53,43,43,45,45,45,23,27,38,38,49,49,38,58,30,32,32,44,47,47,47,53,53,60,60,50,50,64,64,52,61,61,61,64,64],"gold":28,"neow_bonus":"REMOVE_TWO","is_prod":false,"is_daily":false,"chose_seed":false,"campfire_upgraded":10,"win_rate":0,"timestamp":1545227113,"path_taken":["M","?","?","$","?","R","M","E","T","M","R","M","R","?","R","BOSS","M","M","?","?","?","R","M","R","T","M","M","M","$","M","R","BOSS","M","M","$","M","M","R","?","E","T","E","R","M","?","M","R","BOSS","R","$","E","BOSS"],"build_version":"2018-12-13","purchased_purges":2,"victory":true,"max_hp_per_floor":[64,64,64,64,64,64,64,64,64,64,64,64,64,64,64,64,64,64,64,64,64,64,64,64,64,64,64,64,64,64,64,64,64,64,64,64,64,64,64,64,64,64,64,64,64,64,64,64,64,64,64,64,64,64,64],"card_choices":[{"not_picked":["Cold Snap","Beam Cell"],"picked":"Consume","floor":1.0},{"not_picked":["Ball Lightning","Cold Snap"],"picked":"Loop","floor":5.0},{"not_picked":["Aggregate","Steam"],"picked":"Gash","floor":7.0},{"not_picked":["Sweeping Beam","Genetic Algorithm"],"picked":"Gash","floor":8.0},{"not_picked":["Stack","Barrage"],"picked":"Cold Snap","floor":10.0},{"not_picked":["Hello World","Scrape"],"picked":"Self Repair","floor":12.0},{"not_picked":["Meteor Strike","Multi-Cast"],"picked":"Core Surge","floor":16.0},{"not_picked":["Hologram","Auto Shields"],"picked":"Skim","floor":18.0},{"not_picked":["Rip and Tear","Reprogram","Double Energy"],"picked":"SKIP","floor":19.0},{"not_picked":["Stack","Tempest","Sweeping Beam"],"picked":"SKIP","floor":22.0},{"not_picked":["Cold Snap+1","Steam"],"picked":"Glacier+1","floor":27.0},{"not_picked":["Barrage","Rebound","Cold Snap+1"],"picked":"SKIP","floor":28.0},{"not_picked":["Sweeping Beam","Melter","Hologram"],"picked":"SKIP","floor":29.0},{"not_picked":["Sweeping Beam","Melter"],"picked":"Hologram","floor":29.0},{"not_picked":["Static Discharge","Reprogram","Redo"],"picked":"SKIP","floor":31.0},{"not_picked":["Hyperbeam","Seek"],"picked":"All For One","floor":33.0},{"not_picked":["Chaos","Storm"],"picked":"Hologram+1","floor":35.0},{"not_picked":["Beam Cell+1","Static Discharge+1"],"picked":"Conserve Battery+1","floor":36.0},{"not_picked":["FTL","Darkness+1","Cold Snap"],"picked":"SKIP","floor":38.0},{"not_picked":["Doom and Gloom","Cold Snap+1","Redo"],"picked":"SKIP","floor":39},{"not_picked":["Doom and Gloom","Cold Snap+1"],"picked":"Redo","floor":39},{"not_picked":["Coolheaded","Double Energy+1"],"picked":"Go for the Eyes","floor":42},{"not_picked":["Fusion","BootSequence+1"],"picked":"Redo+1","floor":44},{"not_picked":["Conserve Battery","Reprogram"],"picked":"White Noise","floor":46},{"not_picked":["Steam+1","Heatsinks+1"],"picked":"Coolheaded","floor":48},{"not_picked":["BootSequence+1","Static Discharge"],"picked":"White Noise+1","floor":54}],"player_experience":1387599,"relics_obtained":[{"floor":8.0,"key":"Oddly Smooth Stone"},{"floor":9.0,"key":"Blood Vial"},{"floor":26.0,"key":"Tiny Chest"},{"floor":42,"key":"Potion Belt"},{"floor":43,"key":"Centennial Puzzle"},{"floor":44,"key":"Meat on the Bone"},{"floor":54,"key":"Lantern"}],"event_choices":[{"cards_removed":["Strike_B"],"damage_healed":0.0,"max_hp_gain":0.0,"max_hp_loss":0.0,"gold_gain":0.0,"event_name":"Living Wall","player_choice":"Forget","floor":2.0,"gold_loss":0.0,"damage_taken":0.0},{"damage_healed":0.0,"max_hp_gain":0.0,"max_hp_loss":0.0,"gold_gain":0.0,"event_name":"Accursed Blacksmith","player_choice":"Rummage","floor":3.0,"gold_loss":0.0,"damage_taken":0.0,"relics_obtained":["WarpedTongs"],"cards_obtained":["Pain"]},{"cards_removed":["Defend_B"],"damage_healed":0.0,"max_hp_gain":0.0,"max_hp_loss":0.0,"gold_gain":0.0,"event_name":"Back to Basics","player_choice":"Elegance","floor":20.0,"gold_loss":0.0,"damage_taken":0.0},{"cards_removed":["Strike_B"],"damage_healed":0.0,"max_hp_gain":0.0,"max_hp_loss":0.0,"gold_gain":0.0,"event_name":"Purifier","player_choice":"Purged","floor":21.0,"gold_loss":0.0,"damage_taken":0.0},{"damage_healed":0,"gold_gain":0,"player_choice":"Paid","damage_taken":0,"relics_obtained":["Red Mask"],"max_hp_gain":0,"max_hp_loss":0,"event_name":"Tomb of Lord Red Mask","floor":41,"gold_loss":60},{"damage_healed":0,"gold_gain":0,"player_choice":"Ignored","damage_taken":0,"max_hp_gain":0,"max_hp_loss":0,"event_name":"Mysterious Sphere","floor":47,"gold_loss":0}],"is_beta":false,"boss_relics":[{"not_picked":["Snecko Eye","Sozu"],"picked":"Coffee Dripper"},{"not_picked":["Black Star","Fusion Hammer"],"picked":"Runic Pyramid"}],"items_purged_floors":[4,37],"is_endless":false,"potions_floor_spawned":[7,10,12,19,22,31,39,42,46,54],"ascension_level":19}