{"gold_per_floor":[116,133,133,51,126,154,172,201,251,251,251],"floor_reached":11,"playtime":191,"items_purged":[],"score":212,"play_id":"19e2165c-3c34-4e52-8c46-dbd80a768b91","local_time":"20190221145252","is_ascension_mode":true,"campfire_choices":[],"neow_cost":"NONE","seed_source_timestamp":327680253231612,"circlet_count":0,"master_deck":["AscendersBane","Strike_B","Strike_B","Strike_B","Strike_B+1","Defend_B","Defend_B","Defend_B","Defend_B+1","Zap","Dualcast","Recycle","Loop","Beam Cell","Turbo","Doom and Gloom","Chaos","Defragment"],"relics":["Cracked Core","NeowsBlessing","Gremlin Horn","Orichalcum","Smiling Mask"],"potions_floor_usage":[8,8],"damage_taken":[{"damage":0,"enemies":"Small Slimes","floor":1,"turns":1},{"damage":0,"enemies":"2 Louse","floor":2,"turns":1},{"damage":0,"enemies":"Lagavulin","floor":6,"turns":1},{"damage":7,"enemies":"Jaw Worm","floor":7,"turns":3},{"damage":20,"enemies":"3 Sentries","floor":8,"turns":6},{"damage":16,"enemies":"Lagavulin","floor":11,"turns":3}],"seed_played":"4716884154612060408","potions_obtained":[{"floor":2,"key":"Explosive Potion"},{"floor":6,"key":"SkillPotion"}],"is_trial":false,"path_per_floor":["M","M","?","$","?","E","M","E","T","?","E"],"character_chosen":"DEFECT","items_purchased":["Beam Cell","Turbo"],"campfire_rested":0,"item_purchase_floors":[4,4],"current_hp_per_floor":[64,64,69,69,58,58,51,31,31,8,0],"gold":251,"neow_bonus":"THREE_ENEMY_KILL","is_prod":false,"is_daily":false,"chose_seed":false,"campfire_upgraded":0,"win_rate":0,"timestamp":1550731972,"path_taken":["M","M","?","$","?","E","M","E","T","?","E"],"build_version":"2019-01-23","purchased_purges":0,"victory":false,"max_hp_per_floor":[71,71,76,76,76,76,76,76,76,76,76],"card_choices":[{"not_picked":["Turbo","Darkness"],"picked":"Recycle","floor":1},{"not_picked":["Rebound","Beam Cell"],"picked":"Loop","floor":2},{"not_picked":["Reboot","Recycle"],"picked":"Doom and Gloom","floor":6},{"not_picked":["Ball Lightning","Heatsinks"],"picked":"Chaos","floor":7},{"not_picked":["Hologram","Rebound"],"picked":"Defragment","floor":8}],"player_experience":879114,"relics_obtained":[{"floor":6,"key":"Gremlin Horn"},{"floor":8,"key":"Orichalcum"},{"floor":9,"key":"Smiling Mask"}],"event_choices":[{"damage_healed":0,"gold_gain":0,"player_choice":"Donut","damage_taken":0,"max_hp_gain":5,"max_hp_loss":0,"event_name":"Big Fish","floor":3,"gold_loss":0},{"damage_healed":0,"gold_gain":75,"player_choice":"Gather Gold","damage_taken":11,"max_hp_gain":0,"max_hp_loss":0,"event_name":"World of Goop","floor":5,"gold_loss":0},{"damage_healed":0,"gold_gain":0,"player_choice":"Entered Light","damage_taken":23,"max_hp_gain":0,"max_hp_loss":0,"event_name":"Shining Light","floor":10,"gold_loss":0,"cards_upgraded":["Strike_B","Defend_B"]}],"is_beta":false,"boss_relics":[],"items_purged_floors":[],"is_endless":false,"potions_floor_spawned":[2,6,7],"killed_by":"Lagavulin","ascension_level":20}