{"gold_per_floor":[20,38,54,54,67,96,109,135,135,135,135,152,152,182,182,254,254,267,157,82,82,98,98,125,125,125,138,173,173,186,196,196,270,270,286,286,300,310,210,236,236,247,271,371,371,441,441,231,231,231,231,231,231,103,137,137],"floor_reached":57,"playtime":3107,"items_purged":["Zap","Conserve Battery","Undo","Sunder"],"score":2955,"play_id":"854949b9-834f-42d7-afff-8a819035c760","local_time":"20190416070735","is_ascension_mode":true,"campfire_choices":[{"data":"Dualcast","floor":11.0,"key":"SMITH"},{"data":"Creative AI","floor":13.0,"key":"SMITH"},{"data":"Capacitor","floor":15.0,"key":"SMITH"},{"data":"Multi-Cast","floor":23.0,"key":"SMITH"},{"data":"Biased Cognition","floor":25.0,"key":"SMITH"},{"data":"Seek","floor":29.0,"key":"SMITH"},{"data":"Rainbow","floor":32.0,"key":"SMITH"},{"data":"Reboot","floor":41.0,"key":"SMITH"},{"floor":45.0,"key":"RECALL"},{"data":"Capacitor","floor":47.0,"key":"SMITH"},{"data":"Glacier","floor":49.0,"key":"SMITH"},{"data":"Electrodynamics","floor":53.0,"key":"SMITH"}],"neow_cost":"NO_GOLD","seed_source_timestamp":4761714772275,"circlet_count":0,"master_deck":["AscendersBane","Dualcast+1","Electrodynamics+1","Self Repair","Chill","Glacier+1","Capacitor+1","Genetic Algorithm","Creative AI+1","Capacitor+1","Rainbow+1","Echo Form+1","Chill","Reboot+1","Self Repair","Multi-Cast+1","Seek+1","Genetic Algorithm","Biased Cognition+1","Hologram+1","Reinforced Body+1","Echo Form+1","Recycle+1","Seek+1","Core Surge","Skim+1"],"special_seed":0,"relics":["Cracked Core","Pear","Oddly Smooth Stone","Cables","Meat on the Bone","Matryoshka","Pandora\u0027s Box","Pantograph","Frozen Egg 2","Toxic Egg 2","Dodecahedron","Runic Pyramid","Blue Candle","Smiling Mask","Turnip","Gremlin Horn","Symbiotic Virus"],"potions_floor_usage":[55,56],"damage_taken":[{"damage":7.0,"enemies":"2 Louse","floor":1.0,"turns":3.0},{"damage":9.0,"enemies":"Small Slimes","floor":2.0,"turns":3.0},{"damage":1.0,"enemies":"Cultist","floor":3.0,"turns":3.0},{"damage":7.0,"enemies":"2 Fungi Beasts","floor":5.0,"turns":2.0},{"damage":20.0,"enemies":"3 Sentries","floor":6.0,"turns":6.0},{"damage":4.0,"enemies":"Red Slaver","floor":7.0,"turns":5.0},{"damage":24.0,"enemies":"Lagavulin","floor":8.0,"turns":11.0},{"damage":1.0,"enemies":"Blue Slaver","floor":12.0,"turns":5.0},{"damage":32.0,"enemies":"Gremlin Nob","floor":14.0,"turns":4.0},{"damage":20.0,"enemies":"The Guardian","floor":16.0,"turns":14.0},{"damage":18.0,"enemies":"3 Byrds","floor":18.0,"turns":3.0},{"damage":14.0,"enemies":"Chosen","floor":22.0,"turns":5.0},{"damage":9.0,"enemies":"Gremlin Leader","floor":24.0,"turns":10.0},{"damage":3.0,"enemies":"Centurion and Healer","floor":27.0,"turns":7.0},{"damage":42.0,"enemies":"Slavers","floor":28.0,"turns":7.0},{"damage":14.0,"enemies":"Snecko","floor":30.0,"turns":6.0},{"damage":18.0,"enemies":"3 Cultists","floor":31.0,"turns":3.0},{"damage":0.0,"enemies":"Collector","floor":33.0,"turns":6.0},{"damage":0.0,"enemies":"3 Shapes","floor":35.0,"turns":9.0},{"damage":17.0,"enemies":"3 Darklings","floor":37.0,"turns":5.0},{"damage":11.0,"enemies":"Sphere and 2 Shapes","floor":38.0,"turns":6.0},{"damage":0.0,"enemies":"Nemesis","floor":40.0,"turns":11.0},{"damage":16.0,"enemies":"Writhing Mass","floor":42.0,"turns":9.0},{"damage":0.0,"enemies":"Mind Bloom Boss Battle","floor":44.0,"turns":6.0},{"damage":2.0,"enemies":"Time Eater","floor":50.0,"turns":8.0},{"damage":0.0,"enemies":"Awakened One","floor":51.0,"turns":7.0},{"damage":0,"enemies":"Shield and Spear","floor":55,"turns":5},{"damage":59,"enemies":"The Heart","floor":56,"turns":13}],"seed_played":"-2061009522017447100","potions_obtained":[{"floor":1.0,"key":"SmokeBomb"},{"floor":5.0,"key":"SteroidPotion"},{"floor":12.0,"key":"FocusPotion"},{"floor":16.0,"key":"SkillPotion"}],"is_trial":false,"path_per_floor":["M","M","M","?","M","E","M","E","T","?","R","M","R","E","R","B",null,"M","?","$","?","M","R","E","R","T","M","E","R","M","M","R","B",null,"M","?","M","M","$","E","R","M","T","?","R","T","R","$","R","B","B",null,"R","$","E","B",null],"character_chosen":"DEFECT","items_purchased":["Seek+1","Core Surge"],"campfire_rested":0,"item_purchase_floors":[48,54],"current_hp_per_floor":[57,55,61,60,53,40,43,26,26,26,26,44,44,24,24,23,67,63,63,63,63,63,63,75,75,75,81,58,58,58,59,59,81,81,81,77,77,77,77,77,77,75,75,77,77,77,77,77,77,77,77,77,77,77,77,58],"gold":137,"neow_bonus":"THREE_RARE_CARDS","is_prod":false,"is_daily":false,"chose_seed":false,"campfire_upgraded":11,"win_rate":0,"timestamp":1555369655,"path_taken":["M","M","M","?","M","E","M","E","T","?","R","M","R","E","R","BOSS","M","?","?","?","M","R","E","R","T","?","E","R","M","M","R","BOSS","M","?","M","M","$","E","R","M","T","?","R","?","R","$","R","BOSS","BOSS","R","$","E","BOSS"],"build_version":"2019-01-23","purchased_purges":4,"victory":true,"max_hp_per_floor":[71,71,71,81,81,81,81,81,81,81,81,81,81,81,81,81,81,81,81,81,81,81,81,81,81,81,81,81,81,81,81,81,81,81,81,77,77,77,77,77,77,77,77,77,77,77,77,77,77,77,77,77,77,77,77,77],"card_choices":[{"not_picked":["Multi-Cast","Creative AI"],"picked":"Electrodynamics","floor":0.0},{"not_picked":["Doom and Gloom","Aggregate"],"picked":"Self Repair","floor":1.0},{"not_picked":["Stack","Go for the Eyes","Streamline"],"picked":"SKIP","floor":2.0},{"not_picked":["Sweeping Beam","Redo"],"picked":"Chill","floor":3.0},{"not_picked":["FTL","Redo"],"picked":"Glacier","floor":5.0},{"not_picked":["Hologram","Beam Cell"],"picked":"Capacitor","floor":6.0},{"not_picked":["Streamline","Hologram"],"picked":"Genetic Algorithm","floor":7.0},{"not_picked":["Consume","Conserve Battery"],"picked":"Creative AI","floor":8.0},{"not_picked":["Darkness","Turbo"],"picked":"Capacitor","floor":12.0},{"not_picked":["Reprogram","Fusion"],"picked":"Rainbow","floor":14.0},{"not_picked":["Thunder Strike","Buffer"],"picked":"Echo Form","floor":16.0},{"not_picked":["Conserve Battery+1","Leap","Rebound+1"],"picked":"SKIP","floor":18.0},{"not_picked":["Compile Driver","Tempest"],"picked":"Genetic Algorithm","floor":22.0},{"not_picked":["Gash","Rebound+1"],"picked":"Biased Cognition","floor":24.0},{"not_picked":["Hello World+1","Gash"],"picked":"Hologram+1","floor":27.0},{"not_picked":["Beam Cell","Streamline","Cold Snap"],"picked":"SKIP","floor":28.0},{"not_picked":["Lockon","Aggregate+1"],"picked":"Reinforced Body+1","floor":30.0},{"not_picked":["Streamline","Ball Lightning","Multi-Cast+1"],"picked":"SKIP","floor":31.0},{"not_picked":["Seek+1","Creative AI+1"],"picked":"Echo Form+1","floor":33.0},{"not_picked":["Barrage","Leap+1"],"picked":"Recycle+1","floor":35.0},{"not_picked":["Leap+1","Streamline","Sweeping Beam"],"picked":"SKIP","floor":37.0},{"not_picked":["Streamline","Barrage+1","Lockon"],"picked":"SKIP","floor":38.0},{"not_picked":["Blizzard","Beam Cell+1","Rip and Tear+1"],"picked":"SKIP","floor":40.0},{"not_picked":["Melter","Redo+1","Beam Cell"],"picked":"SKIP","floor":42.0},{"not_picked":["Compile Driver","Static Discharge+1"],"picked":"Skim+1","floor":55}],"player_experience":4311608,"relics_obtained":[{"floor":6.0,"key":"Oddly Smooth Stone"},{"floor":8.0,"key":"Cables"},{"floor":9.0,"key":"Meat on the Bone"},{"floor":14.0,"key":"Matryoshka"},{"floor":24.0,"key":"Pantograph"},{"floor":26.0,"key":"Frozen Egg 2"},{"floor":26.0,"key":"Toxic Egg 2"},{"floor":28.0,"key":"Dodecahedron"},{"floor":40.0,"key":"Blue Candle"},{"floor":43.0,"key":"Smiling Mask"},{"floor":44.0,"key":"Turnip"},{"floor":46.0,"key":"Gremlin Horn"},{"floor":55,"key":"Symbiotic Virus"}],"event_choices":[{"damage_healed":0.0,"max_hp_gain":0.0,"max_hp_loss":0.0,"gold_gain":0.0,"event_name":"Scrap Ooze","player_choice":"Success","floor":4.0,"gold_loss":0.0,"damage_taken":11.0,"relics_obtained":["Pear"]},{"damage_healed":0.0,"max_hp_gain":0.0,"max_hp_loss":0.0,"gold_gain":0.0,"event_name":"Liars Game","player_choice":"Ignored","floor":10.0,"gold_loss":0.0,"damage_taken":0.0},{"cards_removed":["Steam Power"],"damage_healed":0.0,"max_hp_gain":0.0,"max_hp_loss":0.0,"gold_gain":0.0,"event_name":"Designer","player_choice":"Upgrade and Remove","floor":19.0,"gold_loss":110.0,"damage_taken":0.0,"cards_upgraded":["Echo Form"]},{"damage_healed":0.0,"max_hp_gain":0.0,"max_hp_loss":0.0,"gold_gain":0.0,"event_name":"Match and Keep!","player_choice":"1 cards matched","floor":21.0,"gold_loss":0.0,"damage_taken":0.0,"cards_obtained":["Seek"]},{"damage_healed":0.0,"max_hp_gain":0.0,"max_hp_loss":4.0,"gold_gain":0.0,"event_name":"Winding Halls","player_choice":"Max HP","floor":36.0,"gold_loss":0.0,"damage_taken":0.0},{"damage_healed":0.0,"max_hp_gain":0.0,"max_hp_loss":0.0,"gold_gain":0.0,"event_name":"MindBloom","player_choice":"Fight","floor":44.0,"gold_loss":0.0,"damage_taken":0.0}],"is_beta":false,"boss_relics":[{"not_picked":["Busted Crown","Empty Cage"],"picked":"Pandora\u0027s Box"},{"not_picked":["Runic Dome","Nuclear Battery"],"picked":"Runic Pyramid"}],"items_purged_floors":[20,39,48,54],"is_endless":false,"potions_floor_spawned":[1,5,12,16,22,28,33,35,40,44],"ascension_level":20}