{"gold_per_floor":[110,110,24,24,24,58,58,91,114,143,143,162,162,162,162,162],"floor_reached":16,"playtime":288,"items_purged":[],"score":328,"play_id":"3a62c892-5bb6-48c1-b86e-8d5a66eebf5f","local_time":"20190603153635","is_ascension_mode":true,"campfire_choices":[{"data":"Flame Barrier","floor":7,"key":"SMITH"},{"data":"True Grit","floor":11,"key":"SMITH"},{"floor":15,"key":"REST"}],"neow_cost":"NONE","seed_source_timestamp":168881606077655,"circlet_count":0,"master_deck":["AscendersBane","Strike_R","Strike_R","Strike_R","Strike_R","Defend_R","Defend_R","Defend_R+1","Defend_R","Bash","Flame Barrier+1","Power Through+1","True Grit+1","Offering","Power Through","Shockwave+1","Parasite"],"relics":["Burning Blood","NeowsBlessing","War Paint","Oddly Smooth Stone","Orichalcum","Matryoshka"],"potions_floor_usage":[10],"damage_taken":[{"damage":0,"enemies":"2 Louse","floor":1,"turns":1},{"damage":0,"enemies":"Lagavulin","floor":6,"turns":2},{"damage":0,"enemies":"Gremlin Nob","floor":8,"turns":1},{"damage":74,"enemies":"Lagavulin","floor":10,"turns":17},{"damage":8,"enemies":"Jaw Worm","floor":12,"turns":5},{"damage":0,"enemies":"The Guardian","floor":16,"turns":1}],"seed_played":"-8965244795091949965","potions_obtained":[{"floor":1,"key":"AttackPotion"}],"is_trial":false,"path_per_floor":["M","?","$","?","?","E","R","E","T","E","R","M","?","?","R","B"],"character_chosen":"IRONCLAD","items_purchased":["Power Through"],"campfire_rested":1,"item_purchase_floors":[3],"current_hp_per_floor":[74,74,74,74,79,80,80,80,80,12,12,10,30,30,54,54],"gold":162,"neow_bonus":"THREE_ENEMY_KILL","is_prod":false,"is_daily":false,"chose_seed":false,"campfire_upgraded":2,"win_rate":0,"timestamp":1559547395,"path_taken":["M","?","$","?","?","E","R","E","T","E","R","M","?","?","R","BOSS"],"build_version":"2019-01-23","purchased_purges":0,"victory":false,"max_hp_per_floor":[75,75,75,75,80,80,80,80,80,80,80,80,80,80,80,80],"card_choices":[{"not_picked":["Dropkick","Corruption","Combust"],"picked":"SKIP","floor":1},{"not_picked":["Wild Strike","Iron Wave"],"picked":"True Grit","floor":6},{"not_picked":["Pommel Strike","Perfected Strike"],"picked":"Offering","floor":8},{"not_picked":["Warcry","Headbutt"],"picked":"Power Through","floor":10},{"not_picked":["Armaments","Clash"],"picked":"Shockwave","floor":12}],"player_experience":5023075,"relics_obtained":[{"floor":6,"key":"War Paint"},{"floor":8,"key":"Oddly Smooth Stone"},{"floor":9,"key":"Orichalcum"},{"floor":10,"key":"Matryoshka"}],"event_choices":[{"damage_healed":0,"gold_gain":0,"cards_transformed":["Strike_R"],"player_choice":"Change","damage_taken":0,"max_hp_gain":0,"max_hp_loss":0,"event_name":"Living Wall","floor":2,"gold_loss":0,"cards_obtained":["Flame Barrier"]},{"damage_healed":0,"gold_gain":0,"player_choice":"Ignored","damage_taken":0,"max_hp_gain":0,"max_hp_loss":0,"event_name":"Liars Game","floor":4,"gold_loss":0},{"damage_healed":0,"gold_gain":0,"player_choice":"Donut","damage_taken":0,"max_hp_gain":5,"max_hp_loss":0,"event_name":"Big Fish","floor":5,"gold_loss":0},{"damage_healed":20,"gold_gain":0,"player_choice":"Healed and dodged fight","damage_taken":0,"max_hp_gain":0,"max_hp_loss":0,"event_name":"Mushrooms","floor":13,"gold_loss":0,"cards_obtained":["Parasite"]},{"damage_healed":0,"gold_gain":0,"player_choice":"Upgraded","damage_taken":0,"max_hp_gain":0,"max_hp_loss":0,"event_name":"Upgrade Shrine","floor":14,"gold_loss":0,"cards_upgraded":["Shockwave"]}],"is_beta":false,"boss_relics":[],"items_purged_floors":[],"is_endless":false,"potions_floor_spawned":[1],"killed_by":"The Guardian","ascension_level":20}