{"gold_per_floor":[115,125,125,140,52,77,77,94,171,205,3,3,21,44,44,117,117,135,35,52,502,151,179,179,179,179,205,255,283,283],"floor_reached":30,"playtime":975,"items_purged":["Strike_R","Strike_R","Strike_R"],"score":648,"play_id":"48c840e4-e296-48f1-95c8-8e547ca08daa","local_time":"20190806001730","is_ascension_mode":true,"campfire_choices":[{"floor":7.0,"key":"REST"},{"data":"Armaments","floor":15.0,"key":"SMITH"},{"floor":24.0,"key":"REST"}],"neow_cost":"TEN_PERCENT_HP_LOSS","seed_source_timestamp":710937149590400,"circlet_count":0,"master_deck":["AscendersBane","Strike_R","Strike_R","Defend_R","Defend_R","Defend_R","Defend_R","Bash","Demon Form","True Grit","Power Through","Corruption","Armaments+1","Shrug It Off","Second Wind","Feel No Pain","Immolate","Evolve"],"special_seed":0,"relics":["Burning Blood","Bird Faced Urn","Darkstone Periapt","Bag of Marbles","Odd Mushroom","Mark of Pain","Anchor","Potion Belt","Question Card","Boot","Red Mask"],"potions_floor_usage":[],"damage_taken":[{"damage":15.0,"enemies":"2 Louse","floor":1.0,"turns":4.0},{"damage":12.0,"enemies":"Jaw Worm","floor":2.0,"turns":5.0},{"damage":16.0,"enemies":"Cultist","floor":4.0,"turns":5.0},{"damage":45.0,"enemies":"Gremlin Nob","floor":6.0,"turns":6.0},{"damage":21.0,"enemies":"Exordium Wildlife","floor":8.0,"turns":6.0},{"damage":0.0,"enemies":"Lagavulin","floor":10.0,"turns":6.0},{"damage":0.0,"enemies":"2 Fungi Beasts","floor":13.0,"turns":4.0},{"damage":40.0,"enemies":"The Mushroom Lair","floor":14.0,"turns":7.0},{"damage":21.0,"enemies":"The Guardian","floor":16.0,"turns":17.0},{"damage":12.0,"enemies":"Spheric Guardian","floor":18.0,"turns":7.0},{"damage":8.0,"enemies":"Chosen","floor":20.0,"turns":7.0},{"damage":0.0,"enemies":"Gremlin Leader","floor":23.0,"turns":6.0},{"damage":19.0,"enemies":"Slavers","floor":27.0,"turns":5.0},{"damage":39.0,"enemies":"Masked Bandits","floor":29.0,"turns":4.0},{"damage":7,"enemies":"Book of Stabbing","floor":30,"turns":5}],"seed_played":"465270679246130858","potions_obtained":[{"floor":2.0,"key":"Dexterity Potion"},{"floor":6.0,"key":"Fire Potion"},{"floor":8.0,"key":"EssenceOfSteel"},{"floor":10.0,"key":"Regen Potion"},{"floor":18.0,"key":"Swift Potion"},{"floor":23.0,"key":"PowerPotion"},{"floor":27.0,"key":"Swift Potion"}],"is_trial":false,"path_per_floor":["M","M","?","M","$","E","R","M","T","E","$","?","M","?","R","B",null,"M","$","M","?","$","E","R","?","T","E","?","?","E"],"character_chosen":"IRONCLAD","items_purchased":["Corruption","Second Wind","Feel No Pain","Anchor","PowerPotion"],"campfire_rested":2,"item_purchase_floors":[5,11,11,22,22],"current_hp_per_floor":[59,53,58,48,48,9,30,17,17,27,27,27,35,20,20,9,57,57,57,61,19,19,33,54,54,54,49,49,20,21],"gold":283,"neow_bonus":"THREE_RARE_CARDS","is_prod":false,"is_daily":false,"chose_seed":false,"campfire_upgraded":1,"win_rate":0,"timestamp":1565018250,"path_taken":["M","M","?","M","$","E","R","M","T","E","$","?","?","?","R","BOSS","M","$","M","?","?","E","R","?","T","E","?","?","E"],"build_version":"2019-07-17","purchased_purges":3,"victory":false,"max_hp_per_floor":[68,68,73,73,73,73,73,73,73,73,73,73,73,73,73,73,73,73,73,73,73,73,73,73,73,73,73,73,73,73],"card_choices":[{"not_picked":["Barricade","Reaper"],"picked":"Demon Form","floor":0.0},{"not_picked":["Iron Wave","Anger"],"picked":"True Grit","floor":1.0},{"not_picked":["Fire Breathing","Thunderclap"],"picked":"Power Through","floor":2.0},{"not_picked":["Shockwave","Thunderclap","Heavy Blade"],"picked":"SKIP","floor":4.0},{"not_picked":["Sentinel","Flex"],"picked":"Armaments","floor":6.0},{"not_picked":["Combust","Havoc"],"picked":"Shrug It Off","floor":8.0},{"not_picked":["Warcry","Pommel Strike","Armaments"],"picked":"SKIP","floor":10.0},{"not_picked":["Infernal Blade","Disarm","Bloodletting"],"picked":"SKIP","floor":13.0},{"not_picked":["Limit Break","Barricade"],"picked":"Immolate","floor":16.0},{"not_picked":["Pummel+1","Anger","Armaments"],"picked":"SKIP","floor":18.0},{"not_picked":["Rampage","Flex+1"],"picked":"Evolve","floor":20.0},{"not_picked":["Thunderclap","Headbutt","Pommel Strike"],"picked":"SKIP","floor":23.0},{"not_picked":["Spot Weakness","Anger","Power Through","Havoc"],"picked":"SKIP","floor":27.0}],"player_experience":774825,"relics_obtained":[{"floor":6.0,"key":"Bird Faced Urn"},{"floor":9.0,"key":"Darkstone Periapt"},{"floor":10.0,"key":"Bag of Marbles"},{"floor":14.0,"key":"Odd Mushroom"},{"floor":23.0,"key":"Potion Belt"},{"floor":26.0,"key":"Question Card"},{"floor":27.0,"key":"Boot"},{"floor":29.0,"key":"Red Mask"}],"event_choices":[{"damage_healed":0.0,"max_hp_gain":5.0,"max_hp_loss":0.0,"gold_gain":0.0,"event_name":"Big Fish","player_choice":"Donut","floor":3.0,"gold_loss":0.0,"damage_taken":0.0},{"damage_healed":0.0,"max_hp_gain":0.0,"max_hp_loss":0.0,"gold_gain":0.0,"event_name":"Match and Keep!","player_choice":"0 cards matched","floor":12.0,"gold_loss":0.0,"damage_taken":0.0,"cards_obtained":[]},{"damage_healed":0.0,"max_hp_gain":0.0,"max_hp_loss":0.0,"gold_gain":0.0,"event_name":"Mushrooms","player_choice":"Fought Mushrooms","floor":14.0,"gold_loss":0.0,"damage_taken":0.0},{"damage_healed":0.0,"max_hp_gain":0.0,"max_hp_loss":0.0,"gold_gain":450.0,"event_name":"Knowing Skull","player_choice":"GOLD GOLD GOLD GOLD GOLD ","floor":21.0,"potions_obtained":[],"gold_loss":0.0,"damage_taken":42.0,"cards_obtained":[]},{"damage_healed":0.0,"max_hp_gain":0.0,"max_hp_loss":0.0,"gold_gain":0.0,"event_name":"The Mausoleum","player_choice":"Ignored","floor":25.0,"gold_loss":0.0,"damage_taken":0.0},{"damage_healed":0.0,"max_hp_gain":0.0,"max_hp_loss":0.0,"gold_gain":50.0,"event_name":"Nest","player_choice":"Stole From Cult","floor":28.0,"gold_loss":0.0,"damage_taken":0.0},{"damage_healed":0.0,"max_hp_gain":0.0,"max_hp_loss":0.0,"gold_gain":0.0,"event_name":"Masked Bandits","player_choice":"Fought Bandits","floor":29.0,"gold_loss":0.0,"damage_taken":0.0}],"is_beta":false,"boss_relics":[{"not_picked":["Sozu","Runic Cube"],"picked":"Mark of Pain"}],"items_purged_floors":[11,19,22],"is_endless":false,"potions_floor_spawned":[2,6,8,10,18,23,27],"killed_by":"Book of Stabbing","ascension_level":20}