{"gold_per_floor":[214,232,243,243,2,2,20,48,48,48,58,74,74,93,93,93],"floor_reached":16,"playtime":427,"items_purged":["Strike_B"],"score":208,"play_id":"36a3ffc8-4261-432a-a135-658cdf309717","local_time":"20190302155049","is_ascension_mode":true,"campfire_choices":[{"data":"Consume","floor":6.0,"key":"SMITH"},{"data":"Coolheaded","floor":10.0,"key":"SMITH"},{"data":"Dualcast","floor":15.0,"key":"SMITH"}],"neow_cost":"NONE","seed_source_timestamp":173836536335478,"circlet_count":0,"master_deck":["AscendersBane","Strike_B","Defend_B","Defend_B","Defend_B","Defend_B","Zap","Dualcast+1","Consume+1","Coolheaded+1","Turbo","Compile Driver","Blizzard","Capacitor","Cold Snap"],"special_seed":0,"relics":["Cracked Core","Omamori","Singing Bowl","Shuriken"],"potions_floor_usage":[16],"damage_taken":[{"damage":2.0,"enemies":"2 Louse","floor":1.0,"turns":3.0},{"damage":6.0,"enemies":"Cultist","floor":2.0,"turns":3.0},{"damage":4.0,"enemies":"Small Slimes","floor":3.0,"turns":4.0},{"damage":8.0,"enemies":"Red Slaver","floor":7.0,"turns":3.0},{"damage":17.0,"enemies":"3 Sentries","floor":8.0,"turns":9.0},{"damage":6.0,"enemies":"2 Fungi Beasts","floor":11.0,"turns":3.0},{"damage":9.0,"enemies":"3 Louse","floor":12.0,"turns":5.0},{"damage":10.0,"enemies":"Red Slaver","floor":14.0,"turns":5.0},{"damage":28,"enemies":"Slime Boss","floor":16,"turns":3}],"seed_played":"5804534852045023215","potions_obtained":[{"floor":1.0,"key":"SkillPotion"},{"floor":2.0,"key":"SteroidPotion"},{"floor":11.0,"key":"PowerPotion"}],"is_trial":false,"path_per_floor":["M","M","M","?","$","R","M","E","T","R","M","M","?","M","R","B"],"character_chosen":"DEFECT","items_purchased":["Omamori"],"campfire_rested":0,"item_purchase_floors":[5],"current_hp_per_floor":[62,56,52,52,52,52,44,27,27,27,23,14,14,4,4,0],"gold":93,"neow_bonus":"HUNDRED_GOLD","is_prod":false,"is_daily":false,"chose_seed":false,"campfire_upgraded":3,"win_rate":0,"timestamp":1551513049,"path_taken":["M","M","M","?","$","R","?","E","T","R","M","M","?","M","R","BOSS"],"build_version":"2019-01-23","purchased_purges":1,"victory":false,"max_hp_per_floor":[71,71,71,71,71,71,71,71,71,71,73,73,73,73,73,73],"card_choices":[{"not_picked":["Reprogram","Beam Cell"],"picked":"Consume","floor":1.0},{"not_picked":["Self Repair","Beam Cell"],"picked":"Coolheaded","floor":2.0},{"not_picked":["Sweeping Beam","Coolheaded"],"picked":"Turbo","floor":3.0},{"not_picked":["Beam Cell","Steam"],"picked":"Compile Driver","floor":7.0},{"not_picked":["Sweeping Beam","Rebound"],"picked":"Blizzard","floor":8.0},{"not_picked":["Leap","Compile Driver","Multi-Cast"],"picked":"Singing Bowl","floor":11.0},{"not_picked":["Turbo","Chaos"],"picked":"Capacitor","floor":12.0},{"not_picked":["Conserve Battery","Ball Lightning"],"picked":"Cold Snap","floor":14.0}],"player_experience":1069471,"relics_obtained":[{"floor":8.0,"key":"Singing Bowl"},{"floor":9.0,"key":"Shuriken"}],"event_choices":[{"cards_removed":["Strike_B"],"damage_healed":0.0,"max_hp_gain":0.0,"max_hp_loss":0.0,"gold_gain":0.0,"event_name":"Bonfire Elementals","player_choice":"Offered Basic","floor":4.0,"gold_loss":0.0,"damage_taken":0.0},{"cards_removed":["Strike_B"],"damage_healed":0.0,"max_hp_gain":0.0,"max_hp_loss":0.0,"gold_gain":0.0,"event_name":"Purifier","player_choice":"Purged","floor":13.0,"gold_loss":0.0,"damage_taken":0.0}],"is_beta":false,"boss_relics":[],"items_purged_floors":[5],"is_endless":false,"potions_floor_spawned":[1,2,11],"killed_by":"Slime Boss","ascension_level":20}