{"gold_per_floor":[117,117,117,129,144,170,170,95,95,95,95],"floor_reached":11,"playtime":218,"items_purged":[],"score":142,"play_id":"fed24bd5-d243-481e-ad8a-94a645e53bc8","local_time":"20190222150902","is_ascension_mode":true,"campfire_choices":[{"floor":7,"key":"REST"}],"neow_cost":"NONE","seed_source_timestamp":415024617786353,"circlet_count":0,"master_deck":["AscendersBane","Strike_B","Defend_B","Defend_B","Defend_B","Defend_B","Zap","Dualcast","Skim","Coolheaded","Turbo","Auto Shields"],"relics":["Cracked Core","NeowsBlessing","Bottled Lightning","Lantern"],"potions_floor_usage":[],"damage_taken":[{"damage":0,"enemies":"2 Louse","floor":1,"turns":1},{"damage":0,"enemies":"Small Slimes","floor":4,"turns":2},{"damage":0,"enemies":"Cultist","floor":5,"turns":1},{"damage":55,"enemies":"3 Sentries","floor":6,"turns":14},{"damage":0,"enemies":"Gremlin Nob","floor":11,"turns":1}],"seed_played":"8216056851669709842","potions_obtained":[{"floor":4,"key":"Ancient Potion"},{"floor":6,"key":"SkillPotion"}],"is_trial":false,"path_per_floor":["M","?","?","M","M","E","R","?","T","?","E"],"character_chosen":"DEFECT","items_purchased":[],"campfire_rested":1,"item_purchase_floors":[],"current_hp_per_floor":[64,57,57,57,57,2,23,23,23,28,28],"gold":95,"neow_bonus":"THREE_ENEMY_KILL","is_prod":false,"is_daily":false,"chose_seed":false,"campfire_upgraded":0,"win_rate":0,"timestamp":1550819342,"path_taken":["M","?","?","?","M","E","R","?","T","?","E"],"build_version":"2019-01-23","purchased_purges":0,"victory":false,"max_hp_per_floor":[71,71,71,71,71,71,71,71,71,76,76],"card_choices":[{"not_picked":["Conserve Battery","Rebound"],"picked":"Skim","floor":1},{"not_picked":["Stack","Double Energy"],"picked":"Coolheaded","floor":4},{"not_picked":["Storm","FTL"],"picked":"Turbo","floor":5},{"not_picked":["Reprogram","Heatsinks"],"picked":"Auto Shields","floor":6}],"player_experience":900997,"relics_obtained":[{"floor":6,"key":"Bottled Lightning"},{"floor":9,"key":"Lantern"}],"event_choices":[{"cards_removed":["Strike_B"],"damage_healed":0,"gold_gain":0,"player_choice":"Card Removal","damage_taken":7,"max_hp_gain":0,"max_hp_loss":0,"event_name":"Golden Wing","floor":2,"gold_loss":0},{"cards_removed":["Strike_B"],"damage_healed":0,"gold_gain":0,"player_choice":"Offered Basic","damage_taken":0,"max_hp_gain":0,"max_hp_loss":0,"event_name":"Bonfire Elementals","floor":3,"gold_loss":0},{"cards_removed":["Strike_B"],"damage_healed":0,"gold_gain":0,"player_choice":"Card Removal","damage_taken":0,"max_hp_gain":0,"max_hp_loss":0,"event_name":"The Cleric","floor":8,"gold_loss":75},{"damage_healed":0,"gold_gain":0,"player_choice":"Donut","damage_taken":0,"max_hp_gain":5,"max_hp_loss":0,"event_name":"Big Fish","floor":10,"gold_loss":0}],"is_beta":false,"boss_relics":[],"items_purged_floors":[],"is_endless":false,"potions_floor_spawned":[4,6],"killed_by":"Gremlin Nob","ascension_level":20}