{"gold_per_floor":[118,118,88,108,124,149,149,161,185,185,215,3,3,22,22,96,96,109,125,225,237,0,29,29,29,29,29],"floor_reached":27,"playtime":935,"items_purged":[],"score":482,"play_id":"76f0b30c-b448-4c29-933e-d69233439e7c","local_time":"20190314154000","is_ascension_mode":true,"campfire_choices":[{"data":"Redo","floor":7.0,"key":"SMITH"},{"data":"Dualcast","floor":10.0,"key":"SMITH"},{"data":"Recycle","floor":13.0,"key":"SMITH"},{"data":"Zap","floor":15.0,"key":"SMITH"},{"floor":24.0,"key":"REST"}],"neow_cost":"NONE","seed_source_timestamp":27008589799405,"circlet_count":0,"master_deck":["AscendersBane","Strike_B","Strike_B","Strike_B","Defend_B+1","Defend_B","Defend_B","Defend_B+1","Zap+1","Dualcast+1","Doom and Gloom","Core Surge","Redo+1","Glacier","Ball Lightning","Recycle+1","Electrodynamics","Compile Driver","Turbo+1","Creative AI"],"special_seed":0,"relics":["Cracked Core","NeowsBlessing","PreservedInsect","Happy Flower","War Paint","Medical Kit","Fusion Hammer","Emotion Chip","Mummified Hand","Bag of Marbles","Question Card"],"potions_floor_usage":[],"damage_taken":[{"damage":0.0,"enemies":"Small Slimes","floor":1.0,"turns":1.0},{"damage":0.0,"enemies":"Cultist","floor":4.0,"turns":1.0},{"damage":0.0,"enemies":"2 Louse","floor":5.0,"turns":1.0},{"damage":19.0,"enemies":"Lagavulin","floor":6.0,"turns":7.0},{"damage":6.0,"enemies":"Blue Slaver","floor":8.0,"turns":5.0},{"damage":11.0,"enemies":"3 Sentries","floor":11.0,"turns":6.0},{"damage":8.0,"enemies":"Exordium Thugs","floor":14.0,"turns":4.0},{"damage":7.0,"enemies":"Hexaghost","floor":16.0,"turns":9.0},{"damage":5.0,"enemies":"2 Thieves","floor":18.0,"turns":4.0},{"damage":12.0,"enemies":"Chosen","floor":19.0,"turns":3.0},{"damage":5.0,"enemies":"Colosseum Slavers","floor":20.0,"turns":4.0},{"damage":13.0,"enemies":"Colosseum Nobs","floor":20.0,"turns":4.0},{"damage":10.0,"enemies":"Centurion and Healer","floor":21.0,"turns":4.0},{"damage":13.0,"enemies":"Gremlin Leader","floor":23.0,"turns":6.0},{"damage":18,"enemies":"Snecko","floor":27,"turns":2}],"seed_played":"-4014079206644159350","potions_obtained":[{"floor":3.0,"key":"Strength Potion"},{"floor":3.0,"key":"SpeedPotion"},{"floor":11.0,"key":"EssenceOfSteel"},{"floor":14.0,"key":"SkillPotion"},{"floor":20.0,"key":"Fruit Juice"}],"is_trial":false,"path_per_floor":["M","?","?","M","M","E","R","M","T","R","E","$","R","M","R","B",null,"M","M","?","M","?","E","R","?","T","M"],"character_chosen":"DEFECT","items_purchased":["Medical Kit"],"campfire_rested":1,"item_purchase_floors":[12],"current_hp_per_floor":[64,64,64,64,64,45,45,39,39,39,28,28,28,20,20,13,57,52,40,27,17,17,4,26,4,4,0],"gold":29,"neow_bonus":"THREE_ENEMY_KILL","is_prod":false,"is_daily":false,"chose_seed":false,"campfire_upgraded":4,"win_rate":0,"timestamp":1552549200,"path_taken":["M","?","?","?","M","E","R","M","T","R","E","$","R","M","R","BOSS","M","?","?","M","?","E","R","?","T","M"],"build_version":"2019-01-23","purchased_purges":0,"victory":false,"max_hp_per_floor":[71,71,71,71,71,71,71,71,71,71,71,71,71,71,71,71,71,71,71,76,76,76,76,76,81,81,81],"card_choices":[{"not_picked":["Stack","Sweeping Beam"],"picked":"Doom and Gloom","floor":1.0},{"not_picked":["Stack","Sweeping Beam"],"picked":"Redo","floor":4.0},{"not_picked":["Steam","Scrape"],"picked":"Glacier","floor":5.0},{"not_picked":["Rebound","Steam","Redo"],"picked":"SKIP","floor":6.0},{"not_picked":["Leap","Reinforced Body"],"picked":"Ball Lightning","floor":8.0},{"not_picked":["Cold Snap","Force Field"],"picked":"Recycle","floor":11.0},{"not_picked":["FTL","Auto Shields","Rebound"],"picked":"SKIP","floor":14.0},{"not_picked":["Thunder Strike","Echo Form"],"picked":"Electrodynamics","floor":16.0},{"not_picked":["Streamline","Go for the Eyes","Loop"],"picked":"SKIP","floor":18.0},{"not_picked":["Go for the Eyes","Sunder"],"picked":"Compile Driver","floor":19.0},{"not_picked":["Streamline","Gash"],"picked":"Turbo+1","floor":21.0},{"not_picked":["Ball Lightning","Conserve Battery+1"],"picked":"Creative AI","floor":23.0}],"player_experience":3587556,"relics_obtained":[{"floor":6.0,"key":"PreservedInsect"},{"floor":9.0,"key":"Happy Flower"},{"floor":11.0,"key":"War Paint"},{"floor":20.0,"key":"Emotion Chip"},{"floor":20.0,"key":"Mummified Hand"},{"floor":23.0,"key":"Bag of Marbles"},{"floor":26.0,"key":"Question Card"}],"event_choices":[{"damage_healed":0.0,"max_hp_gain":0.0,"max_hp_loss":0.0,"gold_gain":0.0,"cards_transformed":["Strike_B"],"event_name":"Living Wall","player_choice":"Change","floor":2.0,"gold_loss":0.0,"damage_taken":0.0,"cards_obtained":["Core Surge"]},{"damage_healed":0.0,"max_hp_gain":0.0,"max_hp_loss":0.0,"gold_gain":0.0,"event_name":"The Woman in Blue","player_choice":"Bought 2 Potions","floor":3.0,"gold_loss":0.0,"damage_taken":0.0},{"damage_healed":0.0,"max_hp_gain":0.0,"max_hp_loss":0.0,"gold_gain":0.0,"event_name":"Colosseum","player_choice":"Fight","floor":20.0,"gold_loss":0.0,"damage_taken":0.0},{"damage_healed":0.0,"max_hp_gain":0.0,"max_hp_loss":0.0,"gold_gain":0.0,"event_name":"Colosseum","player_choice":"Fought Nobs","floor":20.0,"gold_loss":0.0,"damage_taken":0.0},{"damage_healed":0.0,"max_hp_gain":0.0,"max_hp_loss":0.0,"gold_gain":0.0,"event_name":"Masked Bandits","player_choice":"Paid Fearfully","floor":22.0,"gold_loss":237.0,"damage_taken":0.0},{"damage_healed":0.0,"max_hp_gain":5.0,"max_hp_loss":0.0,"gold_gain":0.0,"event_name":"Forgotten Altar","player_choice":"Shed Blood","floor":25.0,"gold_loss":0.0,"damage_taken":27.0}],"is_beta":false,"boss_relics":[{"not_picked":["Eternal Feather","Snecko Eye"],"picked":"Fusion Hammer"}],"items_purged_floors":[],"is_endless":false,"potions_floor_spawned":[6,11,14,20],"killed_by":"Snecko","ascension_level":20}