{"gold_per_floor":[112,132,132,148,165,165,3,3,3,3,21,21,51,62,62,139,139,151,201,101,16,16,49,62,62,62,77,105,29,29,29,29,103,103,119,119,158,233,245,245,278,306,329,329,329,195,214,164,164,204,204],"floor_reached":51,"playtime":3998,"items_purged":["Strike_G","Strike_G","Strike_G","Strike_G"],"score":1555,"play_id":"6442cb57-6e21-42a6-9f03-3ef9370c80f9","local_time":"20181224105238","is_ascension_mode":true,"campfire_choices":[{"data":"Neutralize","floor":6.0,"key":"SMITH"},{"data":"Noxious Fumes","floor":8.0,"key":"SMITH"},{"data":"Backflip","floor":10.0,"key":"SMITH"},{"data":"Calculated Gamble","floor":12.0,"key":"SMITH"},{"data":"Calculated Gamble","floor":15.0,"key":"SMITH"},{"data":"Acrobatics","floor":25.0,"key":"SMITH"},{"data":"Catalyst","floor":30,"key":"SMITH"},{"data":"Acrobatics","floor":32,"key":"SMITH"},{"data":"Deadly Poison","floor":40,"key":"SMITH"},{"data":"Burst","floor":44,"key":"SMITH"},{"floor":49,"key":"RECALL"}],"neow_cost":"TEN_PERCENT_HP_LOSS","seed_source_timestamp":3141616817883,"circlet_count":0,"master_deck":["AscendersBane","Defend_G","Defend_G","Defend_G","Defend_G","Defend_G","Strike_G","Survivor","Neutralize+1","Endless Agony","Acrobatics+1","Backflip+1","Noxious Fumes+1","Calculated Gamble+1","Calculated Gamble+1","After Image","Acrobatics+1","Catalyst+1","Burst+1","Deep Breath","Dark Shackles","HandOfGreed","Deadly Poison+1","Endless Agony+1","Footwork+1","Backflip","Tactician"],"special_seed":0,"relics":["Ring of the Snake","Tough Bandages","FaceOfCleric","Meat on the Bone","Coffee Dripper","Letter Opener","Turnip","Shovel","Gremlin Horn","Philosopher\u0027s Stone","Smiling Mask","Bronze Scales"],"potions_floor_usage":[50],"damage_taken":[{"damage":1.0,"enemies":"Jaw Worm","floor":1.0,"turns":4.0},{"damage":0.0,"enemies":"Cultist","floor":2.0,"turns":3.0},{"damage":4.0,"enemies":"Small Slimes","floor":4.0,"turns":3.0},{"damage":3.0,"enemies":"3 Louse","floor":5.0,"turns":5.0},{"damage":0.0,"enemies":"Blue Slaver","floor":11.0,"turns":6.0},{"damage":17.0,"enemies":"3 Sentries","floor":13.0,"turns":8.0},{"damage":0.0,"enemies":"Large Slime","floor":14.0,"turns":8.0},{"damage":19.0,"enemies":"Hexaghost","floor":16.0,"turns":9.0},{"damage":0.0,"enemies":"3 Byrds","floor":18.0,"turns":4.0},{"damage":0.0,"enemies":"Slavers","floor":23.0,"turns":6.0},{"damage":0.0,"enemies":"Chosen","floor":24.0,"turns":5.0},{"damage":14.0,"enemies":"Snake Plant","floor":27.0,"turns":6.0},{"damage":0.0,"enemies":"Book of Stabbing","floor":28.0,"turns":5.0},{"damage":17,"enemies":"Collector","floor":33,"turns":10},{"damage":0,"enemies":"3 Shapes","floor":35,"turns":5},{"damage":1,"enemies":"3 Darklings","floor":37,"turns":5},{"damage":0,"enemies":"Sphere and 2 Shapes","floor":38,"turns":5},{"damage":0,"enemies":"Transient","floor":39,"turns":6},{"damage":15,"enemies":"3 Darklings","floor":41,"turns":6},{"damage":0,"enemies":"Nemesis","floor":42,"turns":5},{"damage":0,"enemies":"Writhing Mass","floor":47,"turns":5},{"damage":33,"enemies":"Awakened One","floor":50,"turns":11},{"damage":43,"enemies":"Donu and Deca","floor":51,"turns":6}],"seed_played":"-4281927761084200883","potions_obtained":[{"floor":2.0,"key":"Poison Potion"},{"floor":5.0,"key":"Poison Potion"},{"floor":11.0,"key":"SteroidPotion"},{"floor":23.0,"key":"Dexterity Potion"},{"floor":28.0,"key":"SkillPotion"},{"floor":45,"key":"GamblersBrew"}],"is_trial":false,"path_per_floor":["M","M","?","M","M","R","$","R","T","R","M","R","E","M","R","B",null,"M","?","$","?","?","E","M","R","T","M","E","$","R","$","R","B",null,"M","?","M","M","M","R","M","E","T","R","?","$","M","$","R","B","B"],"character_chosen":"THE_SILENT","items_purchased":["Noxious Fumes","Catalyst","Tactician"],"campfire_rested":0,"item_purchase_floors":[7,29,46],"current_hp_per_floor":[58,58,58,55,53,53,53,53,53,53,54,54,38,39,39,33,58,59,59,59,59,41,42,43,43,43,42,43,43,43,43,43,39,68,69,59,59,60,61,61,47,48,48,48,48,48,49,49,49,29,0],"gold":204,"neow_bonus":"ONE_RARE_RELIC","is_prod":false,"is_daily":false,"chose_seed":false,"campfire_upgraded":10,"win_rate":0,"timestamp":1545619958,"path_taken":["M","M","?","M","?","R","?","R","T","R","M","R","E","M","R","BOSS","M","?","$","?","?","E","M","R","T","M","E","$","R","?","R","BOSS","M","?","M","M","M","R","M","E","T","R","?","$","?","$","R","BOSS","BOSS"],"build_version":"2018-12-20","purchased_purges":4,"victory":false,"max_hp_per_floor":[60,60,60,61,62,62,62,62,62,62,63,63,64,65,65,66,66,67,67,67,67,72,73,74,74,74,75,76,76,76,76,76,77,77,78,78,79,80,81,81,82,83,83,83,83,83,84,84,84,85,85],"card_choices":[{"not_picked":["Slice","Flying Knee"],"picked":"Endless Agony","floor":1.0},{"not_picked":["Setup","Dagger Spray"],"picked":"Acrobatics","floor":2.0},{"not_picked":["Outmaneuver","Finisher","Dash"],"picked":"SKIP","floor":4.0},{"not_picked":["Underhanded Strike","Bane"],"picked":"Backflip","floor":5.0},{"not_picked":["Acrobatics","Backflip"],"picked":"Calculated Gamble","floor":11.0},{"not_picked":["Footwork","Cloak And Dagger"],"picked":"Calculated Gamble","floor":13.0},{"not_picked":["Outmaneuver","Flying Knee","PiercingWail"],"picked":"SKIP","floor":14.0},{"not_picked":["Malaise","Wraith Form v2"],"picked":"After Image","floor":16.0},{"not_picked":["Expertise","Backflip"],"picked":"Acrobatics","floor":18.0},{"not_picked":["PiercingWail","Heel Hook","Caltrops"],"picked":"SKIP","floor":23.0},{"not_picked":["Cloak And Dagger","Backflip","Leg Sweep"],"picked":"SKIP","floor":24.0},{"not_picked":["Outmaneuver+1","Slice+1","Dash"],"picked":"SKIP","floor":27.0},{"not_picked":["PiercingWail","Accuracy","Dodge and Roll"],"picked":"SKIP","floor":28.0},{"not_picked":["Die Die Die","Doppelganger"],"picked":"Burst","floor":33},{"not_picked":["Setup","PiercingWail","Sucker Punch+1"],"picked":"SKIP","floor":35},{"not_picked":["Dark Shackles","Trip"],"picked":"Deep Breath","floor":36},{"not_picked":["HandOfGreed","The Bomb"],"picked":"Dark Shackles","floor":36},{"not_picked":["Enlightenment","Dramatic Entrance"],"picked":"HandOfGreed","floor":36},{"not_picked":["Deflect","Dodge and Roll+1"],"picked":"Deadly Poison","floor":37},{"not_picked":["Cloak And Dagger","Dagger Spray+1","Deflect"],"picked":"SKIP","floor":38},{"not_picked":["Cloak And Dagger+1","Skewer"],"picked":"Endless Agony+1","floor":39},{"not_picked":["Infinite Blades","PiercingWail"],"picked":"Footwork+1","floor":41},{"not_picked":["Caltrops","Quick Slash"],"picked":"Backflip","floor":42},{"not_picked":["Leg Sweep","Dodge and Roll","Choke"],"picked":"SKIP","floor":47}],"player_experience":1457183,"relics_obtained":[{"floor":13.0,"key":"Meat on the Bone"},{"floor":23.0,"key":"Turnip"},{"floor":26.0,"key":"Shovel"},{"floor":28.0,"key":"Gremlin Horn"},{"floor":42,"key":"Smiling Mask"},{"floor":43,"key":"Bronze Scales"}],"event_choices":[{"damage_healed":0.0,"max_hp_gain":0.0,"max_hp_loss":0.0,"gold_gain":0.0,"event_name":"FaceTrader","player_choice":"Trade","floor":3.0,"gold_loss":0.0,"damage_taken":0.0,"relics_obtained":["FaceOfCleric"]},{"damage_healed":0.0,"max_hp_gain":0.0,"max_hp_loss":0.0,"gold_gain":50.0,"event_name":"Nest","player_choice":"Stole From Cult","floor":19.0,"gold_loss":0.0,"damage_taken":0.0},{"damage_healed":0.0,"max_hp_gain":0.0,"max_hp_loss":0.0,"gold_gain":0.0,"event_name":"Addict","player_choice":"Obtained Relic","floor":21.0,"gold_loss":85.0,"damage_taken":0.0,"relics_obtained":["Letter Opener"]},{"damage_healed":0.0,"max_hp_gain":5.0,"max_hp_loss":0.0,"gold_gain":0.0,"event_name":"Forgotten Altar","player_choice":"Shed Blood","floor":22.0,"gold_loss":0.0,"damage_taken":23.0},{"damage_healed":0,"gold_gain":0,"player_choice":"Memory 3","damage_taken":10,"max_hp_gain":0,"max_hp_loss":0,"event_name":"SensoryStone","floor":36,"gold_loss":0},{"damage_healed":0,"gold_gain":0,"player_choice":"Got Potions","damage_taken":0,"max_hp_gain":0,"max_hp_loss":0,"event_name":"Lab","floor":45,"gold_loss":0}],"is_beta":false,"boss_relics":[{"not_picked":["Snecko Eye","Fusion Hammer"],"picked":"Coffee Dripper"},{"not_picked":["WristBlade","Lizard Tail"],"picked":"Philosopher\u0027s Stone"}],"items_purged_floors":[7,20,46,48],"is_endless":false,"potions_floor_spawned":[2,5,11,23,28,33,35,38,41,47],"killed_by":"Donu and Deca","ascension_level":20}