{"gold_per_floor":[113,127,147,297,65,90,117,117,117,39,50,50,127,145,145,220,220,236,161,161,174,189,189,220,55,106,118,118,144,144,144,144,218,218,230,155,173,188,188,188,188,188,188,188,88,102,49,0,0,0,0,0,0,0,31,31],"floor_reached":56,"playtime":2172,"items_purged":["Doubt","Defend_B"],"score":1812,"play_id":"c4dbc1cd-863b-41f5-9f4f-ffaac8085701","local_time":"20190309020842","is_ascension_mode":true,"campfire_choices":[{"data":"Streamline","floor":8.0,"key":"SMITH"},{"data":"Defragment","floor":12.0,"key":"SMITH"},{"data":"Dualcast","floor":15.0,"key":"SMITH"},{"floor":23.0,"key":"REST"},{"floor":28.0,"key":"REST"},{"floor":30.0,"key":"REST"},{"floor":32.0,"key":"RECALL"},{"data":"Shame","floor":40.0,"key":"PURGE"},{"data":"Decay","floor":42.0,"key":"PURGE"},{"data":"Defend_B","floor":49.0,"key":"PURGE"},{"floor":53.0,"key":"REST"}],"neow_cost":"NONE","seed_source_timestamp":45476251881661,"circlet_count":0,"master_deck":["AscendersBane","Strike_B+1","Defend_B+1","Zap+1","Dualcast+1","Rainbow","Streamline+1","Melter","Ball Lightning","Core Surge+1","BootSequence","Seek","Defragment+1","Genetic Algorithm","Cold Snap+1","Undo","Turbo+1","Echo Form","Biased Cognition","Clumsy","Chill","Creative AI"],"special_seed":0,"relics":["Cracked Core","Centennial Puzzle","Potion Belt","War Paint","Fusion Hammer","Dodecahedron","Bag of Preparation","Oddly Smooth Stone","Whetstone","Calling Bell","Art of War","Pear","Peace Pipe","Singing Bowl","Red Mask","Sundial"],"potions_floor_usage":[],"damage_taken":[{"damage":4.0,"enemies":"Cultist","floor":1.0,"turns":3.0},{"damage":2.0,"enemies":"Jaw Worm","floor":2.0,"turns":4.0},{"damage":3.0,"enemies":"2 Louse","floor":3.0,"turns":2.0},{"damage":26.0,"enemies":"Lagavulin","floor":6.0,"turns":6.0},{"damage":0.0,"enemies":"Blue Slaver","floor":11.0,"turns":2.0},{"damage":0.0,"enemies":"Large Slime","floor":14.0,"turns":5.0},{"damage":0.0,"enemies":"Slime Boss","floor":16.0,"turns":5.0},{"damage":8.0,"enemies":"3 Byrds","floor":18.0,"turns":5.0},{"damage":0.0,"enemies":"Spheric Guardian","floor":21.0,"turns":2.0},{"damage":16.0,"enemies":"Chosen and Byrds","floor":22.0,"turns":5.0},{"damage":21.0,"enemies":"Slavers","floor":24.0,"turns":5.0},{"damage":3.0,"enemies":"Centurion and Healer","floor":27.0,"turns":5.0},{"damage":15.0,"enemies":"Gremlin Leader","floor":29.0,"turns":8.0},{"damage":24.0,"enemies":"Automaton","floor":33.0,"turns":12.0},{"damage":0.0,"enemies":"Orb Walker","floor":35.0,"turns":3.0},{"damage":1.0,"enemies":"3 Shapes","floor":37.0,"turns":3.0},{"damage":5.0,"enemies":"Spire Growth","floor":38.0,"turns":6.0},{"damage":3.0,"enemies":"Sphere and 2 Shapes","floor":46.0,"turns":3.0},{"damage":16.0,"enemies":"Time Eater","floor":50.0,"turns":8.0},{"damage":39.0,"enemies":"Awakened One","floor":51.0,"turns":11.0},{"damage":19.0,"enemies":"Shield and Spear","floor":55.0,"turns":8.0},{"damage":63,"enemies":"The Heart","floor":56,"turns":3}],"seed_played":"5953852244008129645","potions_obtained":[{"floor":2.0,"key":"Dexterity Potion"},{"floor":3.0,"key":"FearPotion"},{"floor":6.0,"key":"Block Potion"},{"floor":11.0,"key":"SteroidPotion"},{"floor":18.0,"key":"Dexterity Potion"},{"floor":27.0,"key":"AttackPotion"},{"floor":29.0,"key":"Fire Potion"},{"floor":33.0,"key":"GamblersBrew"},{"floor":38.0,"key":"Explosive Potion"},{"floor":46.0,"key":"PowerPotion"}],"is_trial":false,"path_per_floor":["M","M","M","?","$","E","T","R","T","$","M","R","?","M","R","B",null,"M","?","?","M","M","R","E","$","T","M","R","E","R","?","R","B",null,"M","?","M","M","?","R","?","R","T","T","$","M","$","?","R","B","B",null,"R","$","E","B"],"character_chosen":"DEFECT","items_purchased":["Core Surge","Seek","Bag of Preparation","PowerPotion"],"campfire_rested":4,"item_purchase_floors":[5,10,25,47],"current_hp_per_floor":[60,58,55,55,55,29,29,29,29,29,29,29,29,29,29,29,61,53,53,53,53,37,58,37,37,37,34,55,40,61,61,61,37,73,73,73,72,67,67,67,67,67,67,67,67,66,66,66,66,50,11,62,79,79,62,0],"gold":31,"neow_bonus":"ONE_RANDOM_RARE_CARD","is_prod":false,"is_daily":false,"chose_seed":false,"campfire_upgraded":3,"win_rate":0,"timestamp":1552068522,"path_taken":["M","M","M","?","$","E","?","R","T","$","M","R","?","M","R","BOSS","M","?","?","M","M","R","E","$","T","M","R","E","R","?","R","BOSS","M","?","?","M","?","R","?","R","T","?","?","M","$","?","R","BOSS","BOSS","R","$","E","BOSS"],"build_version":"2019-01-23","purchased_purges":2,"victory":false,"max_hp_per_floor":[71,71,71,71,71,71,71,71,71,71,71,71,71,71,71,71,71,71,71,71,71,71,71,71,71,71,71,71,71,71,71,71,71,81,81,81,81,81,77,77,77,77,77,77,77,79,79,79,79,79,79,79,79,79,81,81],"card_choices":[{"not_picked":["Conserve Battery","Force Field"],"picked":"Streamline","floor":1.0},{"not_picked":["Doom and Gloom","Stack"],"picked":"Melter","floor":2.0},{"not_picked":["Conserve Battery","Barrage"],"picked":"Ball Lightning","floor":3.0},{"not_picked":["Streamline","Tempest"],"picked":"BootSequence","floor":6.0},{"not_picked":["Go for the Eyes","Rebound"],"picked":"Defragment","floor":11.0},{"not_picked":["All For One","Melter"],"picked":"Genetic Algorithm","floor":14.0},{"not_picked":["Leap","Steam+1","Rip and Tear"],"picked":"SKIP","floor":18.0},{"not_picked":["Doom and Gloom+1","Scrape","BootSequence"],"picked":"SKIP","floor":21.0},{"not_picked":["Redo+1","Scrape"],"picked":"Cold Snap+1","floor":22.0},{"not_picked":["Thunder Strike","Gash"],"picked":"Undo","floor":24.0},{"not_picked":["Steam+1","Beam Cell+1"],"picked":"Turbo+1","floor":27.0},{"not_picked":["Coolheaded","Core Surge"],"picked":"Echo Form","floor":29.0},{"not_picked":["Amplify","Creative AI"],"picked":"Biased Cognition","floor":33.0},{"not_picked":["Sweeping Beam","Steam Power","Leap"],"picked":"SKIP","floor":35.0},{"not_picked":["Leap","Beam Cell+1","Double Energy"],"picked":"SKIP","floor":37.0},{"not_picked":["Steam+1","Streamline","Turbo"],"picked":"SKIP","floor":38.0},{"not_picked":["Turbo","Consume","Redo"],"picked":"Singing Bowl","floor":46.0},{"not_picked":["Skim","Hello World","Force Field"],"picked":"Singing Bowl","floor":55.0}],"player_experience":3421902,"relics_obtained":[{"floor":6.0,"key":"Centennial Puzzle"},{"floor":7.0,"key":"Potion Belt"},{"floor":9.0,"key":"War Paint"},{"floor":24.0,"key":"Dodecahedron"},{"floor":26.0,"key":"Oddly Smooth Stone"},{"floor":29.0,"key":"Whetstone"},{"floor":34.0,"key":"Art of War"},{"floor":34.0,"key":"Pear"},{"floor":34.0,"key":"Peace Pipe"},{"floor":44.0,"key":"Singing Bowl"},{"floor":55.0,"key":"Sundial"}],"event_choices":[{"damage_healed":0.0,"max_hp_gain":0.0,"max_hp_loss":0.0,"gold_gain":150.0,"event_name":"Liars Game","player_choice":"AGREE","floor":4.0,"gold_loss":0.0,"damage_taken":0.0,"cards_obtained":["Doubt"]},{"damage_healed":0.0,"max_hp_gain":0.0,"max_hp_loss":0.0,"gold_gain":77.0,"event_name":"Golden Wing","player_choice":"Gained Gold","floor":13.0,"gold_loss":0.0,"damage_taken":0.0},{"cards_removed":["Strike_B"],"damage_healed":0.0,"max_hp_gain":0.0,"max_hp_loss":0.0,"gold_gain":0.0,"event_name":"Beggar","player_choice":"Gave Gold","floor":19.0,"gold_loss":75.0,"damage_taken":0.0},{"damage_healed":0.0,"max_hp_gain":0.0,"max_hp_loss":0.0,"gold_gain":0.0,"event_name":"The Mausoleum","player_choice":"Ignored","floor":20.0,"gold_loss":0.0,"damage_taken":0.0},{"cards_removed":["Strike_B"],"damage_healed":0.0,"max_hp_gain":0.0,"max_hp_loss":0.0,"gold_gain":0.0,"event_name":"Back to Basics","player_choice":"Elegance","floor":31.0,"gold_loss":0.0,"damage_taken":0.0},{"damage_healed":0.0,"max_hp_gain":0.0,"max_hp_loss":0.0,"gold_gain":0.0,"cards_transformed":["Strike_B","Defend_B"],"event_name":"Designer","player_choice":"Transformed Cards","floor":36.0,"gold_loss":75.0,"damage_taken":0.0,"cards_obtained":["Chill","Creative AI"]},{"damage_healed":0.0,"max_hp_gain":0.0,"max_hp_loss":4.0,"gold_gain":0.0,"event_name":"Winding Halls","player_choice":"Max HP","floor":39.0,"gold_loss":0.0,"damage_taken":0.0},{"damage_healed":0.0,"max_hp_gain":0.0,"max_hp_loss":0.0,"gold_gain":0.0,"event_name":"Mysterious Sphere","player_choice":"Ignored","floor":41.0,"gold_loss":0.0,"damage_taken":0.0},{"damage_healed":0.0,"max_hp_gain":0.0,"max_hp_loss":0.0,"gold_gain":0.0,"event_name":"Tomb of Lord Red Mask","player_choice":"Paid","floor":48.0,"gold_loss":49.0,"damage_taken":0.0,"relics_obtained":["Red Mask"]}],"is_beta":false,"boss_relics":[{"not_picked":["FrozenCore","Sozu"],"picked":"Fusion Hammer"},{"not_picked":["Lizard Tail","Nuclear Battery"],"picked":"Calling Bell"}],"items_purged_floors":[5,45],"is_endless":false,"potions_floor_spawned":[2,3,6,11,18,27,29,33,38,46],"killed_by":"The Heart","ascension_level":20}