{"path_per_floor":["M","$","?","?","M","E","R","?","T","E","M","M","E","?","R","B",null,"M","?","?","?","$","M","M","E","T","$"],"character_chosen":"DEFECT","items_purchased":["Frozen Egg 2","Self Repair","War Paint"],"gold_per_floor":[364,55,5,5,23,51,51,51,78,111,122,141,166,166,166,267,267,278,278,203,203,55,65,84,116,116,41,41],"floor_reached":28,"campfire_rested":1,"playtime":1253,"current_hp_per_floor":[38,38,38,38,42,34,60,53,53,36,46,49,40,40,40,39,89,89,72,72,72,72,64,66,34,34,34,0],"items_purged":["Decay"],"gold":41,"score":279,"play_id":"305e4bff-9d8a-4039-8093-3bf5198af078","local_time":"20180505151449","is_prod":false,"is_daily":false,"chose_seed":false,"is_ascension_mode":false,"campfire_upgraded":1,"timestamp":1525526089,"path_taken":["M","$","?","?","?","E","R","?","T","E","M","M","E","?","R","BOSS","M","?","?","?","$","M","?","E","T","$","?"],"build_version":"2018-05-03","seed_source_timestamp":7394334325279,"purchased_purges":1,"victory":false,"master_deck":["Strike_B","Strike_B","Defend_B","Defend_B+1","Defend_B","Zap","Dualcast","Gash+1","Self Repair+1","Consume","Conserve Battery","Turbo","Leap+1","Static Discharge+1","Doom and Gloom","Thunder Strike","Doubt","Go for the Eyes","Impulse+1","Conserve Battery+1","Capacitor+1"],"max_hp_per_floor":[75,75,75,75,75,89,89,89,89,89,89,89,89,89,89,89,89,89,94,94,94,94,94,94,94,94,94,94],"relics":["Cracked Core","Frozen Egg 2","Mango","Anchor","Pen Nib","Torii","Calling Bell","Orichalcum","Toolbox","Sundial","War Paint","Blood Vial","Ancient Tea Set"],"card_choices":[{"not_picked":["Reprogram","Impulse"],"picked":"Gash","floor":1},{"not_picked":["Storm","Rebound"],"picked":"Consume","floor":5},{"not_picked":["Thunder Strike","Reboot"],"picked":"Conserve Battery","floor":6},{"not_picked":["Hyperbeam","Barrage"],"picked":"Turbo","floor":10},{"not_picked":["Streamline","Consume"],"picked":"Leap","floor":11},{"not_picked":["Scrape","Aggregate"],"picked":"Static Discharge","floor":12},{"not_picked":["Rebound","Beam Cell"],"picked":"Doom and Gloom","floor":13},{"not_picked":["Fusion","Meteor Strike"],"picked":"Thunder Strike","floor":16},{"not_picked":["Streamline","Stack"],"picked":"Go for the Eyes","floor":18},{"not_picked":["Barrage","Hologram"],"picked":"Impulse","floor":23},{"not_picked":["Impulse","Recycle"],"picked":"Conserve Battery","floor":24},{"not_picked":["Impulse","Ball Lightning"],"picked":"Capacitor","floor":25}],"player_experience":48224,"potions_floor_usage":[13,16,23,25],"damage_taken":[{"damage":0,"enemies":"Small Slimes","floor":1,"turns":2},{"damage":6,"enemies":"Jaw Worm","floor":5,"turns":3},{"damage":32,"enemies":"Gremlin Nob","floor":6,"turns":4},{"damage":27,"enemies":"3 Sentries","floor":10,"turns":8},{"damage":0,"enemies":"Cultist","floor":11,"turns":3},{"damage":7,"enemies":"Blue Slaver","floor":12,"turns":4},{"damage":19,"enemies":"Lagavulin","floor":13,"turns":6},{"damage":11,"enemies":"Hexaghost","floor":16,"turns":4},{"damage":9,"enemies":"Chosen","floor":18,"turns":4},{"damage":18,"enemies":"2 Thieves","floor":23,"turns":5},{"damage":8,"enemies":"Snake Plant","floor":24,"turns":3},{"damage":42,"enemies":"Gremlin Leader","floor":25,"turns":7},{"damage":39,"enemies":"Cultist and Chosen","floor":28,"turns":4}],"event_choices":[{"event_name":"The Cleric","player_choice":"Card Removal","floor":3,"damage_taken":0},{"event_name":"Bonfire Elementals","player_choice":"BASIC","floor":4,"damage_taken":0},{"event_name":"Golden Wing","player_choice":"Card Removal","floor":8,"damage_taken":0},{"event_name":"The Lab","player_choice":"Got Potions","floor":14,"damage_taken":0},{"event_name":"Forgotten Altar","player_choice":"Shed Blood","floor":19,"damage_taken":0},{"event_name":"Beggar","player_choice":"Gave Gold","floor":20,"damage_taken":0},{"event_name":"Accursed Blacksmith","player_choice":"Ignore","floor":21,"damage_taken":0}],"boss_relics":[{"not_picked":["Ectoplasm","Lizard Tail"],"picked":"Calling Bell"}],"potions_floor_spawned":[1,6,11,12,13,18,23],"seed_played":"5900831002850360271","killed_by":"Cultist and Chosen","ascension_level":0,"is_trial":false}