{"gold_per_floor":[116,131,131,142,61,61,88,88,88,88,88,88,102,129,129,202,202,221,237,237,81,81,81,95,111,111,31,51,51,66,66,66,66],"floor_reached":33,"playtime":1035,"items_purged":["Strike_G"],"score":504,"play_id":"63a2ae7c-c2dd-48d9-9360-6e38c3e72930","local_time":"20190129223454","is_ascension_mode":true,"campfire_choices":[{"data":"Blade Dance","floor":6,"key":"SMITH"},{"floor":8,"key":"RECALL"},{"data":"Neutralize","floor":10,"key":"SMITH"},{"data":"Footwork","floor":12,"key":"SMITH"},{"data":"Survivor","floor":15,"key":"SMITH"},{"data":"Well Laid Plans","floor":23,"key":"SMITH"},{"data":"Accuracy","floor":29,"key":"SMITH"},{"data":"Outmaneuver","floor":32,"key":"SMITH"}],"neow_cost":"NONE","seed_source_timestamp":105979485127011,"circlet_count":0,"master_deck":["AscendersBane","Defend_G","Defend_G","Defend_G","Defend_G","Defend_G","Strike_G","Strike_G","Strike_G","Survivor+1","Neutralize+1","Blade Dance+1","Cloak And Dagger+1","Footwork+1","Glass Knife+1","Finisher+1","After Image","Skewer+1","Backflip","Well Laid Plans+1","Outmaneuver+1","Accuracy+1","Adrenaline"],"relics":["Ring of the Snake","NeowsBlessing","Molten Egg 2","Bottled Tornado","Torii","Busted Crown","Matryoshka","Snake Skull","Question Card"],"potions_floor_usage":[7,16,33,33],"damage_taken":[{"damage":0,"enemies":"Jaw Worm","floor":1,"turns":1},{"damage":0,"enemies":"Cultist","floor":2,"turns":1},{"damage":0,"enemies":"2 Louse","floor":4,"turns":1},{"damage":29,"enemies":"Gremlin Nob","floor":7,"turns":5},{"damage":3,"enemies":"Large Slime","floor":13,"turns":7},{"damage":0,"enemies":"Lagavulin","floor":14,"turns":4},{"damage":22,"enemies":"Hexaghost","floor":16,"turns":14},{"damage":0,"enemies":"3 Byrds","floor":18,"turns":5},{"damage":1,"enemies":"2 Thieves","floor":19,"turns":5},{"damage":0,"enemies":"Centurion and Healer","floor":24,"turns":5},{"damage":9,"enemies":"Snake Plant","floor":25,"turns":8},{"damage":2,"enemies":"Chosen and Byrds","floor":28,"turns":8},{"damage":2,"enemies":"Shelled Parasite and Fungi","floor":30,"turns":4},{"damage":56,"enemies":"Champ","floor":33,"turns":9}],"seed_played":"-6077212558038848531","potions_obtained":[{"floor":4,"key":"AttackPotion"},{"floor":11,"key":"Swift Potion"},{"floor":11,"key":"GamblersBrew"},{"floor":16,"key":"EssenceOfSteel"},{"floor":24,"key":"SkillPotion"}],"is_trial":false,"path_per_floor":["M","M","?","M","$","R","E","R","T","R","?","R","M","E","R","B",null,"M","M","T","$","?","R","M","M","T","$","M","R","M","?","R","B"],"character_chosen":"THE_SILENT","items_purchased":["Footwork","Well Laid Plans","Accuracy"],"campfire_rested":0,"item_purchase_floors":[5,21,27],"current_hp_per_floor":[59,59,59,59,59,59,30,30,30,30,30,30,27,27,27,5,51,51,50,50,50,50,50,50,41,41,41,39,39,37,37,37,0],"gold":66,"neow_bonus":"THREE_ENEMY_KILL","is_prod":false,"is_daily":false,"chose_seed":false,"campfire_upgraded":7,"win_rate":0,"timestamp":1548772494,"path_taken":["M","M","?","?","$","R","E","R","T","R","?","R","M","E","R","BOSS","M","M","?","$","?","R","M","M","T","$","?","R","?","?","R","BOSS"],"build_version":"2019-01-23","purchased_purges":1,"victory":false,"max_hp_per_floor":[66,66,66,66,66,66,66,66,66,66,66,66,66,66,66,66,66,66,66,66,66,66,66,66,66,66,66,66,66,66,66,66,66],"card_choices":[{"not_picked":["Dagger Throw","Distraction"],"picked":"Blade Dance","floor":1},{"not_picked":["Blur","Poisoned Stab"],"picked":"Cloak And Dagger","floor":2},{"not_picked":["Slice","Dodge and Roll","Tactician"],"picked":"SKIP","floor":4},{"not_picked":["Endless Agony","Setup"],"picked":"Glass Knife","floor":7},{"not_picked":["Deflect","Cloak And Dagger"],"picked":"Finisher+1","floor":13},{"not_picked":["Underhanded Strike+1","Reflex","Flechettes+1"],"picked":"SKIP","floor":14},{"not_picked":["Phantasmal Killer","Night Terror"],"picked":"After Image","floor":16},{"not_picked":[],"picked":"Skewer+1","floor":18},{"not_picked":[],"picked":"Backflip","floor":19},{"not_picked":[],"picked":"Outmaneuver","floor":24},{"not_picked":["Crippling Poison"],"picked":"SKIP","floor":25},{"not_picked":["Prepared","Dagger Spray+1"],"picked":"SKIP","floor":28},{"not_picked":["Blade Dance"],"picked":"Adrenaline","floor":30}],"player_experience":695477,"relics_obtained":[{"floor":7,"key":"Molten Egg 2"},{"floor":9,"key":"Bottled Tornado"},{"floor":14,"key":"Torii"},{"floor":20,"key":"Matryoshka"},{"floor":26,"key":"Snake Skull"},{"floor":26,"key":"Question Card"}],"event_choices":[{"damage_healed":0,"gold_gain":0,"player_choice":"Upgraded","damage_taken":0,"max_hp_gain":0,"max_hp_loss":0,"event_name":"Upgrade Shrine","floor":3,"gold_loss":0,"cards_upgraded":["Cloak And Dagger"]},{"damage_healed":0,"gold_gain":0,"player_choice":"Got Potions","damage_taken":0,"max_hp_gain":0,"max_hp_loss":0,"event_name":"Lab","floor":11,"gold_loss":0},{"cards_removed":["Strike_G"],"damage_healed":0,"gold_gain":0,"player_choice":"Card Removal","damage_taken":0,"max_hp_gain":0,"max_hp_loss":0,"event_name":"Wheel of Change","floor":22,"gold_loss":0}],"is_beta":false,"boss_relics":[{"not_picked":["Eternal Feather","Black Star"],"picked":"Busted Crown"}],"items_purged_floors":[21],"is_endless":false,"potions_floor_spawned":[4,16,24,25,30],"killed_by":"Champ","ascension_level":16}