{"gold_per_floor":[112,112,112,82,92,92,118,136,136,152,152,184,184,219,219,219],"floor_reached":16,"playtime":337,"items_purged":[],"score":218,"play_id":"7f5ea046-4c11-4e1e-9e8c-0b2b14e81f25","local_time":"20180923153034","is_ascension_mode":true,"campfire_choices":[{"data":"Perfected Strike","floor":6.0,"key":"SMITH"},{"data":"Flex","floor":13.0,"key":"SMITH"},{"floor":15.0,"key":"REST"}],"neow_cost":"NONE","seed_source_timestamp":183594229201938,"circlet_count":0,"master_deck":["Strike_R","Strike_R","Strike_R","Strike_R","Strike_R","Defend_R","Defend_R","Defend_R","Bash","AscendersBane","Demon Form","Perfected Strike+1","Metallicize","Whirlwind","Flex+1","Flame Barrier"],"special_seed":0,"relics":["Burning Blood","Self Forming Clay","Darkstone Periapt","Bag of Preparation","Gremlin Horn","Omamori"],"potions_floor_usage":[],"damage_taken":[{"damage":10.0,"enemies":"2 Louse","floor":1.0,"turns":4.0},{"damage":6.0,"enemies":"Cultist","floor":5.0,"turns":3.0},{"damage":21.0,"enemies":"Gremlin Nob","floor":7.0,"turns":4.0},{"damage":9.0,"enemies":"Small Slimes","floor":8.0,"turns":2.0},{"damage":6.0,"enemies":"2 Fungi Beasts","floor":10.0,"turns":3.0},{"damage":26.0,"enemies":"Lagavulin","floor":12.0,"turns":6.0},{"damage":21.0,"enemies":"Gremlin Nob","floor":14.0,"turns":5.0},{"damage":35,"enemies":"Slime Boss","floor":16,"turns":3}],"seed_played":"5033180833154109363","potions_obtained":[{"floor":4.0,"key":"SkillPotion"},{"floor":4.0,"key":"AttackPotion"},{"floor":8.0,"key":"SpeedPotion"},{"floor":10.0,"key":"LiquidBronze"},{"floor":12.0,"key":"Block Potion"}],"is_trial":false,"path_per_floor":["M","?","?","?","M","R","E","M","T","M","?","E","R","E","R"],"character_chosen":"IRONCLAD","items_purchased":[],"campfire_rested":1,"item_purchase_floors":[],"current_hp_per_floor":[64,64,69,69,69,69,54,51,51,51,46,26,26,11,35,0],"gold":219,"neow_bonus":"ONE_RANDOM_RARE_CARD","is_prod":false,"is_daily":false,"chose_seed":false,"campfire_upgraded":2,"win_rate":0,"timestamp":1537687834,"path_taken":["M","?","?","?","M","R","E","M","T","?","?","E","R","E","R","BOSS"],"build_version":"2018-09-20","purchased_purges":0,"victory":false,"max_hp_per_floor":[75,75,80,80,80,80,80,80,80,80,80,80,80,80,80,80],"card_choices":[{"not_picked":["Thunderclap","Havoc"],"picked":"Perfected Strike","floor":1.0},{"not_picked":["Anger","Carnage"],"picked":"Whirlwind","floor":5.0},{"not_picked":["Limit Break","Sword Boomerang"],"picked":"Flex","floor":7.0},{"not_picked":["Dual Wield","Blood for Blood","Heavy Blade"],"picked":"SKIP","floor":8.0},{"not_picked":["Reckless Charge","Wild Strike","Combust"],"picked":"SKIP","floor":10.0},{"not_picked":["Flame Barrier","Demon Form","Wild Strike"],"picked":"SKIP","floor":12.0},{"not_picked":["Demon Form","Wild Strike"],"picked":"Flame Barrier","floor":12.0},{"not_picked":["Sentinel","Infernal Blade","Flame Barrier"],"picked":"SKIP","floor":14.0}],"player_experience":104301,"relics_obtained":[{"floor":7.0,"key":"Self Forming Clay"},{"floor":9.0,"key":"Darkstone Periapt"},{"floor":12.0,"key":"Gremlin Horn"},{"floor":14.0,"key":"Omamori"}],"event_choices":[{"event_name":"Transmorgrifier","player_choice":"Transform","floor":2.0,"damage_taken":0.0},{"event_name":"Big Fish","player_choice":"Donut","floor":3.0,"damage_taken":0.0},{"event_name":"The Woman in Blue","player_choice":"Bought 2 Potions","floor":4.0,"damage_taken":0.0},{"event_name":"Scrap Ooze","player_choice":"success","floor":11.0,"damage_taken":5.0}],"is_beta":false,"boss_relics":[],"items_purged_floors":[],"is_endless":false,"potions_floor_spawned":[8,10,12],"killed_by":"Slime Boss","ascension_level":17}