{"gold_per_floor":[110,124,138,138,138,138,59,99,99,99,119,150,150,168,168,261,261,277,277,167,183,197,197,197,232,232,232,232,245,170,183,183,277,277,291,291,314,3,28,64,64,83,83,83,99,133,133,133,133,133,133,133,133,8,43,43],"floor_reached":57,"playtime":2912,"items_purged":["Skewer","Flechettes+1","Survivor"],"score":3155,"play_id":"d9401acd-a777-4637-b778-356bafb881aa","local_time":"20190505134209","is_ascension_mode":true,"campfire_choices":[{"data":"Eviscerate","floor":6.0,"key":"SMITH"},{"data":"Flechettes","floor":10.0,"key":"SMITH"},{"data":"Neutralize","floor":13.0,"key":"SMITH"},{"floor":15.0,"key":"RECALL"},{"data":"Well Laid Plans","floor":23.0,"key":"SMITH"},{"data":"Expertise","floor":28.0,"key":"SMITH"},{"data":"Acrobatics","floor":32.0,"key":"SMITH"},{"data":"Backflip","floor":41.0,"key":"SMITH"},{"data":"Backflip","floor":44.0,"key":"SMITH"},{"data":"Reflex","floor":47.0,"key":"SMITH"},{"data":"Grand Finale","floor":49.0,"key":"SMITH"},{"data":"Dash","floor":53.0,"key":"SMITH"}],"neow_cost":"NONE","seed_source_timestamp":11679921150995,"circlet_count":0,"master_deck":["AscendersBane","Neutralize+1","Eviscerate+1","Bullet Time","Tools of the Trade","Backflip+1","Grand Finale+1","PiercingWail","Crippling Poison","Backflip+1","Expertise+1","Well Laid Plans+1","Choke+1","Expertise+1","Distraction","Dash+1","Concentrate","Acrobatics+1","Concentrate","Tactician+1","Reflex+1","After Image","Underhanded Strike"],"special_seed":0,"relics":["Snecko Eye","Golden Idol","Dream Catcher","Mercury Hourglass","Gambling Chip","Pandora\u0027s Box","Dodecahedron","Shuriken","Coffee Dripper","TheAbacus","Happy Flower","PreservedInsect","Mummified Hand"],"potions_floor_usage":[56,56],"damage_taken":[{"damage":4.0,"enemies":"Small Slimes","floor":1.0,"turns":5.0},{"damage":2.0,"enemies":"Jaw Worm","floor":2.0,"turns":5.0},{"damage":20.0,"enemies":"2 Louse","floor":3.0,"turns":3.0},{"damage":7.0,"enemies":"Lagavulin","floor":8.0,"turns":5.0},{"damage":2.0,"enemies":"Exordium Thugs","floor":11.0,"turns":3.0},{"damage":6.0,"enemies":"Gremlin Nob","floor":12.0,"turns":3.0},{"damage":4.0,"enemies":"2 Fungi Beasts","floor":14.0,"turns":3.0},{"damage":0.0,"enemies":"Slime Boss","floor":16.0,"turns":5.0},{"damage":0.0,"enemies":"Chosen","floor":18.0,"turns":2.0},{"damage":0.0,"enemies":"Spheric Guardian","floor":21.0,"turns":1.0},{"damage":0.0,"enemies":"Chosen and Byrds","floor":22.0,"turns":3.0},{"damage":2.0,"enemies":"Gremlin Leader","floor":25.0,"turns":4.0},{"damage":0.0,"enemies":"Snake Plant","floor":29.0,"turns":2.0},{"damage":0.0,"enemies":"Snecko","floor":31.0,"turns":3.0},{"damage":0.0,"enemies":"Champ","floor":33.0,"turns":6.0},{"damage":0.0,"enemies":"Orb Walker","floor":35.0,"turns":2.0},{"damage":3.0,"enemies":"3 Darklings","floor":37.0,"turns":4.0},{"damage":0.0,"enemies":"Writhing Mass","floor":39.0,"turns":3.0},{"damage":1.0,"enemies":"Giant Head","floor":40.0,"turns":5.0},{"damage":0.0,"enemies":"4 Shapes","floor":42.0,"turns":3.0},{"damage":0.0,"enemies":"Spire Growth","floor":45.0,"turns":3.0},{"damage":0.0,"enemies":"Reptomancer","floor":46.0,"turns":3.0},{"damage":20.0,"enemies":"Time Eater","floor":50.0,"turns":7.0},{"damage":0.0,"enemies":"Awakened One","floor":51.0,"turns":5.0},{"damage":4.0,"enemies":"Shield and Spear","floor":55.0,"turns":3.0},{"damage":39,"enemies":"The Heart","floor":56,"turns":7}],"seed_played":"636864338969944035","potions_obtained":[{"floor":1.0,"key":"SteroidPotion"},{"floor":14.0,"key":"FearPotion"},{"floor":29.0,"key":"Dexterity Potion"},{"floor":35.0,"key":"Dexterity Potion"}],"is_trial":false,"path_per_floor":["M","M","M","?","?","R","$","E","T","R","M","E","R","M","R","B",null,"M","?","?","M","M","R","?","E","T","T","R","M","$","M","R","B",null,"M","?","M","$","M","E","R","M","T","R","M","E","R","?","R","B","B",null,"R","$","E","B",null],"character_chosen":"THE_SILENT","items_purchased":["Bullet Time","TheAbacus"],"campfire_rested":0,"item_purchase_floors":[7,38],"current_hp_per_floor":[55,53,33,33,53,53,53,46,46,46,44,38,38,34,34,34,54,54,54,54,54,54,54,54,52,52,52,52,52,52,52,52,52,58,58,58,55,55,55,54,54,54,54,54,54,54,54,54,54,34,34,54,54,54,50,11],"gold":43,"neow_bonus":"BOSS_RELIC","is_prod":false,"is_daily":false,"chose_seed":false,"campfire_upgraded":11,"win_rate":0,"timestamp":1557034929,"path_taken":["M","M","M","?","?","R","?","E","T","R","M","E","R","M","R","BOSS","M","?","?","M","?","R","?","E","T","?","R","M","$","M","R","BOSS","M","?","?","$","M","E","R","M","T","R","M","E","R","?","R","BOSS","BOSS","R","$","E","BOSS"],"build_version":"2019-01-23","purchased_purges":3,"victory":true,"max_hp_per_floor":[66,66,66,60,60,60,60,60,60,60,60,60,60,60,60,60,60,60,60,60,60,60,60,60,60,60,60,60,60,60,60,60,60,60,60,60,60,60,60,60,60,60,60,60,60,60,60,60,60,60,60,60,60,60,60,60],"card_choices":[{"not_picked":["Outmaneuver","Deflect"],"picked":"Flechettes","floor":1.0},{"not_picked":["Slice","Dagger Throw","Poisoned Stab"],"picked":"SKIP","floor":2.0},{"not_picked":["Quick Slash","Masterful Stab"],"picked":"Eviscerate","floor":3.0},{"not_picked":["Bane","Accuracy"],"picked":"Tools of the Trade","floor":8.0},{"not_picked":["Flying Knee","Slice","Finisher"],"picked":"SKIP","floor":11.0},{"not_picked":["Deflect","Finisher"],"picked":"Backflip","floor":12.0},{"not_picked":["Blur","Blade Dance","Deadly Poison"],"picked":"SKIP","floor":14.0},{"not_picked":["Adrenaline","After Image"],"picked":"Grand Finale","floor":16.0},{"not_picked":["Blade Dance","Backflip","Quick Slash+1"],"picked":"SKIP","floor":18.0},{"not_picked":["Prepared","Quick Slash","Poisoned Stab"],"picked":"SKIP","floor":21.0},{"not_picked":["Backflip","Deadly Poison"],"picked":"Dash","floor":22.0},{"not_picked":["Distraction","Choke+1","Dash"],"picked":"SKIP","floor":25.0},{"not_picked":["Dagger Spray","Infinite Blades"],"picked":"Acrobatics","floor":29.0},{"not_picked":["Backstab","Slice","Accuracy"],"picked":"SKIP","floor":31.0},{"not_picked":["Bane","Prepared","Cloak And Dagger+1"],"picked":"SKIP","floor":35.0},{"not_picked":["Quick Slash","Blur+1"],"picked":"Concentrate","floor":37.0},{"not_picked":["Bouncing Flask","Acrobatics","Riddle With Holes"],"picked":"SKIP","floor":39.0},{"not_picked":["Finisher","Flechettes","Dagger Throw"],"picked":"SKIP","floor":40.0},{"not_picked":["Dash+1","Prepared","Dodge and Roll"],"picked":"SKIP","floor":42.0},{"not_picked":["Terror","Poisoned Stab"],"picked":"Tactician+1","floor":45.0},{"not_picked":["Predator","Backflip"],"picked":"Reflex","floor":46.0},{"not_picked":["Phantasmal Killer","Endless Agony+1","Accuracy+1"],"picked":"SKIP","floor":55.0}],"player_experience":4594484,"relics_obtained":[{"floor":8.0,"key":"Dream Catcher"},{"floor":9.0,"key":"Mercury Hourglass"},{"floor":12.0,"key":"Gambling Chip"},{"floor":25.0,"key":"Dodecahedron"},{"floor":27.0,"key":"Shuriken"},{"floor":40.0,"key":"Happy Flower"},{"floor":46.0,"key":"PreservedInsect"},{"floor":55.0,"key":"Mummified Hand"}],"event_choices":[{"damage_healed":0.0,"max_hp_gain":0.0,"max_hp_loss":6.0,"gold_gain":0.0,"event_name":"Golden Idol","player_choice":"Lose Max HP","floor":4.0,"gold_loss":0.0,"damage_taken":0.0,"relics_obtained":["Golden Idol"]},{"damage_healed":20.0,"max_hp_gain":0.0,"max_hp_loss":0.0,"gold_gain":0.0,"event_name":"Big Fish","player_choice":"Banana","floor":5.0,"gold_loss":0.0,"damage_taken":0.0},{"damage_healed":0.0,"max_hp_gain":0.0,"max_hp_loss":0.0,"gold_gain":0.0,"cards_transformed":["Bane","Flying Knee"],"event_name":"Drug Dealer","player_choice":"Became Test Subject","floor":19.0,"gold_loss":0.0,"damage_taken":0.0,"cards_obtained":["Distraction","Sucker Punch"]},{"cards_removed":["Sucker Punch"],"damage_healed":0.0,"max_hp_gain":0.0,"max_hp_loss":0.0,"gold_gain":0.0,"event_name":"Designer","player_choice":"Upgrade and Remove","floor":20.0,"gold_loss":110.0,"damage_taken":0.0,"cards_upgraded":["Choke"]},{"damage_healed":0.0,"max_hp_gain":0.0,"max_hp_loss":0.0,"gold_gain":0.0,"event_name":"The Library","player_choice":"Read","floor":24.0,"gold_loss":0.0,"damage_taken":0.0,"cards_obtained":["Concentrate"]},{"damage_healed":0.0,"max_hp_gain":0.0,"max_hp_loss":0.0,"gold_gain":0.0,"event_name":"Upgrade Shrine","player_choice":"Upgraded","floor":36.0,"gold_loss":0.0,"damage_taken":0.0,"cards_upgraded":["Expertise"]},{"damage_healed":0.0,"max_hp_gain":0.0,"max_hp_loss":0.0,"gold_gain":0.0,"event_name":"Match and Keep!","player_choice":"2 cards matched","floor":48.0,"gold_loss":0.0,"damage_taken":0.0,"cards_obtained":["After Image","Underhanded Strike"]}],"is_beta":false,"boss_relics":[{"not_picked":["Black Star","Calling Bell"],"picked":"Pandora\u0027s Box"},{"not_picked":["Runic Dome","Empty Cage"],"picked":"Coffee Dripper"}],"items_purged_floors":[30,38,54],"is_endless":false,"potions_floor_spawned":[1,14,29,31,35,39,40,46],"ascension_level":20}