{"gold_per_floor":[117,127,127,127,127,127,158,158,182,192,192,225,225,283,283,356,356,329,329,329,346,346,346,185,185,185,203,214,114,39,55,55,128,128,146,146,159,171,190,221,221,238,238,238],"floor_reached":44,"playtime":1839,"items_purged":["Strike_G","Regret"],"score":942,"play_id":"30b36f05-0217-461a-8b52-8d8173a4243b","local_time":"20190220174349","is_ascension_mode":true,"campfire_choices":[{"data":"Deadly Poison","floor":6.0,"key":"SMITH"},{"data":"Neutralize","floor":8.0,"key":"SMITH"},{"data":"Caltrops","floor":11.0,"key":"SMITH"},{"data":"Acrobatics","floor":13.0,"key":"SMITH"},{"data":"Reflex","floor":15.0,"key":"SMITH"},{"data":"Catalyst","floor":23.0,"key":"SMITH"},{"data":"Well Laid Plans","floor":25.0,"key":"SMITH"},{"data":"Calculated Gamble","floor":32.0,"key":"SMITH"},{"data":"Acrobatics","floor":41.0,"key":"SMITH"}],"neow_cost":"NONE","seed_source_timestamp":21091789641748,"circlet_count":0,"master_deck":["AscendersBane","Defend_G","Defend_G","Defend_G","Defend_G","Defend_G","Survivor","Neutralize+1","Reflex+1","Deadly Poison+1","Caltrops+1","Footwork","Acrobatics+1","Malaise","Catalyst+1","Well Laid Plans+1","Calculated Gamble+1","Grand Finale","Acrobatics+1"],"special_seed":0,"relics":["Ring of the Snake","NeowsBlessing","Juzu Bracelet","Matryoshka","Paper Crane","Cursed Key","Ancient Tea Set","Darkstone Periapt","Eternal Feather","Singing Bowl"],"potions_floor_usage":[],"damage_taken":[{"damage":0.0,"enemies":"Small Slimes","floor":1.0,"turns":1.0},{"damage":0.0,"enemies":"2 Louse","floor":2.0,"turns":1.0},{"damage":0.0,"enemies":"3 Sentries","floor":7.0,"turns":2.0},{"damage":3.0,"enemies":"Cultist","floor":10.0,"turns":4.0},{"damage":1.0,"enemies":"Lagavulin","floor":12.0,"turns":8.0},{"damage":15.0,"enemies":"3 Sentries","floor":14.0,"turns":11.0},{"damage":24.0,"enemies":"The Guardian","floor":16.0,"turns":11.0},{"damage":5.0,"enemies":"2 Thieves","floor":18.0,"turns":5.0},{"damage":2.0,"enemies":"3 Byrds","floor":21.0,"turns":1.0},{"damage":9.0,"enemies":"Snecko","floor":27.0,"turns":6.0},{"damage":0.0,"enemies":"Snake Plant","floor":28.0,"turns":5.0},{"damage":1.0,"enemies":"Cultist and Chosen","floor":31.0,"turns":7.0},{"damage":4.0,"enemies":"Collector","floor":33.0,"turns":9.0},{"damage":0.0,"enemies":"Orb Walker","floor":35.0,"turns":3.0},{"damage":0.0,"enemies":"3 Darklings","floor":37.0,"turns":2.0},{"damage":7.0,"enemies":"Sphere and 2 Shapes","floor":38.0,"turns":3.0},{"damage":0.0,"enemies":"4 Shapes","floor":39.0,"turns":1.0},{"damage":36.0,"enemies":"Nemesis","floor":40.0,"turns":7.0},{"damage":0.0,"enemies":"Maw","floor":42.0,"turns":6.0},{"damage":0,"enemies":"3 Darklings","floor":44,"turns":1}],"seed_played":"8935311728899631837","potions_obtained":[{"floor":1.0,"key":"EntropicBrew"},{"floor":5.0,"key":"Block Potion"},{"floor":16.0,"key":"AttackPotion"},{"floor":18.0,"key":"SkillPotion"},{"floor":33.0,"key":"GamblersBrew"},{"floor":35.0,"key":"SteroidPotion"},{"floor":38.0,"key":"SpeedPotion"}],"is_trial":false,"path_per_floor":["M","M","?","?","?","R","E","R","T","M","R","E","R","?","R","B",null,"M","?","?","M","?","R","$","R","T","M","M","$","?","M","R","B",null,"M","?","M","M","M","E","R","M","T","M"],"character_chosen":"THE_SILENT","items_purchased":["Well Laid Plans"],"campfire_rested":0,"item_purchase_floors":[24],"current_hp_per_floor":[59,59,59,52,52,52,52,52,52,49,49,48,48,33,33,9,52,47,29,29,27,23,23,23,23,23,14,14,14,14,13,13,9,56,56,56,56,49,49,15,24,26,26,26],"gold":238,"neow_bonus":"THREE_ENEMY_KILL","is_prod":false,"is_daily":false,"chose_seed":false,"campfire_upgraded":9,"win_rate":0,"timestamp":1550655829,"path_taken":["M","M","?","?","?","R","E","R","T","M","R","E","R","?","R","BOSS","M","?","?","M","?","R","$","R","T","M","M","$","?","M","R","BOSS","M","?","M","M","M","E","R","M","T","M"],"build_version":"2019-01-23","purchased_purges":2,"victory":false,"max_hp_per_floor":[66,66,66,66,66,66,66,66,66,66,66,66,66,66,66,66,66,66,71,71,71,71,71,71,71,71,71,71,71,71,71,71,71,71,71,71,71,71,71,73,73,75,75,75],"card_choices":[{"not_picked":["Crippling Poison","Dodge and Roll","Reflex"],"picked":"SKIP","floor":1.0},{"not_picked":["Crippling Poison","Dodge and Roll"],"picked":"Reflex","floor":1.0},{"not_picked":["Flying Knee","Bane"],"picked":"Deadly Poison","floor":2.0},{"not_picked":["Eviscerate","Setup"],"picked":"Caltrops","floor":7.0},{"not_picked":["Outmaneuver","Blade Dance"],"picked":"Footwork","floor":10.0},{"not_picked":["Dagger Throw","Backstab"],"picked":"Acrobatics","floor":12.0},{"not_picked":["Die Die Die","Phantasmal Killer"],"picked":"Malaise","floor":16.0},{"not_picked":["Bane+1","Quick Slash","Reflex"],"picked":"SKIP","floor":18.0},{"not_picked":["Slice","Masterful Stab","Poisoned Stab"],"picked":"SKIP","floor":21.0},{"not_picked":["Riddle With Holes+1","Well Laid Plans"],"picked":"Calculated Gamble","floor":27.0},{"not_picked":["Dodge and Roll","Flying Knee","Quick Slash"],"picked":"SKIP","floor":28.0},{"not_picked":["Skewer","Flying Knee","Slice+1"],"picked":"SKIP","floor":31.0},{"not_picked":["Night Terror","Tools of the Trade"],"picked":"Grand Finale","floor":33.0},{"not_picked":["Dagger Spray","Deflect","Dash+1"],"picked":"SKIP","floor":35.0},{"not_picked":["Cloak And Dagger","Deflect"],"picked":"Acrobatics","floor":37.0},{"not_picked":["Dodge and Roll","Flechettes","Burst"],"picked":"SKIP","floor":38.0},{"not_picked":["Quick Slash","Slice","PiercingWail"],"picked":"SKIP","floor":39.0},{"not_picked":["Flechettes","Dodge and Roll+1","Slice"],"picked":"Singing Bowl","floor":40.0},{"not_picked":["Leg Sweep","PiercingWail","Poisoned Stab"],"picked":"Singing Bowl","floor":42.0}],"player_experience":2995879,"relics_obtained":[{"floor":7.0,"key":"Juzu Bracelet"},{"floor":12.0,"key":"Matryoshka"},{"floor":14.0,"key":"Paper Crane"},{"floor":26.0,"key":"Ancient Tea Set"},{"floor":26.0,"key":"Darkstone Periapt"},{"floor":40.0,"key":"Singing Bowl"}],"event_choices":[{"cards_removed":["Strike_G"],"damage_healed":0.0,"max_hp_gain":0.0,"max_hp_loss":0.0,"gold_gain":0.0,"event_name":"Living Wall","player_choice":"Forget","floor":3.0,"gold_loss":0.0,"damage_taken":0.0},{"cards_removed":["Strike_G"],"damage_healed":0.0,"max_hp_gain":0.0,"max_hp_loss":0.0,"gold_gain":0.0,"event_name":"Golden Wing","player_choice":"Card Removal","floor":4.0,"gold_loss":0.0,"damage_taken":7.0},{"damage_healed":0.0,"max_hp_gain":0.0,"max_hp_loss":0.0,"gold_gain":0.0,"event_name":"Lab","player_choice":"Got Potions","floor":5.0,"gold_loss":0.0,"damage_taken":0.0},{"damage_healed":0.0,"max_hp_gain":0.0,"max_hp_loss":0.0,"gold_gain":0.0,"event_name":"Dead Adventurer","player_choice":"Searched \u00271\u0027 times","floor":14.0,"gold_loss":0.0,"damage_taken":0.0},{"damage_healed":0.0,"max_hp_gain":5.0,"max_hp_loss":0.0,"gold_gain":0.0,"event_name":"Forgotten Altar","player_choice":"Shed Blood","floor":19.0,"gold_loss":0.0,"damage_taken":23.0},{"damage_healed":0.0,"max_hp_gain":0.0,"max_hp_loss":0.0,"gold_gain":0.0,"cards_transformed":["Strike_G"],"event_name":"Transmorgrifier","player_choice":"Transformed","floor":20.0,"gold_loss":0.0,"damage_taken":0.0,"cards_obtained":["Catalyst"]},{"damage_healed":0.0,"max_hp_gain":0.0,"max_hp_loss":0.0,"gold_gain":0.0,"event_name":"The Woman in Blue","player_choice":"Bought 0 Potions","floor":22.0,"gold_loss":0.0,"damage_taken":0.0},{"cards_removed":["Strike_G"],"damage_healed":0.0,"max_hp_gain":0.0,"max_hp_loss":0.0,"gold_gain":0.0,"event_name":"Beggar","player_choice":"Gave Gold","floor":30.0,"gold_loss":75.0,"damage_taken":0.0},{"damage_healed":0.0,"max_hp_gain":0.0,"max_hp_loss":0.0,"gold_gain":0.0,"event_name":"Mysterious Sphere","player_choice":"Ignored","floor":36.0,"gold_loss":0.0,"damage_taken":0.0}],"is_beta":false,"boss_relics":[{"not_picked":["WristBlade","Black Star"],"picked":"Cursed Key"},{"not_picked":["Sozu","Velvet Choker"],"picked":"Eternal Feather"}],"items_purged_floors":[24,29],"is_endless":false,"potions_floor_spawned":[1,10,16,18,21,33,35,38],"killed_by":"3 Darklings","ascension_level":20}