{"gold_per_floor":[109,109,109,126,31,31,31,31,31,45,45,61,61,12,12,115,115,130,157,168,168,187,187,112,112,112,112,129,54,54,64,64,160,160,171,171,171,185,185,185,201,213,236,260,272,284,296,320,332,344],"floor_reached":51,"playtime":1565,"items_purged":["Strike_R"],"score":685,"play_id":"20a22f3a-266b-4907-9ed9-336bd6c2b9aa","local_time":"20190806214322","is_ascension_mode":false,"campfire_choices":[{"data":"Berserk","floor":6.0,"key":"SMITH"},{"data":"Bash","floor":8.0,"key":"SMITH"},{"data":"Second Wind","floor":11.0,"key":"SMITH"},{"data":"Flame Barrier","floor":13.0,"key":"SMITH"},{"data":"Flash of Steel","floor":15.0,"key":"SMITH"},{"data":"Flex","floor":23.0,"key":"SMITH"},{"data":"Limit Break","floor":25.0,"key":"SMITH"},{"data":"Shrug It Off","floor":27.0,"key":"SMITH"},{"floor":32.0,"key":"REST"},{"data":"Fiend Fire","floor":40.0,"key":"SMITH"},{"data":"Defend_R","floor":45,"key":"SMITH"},{"data":"Burning Pact","floor":47,"key":"SMITH"},{"floor":49,"key":"REST"}],"neow_cost":"NONE","seed_source_timestamp":8912491122471,"circlet_count":0,"master_deck":["Defend_R+1","Defend_R+1","Defend_R","Defend_R","Bash+1","Ghostly Armor+1","Shrug It Off+1","Flash of Steel+1","Second Wind+1","Flame Barrier+1","Limit Break+1","Pommel Strike+1","Flex+1","Fiend Fire+1","Thunderclap+1","Limit Break+1","Pommel Strike+1","Burning Pact+1"],"special_seed":0,"relics":["Burning Blood","War Paint","Matryoshka","Sozu","Red Mask","Ornamental Fan","Pear","Astrolabe","Orichalcum","MawBank"],"potions_floor_usage":[50,50,50],"damage_taken":[{"damage":3.0,"enemies":"2 Louse","floor":1.0,"turns":4.0},{"damage":0.0,"enemies":"Jaw Worm","floor":4.0,"turns":3.0},{"damage":4.0,"enemies":"Cultist","floor":10.0,"turns":3.0},{"damage":5.0,"enemies":"3 Louse","floor":12.0,"turns":5.0},{"damage":58.0,"enemies":"Hexaghost","floor":16.0,"turns":11.0},{"damage":0.0,"enemies":"3 Byrds","floor":18.0,"turns":4.0},{"damage":31.0,"enemies":"Masked Bandits","floor":19.0,"turns":6.0},{"damage":5.0,"enemies":"2 Thieves","floor":20.0,"turns":4.0},{"damage":7.0,"enemies":"3 Cultists","floor":22.0,"turns":6.0},{"damage":13.0,"enemies":"Cultist and Chosen","floor":28.0,"turns":7.0},{"damage":10.0,"enemies":"Chosen and Byrds","floor":31.0,"turns":7.0},{"damage":59.0,"enemies":"Automaton","floor":33.0,"turns":9.0},{"damage":6.0,"enemies":"3 Darklings","floor":35.0,"turns":6.0},{"damage":18.0,"enemies":"3 Shapes","floor":38.0,"turns":8.0},{"damage":33.0,"enemies":"Sphere and 2 Shapes","floor":41.0,"turns":5.0},{"damage":0.0,"enemies":"Writhing Mass","floor":42.0,"turns":3.0},{"damage":1,"enemies":"Jaw Worm Horde","floor":44,"turns":3},{"damage":4,"enemies":"Spire Growth","floor":48,"turns":3},{"damage":55,"enemies":"Donu and Deca","floor":50,"turns":7}],"seed_played":"4337747663072949777","potions_obtained":[{"floor":1.0,"key":"Swift Potion"},{"floor":10.0,"key":"GamblersBrew"}],"is_trial":false,"path_per_floor":["M","?","T","M","$","R","$","R","T","M","R","M","R","$","R","B",null,"M","?","M","?","M","R","$","R","T","R","M","?","?","M","R","B",null,"M","?","?","M","?","R","M","M","T","M","R","?","R","M","R","B",null],"character_chosen":"IRONCLAD","items_purchased":["Flash of Steel","SkillPotion"],"campfire_rested":2,"item_purchase_floors":[5,14],"current_hp_per_floor":[80,85,85,85,85,85,85,85,85,85,85,85,85,85,85,33,85,85,60,61,61,60,60,60,60,70,70,63,63,44,40,70,17,100,100,100,100,88,88,88,61,67,67,72,72,72,72,74,100,51],"gold":356,"neow_bonus":"ONE_RANDOM_RARE_CARD","is_prod":false,"is_daily":false,"chose_seed":false,"campfire_upgraded":11,"win_rate":0,"timestamp":1565099002,"path_taken":["M","?","?","M","$","R","$","R","T","M","R","M","R","$","R","BOSS","M","?","M","?","?","R","$","R","T","R","M","?","?","M","R","BOSS","M","?","?","M","?","R","?","?","T","M","R","?","R","M","R","BOSS"],"build_version":"2019-07-17","purchased_purges":1,"victory":true,"max_hp_per_floor":[80,85,85,85,85,85,85,85,85,85,85,85,85,85,85,85,85,85,85,85,85,85,85,85,85,95,95,95,95,100,100,100,100,100,100,100,100,100,100,100,100,100,100,100,100,100,100,100,100,100],"card_choices":[{"not_picked":["Body Slam","Headbutt"],"picked":"Ghostly Armor","floor":1.0},{"not_picked":["Anger","Headbutt"],"picked":"Shrug It Off","floor":4.0},{"not_picked":["Shrug It Off","Reckless Charge"],"picked":"Second Wind","floor":10.0},{"not_picked":["Armaments","Bloodletting"],"picked":"Flame Barrier","floor":12.0},{"not_picked":["Immolate","Offering"],"picked":"Limit Break","floor":16.0},{"not_picked":["Blood for Blood","Sword Boomerang+1"],"picked":"Pommel Strike+1","floor":18.0},{"not_picked":["Iron Wave","True Grit"],"picked":"Flex","floor":19.0},{"not_picked":["Uppercut","Anger+1","Twin Strike+1"],"picked":"SKIP","floor":20.0},{"not_picked":["Armaments","Twin Strike","Cleave"],"picked":"SKIP","floor":22.0},{"not_picked":["Spot Weakness","Whirlwind"],"picked":"Fiend Fire","floor":28.0},{"not_picked":["Warcry","Headbutt+1","Cleave"],"picked":"SKIP","floor":31.0},{"not_picked":["Infernal Blade+1","Thunderclap","Reckless Charge"],"picked":"SKIP","floor":35.0},{"not_picked":["Wild Strike","Sword Boomerang+1","Pommel Strike+1"],"picked":"SKIP","floor":38.0},{"not_picked":["Wild Strike","Sword Boomerang+1"],"picked":"Pommel Strike+1","floor":38.0},{"not_picked":["Clothesline","Flex","Sever Soul+1"],"picked":"SKIP","floor":41.0},{"not_picked":["Twin Strike","Thunderclap","Corruption"],"picked":"SKIP","floor":42.0},{"not_picked":["Feed","Armaments+1","Blood for Blood+1"],"picked":"SKIP","floor":44},{"not_picked":["Clash+1","Ghostly Armor+1","Warcry+1"],"picked":"SKIP","floor":48}],"player_experience":5878228,"relics_obtained":[{"floor":3.0,"key":"War Paint"},{"floor":9.0,"key":"Matryoshka"},{"floor":19.0,"key":"Red Mask"},{"floor":26.0,"key":"Ornamental Fan"},{"floor":26.0,"key":"Pear"},{"floor":43.0,"key":"Orichalcum"},{"floor":43.0,"key":"MawBank"}],"event_choices":[{"damage_healed":0.0,"max_hp_gain":5.0,"max_hp_loss":0.0,"gold_gain":0.0,"event_name":"Big Fish","player_choice":"Donut","floor":2.0,"gold_loss":0.0,"damage_taken":0.0},{"damage_healed":0.0,"max_hp_gain":0.0,"max_hp_loss":0.0,"gold_gain":0.0,"event_name":"Masked Bandits","player_choice":"Fought Bandits","floor":19.0,"gold_loss":0.0,"damage_taken":0.0},{"damage_healed":0.0,"max_hp_gain":0.0,"max_hp_loss":0.0,"gold_gain":0.0,"event_name":"The Woman in Blue","player_choice":"Bought 0 Potions","floor":21.0,"gold_loss":0.0,"damage_taken":0.0},{"cards_removed":["Strike_R"],"damage_healed":0.0,"max_hp_gain":0.0,"max_hp_loss":0.0,"gold_gain":0.0,"event_name":"Beggar","player_choice":"Gave Gold","floor":29.0,"gold_loss":75.0,"damage_taken":0.0},{"damage_healed":0.0,"max_hp_gain":5.0,"max_hp_loss":0.0,"gold_gain":0.0,"event_name":"Forgotten Altar","player_choice":"Shed Blood","floor":30.0,"gold_loss":0.0,"damage_taken":24.0},{"cards_removed":["Berserk"],"damage_healed":0.0,"max_hp_gain":0.0,"max_hp_loss":0.0,"gold_gain":0.0,"event_name":"Falling","player_choice":"Removed Power","floor":36.0,"gold_loss":0.0,"damage_taken":0.0},{"damage_healed":0.0,"max_hp_gain":0.0,"max_hp_loss":0.0,"gold_gain":0.0,"event_name":"SensoryStone","player_choice":"Memory 1","floor":37.0,"gold_loss":0.0,"damage_taken":0.0},{"cards_removed":["Clash"],"damage_healed":0.0,"max_hp_gain":0.0,"max_hp_loss":0.0,"gold_gain":0.0,"event_name":"Wheel of Change","player_choice":"Card Removal","floor":39.0,"gold_loss":0.0,"damage_taken":0.0},{"damage_healed":0,"gold_gain":0,"player_choice":"1 cards matched","damage_taken":0,"max_hp_gain":0,"max_hp_loss":0,"event_name":"Match and Keep!","floor":46,"gold_loss":0,"cards_obtained":["Burning Pact"]}],"is_beta":false,"boss_relics":[{"not_picked":["Ectoplasm","Lizard Tail"],"picked":"Sozu"},{"not_picked":["Eternal Feather","Cursed Key"],"picked":"Astrolabe"}],"items_purged_floors":[24],"is_endless":false,"potions_floor_spawned":[1,10,16,18,19,33,38,41],"ascension_level":0}