{"gold_per_floor":[111,123,198,210,210,210,17,17,66,79,4,39,52,52,52,176,176,191,191,204,229,248,248,281,281,281,281,181,216,241,257,257,388,388,407,420,436,450,325,369,17,17,17,17,42,42,62,97,97,97],"floor_reached":51,"playtime":1947,"items_purged":["Strike_R","Strike_R","Bash+1","Defend_R"],"score":899,"play_id":"9ab58541-74d3-438f-8fcf-91cdc445f881","local_time":"20190629220543","is_ascension_mode":false,"campfire_choices":[{"data":"Body Slam","floor":6.0,"key":"SMITH"},{"data":"Bash","floor":8.0,"key":"SMITH"},{"data":"Shockwave","floor":15.0,"key":"SMITH"},{"data":"Flame Barrier","floor":23.0,"key":"SMITH"},{"data":"Inflame","floor":25.0,"key":"SMITH"},{"data":"Burning Pact","floor":32.0,"key":"SMITH"},{"data":"Limit Break","floor":42.0,"key":"SMITH"},{"data":"Cloak And Dagger","floor":46.0,"key":"SMITH"},{"data":"Spot Weakness","floor":49,"key":"SMITH"}],"neow_cost":"NONE","seed_source_timestamp":31451573432946,"circlet_count":0,"master_deck":["Defend_R+1","Defend_R+1","Defend_R","Body Slam+1","Evolve","Flame Barrier+1","Shockwave+1","Inflame+1","Reaper","Offering","Sword Boomerang+1","Burning Pact+1","Rupture","Double Tap","Spot Weakness+1","Limit Break+1","Cloak And Dagger+1"],"special_seed":0,"relics":["Burning Blood","Brimstone","Bronze Scales","Turnip","Golden Idol","Velvet Choker","Meat on the Bone","Bag of Preparation","Kunai","Runic Dome","Dodecahedron","PrismaticShard","Bottled Flame","War Paint"],"potions_floor_usage":[50,50,50],"damage_taken":[{"damage":2.0,"enemies":"2 Louse","floor":1.0,"turns":3.0},{"damage":2.0,"enemies":"Small Slimes","floor":2.0,"turns":3.0},{"damage":6.0,"enemies":"Cultist","floor":4.0,"turns":4.0},{"damage":10.0,"enemies":"Lots of Slimes","floor":10.0,"turns":3.0},{"damage":8.0,"enemies":"Gremlin Nob","floor":12.0,"turns":3.0},{"damage":9.0,"enemies":"3 Louse","floor":13.0,"turns":2.0},{"damage":30.0,"enemies":"The Guardian","floor":16.0,"turns":8.0},{"damage":18.0,"enemies":"2 Thieves","floor":18.0,"turns":4.0},{"damage":8.0,"enemies":"Spheric Guardian","floor":20.0,"turns":3.0},{"damage":26.0,"enemies":"Snake Plant","floor":21.0,"turns":4.0},{"damage":3.0,"enemies":"Snecko","floor":22.0,"turns":5.0},{"damage":36.0,"enemies":"Gremlin Leader","floor":24.0,"turns":4.0},{"damage":22.0,"enemies":"Book of Stabbing","floor":29.0,"turns":3.0},{"damage":14.0,"enemies":"Cultist and Chosen","floor":30.0,"turns":3.0},{"damage":9.0,"enemies":"Shelled Parasite and Fungi","floor":31.0,"turns":4.0},{"damage":8.0,"enemies":"Champ","floor":33.0,"turns":6.0},{"damage":6.0,"enemies":"3 Darklings","floor":35.0,"turns":3.0},{"damage":14.0,"enemies":"Orb Walker","floor":36.0,"turns":2.0},{"damage":24.0,"enemies":"4 Shapes","floor":37.0,"turns":5.0},{"damage":32.0,"enemies":"Writhing Mass","floor":38.0,"turns":3.0},{"damage":26.0,"enemies":"Nemesis","floor":40.0,"turns":5.0},{"damage":41.0,"enemies":"3 Darklings","floor":45.0,"turns":4.0},{"damage":25,"enemies":"Jaw Worm Horde","floor":47,"turns":3},{"damage":48,"enemies":"Reptomancer","floor":48,"turns":4},{"damage":65,"enemies":"Time Eater","floor":50,"turns":5}],"seed_played":"-4573442008047645743","potions_obtained":[{"floor":2.0,"key":"Energy Potion"},{"floor":4.0,"key":"BloodPotion"},{"floor":10.0,"key":"Weak Potion"},{"floor":12.0,"key":"SkillPotion"},{"floor":18.0,"key":"Dexterity Potion"},{"floor":21.0,"key":"GamblersBrew"},{"floor":24.0,"key":"GamblersBrew"},{"floor":27.0,"key":"Fire Potion"},{"floor":36.0,"key":"GamblersBrew"},{"floor":40.0,"key":"SneckoOil"},{"floor":47,"key":"Strength Potion"}],"is_trial":false,"path_per_floor":["M","M","?","M","?","R","$","R","T","M","$","E","M","?","R","B",null,"M","?","M","M","M","R","E","R","T","?","$","E","M","M","R","B",null,"M","M","M","M","$","E","$","R","T","?","M","R","M","E","R","B",null],"character_chosen":"IRONCLAD","items_purchased":["Brimstone","PrismaticShard"],"campfire_rested":0,"item_purchase_floors":[7,41],"current_hp_per_floor":[80,80,69,69,69,69,69,69,69,73,73,71,68,48,48,24,80,80,80,78,73,80,80,80,80,80,80,80,80,80,80,80,80,80,80,80,80,54,54,46,46,46,46,46,57,57,67,64,64,59],"gold":97,"neow_bonus":"REMOVE_CARD","is_prod":false,"is_daily":false,"chose_seed":false,"campfire_upgraded":9,"win_rate":0,"timestamp":1561817143,"path_taken":["M","M","?","M","?","R","$","R","T","?","?","E","M","?","R","BOSS","M","?","M","?","M","R","E","R","T","?","$","E","?","?","R","BOSS","M","?","?","M","$","E","?","R","T","?","M","R","?","E","R","BOSS"],"build_version":"2019-01-23","purchased_purges":4,"victory":true,"max_hp_per_floor":[80,80,80,80,80,80,80,80,80,80,80,80,80,80,80,80,80,80,80,80,80,80,80,80,80,80,80,80,80,80,80,80,80,80,80,80,80,80,80,80,80,80,80,80,80,80,80,80,80,80],"card_choices":[{"not_picked":["Thunderclap","Feel No Pain"],"picked":"Body Slam","floor":1.0},{"not_picked":["Corruption","Flex"],"picked":"Evolve","floor":2.0},{"not_picked":["Perfected Strike","Pommel Strike","Headbutt"],"picked":"SKIP","floor":4.0},{"not_picked":["Iron Wave","Thunderclap"],"picked":"Flame Barrier","floor":10.0},{"not_picked":["Barricade","Corruption"],"picked":"Shockwave","floor":12.0},{"not_picked":["Armaments","Twin Strike"],"picked":"Inflame","floor":13.0},{"not_picked":["Fiend Fire","Impervious"],"picked":"Reaper","floor":16.0},{"not_picked":["Iron Wave","Anger","Intimidate+1"],"picked":"SKIP","floor":18.0},{"not_picked":["Heavy Blade","Carnage","Cleave"],"picked":"SKIP","floor":20.0},{"not_picked":["Rupture+1","Clash","Heavy Blade"],"picked":"SKIP","floor":21.0},{"not_picked":["Thunderclap","Burning Pact"],"picked":"Sword Boomerang+1","floor":22.0},{"not_picked":["Warcry","Wild Strike","Clothesline"],"picked":"SKIP","floor":24.0},{"not_picked":["Carnage","Iron Wave+1"],"picked":"Burning Pact","floor":29.0},{"not_picked":["Cleave","Iron Wave"],"picked":"Rupture","floor":30.0},{"not_picked":["Evolve","Body Slam","Iron Wave"],"picked":"SKIP","floor":31.0},{"not_picked":["Exhume","Barricade"],"picked":"Double Tap","floor":33.0},{"not_picked":["Iron Wave","Whirlwind"],"picked":"Spot Weakness","floor":35.0},{"not_picked":["Clash","Wild Strike+1","Sword Boomerang+1"],"picked":"SKIP","floor":36.0},{"not_picked":["Sever Soul+1","Dropkick","Clothesline+1"],"picked":"SKIP","floor":37.0},{"not_picked":["Whirlwind+1","Seeing Red+1","Blood for Blood"],"picked":"SKIP","floor":38.0},{"not_picked":["True Grit","Infernal Blade+1"],"picked":"Limit Break","floor":40.0},{"not_picked":["Cloak And Dagger","Turbo","Poisoned Stab+1"],"picked":"SKIP","floor":45.0},{"not_picked":["Turbo","Poisoned Stab+1"],"picked":"Cloak And Dagger","floor":45.0},{"not_picked":["Leap","Redo","Underhanded Strike+1"],"picked":"SKIP","floor":47},{"not_picked":["PiercingWail","Pommel Strike+1","Infernal Blade+1"],"picked":"SKIP","floor":48}],"player_experience":5582643,"relics_obtained":[{"floor":9.0,"key":"Bronze Scales"},{"floor":12.0,"key":"Turnip"},{"floor":24.0,"key":"Meat on the Bone"},{"floor":26.0,"key":"Bag of Preparation"},{"floor":29.0,"key":"Kunai"},{"floor":40.0,"key":"Dodecahedron"},{"floor":43.0,"key":"Bottled Flame"},{"floor":48,"key":"War Paint"}],"event_choices":[{"damage_healed":0.0,"max_hp_gain":0.0,"max_hp_loss":0.0,"gold_gain":75.0,"event_name":"World of Goop","player_choice":"Gather Gold","floor":3.0,"gold_loss":0.0,"damage_taken":11.0},{"cards_removed":["Strike_R"],"damage_healed":0.0,"max_hp_gain":0.0,"max_hp_loss":0.0,"gold_gain":0.0,"event_name":"Purifier","player_choice":"Purged","floor":5.0,"gold_loss":0.0,"damage_taken":0.0},{"damage_healed":0.0,"max_hp_gain":0.0,"max_hp_loss":0.0,"gold_gain":0.0,"event_name":"Golden Idol","player_choice":"Take Damage","floor":14.0,"gold_loss":0.0,"damage_taken":20.0,"relics_obtained":["Golden Idol"]},{"damage_healed":0.0,"max_hp_gain":0.0,"max_hp_loss":0.0,"gold_gain":0.0,"cards_transformed":["Strike_R"],"event_name":"Transmorgrifier","player_choice":"Transformed","floor":19.0,"gold_loss":0.0,"damage_taken":0.0,"cards_obtained":["Offering"]},{"damage_healed":0.0,"max_hp_gain":0.0,"max_hp_loss":0.0,"gold_gain":0.0,"event_name":"Lab","player_choice":"Got Potions","floor":27.0,"gold_loss":0.0,"damage_taken":0.0},{"damage_healed":0.0,"max_hp_gain":0.0,"max_hp_loss":0.0,"gold_gain":0.0,"event_name":"NoteForYourself","player_choice":"Ignored","floor":44.0,"gold_loss":0.0,"damage_taken":0.0}],"is_beta":false,"boss_relics":[{"not_picked":["Orrery","Sozu"],"picked":"Velvet Choker"},{"not_picked":["Lizard Tail","Snecko Eye"],"picked":"Runic Dome"}],"items_purged_floors":[11,28,39,41],"is_endless":false,"potions_floor_spawned":[2,4,10,12,18,21,24,29,30,36,40,47,48],"ascension_level":0}