{"gold_per_floor":[109,124,124,153,180,226,238,250,262,286,308,346,374,386,398,511,573,602,198,198,198,211,211],"floor_reached":23,"playtime":4662,"items_purged":["Strike_R"],"score":203,"play_id":"429ed47c-8166-4670-9012-7645cdbb6f02","local_time":"20190802233710","is_ascension_mode":false,"campfire_choices":[{"floor":7,"key":"REST"},{"floor":15,"key":"REST"}],"neow_cost":"NONE","seed_source_timestamp":434151611388500,"circlet_count":0,"master_deck":["Strike_R","Strike_R","Strike_R+1","Strike_R","Defend_R","Defend_R","Defend_R","Defend_R","Bash","Dropkick","Twin Strike","Perfected Strike","Whirlwind","Armaments","Uppercut","Double Tap","Juggernaut","Inflame","Feel No Pain","Discovery","RitualDagger","Twin Strike+1"],"relics":["Fusion Hammer","MawBank","Mercury Hourglass","Blood Vial","Omamori","Tiny House","Question Card"],"potions_floor_usage":[],"damage_taken":[{"damage":1,"enemies":"Jaw Worm","floor":1,"turns":3},{"damage":15,"enemies":"Small Slimes","floor":2,"turns":3},{"damage":6,"enemies":"2 Louse","floor":4,"turns":2},{"damage":0,"enemies":"Large Slime","floor":5,"turns":4},{"damage":24,"enemies":"Gremlin Nob","floor":6,"turns":4},{"damage":3,"enemies":"Red Slaver","floor":10,"turns":2},{"damage":7,"enemies":"Blue Slaver","floor":11,"turns":2},{"damage":13,"enemies":"3 Sentries","floor":12,"turns":4},{"damage":4,"enemies":"Exordium Wildlife","floor":13,"turns":2},{"damage":38,"enemies":"Slime Boss","floor":16,"turns":8},{"damage":25,"enemies":"2 Thieves","floor":18,"turns":4},{"damage":10,"enemies":"Chosen","floor":22,"turns":4},{"damage":33,"enemies":"Book of Stabbing","floor":23,"turns":2}],"seed_played":"4818626141673214935","potions_obtained":[{"floor":5,"key":"SteroidPotion"},{"floor":10,"key":"Explosive Potion"},{"floor":13,"key":"Explosive Potion"},{"floor":17,"key":"Fruit Juice"}],"is_trial":false,"path_per_floor":["M","M","?","M","M","E","R","$","T","M","M","E","M","?","R","B",null,"M","$","?","?","M","E"],"character_chosen":"IRONCLAD","items_purchased":["Discovery","Question Card"],"campfire_rested":2,"item_purchase_floors":[19,19],"current_hp_per_floor":[79,64,61,55,55,31,55,55,55,54,49,38,36,56,80,42,85,60,60,44,38,30,0],"gold":211,"neow_bonus":"BOSS_RELIC","is_prod":false,"is_daily":false,"chose_seed":false,"campfire_upgraded":0,"win_rate":0.0,"timestamp":1564810630,"path_taken":["M","M","?","M","M","E","R","$","T","M","M","E","M","?","R","BOSS","M","$","?","?","M","E"],"build_version":"2019-07-17","purchased_purges":1,"victory":false,"max_hp_per_floor":[80,80,80,80,80,80,80,80,80,80,80,80,80,80,80,80,85,85,85,90,90,90,90],"card_choices":[{"not_picked":["Clash","Iron Wave"],"picked":"Dropkick","floor":1},{"not_picked":["Sword Boomerang","Headbutt"],"picked":"Twin Strike","floor":2},{"not_picked":["Warcry","Power Through"],"picked":"Perfected Strike","floor":4},{"not_picked":["Rupture","Perfected Strike"],"picked":"Whirlwind","floor":5},{"not_picked":["Heavy Blade","Twin Strike"],"picked":"Armaments","floor":6},{"not_picked":["Seeing Red","Headbutt","Clothesline"],"picked":"SKIP","floor":10},{"not_picked":["Seeing Red","Cleave"],"picked":"Uppercut","floor":11},{"not_picked":["Uppercut","Warcry"],"picked":"Double Tap","floor":12},{"not_picked":["Warcry","Twin Strike","Inflame"],"picked":"SKIP","floor":13},{"not_picked":["Barricade","Berserk"],"picked":"Juggernaut","floor":16},{"not_picked":["Armaments","Entrench"],"picked":"Inflame","floor":17},{"not_picked":["Armaments","Headbutt"],"picked":"Feel No Pain","floor":18},{"not_picked":["Anger","True Grit","Clothesline+1"],"picked":"Twin Strike+1","floor":22}],"player_experience":17401,"relics_obtained":[{"floor":6,"key":"Mercury Hourglass"},{"floor":9,"key":"Blood Vial"},{"floor":12,"key":"Omamori"}],"event_choices":[{"damage_healed":0,"gold_gain":0,"player_choice":"Success","damage_taken":3,"relics_obtained":["MawBank"],"max_hp_gain":0,"max_hp_loss":0,"event_name":"Scrap Ooze","floor":3,"gold_loss":0},{"damage_healed":20,"gold_gain":0,"player_choice":"Healed and dodged fight","damage_taken":0,"max_hp_gain":0,"max_hp_loss":0,"event_name":"Mushrooms","floor":14,"gold_loss":0,"cards_obtained":["Parasite"]},{"damage_healed":0,"gold_gain":0,"player_choice":"Shed Blood","damage_taken":21,"max_hp_gain":5,"max_hp_loss":0,"event_name":"Forgotten Altar","floor":20,"gold_loss":0},{"damage_healed":0,"gold_gain":0,"player_choice":"Joined the Cult","damage_taken":6,"max_hp_gain":0,"max_hp_loss":0,"event_name":"Nest","floor":21,"gold_loss":0,"cards_obtained":["RitualDagger"]}],"is_beta":false,"boss_relics":[{"not_picked":["Busted Crown","White Beast Statue"],"picked":"Tiny House"}],"items_purged_floors":[19],"is_endless":false,"potions_floor_spawned":[5,10,13,18],"killed_by":"Book of Stabbing","ascension_level":0}