{"gold_per_floor":[111,121,21,21,39,74,74,74,74,74,93,93,105,105],"floor_reached":14,"playtime":279,"items_purged":["Strike_B"],"score":144,"play_id":"7970d549-b71d-47af-889e-d494581bb13f","local_time":"20181026145752","is_ascension_mode":true,"campfire_choices":[{"data":"Beam Cell","floor":7,"key":"SMITH"},{"data":"Hologram","floor":12,"key":"SMITH"}],"neow_cost":"PERCENT_DAMAGE","seed_source_timestamp":85078472137583,"circlet_count":0,"master_deck":["Strike_B","Strike_B+1","Defend_B","Defend_B","Defend_B","Zap","Dualcast","AscendersBane","Conserve Battery+1","Beam Cell+1","Hologram+1","Streamline","Echo Form","Parasite","BootSequence"],"relics":["Cracked Core","Blue Candle","Ornamental Fan"],"potions_floor_usage":[13,14],"damage_taken":[{"damage":7,"enemies":"Jaw Worm","floor":1,"turns":3},{"damage":0,"enemies":"2 Louse","floor":2,"turns":3},{"damage":3,"enemies":"Small Slimes","floor":5,"turns":3},{"damage":20,"enemies":"Lagavulin","floor":6,"turns":6},{"damage":3,"enemies":"Looter","floor":11,"turns":3},{"damage":6,"enemies":"3 Louse","floor":13,"turns":2},{"damage":20,"enemies":"3 Sentries","floor":14,"turns":3}],"seed_played":"-6463784711884032388","potions_obtained":[{"floor":1,"key":"Swift Potion"},{"floor":2,"key":"Strength Potion"}],"is_trial":false,"path_per_floor":["M","M","$","?","M","E","R","?","T","?","M","R","M"],"character_chosen":"DEFECT","items_purchased":["Hologram"],"campfire_rested":0,"item_purchase_floors":[3],"current_hp_per_floor":[43,43,43,43,40,20,20,5,5,23,20,20,14,0],"gold":105,"neow_bonus":"REMOVE_TWO","is_prod":false,"is_daily":false,"chose_seed":false,"campfire_upgraded":2,"win_rate":0,"timestamp":1540537072,"path_taken":["M","M","$","?","M","E","R","?","T","?","M","R","M","E"],"build_version":"2018-10-25","purchased_purges":1,"victory":false,"max_hp_per_floor":[75,75,75,75,75,75,75,75,75,75,75,75,75,75],"card_choices":[{"not_picked":["Barrage","Hello World"],"picked":"Conserve Battery","floor":1},{"not_picked":["Rebound","Redo"],"picked":"Beam Cell","floor":2},{"not_picked":["Hologram","Double Energy"],"picked":"Streamline","floor":5},{"not_picked":["Heatsinks","Turbo"],"picked":"Echo Form","floor":6},{"not_picked":["Reprogram","Cold Snap","Conserve Battery"],"picked":"SKIP","floor":11},{"not_picked":["Cold Snap","Rebound"],"picked":"BootSequence","floor":13}],"player_experience":402787,"relics_obtained":[{"floor":6,"key":"Blue Candle"},{"floor":9,"key":"Ornamental Fan"}],"event_choices":[{"damage_healed":0,"gold_gain":0,"player_choice":"Leave","damage_taken":0,"max_hp_gain":0,"max_hp_loss":0,"event_name":"The Cleric","floor":4,"gold_loss":0},{"damage_healed":0,"gold_gain":0,"player_choice":"Entered Light","damage_taken":15,"max_hp_gain":0,"max_hp_loss":0,"event_name":"Shining Light","floor":8,"gold_loss":0,"cards_upgraded":["Strike_B","Conserve Battery"]},{"damage_healed":18,"gold_gain":0,"player_choice":"Healed and dodged fight","damage_taken":0,"max_hp_gain":0,"max_hp_loss":0,"event_name":"Mushrooms","floor":10,"gold_loss":0,"cards_obtained":["Parasite"]}],"is_beta":false,"boss_relics":[],"items_purged_floors":[3],"is_endless":false,"potions_floor_spawned":[1,2,11],"killed_by":"3 Sentries","ascension_level":12}