{"gold_per_floor":[113,129,54,54,54,86,86,100,100,119,29,29,68,83,83,83],"floor_reached":16,"playtime":326,"items_purged":["Strike_R"],"score":280,"play_id":"8e9bec7e-9b6e-4ceb-8c15-ee47c9caedfa","local_time":"20190209133859","is_ascension_mode":true,"campfire_choices":[{"data":"Second Wind","floor":7.0,"key":"SMITH"},{"data":"True Grit","floor":15,"key":"SMITH"}],"neow_cost":"NONE","seed_source_timestamp":1024762879666635,"circlet_count":0,"master_deck":["AscendersBane","Strike_R","Strike_R","Defend_R","Defend_R","Defend_R","Defend_R","Bash","Second Wind+1","Uppercut","True Grit+1"],"special_seed":0,"relics":["Burning Blood","NeowsBlessing","Singing Bowl","Mercury Hourglass","Golden Idol","PreservedInsect"],"potions_floor_usage":[13,13,14],"damage_taken":[{"damage":0.0,"enemies":"Jaw Worm","floor":1.0,"turns":1.0},{"damage":0.0,"enemies":"Cultist","floor":2.0,"turns":1.0},{"damage":0.0,"enemies":"Lagavulin","floor":6.0,"turns":1.0},{"damage":2.0,"enemies":"2 Louse","floor":8.0,"turns":3.0},{"damage":6.0,"enemies":"Large Slime","floor":10.0,"turns":6.0},{"damage":0,"enemies":"3 Sentries","floor":13,"turns":10},{"damage":2,"enemies":"Blue Slaver","floor":14,"turns":4},{"damage":0,"enemies":"The Guardian","floor":16,"turns":2}],"seed_played":"1451114247630871379","potions_obtained":[{"floor":2.0,"key":"SkillPotion"},{"floor":6.0,"key":"SkillPotion"},{"floor":13,"key":"BloodPotion"},{"floor":14,"key":"Weak Potion"}],"is_trial":false,"path_per_floor":["M","M","$","?","?","E","R","M","T","M","$","?","E","M","R","B"],"character_chosen":"IRONCLAD","items_purchased":["Uppercut","True Grit"],"campfire_rested":0,"item_purchase_floors":[11,11],"current_hp_per_floor":[74,75,75,68,68,76,76,79,79,81,81,53,61,75,75,75],"gold":83,"neow_bonus":"THREE_ENEMY_KILL","is_prod":false,"is_daily":false,"chose_seed":false,"campfire_upgraded":2,"win_rate":0,"timestamp":1549690739,"path_taken":["M","M","$","?","?","E","R","?","T","M","?","?","E","M","R","BOSS"],"build_version":"2019-01-23","purchased_purges":1,"victory":false,"max_hp_per_floor":[75,75,75,75,75,77,77,79,79,81,81,81,83,85,85,85],"card_choices":[{"not_picked":["Thunderclap","Headbutt"],"picked":"Second Wind","floor":1.0},{"not_picked":["Headbutt","Clash","Sever Soul"],"picked":"SKIP","floor":2.0},{"not_picked":["Demon Form","Anger","Blood for Blood"],"picked":"Singing Bowl","floor":6.0},{"not_picked":["Clothesline","Armaments","Twin Strike"],"picked":"Singing Bowl","floor":8.0},{"not_picked":["Pummel","Headbutt","Clothesline"],"picked":"Singing Bowl","floor":10.0},{"not_picked":["Corruption","Twin Strike","Disarm"],"picked":"Singing Bowl","floor":13},{"not_picked":["Clash","Iron Wave","Sword Boomerang"],"picked":"Singing Bowl","floor":14}],"player_experience":709928,"relics_obtained":[{"floor":6.0,"key":"Singing Bowl"},{"floor":9.0,"key":"Mercury Hourglass"},{"floor":13,"key":"PreservedInsect"}],"event_choices":[{"cards_removed":["Strike_R"],"damage_healed":0.0,"max_hp_gain":0.0,"max_hp_loss":0.0,"gold_gain":0.0,"event_name":"Golden Wing","player_choice":"Card Removal","floor":4.0,"gold_loss":0.0,"damage_taken":7.0},{"cards_removed":["Strike_R"],"damage_healed":0.0,"max_hp_gain":0.0,"max_hp_loss":0.0,"gold_gain":0.0,"event_name":"Purifier","player_choice":"Purged","floor":5.0,"gold_loss":0.0,"damage_taken":0.0},{"damage_healed":0.0,"max_hp_gain":0.0,"max_hp_loss":0.0,"gold_gain":0.0,"event_name":"Golden Idol","player_choice":"Take Damage","floor":12.0,"gold_loss":0.0,"damage_taken":28.0,"relics_obtained":["Golden Idol"]}],"is_beta":false,"boss_relics":[],"items_purged_floors":[3],"is_endless":false,"potions_floor_spawned":[2,6,13,14],"killed_by":"The Guardian","ascension_level":15}