{"gold_per_floor":[109,109,120,133,54,81,101,101,128,138,138],"floor_reached":11,"playtime":1030,"items_purged":[],"score":79,"play_id":"f7505dea-171d-4956-9e97-bdbc06eb5627","local_time":"20190806004321","is_ascension_mode":true,"campfire_choices":[],"neow_cost":"NONE","seed_source_timestamp":1334004661119741,"circlet_count":0,"master_deck":["Strike_R+1","Strike_R","Strike_R","Strike_R","Strike_R","Defend_R","Defend_R","Defend_R","Defend_R","Bash","Shrug It Off","Shockwave+1"],"relics":["Burning Blood","Blood Vial","CultistMask","Bag of Marbles"],"potions_floor_usage":[6],"damage_taken":[{"damage":5,"enemies":"2 Louse","floor":1,"turns":2},{"damage":6,"enemies":"Cultist","floor":3,"turns":3},{"damage":9,"enemies":"Small Slimes","floor":4,"turns":3},{"damage":43,"enemies":"Lagavulin","floor":6,"turns":8},{"damage":10,"enemies":"3 Louse","floor":7,"turns":5},{"damage":8,"enemies":"2 Fungi Beasts","floor":10,"turns":3},{"damage":26,"enemies":"3 Sentries","floor":11,"turns":7}],"seed_played":"-7392976087814659600","potions_obtained":[{"floor":4,"key":"Fire Potion"},{"floor":10,"key":"Dexterity Potion"}],"is_trial":false,"path_per_floor":["M","?","M","M","$","E","M","?","T","M","E"],"character_chosen":"IRONCLAD","items_purchased":["Shockwave"],"campfire_rested":0,"item_purchase_floors":[5],"current_hp_per_floor":[80,80,80,77,77,42,40,24,24,24,0],"gold":138,"neow_bonus":"RANDOM_COMMON_RELIC","is_prod":false,"is_daily":false,"chose_seed":false,"campfire_upgraded":0,"win_rate":0,"timestamp":1565045001,"path_taken":["M","?","M","?","$","E","M","?","T","M","E"],"build_version":"2019-07-17","purchased_purges":0,"victory":false,"max_hp_per_floor":[80,80,80,80,80,80,80,80,80,80,80],"card_choices":[{"not_picked":["True Grit","Cleave"],"picked":"Shrug It Off","floor":1},{"not_picked":["Rampage","Intimidate","True Grit"],"picked":"SKIP","floor":3},{"not_picked":["Bloodletting","Wild Strike","Thunderclap"],"picked":"SKIP","floor":4},{"not_picked":["Carnage","Heavy Blade","Bloodletting"],"picked":"SKIP","floor":6},{"not_picked":["Sentinel","Clothesline","Armaments"],"picked":"SKIP","floor":7},{"not_picked":["Havoc","Anger","Sever Soul"],"picked":"SKIP","floor":10}],"player_experience":152912,"relics_obtained":[{"floor":6,"key":"Bag of Marbles"}],"event_choices":[{"damage_healed":0,"gold_gain":0,"player_choice":"Trade","damage_taken":0,"relics_obtained":["CultistMask"],"max_hp_gain":0,"max_hp_loss":0,"event_name":"FaceTrader","floor":2,"gold_loss":0},{"damage_healed":0,"gold_gain":0,"player_choice":"Entered Light","damage_taken":16,"max_hp_gain":0,"max_hp_loss":0,"event_name":"Shining Light","floor":8,"gold_loss":0,"cards_upgraded":["Shockwave","Strike_R"]}],"is_beta":false,"boss_relics":[],"items_purged_floors":[],"is_endless":false,"potions_floor_spawned":[4,10],"killed_by":"3 Sentries","ascension_level":1}