{"gold_per_floor":[118,134,147,297,43,43,74,74,74,74,92,92,102,102,114,205,217,244,256,280,292,323,335,374,386,474,486,513,525,537,579,591,674,686,715,727,422,439,439,466,466,492,492,171,171,171,186,204,204,204,204],"floor_reached":51,"playtime":2718,"items_purged":["Doubt","Strike_G","Strike_G"],"score":1531,"play_id":"5b01bf11-9aad-489f-ae88-4e246c78e2bc","local_time":"20190125225714","is_ascension_mode":true,"campfire_choices":[{"data":"The Bomb","floor":6.0,"key":"SMITH"},{"data":"Noxious Fumes","floor":8.0,"key":"SMITH"},{"data":"Neutralize","floor":10.0,"key":"SMITH"},{"data":"Caltrops","floor":15.0,"key":"SMITH"},{"data":"Wraith Form v2","floor":23.0,"key":"SMITH"},{"floor":25.0,"key":"REST"},{"floor":29.0,"key":"REST"},{"floor":32.0,"key":"DIG"},{"data":"Wraith Form v2","floor":41.0,"key":"SMITH"},{"floor":46.0,"key":"REST"},{"floor":49.0,"key":"RECALL"}],"neow_cost":"TEN_PERCENT_HP_LOSS","seed_source_timestamp":36088500818442,"circlet_count":0,"master_deck":["AscendersBane","Defend_G","Defend_G","Defend_G","Defend_G","Survivor","Neutralize+1","Caltrops+1","Noxious Fumes+1","The Bomb+1","After Image","Wraith Form v2+1","Backflip","Wraith Form v2+1","Magnetism","Magnetism","Expertise"],"special_seed":0,"relics":["Ring of the Snake","Pear","Boot","WarpedTongs","MawBank","HoveringKite","Shovel","Spirit Poop","Potion Belt","Kunai","theJungle:BirthdayCake","Oddly Smooth Stone","Omamori","Runic Pyramid","Blue Candle","Sundial"],"potions_floor_usage":[],"damage_taken":[{"damage":0.0,"enemies":"2 Louse","floor":1.0,"turns":6.0},{"damage":1.0,"enemies":"Small Slimes","floor":2.0,"turns":3.0},{"damage":1.0,"enemies":"Cultist","floor":3.0,"turns":5.0},{"damage":15.0,"enemies":"3 Sentries","floor":7.0,"turns":3.0},{"damage":12.0,"enemies":"Exordium Thugs","floor":11.0,"turns":4.0},{"damage":12.0,"enemies":"Exordium Wildlife","floor":13.0,"turns":5.0},{"damage":9.0,"enemies":"The Guardian","floor":16.0,"turns":10.0},{"damage":18.0,"enemies":"theJungle:GiantWrat","floor":18.0,"turns":6.0},{"damage":11.0,"enemies":"theJungle:5_Spyders","floor":20.0,"turns":4.0},{"damage":15.0,"enemies":"theJungle:Lyon","floor":22.0,"turns":5.0},{"damage":5.0,"enemies":"theJungle:Cassacara","floor":24.0,"turns":6.0},{"damage":15.0,"enemies":"Snake Plant","floor":28.0,"turns":4.0},{"damage":1.0,"enemies":"theJungle:2_Phrogs","floor":31.0,"turns":6.0},{"damage":0.0,"enemies":"theJungle:QueenSpyder","floor":33.0,"turns":8.0},{"damage":0.0,"enemies":"3 Darklings","floor":35.0,"turns":6.0},{"damage":20.0,"enemies":"Orb Walker","floor":38.0,"turns":4.0},{"damage":2.0,"enemies":"Giant Head","floor":40.0,"turns":12.0},{"damage":21.0,"enemies":"Nemesis","floor":42.0,"turns":13.0},{"damage":1.0,"enemies":"Maw","floor":47.0,"turns":7.0},{"damage":1.0,"enemies":"Jaw Worm Horde","floor":48.0,"turns":5.0},{"damage":48.0,"enemies":"Awakened One","floor":50.0,"turns":23.0},{"damage":7,"enemies":"Time Eater","floor":51,"turns":2}],"seed_played":"6486992623110422519","potions_obtained":[{"floor":1.0,"key":"SteroidPotion"},{"floor":7.0,"key":"LiquidBronze"},{"floor":18.0,"key":"Regen Potion"},{"floor":20.0,"key":"SpeedPotion"},{"floor":28.0,"key":"Block Potion"},{"floor":31.0,"key":"LiquidBronze"},{"floor":38.0,"key":"Regen Potion"},{"floor":47.0,"key":"Poison Potion"}],"is_trial":false,"path_per_floor":["M","M","M","?","$","R","E","R","T","R","M","?","M","T","R","B",null,"M","?","M","?","M","R","E","R","T","?","M","R","?","E","R","B",null,"M","?","$","M","?","E","R","E","T","$","?","R","M","M","R","B","B"],"character_chosen":"THE_SILENT","items_purchased":["The Bomb","Magnetism","Magnetism"],"campfire_rested":3,"item_purchase_floors":[5,37,44],"current_hp_per_floor":[59,58,57,57,57,57,52,52,52,52,40,40,28,28,28,19,57,39,27,28,28,13,13,8,29,29,29,14,35,55,54,54,54,81,81,81,81,61,61,59,59,38,38,38,33,58,72,71,71,23,16],"gold":204,"neow_bonus":"REMOVE_TWO","is_prod":false,"is_daily":false,"chose_seed":false,"campfire_upgraded":6,"win_rate":0,"timestamp":1548428234,"path_taken":["M","M","M","?","$","R","E","R","T","R","M","?","?","?","R","BOSS","M","?","M","?","?","R","E","R","T","?","?","R","?","E","R","BOSS","M","?","$","M","?","E","R","E","T","$","?","R","?","M","R","BOSS","BOSS"],"build_version":"2019-01-23","purchased_purges":3,"victory":false,"max_hp_per_floor":[60,60,60,60,60,60,70,70,70,70,70,70,70,70,70,70,70,70,70,70,70,70,70,70,70,70,70,70,70,90,90,90,90,90,90,85,85,85,85,85,85,85,85,85,85,85,85,85,85,85,85],"card_choices":[{"not_picked":["Backflip","Poisoned Stab"],"picked":"Caltrops","floor":1.0},{"not_picked":["Dagger Spray","Reflex","Crippling Poison"],"picked":"SKIP","floor":2.0},{"not_picked":["PiercingWail","Crippling Poison"],"picked":"Noxious Fumes","floor":3.0},{"not_picked":["Doppelganger","Dagger Spray"],"picked":"After Image","floor":7.0},{"not_picked":["Deflect","Poisoned Stab","Eviscerate"],"picked":"SKIP","floor":11.0},{"not_picked":["Prepared","Dagger Throw","Slice"],"picked":"SKIP","floor":13.0},{"not_picked":["Venomology","Unload"],"picked":"Wraith Form v2","floor":16.0},{"not_picked":["Flying Knee","Riddle With Holes","Deadly Poison"],"picked":"SKIP","floor":18.0},{"not_picked":["Slice","Flying Knee","Infinite Blades"],"picked":"SKIP","floor":20.0},{"not_picked":["PiercingWail","Infinite Blades","Dagger Throw"],"picked":"SKIP","floor":22.0},{"not_picked":["Slice","Noxious Fumes","Blur"],"picked":"SKIP","floor":24.0},{"not_picked":["Poisoned Stab","Prepared","Deflect"],"picked":"SKIP","floor":28.0},{"not_picked":["Eviscerate","Crippling Poison"],"picked":"Backflip","floor":31.0},{"not_picked":["Unload","Envenom"],"picked":"Wraith Form v2","floor":33.0},{"not_picked":["Outmaneuver","Bane","Accuracy"],"picked":"SKIP","floor":35.0},{"not_picked":["Cloak And Dagger","Deflect","Slice"],"picked":"SKIP","floor":38.0},{"not_picked":["Quick Slash","Poisoned Stab","Predator"],"picked":"SKIP","floor":40.0},{"not_picked":["Noxious Fumes+1","Skewer","PiercingWail"],"picked":"SKIP","floor":42.0},{"not_picked":["Dash","Underhanded Strike","Dagger Spray"],"picked":"SKIP","floor":47.0},{"not_picked":["Deadly Poison+1","Backflip"],"picked":"Expertise","floor":48.0}],"player_experience":2252727,"relics_obtained":[{"floor":7.0,"key":"Pear"},{"floor":9.0,"key":"Boot"},{"floor":14.0,"key":"MawBank"},{"floor":24.0,"key":"Potion Belt"},{"floor":26.0,"key":"Kunai"},{"floor":31.0,"key":"Oddly Smooth Stone"},{"floor":32.0,"key":"Omamori"},{"floor":40.0,"key":"Blue Candle"},{"floor":42.0,"key":"Sundial"}],"event_choices":[{"damage_healed":0.0,"max_hp_gain":0.0,"max_hp_loss":0.0,"gold_gain":150.0,"event_name":"Liars Game","player_choice":"AGREE","floor":4.0,"gold_loss":0.0,"damage_taken":0.0,"cards_obtained":["Doubt"]},{"damage_healed":0.0,"max_hp_gain":0.0,"max_hp_loss":0.0,"gold_gain":0.0,"event_name":"Accursed Blacksmith","player_choice":"Rummage","floor":12.0,"gold_loss":0.0,"damage_taken":0.0,"relics_obtained":["WarpedTongs"],"cards_obtained":["Pain"]},{"cards_removed":["Pain"],"damage_healed":0.0,"max_hp_gain":0.0,"max_hp_loss":0.0,"gold_gain":0.0,"event_name":"Bonfire Elementals","player_choice":"Offered Curse","floor":21.0,"gold_loss":0.0,"damage_taken":0.0,"relics_obtained":["Spirit Poop"]},{"cards_removed":["Strike_G"],"damage_healed":0.0,"max_hp_gain":0.0,"max_hp_loss":0.0,"gold_gain":0.0,"event_name":"Purifier","player_choice":"Purged","floor":27.0,"gold_loss":0.0,"damage_taken":0.0},{"damage_healed":0.0,"max_hp_gain":0.0,"max_hp_loss":5.0,"gold_gain":0.0,"event_name":"Winding Halls","player_choice":"Max HP","floor":36.0,"gold_loss":0.0,"damage_taken":0.0},{"cards_removed":["Strike_G"],"damage_healed":0.0,"max_hp_gain":0.0,"max_hp_loss":0.0,"gold_gain":0.0,"event_name":"Falling","player_choice":"Removed Attack","floor":39.0,"gold_loss":0.0,"damage_taken":0.0},{"damage_healed":0.0,"max_hp_gain":0.0,"max_hp_loss":0.0,"gold_gain":0.0,"event_name":"The Woman in Blue","player_choice":"Bought 0 Potions","floor":45.0,"gold_loss":0.0,"damage_taken":0.0}],"is_beta":false,"boss_relics":[{"not_picked":["Lizard Tail","Ectoplasm"],"picked":"HoveringKite"},{"not_picked":["Tiny House","Orrery"],"picked":"Runic Pyramid"}],"items_purged_floors":[5,37,44],"is_endless":false,"potions_floor_spawned":[1,7,13,18,20,28,31,38,42,47],"killed_by":"Time Eater","ascension_level":20}