{"gold_per_floor":[119,119,136,16,16,16,44,44,44,75,86,101,101,111,111,208,208,224,12,12,12,30,30,41,41,66,66,101,118,132,32,32,131,131,148,160,15,34,385,385,400,400,400,400,415,433,433,433,433,433],"floor_reached":51,"playtime":2030,"items_purged":["Strike_B","Strike_B"],"score":777,"play_id":"57b36257-2686-4bc1-acdb-d1a79a65a5f2","local_time":"20190613123828","is_ascension_mode":false,"campfire_choices":[{"floor":6.0,"key":"REST"},{"data":"Dualcast","floor":8.0,"key":"SMITH"},{"data":"Recycle","floor":15.0,"key":"SMITH"},{"data":"Skim","floor":23.0,"key":"SMITH"},{"data":"Coolheaded","floor":25.0,"key":"SMITH"},{"data":"Buffer","floor":27.0,"key":"SMITH"},{"data":"Turbo","floor":32.0,"key":"SMITH"},{"data":"Biased Cognition","floor":40,"key":"SMITH"},{"data":"Creative AI","floor":42,"key":"SMITH"},{"data":"Reinforced Body","floor":44,"key":"SMITH"},{"data":"Meteor Strike","floor":47,"key":"SMITH"},{"floor":49,"key":"RECALL"}],"neow_cost":"PERCENT_DAMAGE","seed_source_timestamp":2444266663100,"circlet_count":0,"master_deck":["Defend_B+1","Defend_B+1","Defend_B+1","Zap+1","Dualcast+1","Reinforced Body+1","Ball Lightning+1","Skim+1","Coolheaded+1","Genetic Algorithm+1","Ball Lightning+1","Recycle+1","Electrodynamics+1","Biased Cognition+1","Creative AI+1","Consume+1","Buffer+1","Turbo+1","Glacier+1","Meteor Strike+1","Coolheaded+1","Core Surge+1","Loop+1","Conserve Battery+1"],"special_seed":0,"relics":["Cracked Core","Bag of Preparation","Blood Vial","Shuriken","Bottled Lightning","Ancient Tea Set","Philosopher\u0027s Stone","Happy Flower","Lantern","Runic Pyramid","Old Coin","Dead Branch","Mark of the Bloom"],"potions_floor_usage":[50],"damage_taken":[{"damage":1.0,"enemies":"Small Slimes","floor":1.0,"turns":2.0},{"damage":0.0,"enemies":"Cultist","floor":3.0,"turns":3.0},{"damage":12.0,"enemies":"Gremlin Nob","floor":7.0,"turns":3.0},{"damage":15.0,"enemies":"3 Sentries","floor":10.0,"turns":7.0},{"damage":0.0,"enemies":"2 Louse","floor":11.0,"turns":2.0},{"damage":0.0,"enemies":"Looter","floor":12.0,"turns":3.0},{"damage":0.0,"enemies":"Lots of Slimes","floor":14.0,"turns":4.0},{"damage":4.0,"enemies":"Slime Boss","floor":16.0,"turns":6.0},{"damage":0.0,"enemies":"3 Byrds","floor":18.0,"turns":2.0},{"damage":0.0,"enemies":"Chosen","floor":22.0,"turns":3.0},{"damage":0.0,"enemies":"Shelled Parasite and Fungi","floor":24.0,"turns":2.0},{"damage":22.0,"enemies":"Book of Stabbing","floor":28.0,"turns":4.0},{"damage":0.0,"enemies":"Centurion and Healer","floor":29.0,"turns":3.0},{"damage":0.0,"enemies":"Snecko","floor":30.0,"turns":4.0},{"damage":0.0,"enemies":"Automaton","floor":33.0,"turns":6.0},{"damage":0.0,"enemies":"3 Darklings","floor":35.0,"turns":1.0},{"damage":0.0,"enemies":"Orb Walker","floor":36.0,"turns":3.0},{"damage":0,"enemies":"4 Shapes","floor":38,"turns":2},{"damage":0,"enemies":"2 Orb Walkers","floor":39,"turns":4},{"damage":0,"enemies":"Jaw Worm Horde","floor":41,"turns":3},{"damage":0,"enemies":"Maw","floor":45,"turns":5},{"damage":0,"enemies":"Spire Growth","floor":46,"turns":3},{"damage":0,"enemies":"Awakened One","floor":50,"turns":9}],"seed_played":"6667173648207206150","potions_obtained":[{"floor":7.0,"key":"Swift Potion"},{"floor":10.0,"key":"Energy Potion"},{"floor":14.0,"key":"Strength Potion"},{"floor":22.0,"key":"AttackPotion"},{"floor":30.0,"key":"Weak Potion"},{"floor":33.0,"key":"PowerPotion"},{"floor":38,"key":"EntropicBrew"}],"is_trial":false,"path_per_floor":["M","?","M","$","?","R","E","R","T","E","M","M","?","M","R","B",null,"M","$","?","$","M","R","M","R","T","R","E","M","M","$","R","B",null,"M","M","$","M","?","R","M","R","T","R","M","M","R","?","R","B",null],"character_chosen":"DEFECT","items_purchased":["Skim","Coolheaded","Biased Cognition","Core Surge"],"campfire_rested":1,"item_purchase_floors":[4,4,19,37],"current_hp_per_floor":[53,28,28,28,28,50,40,40,40,27,29,31,24,26,26,24,75,75,75,75,75,75,75,75,75,75,75,53,55,57,57,57,59,75,75,75,75,75,75,75,75,75,75,75,75,75,75,75,75,75],"gold":433,"neow_bonus":"TRANSFORM_TWO_CARDS","is_prod":false,"is_daily":false,"chose_seed":false,"campfire_upgraded":10,"win_rate":0,"timestamp":1560400708,"path_taken":["M","?","M","$","?","R","E","R","T","E","?","M","?","M","R","BOSS","M","$","?","$","M","R","M","R","T","R","E","M","?","?","R","BOSS","M","M","$","M","?","R","M","R","T","R","M","M","R","?","R","BOSS"],"build_version":"2019-01-23","purchased_purges":2,"victory":true,"max_hp_per_floor":[75,75,75,75,75,75,75,75,75,75,75,75,75,75,75,75,75,75,75,75,75,75,75,75,75,75,75,75,75,75,75,75,75,75,75,75,75,75,75,75,75,75,75,75,75,75,75,75,75,75],"card_choices":[{"not_picked":["Conserve Battery","Barrage","Stack"],"picked":"SKIP","floor":1.0},{"not_picked":["Sunder","Reinforced Body"],"picked":"Ball Lightning","floor":3.0},{"not_picked":["Double Energy","Hello World"],"picked":"Genetic Algorithm","floor":7.0},{"not_picked":["Redo","Storm"],"picked":"Ball Lightning","floor":10.0},{"not_picked":["Streamline","Compile Driver","BootSequence"],"picked":"SKIP","floor":11.0},{"not_picked":["Undo","Rainbow"],"picked":"Recycle","floor":12.0},{"not_picked":["Hello World","Sweeping Beam","Steam"],"picked":"SKIP","floor":14.0},{"not_picked":["Creative AI","Machine Learning"],"picked":"Electrodynamics","floor":16.0},{"not_picked":["Beam Cell+1","Ball Lightning","Streamline"],"picked":"SKIP","floor":18.0},{"not_picked":["Blizzard+1","Compile Driver"],"picked":"Consume+1","floor":22.0},{"not_picked":["Streamline+1","Steam"],"picked":"Buffer","floor":24.0},{"not_picked":["Hologram","Multi-Cast"],"picked":"Turbo","floor":28.0},{"not_picked":["Steam+1","Compile Driver+1"],"picked":"Glacier","floor":29.0},{"not_picked":["Conserve Battery","Go for the Eyes+1","Redo"],"picked":"SKIP","floor":30.0},{"not_picked":["Electrodynamics","Hyperbeam"],"picked":"Meteor Strike","floor":33.0},{"not_picked":["Leap+1","Streamline+1","Coolheaded"],"picked":"SKIP","floor":35.0},{"not_picked":["Coolheaded+1","Beam Cell+1","Conserve Battery+1"],"picked":"SKIP","floor":36.0},{"not_picked":["Beam Cell+1","Conserve Battery+1"],"picked":"Coolheaded+1","floor":36.0},{"not_picked":["Aggregate","Steam","Hello World"],"picked":"SKIP","floor":38},{"not_picked":["Sweeping Beam","Hello World","Doom and Gloom+1"],"picked":"SKIP","floor":41},{"not_picked":["Darkness","Ball Lightning+1"],"picked":"Loop+1","floor":45},{"not_picked":["Conserve Battery+1","Cold Snap","Steam+1"],"picked":"SKIP","floor":46},{"not_picked":["Cold Snap","Steam+1"],"picked":"Conserve Battery+1","floor":46}],"player_experience":5134811,"relics_obtained":[{"floor":7.0,"key":"Shuriken"},{"floor":9.0,"key":"Bottled Lightning"},{"floor":10.0,"key":"Ancient Tea Set"},{"floor":26.0,"key":"Happy Flower"},{"floor":28.0,"key":"Lantern"},{"floor":39,"key":"Old Coin"},{"floor":43,"key":"Dead Branch"}],"event_choices":[{"damage_healed":0.0,"max_hp_gain":0.0,"max_hp_loss":0.0,"gold_gain":0.0,"event_name":"Scrap Ooze","player_choice":"Success","floor":2.0,"gold_loss":0.0,"damage_taken":25.0,"relics_obtained":["Bag of Preparation"]},{"cards_removed":["Sweeping Beam"],"damage_healed":0.0,"max_hp_gain":0.0,"max_hp_loss":0.0,"gold_gain":0.0,"event_name":"WeMeetAgain","player_choice":"Gave Card","floor":5.0,"gold_loss":0.0,"damage_taken":0.0,"relics_obtained":["Blood Vial"]},{"cards_removed":["Strike_B"],"damage_healed":0.0,"max_hp_gain":0.0,"max_hp_loss":0.0,"gold_gain":0.0,"event_name":"Golden Wing","player_choice":"Card Removal","floor":13.0,"gold_loss":0.0,"damage_taken":7.0},{"damage_healed":0.0,"max_hp_gain":0.0,"max_hp_loss":0.0,"gold_gain":0.0,"event_name":"Match and Keep!","player_choice":"1 cards matched","floor":20.0,"gold_loss":0.0,"damage_taken":0.0,"cards_obtained":["Creative AI"]},{"damage_healed":0,"gold_gain":0,"player_choice":"Fight","damage_taken":0,"max_hp_gain":0,"max_hp_loss":0,"event_name":"Mysterious Sphere","floor":39,"gold_loss":0},{"damage_healed":0,"gold_gain":0,"player_choice":"Upgrade","damage_taken":0,"relics_obtained":["Mark of the Bloom"],"max_hp_gain":0,"max_hp_loss":0,"event_name":"MindBloom","floor":48,"gold_loss":0,"cards_upgraded":["Defend_B","Defend_B","Defend_B","Zap","Ball Lightning","Genetic Algorithm","Ball Lightning","Electrodynamics","Glacier","Core Surge"]}],"is_beta":false,"boss_relics":[{"not_picked":["Black Star","Lizard Tail"],"picked":"Philosopher\u0027s Stone"},{"not_picked":["Busted Crown","Tiny House"],"picked":"Runic Pyramid"}],"items_purged_floors":[19,31],"is_endless":false,"potions_floor_spawned":[7,10,14,22,29,30,33,35,38,46],"ascension_level":0}