{"gold_per_floor":[359,359,379,142,161,161,161,188,188,188,88,49,49,69,69,69],"floor_reached":16,"playtime":434,"items_purged":["Strike_G","Strike_G"],"score":196,"play_id":"03e4acae-e679-469d-9789-93e47961d00c","local_time":"20190101144859","is_ascension_mode":true,"campfire_choices":[{"data":"Corpse Explosion","floor":6.0,"key":"SMITH"},{"data":"Neutralize","floor":10.0,"key":"SMITH"},{"data":"Bouncing Flask","floor":15,"key":"SMITH"}],"neow_cost":"CURSE","seed_source_timestamp":10945863389008,"circlet_count":0,"master_deck":["AscendersBane","Defend_G","Defend_G","Defend_G","Defend_G","Defend_G","Strike_G+1","Strike_G","Strike_G","Survivor","Neutralize+1","Endless Agony+1","Corpse Explosion+1","Bouncing Flask+1"],"special_seed":0,"relics":["Ring of the Snake","Potion Belt","Paper Crane","Shuriken"],"potions_floor_usage":[14],"damage_taken":[{"damage":3.0,"enemies":"Jaw Worm","floor":1.0,"turns":5.0},{"damage":7.0,"enemies":"Small Slimes","floor":3.0,"turns":4.0},{"damage":0.0,"enemies":"2 Louse","floor":5.0,"turns":3.0},{"damage":12.0,"enemies":"3 Sentries","floor":8.0,"turns":3.0},{"damage":8,"enemies":"Large Slime","floor":14,"turns":5},{"damage":3,"enemies":"Hexaghost","floor":16,"turns":5}],"seed_played":"-7891143557601795613","potions_obtained":[{"floor":3.0,"key":"FearPotion"}],"is_trial":false,"path_per_floor":["M","?","M","$","M","R","?","E","T","R","$","?","?","M","R","B"],"character_chosen":"THE_SILENT","items_purchased":["Potion Belt"],"campfire_rested":0,"item_purchase_floors":[4],"current_hp_per_floor":[56,49,42,42,42,42,22,10,10,10,10,10,10,2,2,0],"gold":69,"neow_bonus":"TWO_FIFTY_GOLD","is_prod":false,"is_daily":false,"chose_seed":false,"campfire_upgraded":3,"win_rate":0,"timestamp":1546325339,"path_taken":["M","?","M","$","M","R","?","E","T","R","$","?","?","M","R","BOSS"],"build_version":"2018-12-20","purchased_purges":2,"victory":false,"max_hp_per_floor":[66,66,66,66,66,66,66,66,66,66,66,66,66,66,66,66],"card_choices":[{"not_picked":["Slice","Flying Knee"],"picked":"Endless Agony","floor":1.0},{"not_picked":["Dagger Throw","Noxious Fumes"],"picked":"Corpse Explosion","floor":3.0},{"not_picked":["Deflect","Outmaneuver","Dagger Throw"],"picked":"SKIP","floor":5.0},{"not_picked":["Cloak And Dagger","Concentrate"],"picked":"Bouncing Flask","floor":8.0},{"not_picked":["Dodge and Roll","All Out Attack","Bouncing Flask"],"picked":"SKIP","floor":14}],"player_experience":1639537,"relics_obtained":[{"floor":8.0,"key":"Paper Crane"},{"floor":9.0,"key":"Shuriken"}],"event_choices":[{"cards_removed":["Regret"],"damage_healed":0.0,"max_hp_gain":0.0,"max_hp_loss":0.0,"gold_gain":0.0,"event_name":"Golden Wing","player_choice":"Card Removal","floor":2.0,"gold_loss":0.0,"damage_taken":7.0},{"damage_healed":0.0,"max_hp_gain":0.0,"max_hp_loss":0.0,"gold_gain":0.0,"event_name":"Shining Light","player_choice":"Entered Light","floor":7.0,"gold_loss":0.0,"damage_taken":20.0,"cards_upgraded":["Endless Agony","Strike_G"]},{"damage_healed":0.0,"max_hp_gain":0.0,"max_hp_loss":0.0,"gold_gain":0.0,"event_name":"World of Goop","player_choice":"Left Gold","floor":12.0,"gold_loss":39.0,"damage_taken":0.0},{"damage_healed":0,"gold_gain":0,"player_choice":"Searched \u00270\u0027 times","damage_taken":0,"max_hp_gain":0,"max_hp_loss":0,"event_name":"Dead Adventurer","floor":13,"gold_loss":0}],"is_beta":false,"boss_relics":[],"items_purged_floors":[4,11],"is_endless":false,"potions_floor_spawned":[3],"killed_by":"Hexaghost","ascension_level":20}