{"gold_per_floor":[111,128,141,66,77,77,77,77,77,77,93,118,138,155,155,250,250],"floor_reached":17,"playtime":514,"items_purged":["Bash"],"score":159,"play_id":"75a0ca6f-390e-428b-b17f-4bde4b3e2d9e","local_time":"20181013214901","daily_mods":["Chimera"],"is_ascension_mode":false,"campfire_choices":[{"data":"Noxious Fumes","floor":6.0,"key":"SMITH"},{"data":"Crippling Poison","floor":8.0,"key":"SMITH"},{"data":"Zap","floor":10.0,"key":"SMITH"},{"data":"Well Laid Plans","floor":15,"key":"SMITH"}],"neow_cost":"","seed_source_timestamp":41029201532138,"circlet_count":0,"master_deck":["Survivor","Zap+1","Strike_R","Strike_G","Strike_B","Defend_R","Defend_G","Defend_B","Crippling Poison+1","Noxious Fumes+1","Backflip","Well Laid Plans+1","Night Terror"],"special_seed":0,"relics":["Ring of the Snake","CultistMask","Vajra","Pantograph","Ectoplasm"],"potions_floor_usage":[],"damage_taken":[{"damage":0.0,"enemies":"2 Louse","floor":1.0,"turns":3.0},{"damage":0.0,"enemies":"Cultist","floor":2.0,"turns":4.0},{"damage":0.0,"enemies":"Small Slimes","floor":3.0,"turns":3.0},{"damage":7.0,"enemies":"Blue Slaver","floor":5.0,"turns":5.0},{"damage":0.0,"enemies":"Looter","floor":11.0,"turns":4.0},{"damage":27.0,"enemies":"Gremlin Nob","floor":12.0,"turns":5.0},{"damage":7.0,"enemies":"Large Slime","floor":13.0,"turns":5.0},{"damage":4,"enemies":"Blue Slaver","floor":14,"turns":3},{"damage":18,"enemies":"Hexaghost","floor":16,"turns":8}],"seed_played":"5930743271041629565","potions_obtained":[{"floor":2.0,"key":"Fire Potion"},{"floor":11.0,"key":"SkillPotion"},{"floor":13.0,"key":"GhostInAJar"}],"is_trial":true,"path_per_floor":["M","M","M","$","M","R","?","R","T","R","M","E","M","M","R","B"],"character_chosen":"THE_SILENT","items_purchased":[],"campfire_rested":0,"item_purchase_floors":[],"current_hp_per_floor":[70,70,70,70,63,63,63,63,63,63,63,36,29,25,25,32,70],"gold":250,"neow_bonus":"","is_prod":false,"is_daily":false,"chose_seed":false,"campfire_upgraded":4,"win_rate":0,"timestamp":1539438541,"path_taken":["M","M","M","$","M","R","?","R","T","R","M","E","M","M","R","BOSS"],"build_version":"2018-10-11","purchased_purges":1,"victory":false,"max_hp_per_floor":[70,70,70,70,70,70,70,70,70,70,70,70,70,70,70,70,70],"card_choices":[{"not_picked":["Deadly Poison","Acrobatics"],"picked":"Crippling Poison","floor":1.0},{"not_picked":["Acrobatics","Underhanded Strike","Quick Slash"],"picked":"SKIP","floor":2.0},{"not_picked":["Skewer","Poisoned Stab"],"picked":"Noxious Fumes","floor":3.0},{"not_picked":["Riddle With Holes","Dagger Throw","Terror"],"picked":"SKIP","floor":5.0},{"not_picked":["Accuracy","Acrobatics"],"picked":"Backflip","floor":11.0},{"not_picked":["Distraction","Skewer","Outmaneuver"],"picked":"SKIP","floor":12.0},{"not_picked":["Bane","Backflip"],"picked":"Well Laid Plans","floor":13.0},{"not_picked":["Bane","Distraction","Eviscerate"],"picked":"SKIP","floor":14},{"not_picked":["A Thousand Cuts","Doppelganger"],"picked":"Night Terror","floor":16}],"player_experience":175583,"relics_obtained":[{"floor":9.0,"key":"Vajra"},{"floor":12.0,"key":"Pantograph"}],"event_choices":[{"event_name":"FaceTrader","player_choice":"Trade","floor":7.0,"damage_taken":0.0}],"is_beta":false,"boss_relics":[{"not_picked":["White Beast Statue","WristBlade"],"picked":"Ectoplasm"}],"items_purged_floors":[4],"is_endless":false,"potions_floor_spawned":[2,11,13,16],"ascension_level":0}