{"gold_per_floor":[116,116,39,0,16,16,41,41,41,41,57,28,28,47,47,125,125,144,164,164,174,187,187,0,0,0,0,28,28,28,48,48,48],"floor_reached":33,"playtime":2238,"items_purged":[],"score":526,"play_id":"df42a2d6-4117-4720-8d98-080f057aa653","local_time":"20190630183232","is_ascension_mode":true,"campfire_choices":[{"data":"Noxious Fumes","floor":6.0,"key":"SMITH"},{"data":"Well Laid Plans","floor":8.0,"key":"SMITH"},{"floor":10.0,"key":"REST"},{"floor":15.0,"key":"REST"},{"floor":23.0,"key":"REST"},{"floor":29,"key":"REST"},{"data":"Survivor","floor":32,"key":"SMITH"}],"neow_cost":"NONE","seed_source_timestamp":21351674613633,"circlet_count":0,"master_deck":["AscendersBane","Defend_G","Defend_G+1","Defend_G","Defend_G","Defend_G","Strike_G","Strike_G","Strike_G","Strike_G","Survivor+1","Neutralize+1","Caltrops+1","Noxious Fumes+1","Tactician+1","Well Laid Plans+1","Acrobatics+1","Backflip+1","After Image","Reflex+1","PiercingWail+1","Caltrops+1","Malaise+1"],"special_seed":0,"relics":["Ring of the Snake","Toxic Egg 2","Ornamental Fan","Runic Dome","Mummified Hand","Bag of Marbles"],"potions_floor_usage":[33],"damage_taken":[{"damage":6.0,"enemies":"Small Slimes","floor":1.0,"turns":5.0},{"damage":1.0,"enemies":"2 Louse","floor":5.0,"turns":4.0},{"damage":29.0,"enemies":"3 Sentries","floor":7.0,"turns":7.0},{"damage":0.0,"enemies":"Cultist","floor":11.0,"turns":4.0},{"damage":3.0,"enemies":"Blue Slaver","floor":14.0,"turns":4.0},{"damage":12.0,"enemies":"Slime Boss","floor":16.0,"turns":10.0},{"damage":15.0,"enemies":"3 Byrds","floor":18.0,"turns":4.0},{"damage":14.0,"enemies":"Shell Parasite","floor":19.0,"turns":5.0},{"damage":14.0,"enemies":"Chosen and Byrds","floor":21.0,"turns":6.0},{"damage":5.0,"enemies":"Centurion and Healer","floor":22.0,"turns":9.0},{"damage":4,"enemies":"Book of Stabbing","floor":28,"turns":5},{"damage":0,"enemies":"Snake Plant","floor":31,"turns":5},{"damage":42,"enemies":"Champ","floor":33,"turns":17}],"seed_played":"3847046279550730645","potions_obtained":[{"floor":1.0,"key":"Poison Potion"},{"floor":7.0,"key":"AttackPotion"},{"floor":11.0,"key":"PowerPotion"},{"floor":16.0,"key":"PowerPotion"},{"floor":22.0,"key":"FearPotion"}],"is_trial":false,"path_per_floor":["M","?","$","?","M","R","E","R","T","R","M","$","?","M","R","B",null,"M","M","?","M","M","R","?","?","T","?","E","R","$","M","R","B"],"character_chosen":"THE_SILENT","items_purchased":["Noxious Fumes","Acrobatics+1"],"campfire_rested":4,"item_purchase_floors":[3,12],"current_hp_per_floor":[53,35,35,35,34,34,5,5,5,24,24,24,4,1,20,8,52,37,23,23,9,4,23,23,23,23,23,19,38,38,38,38,0],"gold":48,"neow_bonus":"REMOVE_CARD","is_prod":false,"is_daily":false,"chose_seed":false,"campfire_upgraded":3,"win_rate":0,"timestamp":1561890752,"path_taken":["M","?","$","?","M","R","E","R","T","R","M","$","?","M","R","BOSS","M","M","?","M","?","R","?","?","T","?","E","R","?","M","R","BOSS"],"build_version":"2019-01-23","purchased_purges":0,"victory":false,"max_hp_per_floor":[66,66,66,66,66,66,66,66,66,66,66,66,66,66,66,66,66,66,66,66,66,66,66,66,66,66,66,66,66,66,66,66,66],"card_choices":[{"not_picked":["Flying Knee","Prepared"],"picked":"Caltrops","floor":1.0},{"not_picked":["Dagger Spray","Cloak And Dagger+1"],"picked":"Tactician+1","floor":5.0},{"not_picked":["Leg Sweep+1","Outmaneuver+1"],"picked":"Well Laid Plans","floor":7.0},{"not_picked":["Underhanded Strike","Dodge and Roll+1","Slice"],"picked":"SKIP","floor":11.0},{"not_picked":["Concentrate+1","Blur+1"],"picked":"Backflip+1","floor":14.0},{"not_picked":["Die Die Die","Bullet Time+1"],"picked":"After Image","floor":16.0},{"not_picked":["Predator","Underhanded Strike","Deadly Poison+1"],"picked":"SKIP","floor":18.0},{"not_picked":["Endless Agony","Heel Hook"],"picked":"Reflex+1","floor":19.0},{"not_picked":["Bane","Dodge and Roll+1"],"picked":"PiercingWail+1","floor":21.0},{"not_picked":["Eviscerate","Cloak And Dagger+1"],"picked":"Caltrops+1","floor":22.0},{"not_picked":["Dash","Acrobatics+1"],"picked":"Malaise+1","floor":28},{"not_picked":["Deflect+1","Endless Agony","Sucker Punch"],"picked":"SKIP","floor":31}],"player_experience":5605311,"relics_obtained":[{"floor":7.0,"key":"Ornamental Fan"},{"floor":26,"key":"Mummified Hand"},{"floor":28,"key":"Bag of Marbles"}],"event_choices":[{"damage_healed":0.0,"max_hp_gain":0.0,"max_hp_loss":0.0,"gold_gain":0.0,"event_name":"Scrap Ooze","player_choice":"Success","floor":2.0,"gold_loss":0.0,"damage_taken":18.0,"relics_obtained":["Toxic Egg 2"]},{"damage_healed":0.0,"max_hp_gain":0.0,"max_hp_loss":0.0,"gold_gain":0.0,"event_name":"World of Goop","player_choice":"Left Gold","floor":4.0,"gold_loss":39.0,"damage_taken":0.0},{"damage_healed":0.0,"max_hp_gain":0.0,"max_hp_loss":0.0,"gold_gain":0.0,"event_name":"Shining Light","player_choice":"Entered Light","floor":13.0,"gold_loss":0.0,"damage_taken":20.0,"cards_upgraded":["Defend_G","Caltrops"]},{"damage_healed":0.0,"max_hp_gain":0.0,"max_hp_loss":0.0,"gold_gain":0.0,"event_name":"Accursed Blacksmith","player_choice":"Forge","floor":20.0,"gold_loss":0.0,"damage_taken":0.0,"cards_upgraded":["Neutralize"]},{"damage_healed":0,"gold_gain":0,"player_choice":"Paid Fearfully","damage_taken":0,"max_hp_gain":0,"max_hp_loss":0,"event_name":"Masked Bandits","floor":24,"gold_loss":187},{"damage_healed":0,"gold_gain":0,"player_choice":"Ignored","damage_taken":0,"max_hp_gain":0,"max_hp_loss":0,"event_name":"Vampires","floor":25,"gold_loss":0}],"is_beta":false,"boss_relics":[{"not_picked":["Lizard Tail","Eternal Feather"],"picked":"Runic Dome"}],"items_purged_floors":[],"is_endless":false,"potions_floor_spawned":[1,7,11,16,18,22,28],"killed_by":"Champ","ascension_level":20}