{"gold_per_floor":[116,116,41,15,27,27,27,59,89,106,141,9,9,42,42,119,119,136,146,196,214,214,214,226,104,104,104,124,124,134,153,153,230,230,243,261,261,131,147,147],"floor_reached":40,"playtime":1513,"items_purged":["Strike_G","Strike_G","Strike_G+1"],"score":962,"play_id":"0f5fa6ab-e53a-41af-9e34-9a3d7bf8c892","local_time":"20190114113804","is_ascension_mode":true,"campfire_choices":[{"data":"Deadly Poison","floor":6.0,"key":"SMITH"},{"data":"Neutralize","floor":15.0,"key":"SMITH"},{"floor":23.0,"key":"REST"},{"data":"Well Laid Plans","floor":29,"key":"SMITH"},{"data":"Wraith Form v2","floor":32,"key":"SMITH"}],"neow_cost":"NONE","seed_source_timestamp":3355399786053,"circlet_count":0,"master_deck":["AscendersBane","Defend_G","Defend_G","Defend_G","Defend_G","Strike_G+1","Survivor","Neutralize+1","Well Laid Plans+1","Deadly Poison+1","Corpse Explosion","PiercingWail","Backflip","Wraith Form v2+1","Caltrops","Cloak And Dagger","Heel Hook+1","Cloak And Dagger","Leg Sweep"],"special_seed":0,"relics":["Ring of the Snake","NeowsBlessing","Matryoshka","Tiny Chest","Gremlin Horn","Centennial Puzzle","Juzu Bracelet","Sozu","Regal Pillow","The Courier","Kunai","WristBlade"],"potions_floor_usage":[33],"damage_taken":[{"damage":0.0,"enemies":"Small Slimes","floor":1.0,"turns":1.0},{"damage":0.0,"enemies":"Jaw Worm","floor":5.0,"turns":1.0},{"damage":0.0,"enemies":"Gremlin Nob","floor":8.0,"turns":1.0},{"damage":0.0,"enemies":"2 Louse","floor":10.0,"turns":2.0},{"damage":18.0,"enemies":"Lagavulin","floor":11.0,"turns":7.0},{"damage":8.0,"enemies":"Gremlin Nob","floor":14.0,"turns":4.0},{"damage":0.0,"enemies":"Hexaghost","floor":16.0,"turns":10.0},{"damage":2.0,"enemies":"3 Byrds","floor":18.0,"turns":3.0},{"damage":23.0,"enemies":"Chosen","floor":19.0,"turns":7.0},{"damage":23.0,"enemies":"Snake Plant","floor":21.0,"turns":5.0},{"damage":0.0,"enemies":"3 Cultists","floor":24.0,"turns":3.0},{"damage":13,"enemies":"Sentry and Sphere","floor":28,"turns":5},{"damage":3,"enemies":"Snake Plant","floor":30,"turns":4},{"damage":1,"enemies":"Chosen and Byrds","floor":31,"turns":6},{"damage":21,"enemies":"Collector","floor":33,"turns":9},{"damage":0,"enemies":"3 Darklings","floor":35,"turns":3},{"damage":0,"enemies":"3 Shapes","floor":36,"turns":3},{"damage":38,"enemies":"Maw","floor":39,"turns":10},{"damage":12,"enemies":"Jaw Worm Horde","floor":40,"turns":2}],"seed_played":"-8315178384471206917","potions_obtained":[{"floor":1.0,"key":"GhostInAJar"},{"floor":11.0,"key":"Weak Potion"},{"floor":14.0,"key":"Fire Potion"},{"floor":16.0,"key":"Dexterity Potion"}],"is_trial":false,"path_per_floor":["M","?","?","$","M","R","$","E","T","M","E","$","?","E","R","B",null,"M","M","?","M","T","R","M","$","T","?","M","R","M","M","R","B",null,"M","M","?","$","M","M"],"character_chosen":"THE_SILENT","items_purchased":["Deadly Poison","PiercingWail","Backflip","Leg Sweep"],"campfire_rested":1,"item_purchase_floors":[4,12,25,38],"current_hp_per_floor":[59,39,39,39,39,39,39,39,39,39,21,21,21,13,13,13,53,51,28,28,5,5,39,39,39,39,39,26,26,23,22,22,1,50,50,50,50,50,12,0],"gold":147,"neow_bonus":"THREE_ENEMY_KILL","is_prod":false,"is_daily":false,"chose_seed":false,"campfire_upgraded":4,"win_rate":0,"timestamp":1547437084,"path_taken":["M","?","?","?","M","R","?","E","T","M","E","$","?","E","R","BOSS","M","M","?","M","?","R","M","$","T","?","M","R","M","M","R","BOSS","M","M","?","$","M","M"],"build_version":"2019-01-10","purchased_purges":3,"victory":false,"max_hp_per_floor":[66,66,66,66,66,66,66,66,66,66,66,66,66,66,66,66,66,66,66,66,66,66,66,66,66,66,66,66,66,66,66,66,66,66,66,66,63,63,63,63],"card_choices":[{"not_picked":["Deadly Poison","Backflip"],"picked":"Well Laid Plans","floor":1.0},{"not_picked":["Outmaneuver","Terror"],"picked":"Calculated Gamble","floor":5.0},{"not_picked":["Slice","Outmaneuver"],"picked":"Corpse Explosion","floor":8.0},{"not_picked":["Deflect","Dagger Spray","Bane"],"picked":"SKIP","floor":10.0},{"not_picked":["Prepared","Heel Hook","Predator"],"picked":"SKIP","floor":11.0},{"not_picked":["Bouncing Flask","Envenom","Dagger Throw"],"picked":"SKIP","floor":14.0},{"not_picked":["Poisoned Stab+1","Blade Dance+1","Dagger Throw"],"picked":"SKIP","floor":18.0},{"not_picked":["Deadly Poison","Quick Slash+1","Prepared"],"picked":"SKIP","floor":19.0},{"not_picked":["Distraction","Outmaneuver","Prepared"],"picked":"SKIP","floor":21.0},{"not_picked":["Setup","PiercingWail","Escape Plan"],"picked":"SKIP","floor":24.0},{"not_picked":["Outmaneuver","Flying Knee+1","Dagger Spray"],"picked":"SKIP","floor":28},{"not_picked":["Underhanded Strike","Riddle With Holes+1"],"picked":"Cloak And Dagger","floor":30},{"not_picked":["Predator","Cloak And Dagger"],"picked":"Heel Hook+1","floor":31},{"not_picked":["Flying Knee","Acrobatics","Underhanded Strike"],"picked":"SKIP","floor":35},{"not_picked":["Dagger Throw","Underhanded Strike"],"picked":"Cloak And Dagger","floor":36},{"not_picked":["PiercingWail","Well Laid Plans+1","Masterful Stab+1"],"picked":"SKIP","floor":39}],"player_experience":1278633,"relics_obtained":[{"floor":8.0,"key":"Matryoshka"},{"floor":9.0,"key":"Tiny Chest"},{"floor":9.0,"key":"Gremlin Horn"},{"floor":11.0,"key":"Centennial Puzzle"},{"floor":14.0,"key":"Juzu Bracelet"},{"floor":22.0,"key":"Regal Pillow"},{"floor":22.0,"key":"The Courier"},{"floor":26.0,"key":"Kunai"}],"event_choices":[{"damage_healed":0.0,"max_hp_gain":0.0,"max_hp_loss":0.0,"gold_gain":0.0,"event_name":"Shining Light","player_choice":"Entered Light","floor":2.0,"gold_loss":0.0,"damage_taken":20.0,"cards_upgraded":["Strike_G","Strike_G"]},{"cards_removed":["Strike_G"],"damage_healed":0.0,"max_hp_gain":0.0,"max_hp_loss":0.0,"gold_gain":0.0,"event_name":"The Cleric","player_choice":"Card Removal","floor":3.0,"gold_loss":75.0,"damage_taken":0.0},{"damage_healed":0.0,"max_hp_gain":0.0,"max_hp_loss":0.0,"gold_gain":0.0,"event_name":"Liars Game","player_choice":"Ignored","floor":13.0,"gold_loss":0.0,"damage_taken":0.0},{"damage_healed":0.0,"max_hp_gain":0.0,"max_hp_loss":0.0,"gold_gain":50.0,"event_name":"Nest","player_choice":"Stole From Cult","floor":20.0,"gold_loss":0.0,"damage_taken":0.0},{"damage_healed":0,"gold_gain":0,"cards_transformed":["Defend_G","Calculated Gamble"],"player_choice":"Became Test Subject","damage_taken":0,"max_hp_gain":0,"max_hp_loss":0,"event_name":"Drug Dealer","floor":27,"gold_loss":0,"cards_obtained":["Wraith Form v2","Caltrops"]},{"damage_healed":0,"gold_gain":0,"player_choice":"Max HP","damage_taken":0,"max_hp_gain":0,"max_hp_loss":3,"event_name":"Winding Halls","floor":37,"gold_loss":0}],"is_beta":true,"boss_relics":[{"not_picked":["Fusion Hammer","Runic Pyramid"],"picked":"Sozu"},{"not_picked":["Calling Bell","White Beast Statue"],"picked":"WristBlade"}],"items_purged_floors":[12,25,38],"is_endless":false,"potions_floor_spawned":[1,11,14,16,21,31,33,36],"killed_by":"Jaw Worm Horde","ascension_level":20}