{"gold_per_floor":[11,11,11,31,31,75,75,118,196,196,35,49,49,49,49,173,173,188,212,250,160,174,174,174,174,220,238,276,276,276,375,375,503,503,526,748,748,748,748,781,804,847,929,950,107,123,123,23,23,23],"floor_reached":51,"playtime":1007,"items_purged":["Strike_B","Decay","Defend_B+1"],"score":827,"play_id":"522a2301-04e1-4683-adc0-d3b647a87243","local_time":"20190619170705","is_ascension_mode":false,"campfire_choices":[{"data":"Sunder","floor":7.0,"key":"SMITH"},{"data":"Turbo","floor":13.0,"key":"SMITH"},{"floor":15.0,"key":"REST"},{"data":"Meteor Strike","floor":23.0,"key":"SMITH"},{"data":"Defragment","floor":25.0,"key":"SMITH"},{"data":"Force Field","floor":30.0,"key":"SMITH"},{"data":"Trip","floor":32.0,"key":"SMITH"},{"data":"Meteor Strike","floor":47,"key":"SMITH"},{"data":"Sunder","floor":49,"key":"SMITH"}],"neow_cost":"NO_GOLD","seed_source_timestamp":25256641105125,"circlet_count":0,"master_deck":["Zap+1","Dualcast+1","Meteor Strike+1","Sunder+1","Rip and Tear+1","Defragment+1","Trip+1","Turbo+1","Electrodynamics+1","Force Field+1","Meteor Strike+1","Sunder+1","Reinforced Body+1","Thunder Strike","Meteor Strike+1","All For One"],"special_seed":0,"relics":["Cracked Core","Golden Idol","Vajra","Juzu Bracelet","Question Card","Snecko Eye","Red Mask","PreservedInsect","Gremlin Horn","Coffee Dripper","Mark of the Bloom","Omamori","The Courier","Symbiotic Virus","DataDisk","Orichalcum","Pocketwatch"],"potions_floor_usage":[50],"damage_taken":[{"damage":1.0,"enemies":"Cultist","floor":1.0,"turns":4.0},{"damage":0.0,"enemies":"Small Slimes","floor":4.0,"turns":2.0},{"damage":21.0,"enemies":"Lagavulin","floor":6.0,"turns":5.0},{"damage":12.0,"enemies":"3 Sentries","floor":8.0,"turns":4.0},{"damage":0.0,"enemies":"2 Louse","floor":12.0,"turns":1.0},{"damage":33.0,"enemies":"The Guardian","floor":16.0,"turns":7.0},{"damage":5.0,"enemies":"3 Byrds","floor":18.0,"turns":2.0},{"damage":0.0,"enemies":"Chosen","floor":19.0,"turns":2.0},{"damage":0.0,"enemies":"Masked Bandits","floor":20.0,"turns":3.0},{"damage":0.0,"enemies":"3 Cultists","floor":22.0,"turns":2.0},{"damage":0.0,"enemies":"Sentry and Sphere","floor":27.0,"turns":2.0},{"damage":0.0,"enemies":"Gremlin Leader","floor":28.0,"turns":2.0},{"damage":26.0,"enemies":"Collector","floor":33.0,"turns":3.0},{"damage":0.0,"enemies":"3 Darklings","floor":35.0,"turns":2.0},{"damage":0.0,"enemies":"Giant Head","floor":40.0,"turns":4.0},{"damage":0.0,"enemies":"3 Shapes","floor":41.0,"turns":2.0},{"damage":25.0,"enemies":"Nemesis","floor":42.0,"turns":3.0},{"damage":2.0,"enemies":"Transient","floor":44.0,"turns":5.0},{"damage":0,"enemies":"Jaw Worm Horde","floor":46,"turns":1},{"damage":24,"enemies":"Donu and Deca","floor":50,"turns":4}],"seed_played":"-8107893790953810593","potions_obtained":[{"floor":4.0,"key":"Poison Potion"},{"floor":8.0,"key":"Poison Potion"},{"floor":16.0,"key":"Fruit Juice"},{"floor":22.0,"key":"Weak Potion"},{"floor":27.0,"key":"SteroidPotion"},{"floor":33.0,"key":"FocusPotion"}],"is_trial":false,"path_per_floor":["M","?","?","M","?","E","R","E","T","?","$","M","R","?","R","B",null,"M","M","?","?","M","R","?","R","T","M","E","?","R","?","R","B",null,"M","?","?","?","?","E","M","E","T","M","$","M","R","$","R","B",null],"character_chosen":"DEFECT","items_purchased":["Trip","Thunder Strike","Meteor Strike","DataDisk","Orichalcum","Pocketwatch","All For One"],"campfire_rested":1,"item_purchase_floors":[11,45,45,45,45,45,45],"current_hp_per_floor":[74,74,67,67,49,28,28,16,16,16,16,16,16,16,38,10,80,75,75,75,75,75,75,75,75,75,75,75,75,75,75,75,49,80,80,80,80,80,80,80,80,55,55,53,53,53,53,53,53,29],"gold":23,"neow_bonus":"TRANSFORM_TWO_CARDS","is_prod":false,"is_daily":false,"chose_seed":false,"campfire_upgraded":8,"win_rate":0,"timestamp":1560935225,"path_taken":["M","?","?","M","?","E","R","E","T","?","$","M","R","?","R","BOSS","M","M","?","?","M","R","?","R","T","M","E","?","R","?","R","BOSS","M","?","?","?","?","E","M","E","T","M","$","M","R","?","R","BOSS"],"build_version":"2019-01-23","purchased_purges":3,"victory":true,"max_hp_per_floor":[75,75,75,75,75,75,75,75,75,75,75,75,75,75,75,80,80,80,80,80,80,80,80,80,80,80,80,80,80,80,80,80,80,80,80,80,80,80,80,80,80,80,80,80,80,80,80,80,80,80],"card_choices":[{"not_picked":["Hologram","Conserve Battery"],"picked":"Rip and Tear","floor":1.0},{"not_picked":["Streamline","Sweeping Beam","Go for the Eyes"],"picked":"SKIP","floor":4.0},{"not_picked":["Redo","Ball Lightning"],"picked":"Defragment","floor":6.0},{"not_picked":["Loop","Machine Learning","Sweeping Beam"],"picked":"SKIP","floor":8.0},{"not_picked":["Ball Lightning","Melter","Coolheaded"],"picked":"Turbo","floor":12.0},{"not_picked":["Seek","Reboot","Machine Learning"],"picked":"Electrodynamics","floor":16.0},{"not_picked":["Compile Driver+1","BootSequence","White Noise+1","Self Repair"],"picked":"SKIP","floor":18.0},{"not_picked":["BootSequence","Darkness","Barrage"],"picked":"Force Field","floor":19.0},{"not_picked":["Cold Snap","Barrage","Auto Shields","Scrape+1"],"picked":"SKIP","floor":22.0},{"not_picked":["Stack","Sweeping Beam","Darkness","Streamline"],"picked":"SKIP","floor":27.0},{"not_picked":["Cold Snap","Compile Driver","FTL","Ball Lightning"],"picked":"SKIP","floor":28.0},{"not_picked":["Core Surge","Buffer","Reboot"],"picked":"Meteor Strike","floor":33.0},{"not_picked":["Sweeping Beam","Hologram","Gash","Turbo+1"],"picked":"SKIP","floor":35.0},{"not_picked":["Ball Lightning","Gash","Auto Shields","Sweeping Beam"],"picked":"SKIP","floor":40.0},{"not_picked":["Defragment+1","Glacier","Sunder","Turbo"],"picked":"SKIP","floor":41.0},{"not_picked":["Defragment+1","Glacier","Turbo"],"picked":"Sunder","floor":41.0},{"not_picked":["Gash","Compile Driver+1","Chaos","Self Repair+1"],"picked":"SKIP","floor":42.0},{"not_picked":["Barrage","Doom and Gloom","Redo"],"picked":"Reinforced Body+1","floor":44.0},{"not_picked":["Cold Snap","Melter+1","Conserve Battery","Leap"],"picked":"SKIP","floor":46}],"player_experience":5460718,"relics_obtained":[{"floor":6.0,"key":"Vajra"},{"floor":8.0,"key":"Juzu Bracelet"},{"floor":9.0,"key":"Question Card"},{"floor":20.0,"key":"Red Mask"},{"floor":26.0,"key":"PreservedInsect"},{"floor":28.0,"key":"Gremlin Horn"},{"floor":40.0,"key":"Omamori"},{"floor":42.0,"key":"The Courier"},{"floor":43.0,"key":"Symbiotic Virus"}],"event_choices":[{"damage_healed":0.0,"max_hp_gain":0.0,"max_hp_loss":0.0,"gold_gain":0.0,"event_name":"The Cleric","player_choice":"Leave","floor":2.0,"gold_loss":0.0,"damage_taken":0.0},{"cards_removed":["Strike_B"],"damage_healed":0.0,"max_hp_gain":0.0,"max_hp_loss":0.0,"gold_gain":0.0,"event_name":"Golden Wing","player_choice":"Card Removal","floor":3.0,"gold_loss":0.0,"damage_taken":7.0},{"damage_healed":0.0,"max_hp_gain":0.0,"max_hp_loss":0.0,"gold_gain":0.0,"event_name":"Golden Idol","player_choice":"Take Damage","floor":5.0,"gold_loss":0.0,"damage_taken":18.0,"relics_obtained":["Golden Idol"]},{"cards_removed":["Strike_B"],"damage_healed":0.0,"max_hp_gain":0.0,"max_hp_loss":0.0,"gold_gain":0.0,"event_name":"Purifier","player_choice":"Purged","floor":10.0,"gold_loss":0.0,"damage_taken":0.0},{"damage_healed":0.0,"max_hp_gain":0.0,"max_hp_loss":0.0,"gold_gain":0.0,"event_name":"Dead Adventurer","player_choice":"Searched \u00270\u0027 times","floor":14.0,"gold_loss":0.0,"damage_taken":0.0},{"damage_healed":0.0,"max_hp_gain":0.0,"max_hp_loss":0.0,"gold_gain":0.0,"event_name":"Masked Bandits","player_choice":"Fought Bandits","floor":20.0,"gold_loss":0.0,"damage_taken":0.0},{"cards_removed":["Defend_B"],"damage_healed":0.0,"max_hp_gain":0.0,"max_hp_loss":0.0,"gold_gain":0.0,"event_name":"Designer","player_choice":"Upgrade and Remove","floor":21.0,"gold_loss":90.0,"damage_taken":0.0,"cards_upgraded":["Defend_B"]},{"cards_removed":["Defend_B"],"damage_healed":0.0,"max_hp_gain":0.0,"max_hp_loss":0.0,"gold_gain":0.0,"event_name":"Back to Basics","player_choice":"Elegance","floor":24.0,"gold_loss":0.0,"damage_taken":0.0},{"damage_healed":0.0,"max_hp_gain":0.0,"max_hp_loss":0.0,"gold_gain":0.0,"event_name":"Wheel of Change","player_choice":"Cursed","floor":29.0,"gold_loss":0.0,"damage_taken":0.0,"cards_obtained":["Decay"]},{"damage_healed":0.0,"max_hp_gain":0.0,"max_hp_loss":0.0,"gold_gain":99.0,"event_name":"Nest","player_choice":"Stole From Cult","floor":31.0,"gold_loss":0.0,"damage_taken":0.0},{"damage_healed":0.0,"max_hp_gain":0.0,"max_hp_loss":0.0,"gold_gain":222.0,"event_name":"Tomb of Lord Red Mask","player_choice":"Wore Mask","floor":36.0,"gold_loss":0.0,"damage_taken":0.0},{"damage_healed":0.0,"max_hp_gain":0.0,"max_hp_loss":0.0,"gold_gain":0.0,"event_name":"MindBloom","player_choice":"Upgrade","floor":37.0,"gold_loss":0.0,"damage_taken":0.0,"cards_upgraded":["Zap","Dualcast","Rip and Tear","Electrodynamics","Meteor Strike"],"relics_obtained":["Mark of the Bloom"]},{"damage_healed":0.0,"max_hp_gain":0.0,"max_hp_loss":0.0,"gold_gain":0.0,"event_name":"FaceTrader","player_choice":"Leave","floor":38.0,"gold_loss":0.0,"damage_taken":0.0},{"damage_healed":0.0,"max_hp_gain":0.0,"max_hp_loss":0.0,"gold_gain":0.0,"event_name":"Accursed Blacksmith","player_choice":"Ignored","floor":39.0,"gold_loss":0.0,"damage_taken":0.0}],"is_beta":false,"boss_relics":[{"not_picked":["Nuclear Battery","Empty Cage"],"picked":"Snecko Eye"},{"not_picked":["Philosopher\u0027s Stone","Fusion Hammer"],"picked":"Coffee Dripper"}],"items_purged_floors":[11,45,48],"is_endless":false,"potions_floor_spawned":[4,8,16,22,27,33,35,41],"ascension_level":0}