{"gold_per_floor":[360,379,454,454,39,70,70,70,70,70,88,88,13,31,31,110,110,130,130,145,62,62,62,62,62,62,62,95,105,105,123,123,202,202,222,277,177,177,193,193,220,220,220,255,268,288,319,334,334,334,334,334,334,124,155,155],"floor_reached":57,"playtime":3617,"items_purged":["Strike_B","Lockon"],"score":2737,"play_id":"135b646d-d7b4-4c2f-a9b0-b12d5a89ec84","local_time":"20190524141831","is_ascension_mode":true,"campfire_choices":[{"data":"Dualcast","floor":7.0,"key":"SMITH"},{"data":"Recycle","floor":12.0,"key":"SMITH"},{"data":"Zap","floor":15.0,"key":"SMITH"},{"floor":23.0,"key":"RECALL"},{"data":"Cold Snap","floor":25.0,"key":"SMITH"},{"data":"Ball Lightning","floor":27.0,"key":"SMITH"},{"data":"Hologram","floor":30.0,"key":"SMITH"},{"data":"Hello World","floor":32.0,"key":"SMITH"},{"data":"Go for the Eyes","floor":40.0,"key":"SMITH"},{"data":"Turbo","floor":42.0,"key":"SMITH"},{"data":"Coolheaded","floor":49.0,"key":"SMITH"},{"data":"Fission","floor":53.0,"key":"SMITH"}],"neow_cost":"TEN_PERCENT_HP_LOSS","seed_source_timestamp":8075728359701,"circlet_count":0,"master_deck":["AscendersBane","Zap+1","Dualcast+1","Cold Snap+1","Hello World+1","Double Energy+1","Recycle+1","Ball Lightning+1","Machine Learning+1","Static Discharge+1","Core Surge","Hologram+1","Capacitor+1","Buffer+1","Echo Form+1","All For One","Sweeping Beam","Defragment+1","Go for the Eyes+1","All For One","Echo Form+1","Turbo+1","Undo","Core Surge","Capacitor+1","Fission+1","Coolheaded+1","Defragment+1","Tempest+1"],"special_seed":0,"relics":["Cracked Core","Dead Branch","Matryoshka","Omamori","Meat on the Bone","Art of War","Frozen Egg 2","Coffee Dripper","WarpedTongs","Mummified Hand","Bottled Flame","Pandora\u0027s Box","Nunchaku","Pocketwatch","Blue Candle","Ginger","Medical Kit","Letter Opener"],"potions_floor_usage":[56],"damage_taken":[{"damage":3.0,"enemies":"Small Slimes","floor":1.0,"turns":4.0},{"damage":2.0,"enemies":"Jaw Worm","floor":2.0,"turns":4.0},{"damage":17.0,"enemies":"3 Sentries","floor":6.0,"turns":7.0},{"damage":0.0,"enemies":"2 Louse","floor":11.0,"turns":2.0},{"damage":8.0,"enemies":"Blue Slaver","floor":14.0,"turns":3.0},{"damage":16.0,"enemies":"Hexaghost","floor":16.0,"turns":11.0},{"damage":30.0,"enemies":"Shell Parasite","floor":18.0,"turns":5.0},{"damage":18.0,"enemies":"2 Thieves","floor":20.0,"turns":3.0},{"damage":26.0,"enemies":"Slavers","floor":28.0,"turns":3.0},{"damage":8.0,"enemies":"Snecko","floor":29.0,"turns":5.0},{"damage":13.0,"enemies":"Centurion and Healer","floor":31.0,"turns":2.0},{"damage":21.0,"enemies":"Collector","floor":33.0,"turns":7.0},{"damage":0.0,"enemies":"Orb Walker","floor":35.0,"turns":3.0},{"damage":24.0,"enemies":"2 Orb Walkers","floor":36.0,"turns":3.0},{"damage":20.0,"enemies":"3 Shapes","floor":39.0,"turns":3.0},{"damage":0.0,"enemies":"Giant Head","floor":41.0,"turns":5.0},{"damage":12.0,"enemies":"Nemesis","floor":44.0,"turns":5.0},{"damage":11.0,"enemies":"Jaw Worm Horde","floor":45.0,"turns":2.0},{"damage":10.0,"enemies":"4 Shapes","floor":46.0,"turns":4.0},{"damage":9.0,"enemies":"Reptomancer","floor":47.0,"turns":5.0},{"damage":16.0,"enemies":"Writhing Mass","floor":48.0,"turns":4.0},{"damage":20.0,"enemies":"Time Eater","floor":50.0,"turns":9.0},{"damage":11.0,"enemies":"Awakened One","floor":51.0,"turns":7.0},{"damage":1.0,"enemies":"Shield and Spear","floor":55.0,"turns":5.0},{"damage":45,"enemies":"The Heart","floor":56,"turns":11}],"seed_played":"-2735708591437176130","potions_obtained":[{"floor":14.0,"key":"Poison Potion"},{"floor":18.0,"key":"Dexterity Potion"},{"floor":20.0,"key":"GamblersBrew"},{"floor":31.0,"key":"GamblersBrew"},{"floor":35.0,"key":"Explosive Potion"},{"floor":41.0,"key":"Block Potion"},{"floor":48.0,"key":"SkillPotion"}],"is_trial":false,"path_per_floor":["M","M","?","?","$","E","R","T","T","?","M","R","$","M","R","B",null,"M","?","M","$","?","R","$","R","T","R","E","M","R","M","R","B",null,"M","?","$","?","M","R","E","R","T","E","M","M","E","M","R","B","B",null,"R","$","E","B",null],"character_chosen":"DEFECT","items_purchased":["Dead Branch","Double Energy","Core Surge","Medical Kit"],"campfire_rested":0,"item_purchase_floors":[5,5,21,54],"current_hp_per_floor":[61,59,48,53,53,36,36,36,36,15,27,27,27,31,31,27,59,41,41,35,35,35,35,35,35,35,35,21,25,25,24,24,15,56,56,44,44,44,36,36,36,36,36,36,37,39,42,38,38,30,31,60,60,60,59,26],"gold":155,"neow_bonus":"TWO_FIFTY_GOLD","is_prod":false,"is_daily":false,"chose_seed":false,"campfire_upgraded":11,"win_rate":0,"timestamp":1558678711,"path_taken":["M","M","?","?","$","E","R","?","T","?","?","R","$","M","R","BOSS","M","?","?","$","?","R","?","R","T","R","E","M","R","M","R","BOSS","M","?","$","?","M","R","E","R","T","E","M","M","E","?","R","BOSS","BOSS","R","$","E","BOSS"],"build_version":"2019-01-23","purchased_purges":2,"victory":true,"max_hp_per_floor":[64,64,64,69,69,69,69,69,69,69,69,69,69,69,69,69,69,69,69,69,69,69,69,69,69,69,69,69,69,69,69,69,69,69,69,69,69,69,69,69,69,69,69,69,69,69,69,69,69,69,69,69,69,69,69,69],"card_choices":[{"not_picked":["Sweeping Beam","Auto Shields"],"picked":"Cold Snap","floor":1.0},{"not_picked":["Stack","Turbo"],"picked":"Hello World","floor":2.0},{"not_picked":["Multi-Cast","Scrape","Go for the Eyes"],"picked":"SKIP","floor":6.0},{"not_picked":["Beam Cell","Skim"],"picked":"Recycle","floor":11.0},{"not_picked":["Stack","Blizzard"],"picked":"Ball Lightning","floor":14.0},{"not_picked":["Amplify","Multi-Cast"],"picked":"Machine Learning+1","floor":16.0},{"not_picked":["Cold Snap","Compile Driver","Auto Shields"],"picked":"SKIP","floor":18.0},{"not_picked":["Gash","Conserve Battery"],"picked":"Static Discharge+1","floor":20.0},{"not_picked":["Go for the Eyes","Tempest"],"picked":"Hologram","floor":28.0},{"not_picked":["Stack","Loop+1"],"picked":"Capacitor+1","floor":29.0},{"not_picked":["Cold Snap+1","Darkness"],"picked":"Buffer+1","floor":31.0},{"not_picked":["Fission","All For One"],"picked":"Echo Form+1","floor":33.0},{"not_picked":["Gash","Cold Snap"],"picked":"Turbo","floor":35.0},{"not_picked":["Static Discharge+1","Rebound","Lockon"],"picked":"SKIP","floor":39.0},{"not_picked":["Static Discharge+1","Streamline"],"picked":"Capacitor+1","floor":41.0},{"not_picked":["Barrage","Redo"],"picked":"Fission","floor":44.0},{"not_picked":["Leap","Undo","Genetic Algorithm+1"],"picked":"SKIP","floor":45.0},{"not_picked":["Fusion","Ball Lightning","Static Discharge+1"],"picked":"SKIP","floor":46.0},{"not_picked":["Steam","Darkness"],"picked":"Coolheaded","floor":47.0},{"not_picked":["Hologram","Sweeping Beam"],"picked":"Defragment+1","floor":48.0},{"not_picked":["Ball Lightning","Turbo"],"picked":"Tempest+1","floor":55.0}],"player_experience":4816561,"relics_obtained":[{"floor":6.0,"key":"Matryoshka"},{"floor":8.0,"key":"Omamori"},{"floor":8.0,"key":"Meat on the Bone"},{"floor":9.0,"key":"Art of War"},{"floor":9.0,"key":"Frozen Egg 2"},{"floor":26.0,"key":"Mummified Hand"},{"floor":28.0,"key":"Bottled Flame"},{"floor":36.0,"key":"Nunchaku"},{"floor":41.0,"key":"Pocketwatch"},{"floor":44.0,"key":"Blue Candle"},{"floor":47.0,"key":"Ginger"},{"floor":55.0,"key":"Letter Opener"}],"event_choices":[{"damage_healed":0.0,"max_hp_gain":0.0,"max_hp_loss":0.0,"gold_gain":75.0,"event_name":"World of Goop","player_choice":"Gather Gold","floor":3.0,"gold_loss":0.0,"damage_taken":11.0},{"damage_healed":0.0,"max_hp_gain":5.0,"max_hp_loss":0.0,"gold_gain":0.0,"event_name":"Big Fish","player_choice":"Donut","floor":4.0,"gold_loss":0.0,"damage_taken":0.0},{"damage_healed":0.0,"max_hp_gain":0.0,"max_hp_loss":0.0,"gold_gain":0.0,"event_name":"Shining Light","player_choice":"Entered Light","floor":10.0,"gold_loss":0.0,"damage_taken":21.0,"cards_upgraded":["Defend_B","Double Energy"]},{"damage_healed":0.0,"max_hp_gain":0.0,"max_hp_loss":0.0,"gold_gain":0.0,"event_name":"Accursed Blacksmith","player_choice":"Rummage","floor":19.0,"gold_loss":0.0,"damage_taken":0.0,"relics_obtained":["WarpedTongs"],"cards_obtained":["Pain"]},{"damage_healed":0.0,"max_hp_gain":0.0,"max_hp_loss":0.0,"gold_gain":0.0,"event_name":"Beggar","player_choice":"Ignored","floor":22.0,"gold_loss":0.0,"damage_taken":0.0},{"damage_healed":0.0,"max_hp_gain":0.0,"max_hp_loss":0.0,"gold_gain":0.0,"event_name":"Mysterious Sphere","player_choice":"Fight","floor":36.0,"gold_loss":0.0,"damage_taken":0.0},{"damage_healed":0.0,"max_hp_gain":0.0,"max_hp_loss":0.0,"gold_gain":0.0,"event_name":"Match and Keep!","player_choice":"2 cards matched","floor":38.0,"gold_loss":0.0,"damage_taken":0.0,"cards_obtained":["Undo","Core Surge"]}],"is_beta":false,"boss_relics":[{"not_picked":["Calling Bell","Runic Dome"],"picked":"Coffee Dripper"},{"not_picked":["Eternal Feather","FrozenCore"],"picked":"Pandora\u0027s Box"}],"items_purged_floors":[13,37],"is_endless":false,"potions_floor_spawned":[14,18,20,31,35,41,46,48],"ascension_level":20}