{"gold_per_floor":[119,119,133,133,148,179,179,207,232,267,280,280,310,326,326,326],"floor_reached":16,"playtime":3151,"items_purged":[],"score":137,"play_id":"9f60e077-f2c9-46cb-852d-9681d3499891","local_time":"20190806010926","is_ascension_mode":true,"campfire_choices":[{"data":"Bash","floor":7,"key":"SMITH"},{"floor":15,"key":"REST"}],"neow_cost":"CURSE","seed_source_timestamp":2325805752239303,"circlet_count":0,"master_deck":["Strike_R","Strike_R","Strike_R","Strike_R","Strike_R","Defend_R","Defend_R","Defend_R","Defend_R","Bash+1","Anger","Thunderclap","Clothesline","Warcry","Barricade","Shrug It Off","Brutality","Seeing Red","Pommel Strike"],"relics":["Burning Blood","WingedGreaves","Anchor","Oddly Smooth Stone","Bronze Scales","Lantern","Blood Vial"],"potions_floor_usage":[6,8,13],"damage_taken":[{"damage":0,"enemies":"2 Louse","floor":1,"turns":3},{"damage":1,"enemies":"Cultist","floor":3,"turns":3},{"damage":2,"enemies":"Small Slimes","floor":5,"turns":3},{"damage":36,"enemies":"3 Sentries","floor":6,"turns":6},{"damage":21,"enemies":"Lagavulin","floor":8,"turns":6},{"damage":30,"enemies":"3 Sentries","floor":10,"turns":7},{"damage":6,"enemies":"Gremlin Gang","floor":11,"turns":5},{"damage":6,"enemies":"Gremlin Nob","floor":13,"turns":4},{"damage":2,"enemies":"Blue Slaver","floor":14,"turns":3},{"damage":55,"enemies":"Slime Boss","floor":16,"turns":7}],"seed_played":"-7401950377268315822","potions_obtained":[{"floor":1,"key":"AttackPotion"},{"floor":3,"key":"Energy Potion"},{"floor":6,"key":"FearPotion"},{"floor":10,"key":"Ancient Potion"}],"is_trial":false,"path_per_floor":["M","?","M","?","M","E","R","E","T","E","M","?","E","M","R","B"],"character_chosen":"IRONCLAD","items_purchased":[],"campfire_rested":1,"item_purchase_floors":[],"current_hp_per_floor":[80,85,85,85,85,55,55,40,40,16,16,16,16,22,47,0],"gold":326,"neow_bonus":"ONE_RARE_RELIC","is_prod":false,"is_daily":false,"chose_seed":false,"campfire_upgraded":1,"win_rate":0,"timestamp":1565042966,"path_taken":["M","?","M","?","?","E","R","E","T","E","?","?","E","M","R","BOSS"],"build_version":"2019-07-17","purchased_purges":0,"victory":false,"max_hp_per_floor":[80,85,85,85,85,85,85,85,85,85,85,85,85,85,85,85],"card_choices":[{"not_picked":["Seeing Red","Battle Trance"],"picked":"Anger","floor":1},{"not_picked":["Seeing Red","Infernal Blade"],"picked":"Thunderclap","floor":3},{"not_picked":["Flex","Intimidate","Searing Blow"],"picked":"SKIP","floor":5},{"not_picked":["Impervious","Hemokinesis"],"picked":"Clothesline","floor":6},{"not_picked":["Clash","Infernal Blade"],"picked":"Warcry","floor":8},{"not_picked":["Reckless Charge","Twin Strike"],"picked":"Barricade","floor":10},{"not_picked":["Second Wind","Searing Blow"],"picked":"Shrug It Off","floor":11},{"not_picked":["Carnage","Heavy Blade"],"picked":"Seeing Red","floor":13},{"not_picked":["Searing Blow","Warcry"],"picked":"Pommel Strike","floor":14}],"player_experience":125910,"relics_obtained":[{"floor":6,"key":"Anchor"},{"floor":8,"key":"Oddly Smooth Stone"},{"floor":9,"key":"Bronze Scales"},{"floor":10,"key":"Lantern"},{"floor":13,"key":"Blood Vial"}],"event_choices":[{"damage_healed":0,"gold_gain":0,"player_choice":"Donut","damage_taken":0,"max_hp_gain":5,"max_hp_loss":0,"event_name":"Big Fish","floor":2,"gold_loss":0},{"cards_removed":["Shame"],"damage_healed":0,"gold_gain":0,"player_choice":"Purged","damage_taken":0,"max_hp_gain":0,"max_hp_loss":0,"event_name":"Purifier","floor":4,"gold_loss":0},{"damage_healed":0,"gold_gain":0,"player_choice":"1 cards matched","damage_taken":0,"max_hp_gain":0,"max_hp_loss":0,"event_name":"Match and Keep!","floor":12,"gold_loss":0,"cards_obtained":["Brutality"]}],"is_beta":false,"boss_relics":[],"items_purged_floors":[],"is_endless":false,"potions_floor_spawned":[1,3,6,10],"killed_by":"Slime Boss","ascension_level":1}