{"gold_per_floor":[363,415,180,199,99,99,99,99,124,138,138,150,163,179,179,179],"floor_reached":16,"playtime":461,"items_purged":["Strike_G","Strike_G"],"score":204,"play_id":"b3522b7f-08b2-464a-a945-6963d0b8895d","local_time":"20190113232942","is_ascension_mode":true,"campfire_choices":[{"data":"Flechettes","floor":6,"key":"SMITH"},{"data":"Neutralize","floor":11,"key":"SMITH"},{"data":"Tactician","floor":15,"key":"SMITH"}],"neow_cost":"PERCENT_DAMAGE","seed_source_timestamp":23335665789372,"circlet_count":0,"master_deck":["AscendersBane","Defend_G","Defend_G","Defend_G","Defend_G","Defend_G","Strike_G","Strike_G","Strike_G","Survivor","Neutralize+1","Flechettes+1","Backflip","Tactician+1"],"relics":["Ring of the Snake","Vajra","CultistMask","Bag of Marbles"],"potions_floor_usage":[7,16,16],"damage_taken":[{"damage":0,"enemies":"Cultist","floor":1,"turns":4},{"damage":0,"enemies":"2 Louse","floor":4,"turns":2},{"damage":6,"enemies":"Gremlin Nob","floor":7,"turns":3},{"damage":2,"enemies":"Small Slimes","floor":10,"turns":4},{"damage":0,"enemies":"3 Louse","floor":12,"turns":3},{"damage":19,"enemies":"Gremlin Gang","floor":13,"turns":4},{"damage":7,"enemies":"Looter","floor":14,"turns":4},{"damage":10,"enemies":"Hexaghost","floor":16,"turns":9}],"seed_played":"-4433150211246881737","potions_obtained":[{"floor":4,"key":"SmokeBomb"},{"floor":10,"key":"PowerPotion"},{"floor":12,"key":"Swift Potion"}],"is_trial":false,"path_per_floor":["M","T","$","M","$","R","E","?","T","M","R","M","M","M","R","B"],"character_chosen":"THE_SILENT","items_purchased":["Vajra"],"campfire_rested":0,"item_purchase_floors":[3],"current_hp_per_floor":[44,44,44,44,44,44,38,38,38,36,36,36,17,10,10,0],"gold":179,"neow_bonus":"TWO_FIFTY_GOLD","is_prod":false,"is_daily":false,"chose_seed":false,"campfire_upgraded":3,"win_rate":0,"timestamp":1547393382,"path_taken":["M","?","$","M","$","R","E","?","T","M","R","M","?","M","R","BOSS"],"build_version":"2019-01-10","purchased_purges":2,"victory":false,"max_hp_per_floor":[66,66,66,66,66,66,66,66,66,66,66,66,66,66,66,66],"card_choices":[{"not_picked":["Deflect","Dodge and Roll"],"picked":"Flechettes","floor":1},{"not_picked":["Slice","Finisher","Terror"],"picked":"SKIP","floor":4},{"not_picked":["Distraction","Deflect","Skewer"],"picked":"SKIP","floor":10},{"not_picked":["Dagger Spray","Leg Sweep"],"picked":"Backflip","floor":12},{"not_picked":["Dodge and Roll","Catalyst"],"picked":"Tactician","floor":13},{"not_picked":["Dash","Sucker Punch","Blade Dance"],"picked":"SKIP","floor":14}],"player_experience":1273002,"relics_obtained":[{"floor":9,"key":"Bag of Marbles"}],"event_choices":[{"damage_healed":0,"gold_gain":0,"player_choice":"Trade","damage_taken":0,"relics_obtained":["CultistMask"],"max_hp_gain":0,"max_hp_loss":0,"event_name":"FaceTrader","floor":8,"gold_loss":0}],"is_beta":true,"boss_relics":[],"items_purged_floors":[3,5],"is_endless":false,"potions_floor_spawned":[4,10,12],"killed_by":"Hexaghost","ascension_level":20}