{"gold_per_floor":[117,127,127,146,24,24,58,68,68,86,86,86,103,113,113,209,209,219,239,91,190,105,105,121,140,140,140,151,151,151,51,51,147,147,160,160,180,195,70,70,70,70,70,70,70,70,37,52,52,52],"floor_reached":50,"playtime":1740,"items_purged":["Strike_B","Defend_B","Strike_B"],"score":442,"play_id":"3ef43621-e179-424b-968b-697aa97135a9","local_time":"20190804173732","is_ascension_mode":false,"campfire_choices":[{"data":"Zap","floor":6.0,"key":"SMITH"},{"data":"Dualcast","floor":12.0,"key":"SMITH"},{"data":"Zap","floor":15.0,"key":"SMITH"},{"floor":23,"key":"REST"},{"floor":30,"key":"REST"},{"floor":32,"key":"REST"},{"floor":40,"key":"REST"},{"floor":42,"key":"RECALL"},{"floor":44,"key":"REST"},{"floor":46,"key":"REST"},{"floor":49,"key":"REST"}],"neow_cost":"NONE","seed_source_timestamp":0,"circlet_count":0,"master_deck":["Strike_B","Strike_B","Defend_B","Defend_B","Defend_B","Zap+1","Dualcast+1","Steam","Tempest","All For One","Dramatic Entrance","Beam Cell","Zap+1","Tempest","Beam Cell","Thunder Strike","Chaos","Reboot","Fusion+1","Conserve Battery+1","Recycle+1","All For One","Defragment","Rainbow","Compile Driver+1","Thunder Strike","Redo+1","Defragment","Hello World","Tempest+1"],"special_seed":0,"relics":["Cracked Core","NeowsBlessing","Lantern","Letter Opener","Fusion Hammer","Happy Flower","WingedGreaves","Thread and Needle","Nuclear Battery","Pen Nib"],"potions_floor_usage":[50,50,50,50,50,50],"damage_taken":[{"damage":0.0,"enemies":"Jaw Worm","floor":1.0,"turns":1.0},{"damage":0.0,"enemies":"Cultist","floor":2.0,"turns":1.0},{"damage":0.0,"enemies":"2 Louse","floor":4.0,"turns":1.0},{"damage":16.0,"enemies":"3 Sentries","floor":7.0,"turns":5.0},{"damage":0.0,"enemies":"Looter","floor":8.0,"turns":2.0},{"damage":6.0,"enemies":"3 Louse","floor":10.0,"turns":2.0},{"damage":14.0,"enemies":"Red Slaver","floor":13.0,"turns":3.0},{"damage":0.0,"enemies":"Exordium Thugs","floor":14.0,"turns":3.0},{"damage":31.0,"enemies":"Slime Boss","floor":16.0,"turns":8.0},{"damage":13.0,"enemies":"Shell Parasite","floor":18.0,"turns":3.0},{"damage":20.0,"enemies":"2 Thieves","floor":19.0,"turns":2.0},{"damage":8,"enemies":"Shelled Parasite and Fungi","floor":24,"turns":3},{"damage":15,"enemies":"Snecko","floor":25,"turns":5},{"damage":14,"enemies":"Centurion and Healer","floor":28,"turns":3},{"damage":68,"enemies":"Champ","floor":33,"turns":7},{"damage":6,"enemies":"Orb Walker","floor":35,"turns":2},{"damage":13,"enemies":"3 Shapes","floor":37,"turns":2},{"damage":5,"enemies":"Sphere and 2 Shapes","floor":38,"turns":3},{"damage":20,"enemies":"Maw","floor":48,"turns":6},{"damage":85,"enemies":"Donu and Deca","floor":50,"turns":7}],"seed_played":"3873952455190111675","potions_obtained":[{"floor":2.0,"key":"Ancient Potion"},{"floor":7.0,"key":"Dexterity Potion"},{"floor":10.0,"key":"Strength Potion"},{"floor":35,"key":"EntropicBrew"}],"is_trial":false,"path_per_floor":["M","M","?","M","$","R","E","M","T","M","?","R","M","M","R","B",null,"M","M","$","?","?","R","M","M","T","?","M","?","R","$","R","B",null,"M","?","M","M","$","R","$","R","T","R","?","R","$","M","R","B"],"character_chosen":"DEFECT","items_purchased":["Beam Cell","Happy Flower","Hello World"],"campfire_rested":7,"item_purchase_floors":[5,20,47],"current_hp_per_floor":[75,75,75,75,75,75,59,59,59,53,58,58,44,44,44,13,80,67,47,47,47,47,71,63,48,48,48,34,34,58,58,80,12,80,74,74,61,56,56,80,80,80,80,80,76,76,76,56,76,0],"gold":52,"neow_bonus":"THREE_ENEMY_KILL","is_prod":false,"is_daily":false,"chose_seed":false,"campfire_upgraded":3,"win_rate":0,"timestamp":1564961852,"path_taken":["M","M","?","?","$","R","E","M","T","M","?","R","M","M","R","BOSS","M","M","$","?","?","R","M","M","T","?","M","?","R","?","R","BOSS","M","?","M","M","$","R","?","R","T","R","?","R","$","?","R","BOSS"],"build_version":"2019-07-17","purchased_purges":3,"victory":false,"max_hp_per_floor":[75,75,75,75,75,75,75,75,75,75,80,80,80,80,80,80,80,80,80,80,80,80,80,80,80,80,80,80,80,80,80,80,80,80,80,80,80,80,80,80,80,80,80,80,76,76,76,76,76,76],"card_choices":[{"not_picked":["Redo","Gash"],"picked":"Steam","floor":1.0},{"not_picked":["Leap","Sweeping Beam"],"picked":"Tempest","floor":2.0},{"not_picked":["Leap","Storm"],"picked":"Tempest","floor":4.0},{"not_picked":["Coolheaded","Streamline"],"picked":"Thunder Strike","floor":7.0},{"not_picked":["Static Discharge","Scrape","Capacitor"],"picked":"SKIP","floor":8.0},{"not_picked":["Compile Driver","Genetic Algorithm"],"picked":"Chaos","floor":10.0},{"not_picked":["Lockon","Barrage","Force Field"],"picked":"SKIP","floor":13.0},{"not_picked":["Leap","Coolheaded","Double Energy"],"picked":"SKIP","floor":14.0},{"not_picked":["Machine Learning","Hyperbeam"],"picked":"Reboot","floor":16.0},{"not_picked":["Sweeping Beam","Cold Snap+1"],"picked":"Fusion+1","floor":18.0},{"not_picked":["Beam Cell","Cold Snap"],"picked":"Conserve Battery+1","floor":19},{"not_picked":["Stack+1","Rebound+1"],"picked":"Recycle+1","floor":24},{"not_picked":["Turbo","Sweeping Beam"],"picked":"All For One","floor":25},{"not_picked":["Compile Driver","Reprogram","Beam Cell"],"picked":"SKIP","floor":28},{"not_picked":["All For One","Fission"],"picked":"Rainbow","floor":33},{"not_picked":["Leap+1","Blizzard+1"],"picked":"Compile Driver+1","floor":35},{"not_picked":["Reprogram","Beam Cell"],"picked":"Redo+1","floor":37},{"not_picked":["Fusion+1","Undo"],"picked":"Defragment","floor":38},{"not_picked":["Rebound","Barrage+1"],"picked":"Tempest+1","floor":48}],"player_experience":1623326,"relics_obtained":[{"floor":7.0,"key":"Lantern"},{"floor":9.0,"key":"Letter Opener"},{"floor":26,"key":"Thread and Needle"},{"floor":43,"key":"Pen Nib"}],"event_choices":[{"damage_healed":0.0,"max_hp_gain":0.0,"max_hp_loss":0.0,"gold_gain":0.0,"event_name":"Match and Keep!","player_choice":"4 cards matched","floor":3.0,"gold_loss":0.0,"damage_taken":0.0,"cards_obtained":["All For One","Dramatic Entrance","Beam Cell","Zap"]},{"damage_healed":0.0,"max_hp_gain":5.0,"max_hp_loss":0.0,"gold_gain":0.0,"event_name":"Big Fish","player_choice":"Donut","floor":11.0,"gold_loss":0.0,"damage_taken":0.0},{"damage_healed":0,"gold_gain":99,"player_choice":"Stole From Cult","damage_taken":0,"max_hp_gain":0,"max_hp_loss":0,"event_name":"Nest","floor":21,"gold_loss":0},{"damage_healed":0,"gold_gain":0,"player_choice":"Obtained Relic","damage_taken":0,"relics_obtained":["WingedGreaves"],"max_hp_gain":0,"max_hp_loss":0,"event_name":"Addict","floor":22,"gold_loss":85},{"damage_healed":0,"gold_gain":0,"player_choice":"Read","damage_taken":0,"max_hp_gain":0,"max_hp_loss":0,"event_name":"The Library","floor":27,"gold_loss":0,"cards_obtained":["Defragment"]},{"damage_healed":0,"gold_gain":0,"player_choice":"Ignored","damage_taken":0,"max_hp_gain":0,"max_hp_loss":0,"event_name":"Ghosts","floor":29,"gold_loss":0},{"damage_healed":0,"gold_gain":0,"player_choice":"Copied","damage_taken":0,"max_hp_gain":0,"max_hp_loss":0,"event_name":"Duplicator","floor":36,"gold_loss":0,"cards_obtained":["Thunder Strike"]},{"damage_healed":0,"gold_gain":0,"player_choice":"Max HP","damage_taken":0,"max_hp_gain":0,"max_hp_loss":4,"event_name":"Winding Halls","floor":45,"gold_loss":0}],"is_beta":false,"boss_relics":[{"not_picked":["FrozenCore","Calling Bell"],"picked":"Fusion Hammer"},{"not_picked":["Velvet Choker","Runic Pyramid"],"picked":"Nuclear Battery"}],"items_purged_floors":[5,31,39],"is_endless":false,"potions_floor_spawned":[2,7,10,14,16,18,19,24,28,35,38],"killed_by":"Donu and Deca","ascension_level":0}