{"gold_per_floor":[112,112,112,128,45,73,73,84,84,103,103,152,77,77,77,77],"floor_reached":16,"playtime":173,"items_purged":["Parasite"],"score":246,"play_id":"c04e0738-e69e-45b1-964b-2c0596a88cd5","local_time":"20181120152655","is_ascension_mode":true,"campfire_choices":[{"data":"Genetic Algorithm","floor":7,"key":"SMITH"},{"data":"Consume","floor":15,"key":"SMITH"}],"neow_cost":"NONE","seed_source_timestamp":1744614352996065,"circlet_count":0,"master_deck":["AscendersBane","Strike_B+1","Strike_B+1","Defend_B","Defend_B","Defend_B","Defend_B","Zap","Dualcast","Consume+1","Turbo","Recycle","Blizzard","Genetic Algorithm+1","Loop"],"relics":["Cracked Core","NeowsBlessing","Strawberry","Question Card","Vajra"],"potions_floor_usage":[],"damage_taken":[{"damage":0,"enemies":"Small Slimes","floor":1,"turns":1},{"damage":0,"enemies":"2 Louse","floor":4,"turns":1},{"damage":0,"enemies":"Gremlin Nob","floor":6,"turns":1},{"damage":5,"enemies":"Cultist","floor":8,"turns":4},{"damage":20,"enemies":"Blue Slaver","floor":10,"turns":4},{"damage":36,"enemies":"The Guardian","floor":16,"turns":3}],"seed_played":"1136498731711940417","potions_obtained":[{"floor":1,"key":"Strength Potion"},{"floor":6,"key":"FearPotion"}],"is_trial":false,"path_per_floor":["M","?","?","M","$","E","R","M","T","M","?","T","$","?","R","B"],"character_chosen":"DEFECT","items_purchased":["Blizzard"],"campfire_rested":0,"item_purchase_floors":[5],"current_hp_per_floor":[64,43,43,43,43,50,50,45,45,25,44,44,44,37,37,1],"gold":77,"neow_bonus":"THREE_ENEMY_KILL","is_prod":false,"is_daily":false,"chose_seed":false,"campfire_upgraded":2,"win_rate":0,"timestamp":1542698815,"path_taken":["M","?","?","?","$","E","R","M","T","M","?","?","$","?","R","BOSS"],"build_version":"2018-11-15","purchased_purges":1,"victory":false,"max_hp_per_floor":[71,71,71,71,71,78,78,78,78,78,78,78,75,75,75,75],"card_choices":[{"not_picked":["Steam Power","Conserve Battery"],"picked":"Consume","floor":1},{"not_picked":["Redo","Tempest"],"picked":"Recycle","floor":4},{"not_picked":["Blizzard","Genetic Algorithm","Rebound"],"picked":"SKIP","floor":6},{"not_picked":["Blizzard","Rebound"],"picked":"Genetic Algorithm","floor":6},{"not_picked":["Beam Cell","Recycle","Stack"],"picked":"SKIP","floor":8},{"not_picked":["Hologram","Leap","Doom and Gloom"],"picked":"Loop","floor":10}],"player_experience":577988,"relics_obtained":[{"floor":6,"key":"Strawberry"},{"floor":9,"key":"Question Card"},{"floor":12,"key":"Vajra"}],"event_choices":[{"damage_healed":0,"gold_gain":0,"player_choice":"Entered Light","damage_taken":21,"max_hp_gain":0,"max_hp_loss":0,"event_name":"Shining Light","floor":2,"gold_loss":0,"cards_upgraded":["Strike_B","Strike_B"]},{"damage_healed":0,"gold_gain":0,"cards_transformed":["Strike_B"],"player_choice":"Transformed","damage_taken":0,"max_hp_gain":0,"max_hp_loss":0,"event_name":"Transmorgrifier","floor":3,"gold_loss":0,"cards_obtained":["Turbo"]},{"damage_healed":19,"gold_gain":0,"player_choice":"Healed and dodged fight","damage_taken":0,"max_hp_gain":0,"max_hp_loss":0,"event_name":"Mushrooms","floor":11,"gold_loss":0,"cards_obtained":["Parasite"]},{"cards_removed":["Strike_B"],"damage_healed":0,"gold_gain":0,"player_choice":"Card Removal","damage_taken":7,"max_hp_gain":0,"max_hp_loss":0,"event_name":"Golden Wing","floor":14,"gold_loss":0}],"is_beta":true,"boss_relics":[],"items_purged_floors":[13],"is_endless":false,"potions_floor_spawned":[1,6],"killed_by":"The Guardian","ascension_level":20}