{"gold_per_floor":[118,193,193,26,37,37,37,64,87,98,98,148,158,171,171,244,244,262,262,262,288,300,300],"floor_reached":23,"playtime":978,"items_purged":["Strike_G"],"score":678,"play_id":"f673f8ab-30ff-45fc-b803-cef46724544d","local_time":"20190707170310","is_ascension_mode":true,"campfire_choices":[{"data":"Deep Breath","floor":6.0,"key":"SMITH"},{"data":"Masterful Stab","floor":11.0,"key":"SMITH"},{"data":"Deadly Poison","floor":15.0,"key":"SMITH"}],"neow_cost":"NONE","seed_source_timestamp":27768152918189,"circlet_count":0,"master_deck":["AscendersBane","Strike_G","Strike_G","Strike_G","Defend_G","Defend_G","Defend_G","Defend_G","Defend_G","Survivor","Neutralize","Backflip","Deep Breath+1","Masterful Stab+1","Deadly Poison+1","Well Laid Plans","After Image","Backflip+1","PiercingWail"],"special_seed":0,"relics":["Ring of the Snake","Happy Flower","Lantern","Strawberry","Black Star","Red Mask"],"potions_floor_usage":[21,21,23],"damage_taken":[{"damage":3.0,"enemies":"2 Louse","floor":1.0,"turns":5.0},{"damage":3.0,"enemies":"Jaw Worm","floor":5.0,"turns":8.0},{"damage":30.0,"enemies":"3 Sentries","floor":8.0,"turns":12.0},{"damage":0.0,"enemies":"Cultist","floor":10.0,"turns":5.0},{"damage":0.0,"enemies":"3 Louse","floor":13.0,"turns":3.0},{"damage":0.0,"enemies":"Red Slaver","floor":14.0,"turns":3.0},{"damage":0.0,"enemies":"Hexaghost","floor":16.0,"turns":9.0},{"damage":9.0,"enemies":"Spheric Guardian","floor":18.0,"turns":6.0},{"damage":36,"enemies":"Masked Bandits","floor":21,"turns":8},{"damage":0,"enemies":"3 Byrds","floor":22,"turns":6},{"damage":1,"enemies":"Gremlin Leader","floor":23,"turns":7}],"seed_played":"-7753370757735377137","potions_obtained":[{"floor":1.0,"key":"Explosive Potion"},{"floor":5.0,"key":"GhostInAJar"},{"floor":10.0,"key":"Fruit Juice"},{"floor":16.0,"key":"GhostInAJar"},{"floor":21,"key":"GhostInAJar"}],"is_trial":false,"path_per_floor":["M","?","?","$","M","R","$","E","T","M","R","?","M","M","R","B",null,"M","?","?","?","M","E"],"character_chosen":"THE_SILENT","items_purchased":["Deep Breath"],"campfire_rested":0,"item_purchase_floors":[4],"current_hp_per_floor":[56,45,34,34,31,31,31,1,8,13,13,6,6,6,6,6,60,51,29,46,10,10,9],"gold":300,"neow_bonus":"TRANSFORM_CARD","is_prod":false,"is_daily":false,"chose_seed":false,"campfire_upgraded":3,"win_rate":0,"timestamp":1562490190,"path_taken":["M","?","?","$","M","R","?","E","T","?","R","?","M","?","R","BOSS","M","?","?","?","M","E"],"build_version":"2019-07-05","purchased_purges":1,"victory":false,"max_hp_per_floor":[66,66,66,66,66,66,66,66,73,78,78,78,78,78,78,78,78,78,83,83,83,83,83],"card_choices":[{"not_picked":["Calculated Gamble","Slice"],"picked":"Backflip","floor":1.0},{"not_picked":["Dagger Spray","Prepared","Slice"],"picked":"SKIP","floor":5.0},{"not_picked":["Bullet Time","Dagger Spray","Cloak And Dagger"],"picked":"SKIP","floor":8.0},{"not_picked":["Poisoned Stab","PiercingWail"],"picked":"Masterful Stab","floor":10.0},{"not_picked":["Eviscerate","Escape Plan"],"picked":"Deadly Poison","floor":13.0},{"not_picked":["Outmaneuver","Quick Slash"],"picked":"Well Laid Plans","floor":14.0},{"not_picked":["Storm of Steel","Envenom"],"picked":"After Image","floor":16.0},{"not_picked":["Dagger Spray","Prepared","Dodge and Roll"],"picked":"SKIP","floor":18.0},{"not_picked":["Dagger Spray","Prepared","Dodge and Roll"],"picked":"SKIP","floor":18.0},{"not_picked":["Dagger Spray","Prepared","Dodge and Roll"],"picked":"SKIP","floor":18.0},{"not_picked":["Deflect","Sucker Punch"],"picked":"Backflip+1","floor":21},{"not_picked":["Finisher","Backflip","PiercingWail"],"picked":"SKIP","floor":22},{"not_picked":["Finisher","Backflip"],"picked":"PiercingWail","floor":22}],"player_experience":1566711,"relics_obtained":[{"floor":8.0,"key":"Lantern"},{"floor":9.0,"key":"Strawberry"},{"floor":21,"key":"Red Mask"}],"event_choices":[{"damage_healed":0.0,"max_hp_gain":0.0,"max_hp_loss":0.0,"gold_gain":75.0,"event_name":"World of Goop","player_choice":"Gather Gold","floor":2.0,"gold_loss":0.0,"damage_taken":11.0},{"damage_healed":0.0,"max_hp_gain":0.0,"max_hp_loss":0.0,"gold_gain":0.0,"event_name":"Scrap Ooze","player_choice":"Success","floor":3.0,"gold_loss":0.0,"damage_taken":11.0,"relics_obtained":["Happy Flower"]},{"damage_healed":0.0,"max_hp_gain":0.0,"max_hp_loss":0.0,"gold_gain":50.0,"event_name":"FaceTrader","player_choice":"Touch","floor":12.0,"gold_loss":0.0,"damage_taken":7.0},{"damage_healed":0.0,"max_hp_gain":5.0,"max_hp_loss":0.0,"gold_gain":0.0,"event_name":"Forgotten Altar","player_choice":"Shed Blood","floor":19.0,"gold_loss":0.0,"damage_taken":27.0},{"damage_healed":17,"gold_gain":0,"player_choice":"Heal","damage_taken":0,"max_hp_gain":0,"max_hp_loss":0,"event_name":"The Library","floor":20,"gold_loss":0},{"damage_healed":0,"gold_gain":0,"player_choice":"Fought Bandits","damage_taken":0,"max_hp_gain":0,"max_hp_loss":0,"event_name":"Masked Bandits","floor":21,"gold_loss":0}],"is_beta":false,"boss_relics":[{"not_picked":["Snecko Eye","Ectoplasm"],"picked":"Black Star"}],"items_purged_floors":[4],"is_endless":false,"potions_floor_spawned":[1,5,10,16,21],"killed_by":"Gremlin Leader","ascension_level":20}