{"gold_per_floor":[111,131,131,149,64,64,92,118,144,54,54,74,90,90],"floor_reached":14,"playtime":367,"items_purged":[],"score":180,"play_id":"21822ed8-a690-42aa-902f-d08b3c157da0","local_time":"20181223230307","is_ascension_mode":true,"campfire_choices":[{"data":"Glass Knife","floor":6.0,"key":"SMITH"},{"data":"Neutralize","floor":11,"key":"SMITH"}],"neow_cost":"NONE","seed_source_timestamp":42515733961837,"circlet_count":0,"master_deck":["AscendersBane","Defend_G","Defend_G","Defend_G","Defend_G","Defend_G","Strike_G","Strike_G","Strike_G","Strike_G","Survivor","Neutralize+1","Masterful Stab","Glass Knife+1","Deadly Poison","Footwork","Footwork","Footwork","Leg Sweep","Leg Sweep"],"special_seed":0,"relics":["Ring of the Snake","Bag of Marbles","Odd Mushroom","Ancient Tea Set"],"potions_floor_usage":[8],"damage_taken":[{"damage":4.0,"enemies":"Jaw Worm","floor":1.0,"turns":6.0},{"damage":0.0,"enemies":"2 Louse","floor":2.0,"turns":2.0},{"damage":0.0,"enemies":"Small Slimes","floor":4.0,"turns":1.0},{"damage":0.0,"enemies":"The Mushroom Lair","floor":7.0,"turns":3.0},{"damage":30,"enemies":"3 Sentries","floor":8,"turns":7},{"damage":0,"enemies":"2 Fungi Beasts","floor":12,"turns":2},{"damage":10,"enemies":"3 Louse","floor":13,"turns":4},{"damage":16,"enemies":"Gremlin Nob","floor":14,"turns":3}],"seed_played":"-1702083967138915357","potions_obtained":[{"floor":1.0,"key":"SkillPotion"},{"floor":2.0,"key":"PowerPotion"}],"is_trial":false,"path_per_floor":["M","M","?","M","$","R","?","E","T","$","R","M","M","E"],"character_chosen":"THE_SILENT","items_purchased":["Footwork","Footwork"],"campfire_rested":0,"item_purchase_floors":[5,10],"current_hp_per_floor":[55,55,55,55,55,55,55,25,25,25,25,25,15,0],"gold":90,"neow_bonus":"RANDOM_COMMON_RELIC","is_prod":false,"is_daily":false,"chose_seed":false,"campfire_upgraded":2,"win_rate":0,"timestamp":1545577387,"path_taken":["M","M","?","M","$","R","?","E","T","$","R","M","M","E"],"build_version":"2018-12-20","purchased_purges":0,"victory":false,"max_hp_per_floor":[66,66,66,66,66,66,66,66,66,66,66,66,66,66],"card_choices":[{"not_picked":["Riddle With Holes","Backstab"],"picked":"Masterful Stab","floor":1.0},{"not_picked":["Dagger Throw","Dodge and Roll","Crippling Poison"],"picked":"SKIP","floor":2.0},{"not_picked":["Outmaneuver","Choke"],"picked":"Deadly Poison","floor":4.0},{"not_picked":["Flechettes","Flying Knee"],"picked":"Footwork","floor":8},{"not_picked":["Setup","Calculated Gamble"],"picked":"Leg Sweep","floor":12},{"not_picked":["Backstab","Acrobatics"],"picked":"Leg Sweep","floor":13}],"player_experience":1449703,"relics_obtained":[{"floor":7.0,"key":"Odd Mushroom"},{"floor":8,"key":"Ancient Tea Set"}],"event_choices":[{"damage_healed":0.0,"max_hp_gain":0.0,"max_hp_loss":0.0,"gold_gain":0.0,"cards_transformed":["Strike_G"],"event_name":"Living Wall","player_choice":"Change","floor":3.0,"gold_loss":0.0,"damage_taken":0.0,"cards_obtained":["Glass Knife"]},{"damage_healed":0.0,"max_hp_gain":0.0,"max_hp_loss":0.0,"gold_gain":0.0,"event_name":"Mushrooms","player_choice":"Fought Mushrooms","floor":7.0,"gold_loss":0.0,"damage_taken":0.0}],"is_beta":false,"boss_relics":[],"items_purged_floors":[],"is_endless":false,"potions_floor_spawned":[1,2],"killed_by":"Gremlin Nob","ascension_level":20}