{"gold_per_floor":[112,112,112,112,112,143,143,174,174,186,196,210,230,87,87,164,164,180,195,195,213,63,90,90,107,107,117,146,146,166,183,183,259,259,269,269,287,299,309,309,321,350,350,378,400,429,441,467,479,491],"floor_reached":51,"playtime":1965,"items_purged":["Strike_G","Strike_G"],"score":1520,"play_id":"eda4ea80-dcb3-49e0-9a4f-39a89cc554e2","local_time":"20190220135209","is_ascension_mode":true,"campfire_choices":[{"data":"Neutralize","floor":7.0,"key":"SMITH"},{"data":"Cloak And Dagger","floor":15.0,"key":"SMITH"},{"data":"Cloak And Dagger","floor":24,"key":"SMITH"},{"data":"Blade Dance","floor":29,"key":"SMITH"},{"data":"Accuracy","floor":32,"key":"SMITH"},{"data":"Burst","floor":40,"key":"SMITH"},{"data":"Well Laid Plans","floor":47,"key":"SMITH"},{"data":"After Image","floor":49,"key":"SMITH"}],"neow_cost":"NONE","seed_source_timestamp":235797273126664,"circlet_count":0,"master_deck":["AscendersBane","Defend_G","Defend_G","Defend_G","Defend_G","Defend_G","Strike_G","Strike_G","Strike_G","Survivor","Neutralize+1","Backflip","Endless Agony","Dash","Footwork","Slice","Cloak And Dagger+1","Well Laid Plans+1","Burst+1","Finisher","Cloak And Dagger+1","Blade Dance+1","Accuracy+1","Calculated Gamble+1","Backflip","Cloak And Dagger+1","Accuracy+1","After Image+1","Backflip","Terror"],"special_seed":0,"relics":["Ring of the Snake","NeowsBlessing","Mercury Hourglass","CultistMask","Kunai","Question Card","Ninja Scroll","Runic Dome","Bag of Marbles","Gremlin Horn","Boot","Prayer Wheel","Coffee Dripper","Omamori","Shuriken","MawBank"],"potions_floor_usage":[23,25,33,33],"damage_taken":[{"damage":0.0,"enemies":"Small Slimes","floor":1.0,"turns":1.0},{"damage":0.0,"enemies":"Lagavulin","floor":6.0,"turns":1.0},{"damage":0.0,"enemies":"Gremlin Nob","floor":8.0,"turns":1.0},{"damage":0.0,"enemies":"Jaw Worm","floor":10.0,"turns":2.0},{"damage":0.0,"enemies":"2 Louse","floor":11.0,"turns":1.0},{"damage":0.0,"enemies":"Lots of Slimes","floor":12.0,"turns":3.0},{"damage":4.0,"enemies":"Exordium Thugs","floor":13.0,"turns":4.0},{"damage":19.0,"enemies":"Slime Boss","floor":16.0,"turns":13.0},{"damage":0,"enemies":"Shell Parasite","floor":18,"turns":6},{"damage":3,"enemies":"Chosen","floor":19,"turns":3},{"damage":4,"enemies":"3 Cultists","floor":21,"turns":5},{"damage":11,"enemies":"Gremlin Leader","floor":23,"turns":6},{"damage":0,"enemies":"Centurion and Healer","floor":25,"turns":5},{"damage":0,"enemies":"Snake Plant","floor":27,"turns":1},{"damage":6,"enemies":"Book of Stabbing","floor":28,"turns":4},{"damage":0,"enemies":"Snecko","floor":30,"turns":2},{"damage":0,"enemies":"Shelled Parasite and Fungi","floor":31,"turns":1},{"damage":7,"enemies":"Champ","floor":33,"turns":11},{"damage":0,"enemies":"3 Darklings","floor":35,"turns":4},{"damage":3,"enemies":"3 Shapes","floor":37,"turns":4},{"damage":0,"enemies":"Jaw Worm Horde","floor":38,"turns":4},{"damage":3,"enemies":"Transient","floor":39,"turns":5},{"damage":5,"enemies":"Spire Growth","floor":41,"turns":5},{"damage":0,"enemies":"Reptomancer","floor":42,"turns":4},{"damage":10,"enemies":"Nemesis","floor":44,"turns":5},{"damage":0,"enemies":"Sphere and 2 Shapes","floor":45,"turns":1},{"damage":0,"enemies":"4 Shapes","floor":46,"turns":2},{"damage":0,"enemies":"3 Darklings","floor":48,"turns":4},{"damage":0,"enemies":"Awakened One","floor":50,"turns":7}],"seed_played":"-6215645824663195059","potions_obtained":[{"floor":6.0,"key":"SmokeBomb"},{"floor":8.0,"key":"PowerPotion"},{"floor":10.0,"key":"AttackPotion"},{"floor":18,"key":"SpeedPotion"},{"floor":23,"key":"Dexterity Potion"},{"floor":25,"key":"Fruit Juice"},{"floor":27,"key":"Dexterity Potion"},{"floor":37,"key":"SkillPotion"},{"floor":39,"key":"Block Potion"}],"is_trial":false,"path_per_floor":["M","?","?","T","?","E","R","E","T","M","M","M","M","$","R","B",null,"M","M","?","M","$","E","R","M","T","M","E","R","M","M","R","B",null,"M","?","M","M","M","R","M","E","T","E","M","M","R","M","R","B",null],"character_chosen":"THE_SILENT","items_purchased":["Well Laid Plans","SkillPotion"],"campfire_rested":0,"item_purchase_floors":[14,22],"current_hp_per_floor":[59,59,64,64,64,64,64,64,64,64,64,64,60,60,60,41,64,64,61,61,57,57,46,46,51,51,51,45,45,45,45,45,38,67,67,67,64,64,61,61,56,56,56,46,46,46,46,46,46,46],"gold":503,"neow_bonus":"THREE_ENEMY_KILL","is_prod":false,"is_daily":false,"chose_seed":false,"campfire_upgraded":8,"win_rate":0,"timestamp":1550641929,"path_taken":["M","?","?","?","?","E","R","E","T","M","M","?","M","$","R","BOSS","M","M","?","M","$","E","R","M","T","M","E","R","?","M","R","BOSS","M","?","?","M","?","R","M","E","T","E","M","M","R","M","R","BOSS"],"build_version":"2019-01-23","purchased_purges":2,"victory":true,"max_hp_per_floor":[66,66,71,71,71,71,71,71,71,71,71,71,71,71,71,71,71,71,71,71,71,71,71,71,76,76,76,76,76,76,76,76,76,76,76,76,76,76,76,76,76,76,76,76,76,76,76,76,76,76],"card_choices":[{"not_picked":["Deadly Poison","Underhanded Strike"],"picked":"Backflip","floor":1.0},{"not_picked":["Venomology","Escape Plan"],"picked":"Endless Agony","floor":6.0},{"not_picked":["Dagger Spray","Die Die Die"],"picked":"Dash","floor":8.0},{"not_picked":["Dodge and Roll","Prepared","Outmaneuver"],"picked":"Footwork","floor":10.0},{"not_picked":["Bouncing Flask","Caltrops","Outmaneuver","Choke"],"picked":"SKIP","floor":11.0},{"not_picked":["Blur","Reflex","Concentrate"],"picked":"Slice","floor":12.0},{"not_picked":["Infinite Blades","Flechettes","PiercingWail"],"picked":"Cloak And Dagger","floor":13.0},{"not_picked":["Glass Knife","Malaise","Wraith Form v2"],"picked":"Burst","floor":16.0},{"not_picked":["Acrobatics","Poisoned Stab","Dagger Spray"],"picked":"Finisher","floor":18},{"not_picked":["Sucker Punch","Tactician","Slice","Reflex"],"picked":"SKIP","floor":19},{"not_picked":["Slice+1","Noxious Fumes","Deadly Poison","Dagger Throw"],"picked":"SKIP","floor":21},{"not_picked":["Quick Slash","Phantasmal Killer","Poisoned Stab+1"],"picked":"Cloak And Dagger","floor":23},{"not_picked":["Dagger Throw","Noxious Fumes","Cloak And Dagger","Outmaneuver+1"],"picked":"SKIP","floor":25},{"not_picked":["Poisoned Stab","Deflect","Crippling Poison","All Out Attack"],"picked":"SKIP","floor":27},{"not_picked":["Leg Sweep","Outmaneuver","Tactician"],"picked":"Blade Dance","floor":28},{"not_picked":["Dagger Spray","Bouncing Flask","Deflect"],"picked":"Accuracy","floor":30},{"not_picked":["Die Die Die","Deflect","Poisoned Stab","Blade Dance"],"picked":"SKIP","floor":30},{"not_picked":["Heel Hook","Quick Slash","Dagger Spray"],"picked":"Calculated Gamble+1","floor":31},{"not_picked":["Quick Slash","Blade Dance","Sucker Punch"],"picked":"Backflip","floor":31},{"not_picked":["Prepared","All Out Attack","Flying Knee","Footwork+1"],"picked":"SKIP","floor":35},{"not_picked":["Deflect","Venomology","Bane","Bouncing Flask+1"],"picked":"SKIP","floor":35},{"not_picked":["Quick Slash","PiercingWail+1","Dagger Throw+1","Bane"],"picked":"SKIP","floor":37},{"not_picked":["Leg Sweep","PiercingWail","Backflip","Blade Dance"],"picked":"SKIP","floor":37},{"not_picked":["Blade Dance","Heel Hook","Acrobatics","Poisoned Stab+1"],"picked":"SKIP","floor":38},{"not_picked":["Backstab","Dagger Throw+1","Deadly Poison+1","Sucker Punch"],"picked":"SKIP","floor":38},{"not_picked":["Quick Slash","Finisher+1","Accuracy"],"picked":"Cloak And Dagger+1","floor":39},{"not_picked":["Grand Finale","Poisoned Stab","Deadly Poison","Prepared"],"picked":"SKIP","floor":39},{"not_picked":["Quick Slash","Cloak And Dagger+1","Footwork"],"picked":"Accuracy+1","floor":41},{"not_picked":["Endless Agony","PiercingWail","Dodge and Roll","Prepared"],"picked":"SKIP","floor":41},{"not_picked":["Flechettes","Malaise","Blade Dance","Catalyst+1"],"picked":"SKIP","floor":42},{"not_picked":["Flying Knee","Skewer","Poisoned Stab+1"],"picked":"After Image","floor":44},{"not_picked":["Deadly Poison","Underhanded Strike","Noxious Fumes"],"picked":"Backflip","floor":45},{"not_picked":["Bane","Dash","Dagger Spray","All Out Attack"],"picked":"SKIP","floor":45},{"not_picked":["Doppelganger","Sucker Punch","Flying Knee+1","Cloak And Dagger"],"picked":"SKIP","floor":46},{"not_picked":["Dagger Throw+1","Poisoned Stab+1","Blade Dance","Backstab"],"picked":"SKIP","floor":46},{"not_picked":["Sucker Punch","Dodge and Roll","Catalyst"],"picked":"Terror","floor":48},{"not_picked":["Concentrate","Skewer","Underhanded Strike","Caltrops"],"picked":"SKIP","floor":48}],"player_experience":854297,"relics_obtained":[{"floor":4.0,"key":"Mercury Hourglass"},{"floor":6.0,"key":"Kunai"},{"floor":8.0,"key":"Question Card"},{"floor":9.0,"key":"Ninja Scroll"},{"floor":23,"key":"Gremlin Horn"},{"floor":26,"key":"Boot"},{"floor":28,"key":"Prayer Wheel"},{"floor":42,"key":"Omamori"},{"floor":43,"key":"Shuriken"},{"floor":44,"key":"MawBank"}],"event_choices":[{"damage_healed":0.0,"max_hp_gain":0.0,"max_hp_loss":0.0,"gold_gain":0.0,"event_name":"Liars Game","player_choice":"Ignored","floor":2.0,"gold_loss":0.0,"damage_taken":0.0},{"damage_healed":0.0,"max_hp_gain":5.0,"max_hp_loss":0.0,"gold_gain":0.0,"event_name":"Big Fish","player_choice":"Donut","floor":3.0,"gold_loss":0.0,"damage_taken":0.0},{"damage_healed":0.0,"max_hp_gain":0.0,"max_hp_loss":0.0,"gold_gain":0.0,"event_name":"FaceTrader","player_choice":"Trade","floor":5.0,"gold_loss":0.0,"damage_taken":0.0,"relics_obtained":["CultistMask"]},{"damage_healed":0,"gold_gain":0,"player_choice":"Gave Potion","damage_taken":0,"relics_obtained":["Bag of Marbles"],"max_hp_gain":0,"max_hp_loss":0,"event_name":"WeMeetAgain","floor":20,"gold_loss":0},{"damage_healed":0,"gold_gain":0,"player_choice":"0 cards matched","damage_taken":0,"max_hp_gain":0,"max_hp_loss":0,"event_name":"Match and Keep!","floor":36,"gold_loss":0,"cards_obtained":[]}],"is_beta":false,"boss_relics":[{"not_picked":["Fusion Hammer","Calling Bell"],"picked":"Runic Dome"},{"not_picked":["White Beast Statue","Sozu"],"picked":"Coffee Dripper"}],"items_purged_floors":[14,22],"is_endless":false,"potions_floor_spawned":[6,8,10,11,12,18,23,25,27,37,39,48],"ascension_level":15}