{"gold_per_floor":[113,113,263,9,22,48,48,78,78,89,89,108,108,127,127,226,226,241,131,152,165,16,16,35,35,35,35,59,100,119,119,119,215,215,239,253,253,34,49,84,84,125,125,125,161,286,320,257,257,257,257,257,257,5,44,44],"floor_reached":57,"playtime":4484,"items_purged":["Doubt","Strike_G","Strike_G","Strike_G"],"score":3446,"play_id":"eb51fa9a-6b4e-462c-afe6-fd72e23961b8","local_time":"20190314113419","is_ascension_mode":true,"campfire_choices":[{"data":"Predator","floor":7.0,"key":"SMITH"},{"data":"Poisoned Stab","floor":15.0,"key":"SMITH"},{"data":"Well Laid Plans","floor":23.0,"key":"SMITH"},{"data":"Footwork","floor":25.0,"key":"SMITH"},{"data":"Neutralize","floor":27.0,"key":"SMITH"},{"data":"Leg Sweep","floor":32.0,"key":"SMITH"},{"data":"Evolve","floor":41.0,"key":"SMITH"},{"floor":44.0,"key":"RECALL"},{"data":"Survivor","floor":49.0,"key":"SMITH"},{"data":"Defend_G","floor":53.0,"key":"SMITH"}],"neow_cost":"NONE","seed_source_timestamp":8621501592414,"circlet_count":0,"master_deck":["AscendersBane","Defend_G+1","Defend_G","Defend_G","Defend_G","Defend_G","Survivor+1","Neutralize+1","Poisoned Stab+1","Predator+1","Leg Sweep+1","Acrobatics+1","Footwork+1","After Image+1","Backflip+1","Well Laid Plans+1","Chaos+1","Flame Barrier+1","Bullet Time+1","Bandage Up+1","Ghostly+1","Ghostly+1","Ghostly+1","The Bomb+1","Evolve+1","Ghostly Armor+1","Tactician+1","Impatience+1","Turbo+1","Gash+1","Coolheaded+1","PiercingWail+1","Scrape+1","Bouncing Flask+1","Headbutt+1"],"special_seed":0,"relics":["Ring of the Snake","NeowsBlessing","Membership Card","Turnip","Calipers","Toxic Egg 2","Golden Idol","Mango","Eternal Feather","PrismaticShard","Molten Egg 2","PreservedInsect","Coffee Dripper","Art of War","Tough Bandages","Pear","Regal Pillow","FossilizedHelix","Omamori","Oddly Smooth Stone","Centennial Puzzle","Bag of Preparation"],"potions_floor_usage":[56,56],"damage_taken":[{"damage":0.0,"enemies":"Jaw Worm","floor":1.0,"turns":1.0},{"damage":0.0,"enemies":"2 Louse","floor":5.0,"turns":1.0},{"damage":0.0,"enemies":"Lagavulin","floor":6.0,"turns":1.0},{"damage":42.0,"enemies":"Gremlin Nob","floor":8.0,"turns":6.0},{"damage":0.0,"enemies":"Cultist","floor":10.0,"turns":2.0},{"damage":0.0,"enemies":"Exordium Wildlife","floor":12.0,"turns":3.0},{"damage":0.0,"enemies":"Blue Slaver","floor":14.0,"turns":4.0},{"damage":21.0,"enemies":"Hexaghost","floor":16.0,"turns":12.0},{"damage":5.0,"enemies":"Spheric Guardian","floor":18.0,"turns":9.0},{"damage":8.0,"enemies":"2 Thieves","floor":20.0,"turns":5.0},{"damage":13.0,"enemies":"Sentry and Sphere","floor":21.0,"turns":15.0},{"damage":0.0,"enemies":"Centurion and Healer","floor":24.0,"turns":12.0},{"damage":0.0,"enemies":"Snecko","floor":28.0,"turns":10.0},{"damage":50.0,"enemies":"Slavers","floor":29.0,"turns":10.0},{"damage":0.0,"enemies":"Shelled Parasite and Fungi","floor":30.0,"turns":6.0},{"damage":1.0,"enemies":"Collector","floor":33.0,"turns":25.0},{"damage":1.0,"enemies":"Orb Walker","floor":35.0,"turns":5.0},{"damage":0.0,"enemies":"3 Darklings","floor":36.0,"turns":4.0},{"damage":0.0,"enemies":"Spire Growth","floor":39.0,"turns":7.0},{"damage":0.0,"enemies":"Reptomancer","floor":40.0,"turns":8.0},{"damage":0.0,"enemies":"Nemesis","floor":42.0,"turns":15.0},{"damage":0.0,"enemies":"Reptomancer","floor":45.0,"turns":7.0},{"damage":0.0,"enemies":"Mind Bloom Boss Battle","floor":46.0,"turns":6.0},{"damage":0.0,"enemies":"Giant Head","floor":47.0,"turns":12.0},{"damage":0.0,"enemies":"Donu and Deca","floor":50.0,"turns":13.0},{"damage":0.0,"enemies":"Time Eater","floor":51.0,"turns":20.0},{"damage":0.0,"enemies":"Shield and Spear","floor":55.0,"turns":8.0},{"damage":0,"enemies":"The Heart","floor":56,"turns":15}],"seed_played":"1231758455399205964","potions_obtained":[{"floor":5.0,"key":"Poison Potion"},{"floor":8.0,"key":"GhostInAJar"},{"floor":16.0,"key":"SkillPotion"},{"floor":18.0,"key":"GhostInAJar"},{"floor":24.0,"key":"Poison Potion"},{"floor":29.0,"key":"Ancient Potion"},{"floor":30.0,"key":"AttackPotion"},{"floor":35.0,"key":"GamblersBrew"},{"floor":55.0,"key":"GhostInAJar"}],"is_trial":false,"path_per_floor":["M","?","?","$","M","E","R","E","T","M","?","M","T","M","R","B",null,"M","?","M","M","$","R","M","R","T","R","M","E","M","?","R","B",null,"M","M","?","$","M","E","R","E","T","R","E","?","E","$","R","B","B",null,"R","$","E","B",null],"character_chosen":"THE_SILENT","items_purchased":["Membership Card","PrismaticShard","Well Laid Plans","Tactician+1","Art of War","Impatience+1","Bouncing Flask+1","Oddly Smooth Stone","Centennial Puzzle"],"campfire_rested":0,"item_purchase_floors":[4,22,22,38,38,38,54,54,54],"current_hp_per_floor":[59,59,59,59,59,59,59,17,17,17,17,17,31,31,31,10,58,53,53,45,32,32,41,41,53,53,65,65,15,15,15,30,35,37,37,37,37,37,37,37,37,47,47,47,47,47,47,47,47,47,47,47,47,47,47,47],"gold":44,"neow_bonus":"THREE_ENEMY_KILL","is_prod":false,"is_daily":false,"chose_seed":false,"campfire_upgraded":9,"win_rate":0,"timestamp":1552534459,"path_taken":["M","?","?","$","M","E","R","E","T","?","?","M","?","M","R","BOSS","M","?","M","M","$","R","M","R","T","R","M","E","?","?","R","BOSS","M","M","?","$","M","E","R","E","T","R","E","?","E","$","R","BOSS","BOSS","R","$","E","BOSS"],"build_version":"2019-01-23","purchased_purges":4,"victory":true,"max_hp_per_floor":[66,66,66,66,66,66,66,66,66,66,60,60,74,74,74,74,74,74,74,74,74,74,74,74,74,74,74,74,74,74,37,37,37,37,37,37,37,37,37,37,37,47,47,47,47,47,47,47,47,47,47,47,47,47,47,47],"card_choices":[{"not_picked":["Slice","Endless Agony"],"picked":"Poisoned Stab","floor":1.0},{"not_picked":["Blade Dance","Distraction"],"picked":"Leg Sweep","floor":5.0},{"not_picked":["Prepared","Skewer","Blur"],"picked":"SKIP","floor":6.0},{"not_picked":["Finisher","Quick Slash","Crippling Poison"],"picked":"SKIP","floor":8.0},{"not_picked":["Reflex+1","PiercingWail+1"],"picked":"Acrobatics+1","floor":10.0},{"not_picked":["Predator","Flying Knee"],"picked":"Footwork","floor":12.0},{"not_picked":["Bane","Acrobatics+1","Finisher"],"picked":"SKIP","floor":14.0},{"not_picked":["Storm of Steel+1","Doppelganger+1"],"picked":"After Image","floor":16.0},{"not_picked":["Blade Dance+1","Bane","Dagger Spray"],"picked":"SKIP","floor":18.0},{"not_picked":["Choke","Storm of Steel+1"],"picked":"Backflip+1","floor":20.0},{"not_picked":["Slice","Cloak And Dagger+1","Dagger Throw"],"picked":"SKIP","floor":21.0},{"not_picked":["Headbutt","Leap+1"],"picked":"Chaos+1","floor":24.0},{"not_picked":["Deflect+1","Wild Strike+1"],"picked":"Flame Barrier+1","floor":28.0},{"not_picked":["Feel No Pain","Perfected Strike+1"],"picked":"Bullet Time+1","floor":29.0},{"not_picked":["Thunderclap+1","Combust"],"picked":"Bandage Up+1","floor":30.0},{"not_picked":["Multi-Cast+1","Reboot+1"],"picked":"The Bomb+1","floor":33.0},{"not_picked":["Dagger Spray+1","Concentrate+1"],"picked":"Evolve","floor":35.0},{"not_picked":["Flying Knee+1","Clash+1"],"picked":"Ghostly Armor+1","floor":36.0},{"not_picked":["Bane+1","Dodge and Roll+1"],"picked":"Turbo+1","floor":39.0},{"not_picked":["Die Die Die+1","Evolve"],"picked":"Gash+1","floor":40.0},{"not_picked":["Prepared+1","Outmaneuver+1"],"picked":"Coolheaded+1","floor":42.0},{"not_picked":["Underhanded Strike+1","Sword Boomerang+1"],"picked":"PiercingWail+1","floor":45.0},{"not_picked":["Rebound+1","PiercingWail+1"],"picked":"Scrape+1","floor":47.0},{"not_picked":["Feel No Pain+1","Warcry+1"],"picked":"Headbutt+1","floor":55.0}],"player_experience":3572389,"relics_obtained":[{"floor":6.0,"key":"Turnip"},{"floor":8.0,"key":"Calipers"},{"floor":9.0,"key":"Toxic Egg 2"},{"floor":13.0,"key":"Mango"},{"floor":26.0,"key":"Molten Egg 2"},{"floor":29.0,"key":"PreservedInsect"},{"floor":40.0,"key":"Tough Bandages"},{"floor":42.0,"key":"Pear"},{"floor":45.0,"key":"Regal Pillow"},{"floor":46.0,"key":"FossilizedHelix"},{"floor":47.0,"key":"Omamori"},{"floor":55.0,"key":"Bag of Preparation"}],"event_choices":[{"damage_healed":0.0,"max_hp_gain":0.0,"max_hp_loss":0.0,"gold_gain":0.0,"cards_transformed":["Strike_G"],"event_name":"Living Wall","player_choice":"Change","floor":2.0,"gold_loss":0.0,"damage_taken":0.0,"cards_obtained":["Predator"]},{"damage_healed":0.0,"max_hp_gain":0.0,"max_hp_loss":0.0,"gold_gain":150.0,"event_name":"Liars Game","player_choice":"AGREE","floor":3.0,"gold_loss":0.0,"damage_taken":0.0,"cards_obtained":["Doubt"]},{"damage_healed":0.0,"max_hp_gain":0.0,"max_hp_loss":6.0,"gold_gain":0.0,"event_name":"Golden Idol","player_choice":"Lose Max HP","floor":11.0,"gold_loss":0.0,"damage_taken":0.0,"relics_obtained":["Golden Idol"]},{"cards_removed":["Strike_G"],"damage_healed":0.0,"max_hp_gain":0.0,"max_hp_loss":0.0,"gold_gain":0.0,"event_name":"Designer","player_choice":"Upgrade and Remove","floor":19.0,"gold_loss":110.0,"damage_taken":0.0,"cards_upgraded":["After Image"]},{"damage_healed":0.0,"max_hp_gain":0.0,"max_hp_loss":37.0,"gold_gain":0.0,"event_name":"Ghosts","player_choice":"Became a Ghost","floor":31.0,"gold_loss":0.0,"damage_taken":0.0,"cards_obtained":["Ghostly","Ghostly","Ghostly"]},{"damage_healed":0.0,"max_hp_gain":0.0,"max_hp_loss":0.0,"gold_gain":0.0,"event_name":"Mysterious Sphere","player_choice":"Ignored","floor":37.0,"gold_loss":0.0,"damage_taken":0.0},{"damage_healed":0.0,"max_hp_gain":0.0,"max_hp_loss":0.0,"gold_gain":0.0,"event_name":"MindBloom","player_choice":"Fight","floor":46.0,"gold_loss":0.0,"damage_taken":0.0}],"is_beta":false,"boss_relics":[{"not_picked":["Orrery","WristBlade"],"picked":"Eternal Feather"},{"not_picked":["Cursed Key","Calling Bell"],"picked":"Coffee Dripper"}],"items_purged_floors":[4,38,48,54],"is_endless":false,"potions_floor_spawned":[5,8,14,16,18,24,29,30,35,36,40,47,55],"ascension_level":20}