{"gold_per_floor":[115,40,40,40,51,82,94,94,94,94,94,113,113,148,160,262,274,309,246,277,289,315,327,360,372,384,437,349,392,406,406,406,499,499,513,110,131,156,281,281,295,295,295,295,334,355,396,419,419,419,419,419,419,104,148,148],"floor_reached":57,"playtime":2045,"items_purged":["Strike_G","Masterful Stab","Calculated Gamble","Adrenaline"],"score":3595,"play_id":"7d6855f0-d00d-4986-b801-8a7036a73863","local_time":"20190729215431","is_ascension_mode":true,"campfire_choices":[{"data":"Prepared","floor":8.0,"key":"SMITH"},{"data":"Deadly Poison","floor":11.0,"key":"SMITH"},{"data":"Acrobatics","floor":15.0,"key":"SMITH"},{"data":"Calculated Gamble","floor":23.0,"key":"SMITH"},{"data":"Tactician","floor":25.0,"key":"SMITH"},{"data":"Flechettes","floor":32.0,"key":"SMITH"},{"data":"1","floor":40.0,"key":"LIFT"},{"data":"2","floor":42,"key":"LIFT"},{"data":"3","floor":44,"key":"LIFT"},{"floor":49,"key":"RECALL"},{"data":"Backflip","floor":53,"key":"SMITH"}],"neow_cost":"NONE","seed_source_timestamp":97152263913804,"circlet_count":0,"master_deck":["AscendersBane","Survivor","Neutralize+1","Acrobatics+1","Deadly Poison+1","Prepared+1","Flechettes+1","Footwork+1","Tactician+1","Calculated Gamble+1","Escape Plan","Backflip+1","Predator","Well Laid Plans+1","Reflex+1"],"special_seed":0,"relics":["Ring of the Snake","NeowsBlessing","Sundial","Frozen Egg 2","Art of War","Golden Idol","MawBank","Pandora\u0027s Box","Dream Catcher","Pen Nib","Sozu","Matryoshka","Girya","Snake Skull","Regal Pillow","Meat on the Bone","Tough Bandages","Bag of Marbles","Paper Crane"],"potions_floor_usage":[56],"damage_taken":[{"damage":0.0,"enemies":"Cultist","floor":1.0,"turns":1.0},{"damage":0.0,"enemies":"2 Louse","floor":5.0,"turns":1.0},{"damage":0.0,"enemies":"Lagavulin","floor":6.0,"turns":1.0},{"damage":1.0,"enemies":"Small Slimes","floor":7.0,"turns":3.0},{"damage":12.0,"enemies":"3 Louse","floor":12.0,"turns":3.0},{"damage":27.0,"enemies":"3 Sentries","floor":14.0,"turns":14.0},{"damage":2.0,"enemies":"The Guardian","floor":16.0,"turns":10.0},{"damage":8.0,"enemies":"2 Thieves","floor":18.0,"turns":2.0},{"damage":0.0,"enemies":"Spheric Guardian","floor":20.0,"turns":1.0},{"damage":0.0,"enemies":"3 Cultists","floor":22.0,"turns":3.0},{"damage":0.0,"enemies":"Snecko","floor":24.0,"turns":1.0},{"damage":0.0,"enemies":"Slavers","floor":27.0,"turns":1.0},{"damage":0.0,"enemies":"Gremlin Leader","floor":29.0,"turns":1.0},{"damage":0.0,"enemies":"Cultist and Chosen","floor":30.0,"turns":1.0},{"damage":0.0,"enemies":"Automaton","floor":33.0,"turns":2.0},{"damage":0.0,"enemies":"3 Darklings","floor":35.0,"turns":1.0},{"damage":0.0,"enemies":"3 Shapes","floor":37.0,"turns":2.0},{"damage":0.0,"enemies":"Writhing Mass","floor":38.0,"turns":2.0},{"damage":0.0,"enemies":"Mind Bloom Boss Battle","floor":39.0,"turns":1.0},{"damage":0,"enemies":"Transient","floor":41,"turns":6},{"damage":0,"enemies":"Reptomancer","floor":45,"turns":1},{"damage":8,"enemies":"4 Shapes","floor":46,"turns":1},{"damage":0,"enemies":"Giant Head","floor":47,"turns":1},{"damage":0,"enemies":"Maw","floor":48,"turns":1},{"damage":0,"enemies":"Donu and Deca","floor":50,"turns":1},{"damage":0,"enemies":"Time Eater","floor":51,"turns":3},{"damage":0,"enemies":"Shield and Spear","floor":55,"turns":1},{"damage":0,"enemies":"The Heart","floor":56,"turns":5}],"seed_played":"7369559379944321919","potions_obtained":[{"floor":5.0,"key":"GhostInAJar"},{"floor":12.0,"key":"Energy Potion"},{"floor":14.0,"key":"SteroidPotion"},{"floor":22.0,"key":"Swift Potion"},{"floor":29.0,"key":"FearPotion"}],"is_trial":false,"path_per_floor":["M","$","?","?","M","E","M","R","T","?","R","M","?","E","R","B",null,"M","?","M","?","M","R","M","R","T","E","$","E","M","?","R","B",null,"M","$","M","M","?","R","M","R","T","R","E","M","E","M","R","B","B",null,"R","$","E","B",null],"character_chosen":"THE_SILENT","items_purchased":["Matryoshka","Bag of Marbles"],"campfire_rested":0,"item_purchase_floors":[36,54],"current_hp_per_floor":[59,59,41,21,21,21,20,20,20,42,42,30,30,3,3,1,45,37,37,37,37,37,37,37,37,37,37,37,37,37,37,37,37,54,54,54,54,54,54,54,54,54,54,54,54,46,46,46,46,46,46,57,57,57,57,57],"gold":148,"neow_bonus":"THREE_ENEMY_KILL","is_prod":false,"is_daily":false,"chose_seed":false,"campfire_upgraded":7,"win_rate":0,"timestamp":1564404871,"path_taken":["M","$","?","?","M","E","M","R","T","?","R","M","?","E","R","BOSS","M","?","M","?","?","R","M","R","T","E","$","E","M","?","R","BOSS","M","$","M","M","?","R","M","R","T","R","E","M","E","M","R","BOSS","BOSS","R","$","E","BOSS"],"build_version":"2019-07-17","purchased_purges":4,"victory":true,"max_hp_per_floor":[66,66,66,66,66,66,66,66,66,66,66,66,60,60,60,60,60,60,60,60,60,60,60,60,60,60,60,60,60,60,60,60,60,60,60,60,60,60,60,60,60,60,60,60,60,60,60,60,60,60,60,60,60,60,60,60],"card_choices":[{"not_picked":["Outmaneuver","Blur"],"picked":"Acrobatics","floor":1.0},{"not_picked":["Acrobatics","Dagger Throw"],"picked":"Deadly Poison","floor":5.0},{"not_picked":["Slice","Deadly Poison","Prepared"],"picked":"SKIP","floor":6.0},{"not_picked":["Slice","Deadly Poison"],"picked":"Prepared","floor":6.0},{"not_picked":["Dodge and Roll","Poisoned Stab","Underhanded Strike"],"picked":"SKIP","floor":7.0},{"not_picked":["Concentrate","Skewer"],"picked":"Flechettes","floor":12.0},{"not_picked":["Slice","Eviscerate","Blade Dance"],"picked":"SKIP","floor":14.0},{"not_picked":["Phantasmal Killer","Tools of the Trade+1"],"picked":"Adrenaline","floor":16.0},{"not_picked":["Dodge and Roll","Expertise","Flying Knee"],"picked":"SKIP","floor":18.0},{"not_picked":["Dagger Throw","Calculated Gamble","Deadly Poison"],"picked":"SKIP","floor":20.0},{"not_picked":["Dagger Throw","Calculated Gamble","Deadly Poison"],"picked":"SKIP","floor":20.0},{"not_picked":["Unload","Sucker Punch","Expertise"],"picked":"SKIP","floor":22.0},{"not_picked":["Blade Dance","Cloak And Dagger","Prepared+1"],"picked":"SKIP","floor":24.0},{"not_picked":["Blur","Bane","Poisoned Stab"],"picked":"SKIP","floor":27.0},{"not_picked":["Blur","Backstab","Slice"],"picked":"SKIP","floor":29.0},{"not_picked":["Slice","Deflect","Sucker Punch"],"picked":"SKIP","floor":30.0},{"not_picked":["Deadly Poison","PiercingWail","Quick Slash"],"picked":"SKIP","floor":35.0},{"not_picked":["Skewer","Dagger Spray+1","Dagger Throw+1"],"picked":"SKIP","floor":37.0},{"not_picked":["Deadly Poison","Tactician","Infinite Blades+1"],"picked":"SKIP","floor":38.0},{"not_picked":["Accuracy+1","PiercingWail","Tactician+1"],"picked":"SKIP","floor":41},{"not_picked":["Deflect","Storm of Steel"],"picked":"Well Laid Plans+1","floor":45},{"not_picked":["Acrobatics","Sucker Punch+1"],"picked":"Reflex+1","floor":46},{"not_picked":["Dagger Throw","Acrobatics","Predator"],"picked":"SKIP","floor":47},{"not_picked":["Dagger Throw","Catalyst","Deadly Poison"],"picked":"SKIP","floor":48},{"not_picked":["Dagger Throw","Deadly Poison+1","Infinite Blades+1"],"picked":"SKIP","floor":55}],"player_experience":679469,"relics_obtained":[{"floor":6.0,"key":"Frozen Egg 2"},{"floor":9.0,"key":"Art of War"},{"floor":14.0,"key":"MawBank"},{"floor":27.0,"key":"Dream Catcher"},{"floor":29.0,"key":"Pen Nib"},{"floor":39.0,"key":"Girya"},{"floor":43,"key":"Snake Skull"},{"floor":43,"key":"Regal Pillow"},{"floor":45,"key":"Meat on the Bone"},{"floor":47,"key":"Tough Bandages"},{"floor":55,"key":"Paper Crane"}],"event_choices":[{"damage_healed":0.0,"max_hp_gain":0.0,"max_hp_loss":0.0,"gold_gain":0.0,"event_name":"Scrap Ooze","player_choice":"Success","floor":3.0,"gold_loss":0.0,"damage_taken":18.0,"relics_obtained":["Sundial"]},{"damage_healed":0.0,"max_hp_gain":0.0,"max_hp_loss":0.0,"gold_gain":0.0,"event_name":"Shining Light","player_choice":"Entered Light","floor":4.0,"gold_loss":0.0,"damage_taken":20.0,"cards_upgraded":["Neutralize","Strike_G"]},{"damage_healed":22.0,"max_hp_gain":0.0,"max_hp_loss":0.0,"gold_gain":0.0,"event_name":"Big Fish","player_choice":"Banana","floor":10.0,"gold_loss":0.0,"damage_taken":0.0},{"damage_healed":0.0,"max_hp_gain":0.0,"max_hp_loss":6.0,"gold_gain":0.0,"event_name":"Golden Idol","player_choice":"Lose Max HP","floor":13.0,"gold_loss":0.0,"damage_taken":0.0,"relics_obtained":["Golden Idol"]},{"cards_removed":["Slice"],"damage_healed":0.0,"max_hp_gain":0.0,"max_hp_loss":0.0,"gold_gain":0.0,"event_name":"Beggar","player_choice":"Gave Gold","floor":19.0,"gold_loss":75.0,"damage_taken":0.0},{"damage_healed":0.0,"max_hp_gain":0.0,"max_hp_loss":0.0,"gold_gain":0.0,"cards_transformed":["Choke"],"event_name":"Transmorgrifier","player_choice":"Transformed","floor":21.0,"gold_loss":0.0,"damage_taken":0.0,"cards_obtained":["Backflip"]},{"damage_healed":0.0,"max_hp_gain":0.0,"max_hp_loss":0.0,"gold_gain":0.0,"cards_transformed":["Eviscerate","Acrobatics"],"event_name":"Drug Dealer","player_choice":"Became Test Subject","floor":31.0,"gold_loss":0.0,"damage_taken":0.0,"cards_obtained":["Calculated Gamble","Predator"]},{"damage_healed":0.0,"max_hp_gain":0.0,"max_hp_loss":0.0,"gold_gain":0.0,"event_name":"MindBloom","player_choice":"Fight","floor":39.0,"gold_loss":0.0,"damage_taken":0.0}],"is_beta":false,"boss_relics":[{"not_picked":["Velvet Choker","Ectoplasm"],"picked":"Pandora\u0027s Box"},{"not_picked":["Philosopher\u0027s Stone","HoveringKite"],"picked":"Sozu"}],"items_purged_floors":[2,28,36,54],"is_endless":false,"potions_floor_spawned":[5,12,14,22,29,30,35,38,46],"ascension_level":20}