{"gold_per_floor":[115,115,28,43,55,55,74,74,98,98,109,109,140,159,159,253,253,277,327,41,41,41,41,79,79,102,102,102,102,118,41,41,140,140,155,76,76,409,424,453,453,488,488,488,513,413,423,435,435,435,435,435,435,82,117,117],"floor_reached":57,"playtime":2578,"items_purged":["Strike_G","Defend_G","Defend_G"],"score":3358,"play_id":"7c9fb0fb-9785-4068-bf9c-450d208967bb","local_time":"20190515164441","is_ascension_mode":true,"campfire_choices":[{"data":"Flechettes","floor":6.0,"key":"SMITH"},{"data":"Neutralize","floor":8.0,"key":"SMITH"},{"floor":15.0,"key":"REST"},{"data":"Tactician","floor":23.0,"key":"SMITH"},{"data":"Backflip","floor":25.0,"key":"SMITH"},{"data":"Calculated Gamble","floor":32.0,"key":"SMITH"},{"data":"Well Laid Plans","floor":41.0,"key":"SMITH"},{"floor":44,"key":"RECALL"},{"data":"Malaise","floor":49,"key":"SMITH"},{"data":"Terror","floor":53,"key":"SMITH"}],"neow_cost":"PERCENT_DAMAGE","seed_source_timestamp":16845477605650,"circlet_count":0,"master_deck":["AscendersBane","Defend_G","Survivor","Neutralize+1","Terror+1","Tactician+1","Backflip+1","Corpse Explosion+1","Flechettes+1","Blur","Ghostly","Ghostly","Ghostly","Adrenaline","After Image","Calculated Gamble+1","Malaise+1","Well Laid Plans+1","Acrobatics+1"],"special_seed":0,"relics":["Ring of the Snake","Lantern","Pen Nib","Astrolabe","TheAbacus","Orichalcum","Mercury Hourglass","Black Star","Pocketwatch","Blood Vial","Art of War","Singing Bowl","Molten Egg 2","Meat on the Bone","Ancient Tea Set","Frozen Eye","Mummified Hand","Dodecahedron"],"potions_floor_usage":[56],"damage_taken":[{"damage":4.0,"enemies":"Small Slimes","floor":1.0,"turns":7.0},{"damage":0.0,"enemies":"Cultist","floor":4.0,"turns":4.0},{"damage":0.0,"enemies":"2 Louse","floor":5.0,"turns":3.0},{"damage":1.0,"enemies":"Looter","floor":7.0,"turns":3.0},{"damage":0.0,"enemies":"2 Fungi Beasts","floor":11.0,"turns":4.0},{"damage":30.0,"enemies":"3 Sentries","floor":13.0,"turns":22.0},{"damage":0.0,"enemies":"Blue Slaver","floor":14.0,"turns":2.0},{"damage":9.0,"enemies":"The Guardian","floor":16.0,"turns":15.0},{"damage":4.0,"enemies":"2 Thieves","floor":18.0,"turns":2.0},{"damage":2.0,"enemies":"Gremlin Leader","floor":24.0,"turns":7.0},{"damage":0.0,"enemies":"Spheric Guardian","floor":30.0,"turns":7.0},{"damage":7.0,"enemies":"Collector","floor":33.0,"turns":7.0},{"damage":0.0,"enemies":"3 Darklings","floor":35.0,"turns":4.0},{"damage":0.0,"enemies":"3 Shapes","floor":39.0,"turns":3.0},{"damage":4.0,"enemies":"Nemesis","floor":40.0,"turns":6.0},{"damage":0,"enemies":"Giant Head","floor":42,"turns":4},{"damage":0,"enemies":"Nemesis","floor":45,"turns":5},{"damage":0,"enemies":"Writhing Mass","floor":47,"turns":3},{"damage":0,"enemies":"Maw","floor":48,"turns":4},{"damage":0,"enemies":"Time Eater","floor":50,"turns":7},{"damage":0,"enemies":"Awakened One","floor":51,"turns":5},{"damage":0,"enemies":"Shield and Spear","floor":55,"turns":4},{"damage":0,"enemies":"The Heart","floor":56,"turns":7}],"seed_played":"191470972702430406","potions_obtained":[{"floor":1.0,"key":"SneckoOil"},{"floor":4.0,"key":"EssenceOfSteel"},{"floor":16.0,"key":"Swift Potion"},{"floor":24.0,"key":"Energy Potion"},{"floor":39.0,"key":"SteroidPotion"},{"floor":40.0,"key":"Energy Potion"},{"floor":42,"key":"PowerPotion"}],"is_trial":false,"path_per_floor":["M","?","$","M","M","R","M","R","T","?","M","?","E","M","R","B",null,"M","?","$","?","$","R","E","R","T","?","?","T","M","$","R","B",null,"M","$","?","?","M","E","R","E","T","R","E","$","M","M","R","B","B",null,"R","$","E","B",null],"character_chosen":"THE_SILENT","items_purchased":["Flechettes","TheAbacus","Calculated Gamble","Well Laid Plans","Frozen Eye"],"campfire_rested":1,"item_purchase_floors":[3,20,31,36,54],"current_hp_per_floor":[40,40,40,40,40,40,39,39,39,39,39,39,9,9,27,18,50,46,46,46,30,30,30,28,28,28,28,28,28,28,28,28,21,28,28,28,28,28,28,24,24,28,28,28,32,32,34,36,36,36,36,36,36,36,38,38],"gold":117,"neow_bonus":"REMOVE_TWO","is_prod":false,"is_daily":false,"chose_seed":false,"campfire_upgraded":8,"win_rate":0,"timestamp":1557909881,"path_taken":["M","?","$","M","?","R","M","R","T","?","M","?","E","M","R","BOSS","M","?","$","?","?","R","E","R","T","?","?","?","?","$","R","BOSS","M","$","?","?","M","E","R","E","T","R","E","?","?","M","R","BOSS","BOSS","R","$","E","BOSS"],"build_version":"2019-01-23","purchased_purges":3,"victory":true,"max_hp_per_floor":[66,66,66,66,66,66,66,66,66,66,66,60,60,60,60,60,60,60,60,60,30,30,30,30,30,30,30,30,30,30,30,30,30,30,30,30,28,28,28,28,28,30,30,30,32,32,34,36,36,36,36,36,36,36,38,38],"card_choices":[{"not_picked":["Reflex","Choke"],"picked":"Terror","floor":1.0},{"not_picked":["Cloak And Dagger","Catalyst"],"picked":"Blur","floor":4.0},{"not_picked":["Blade Dance","Prepared","Poisoned Stab"],"picked":"SKIP","floor":5.0},{"not_picked":["Bane","PiercingWail","Underhanded Strike"],"picked":"SKIP","floor":7.0},{"not_picked":["Sucker Punch","Cloak And Dagger"],"picked":"Tactician","floor":11.0},{"not_picked":["Sucker Punch","Accuracy","Flechettes"],"picked":"SKIP","floor":13.0},{"not_picked":["Blade Dance","Flying Knee"],"picked":"Backflip","floor":14.0},{"not_picked":["Noxious Fumes","Poisoned Stab"],"picked":"Blur","floor":18.0},{"not_picked":["Bane","Sucker Punch","Reflex+1"],"picked":"SKIP","floor":24.0},{"not_picked":["Dagger Throw","Dagger Spray","Terror+1"],"picked":"SKIP","floor":30.0},{"not_picked":["Doppelganger","Die Die Die"],"picked":"Malaise","floor":33.0},{"not_picked":["Masterful Stab","Poisoned Stab","Outmaneuver"],"picked":"SKIP","floor":35.0},{"not_picked":["Sucker Punch+1","Backstab","Flying Knee"],"picked":"SKIP","floor":39.0},{"not_picked":["Slice","Blade Dance"],"picked":"Acrobatics+1","floor":40.0},{"not_picked":["Concentrate","Calculated Gamble+1","PiercingWail"],"picked":"Singing Bowl","floor":42},{"not_picked":["Reflex","Dodge and Roll+1","Caltrops"],"picked":"Singing Bowl","floor":45},{"not_picked":["Underhanded Strike+1","Crippling Poison","Quick Slash+1"],"picked":"Singing Bowl","floor":47},{"not_picked":["Bouncing Flask","Footwork","Eviscerate+1"],"picked":"Singing Bowl","floor":48},{"not_picked":["Prepared","Predator+1","Deadly Poison"],"picked":"Singing Bowl","floor":55}],"player_experience":4781652,"relics_obtained":[{"floor":9.0,"key":"Lantern"},{"floor":13.0,"key":"Pen Nib"},{"floor":24.0,"key":"Orichalcum"},{"floor":29.0,"key":"Mercury Hourglass"},{"floor":40.0,"key":"Pocketwatch"},{"floor":40.0,"key":"Blood Vial"},{"floor":42,"key":"Art of War"},{"floor":42,"key":"Singing Bowl"},{"floor":43,"key":"Molten Egg 2"},{"floor":45,"key":"Meat on the Bone"},{"floor":45,"key":"Ancient Tea Set"},{"floor":55,"key":"Mummified Hand"},{"floor":55,"key":"Dodecahedron"}],"event_choices":[{"cards_removed":["Defend_G"],"damage_healed":0.0,"max_hp_gain":0.0,"max_hp_loss":0.0,"gold_gain":0.0,"event_name":"Purifier","player_choice":"Purged","floor":2.0,"gold_loss":0.0,"damage_taken":0.0},{"cards_removed":["Strike_G"],"damage_healed":0.0,"max_hp_gain":0.0,"max_hp_loss":0.0,"gold_gain":0.0,"event_name":"Living Wall","player_choice":"Forget","floor":10.0,"gold_loss":0.0,"damage_taken":0.0},{"damage_healed":0.0,"max_hp_gain":0.0,"max_hp_loss":6.0,"gold_gain":0.0,"event_name":"Golden Idol","player_choice":"Lose Max HP","floor":12.0,"gold_loss":0.0,"damage_taken":0.0,"relics_obtained":["Golden Idol"]},{"damage_healed":0.0,"max_hp_gain":0.0,"max_hp_loss":0.0,"gold_gain":50.0,"event_name":"Nest","player_choice":"Stole From Cult","floor":19.0,"gold_loss":0.0,"damage_taken":0.0},{"damage_healed":0.0,"max_hp_gain":0.0,"max_hp_loss":30.0,"gold_gain":0.0,"event_name":"Ghosts","player_choice":"Became a Ghost","floor":21.0,"gold_loss":0.0,"damage_taken":0.0,"cards_obtained":["Ghostly","Ghostly","Ghostly"]},{"damage_healed":0.0,"max_hp_gain":0.0,"max_hp_loss":0.0,"gold_gain":0.0,"cards_transformed":["Strike_G","Bullet Time"],"event_name":"Drug Dealer","player_choice":"Became Test Subject","floor":27.0,"gold_loss":0.0,"damage_taken":0.0,"cards_obtained":["Adrenaline","After Image"]},{"damage_healed":0.0,"max_hp_gain":0.0,"max_hp_loss":0.0,"gold_gain":0.0,"event_name":"Vampires","player_choice":"Ignored","floor":28.0,"gold_loss":0.0,"damage_taken":0.0},{"damage_healed":0.0,"max_hp_gain":0.0,"max_hp_loss":2.0,"gold_gain":0.0,"event_name":"Winding Halls","player_choice":"Max HP","floor":37.0,"gold_loss":0.0,"damage_taken":0.0},{"damage_healed":0.0,"max_hp_gain":0.0,"max_hp_loss":0.0,"gold_gain":333.0,"event_name":"The Moai Head","player_choice":"Gave Idol","floor":38.0,"relics_lost":["Golden Idol"],"gold_loss":0.0,"damage_taken":0.0}],"is_beta":false,"boss_relics":[{"not_picked":["Busted Crown","Ectoplasm"],"picked":"Astrolabe"},{"not_picked":["Orrery","Fusion Hammer"],"picked":"Black Star"}],"items_purged_floors":[20,46,54],"is_endless":false,"potions_floor_spawned":[1,4,16,24,39,40,42,45,55],"ascension_level":20}