{"path_per_floor":["M","?","M","$","M","E","R","M","T","R","?","E","$","?","R","B",null,"M","M","$","M","M","E","R","E","T","M","?","R","M","?","R"],"character_chosen":"IRONCLAD","items_purchased":[],"gold_per_floor":[118,68,79,4,20,54,54,72,72,72,72,107,7,7,7,112,112,124,135,10,29,46,71,71,97,97,112,112,112,123,123,123,123],"floor_reached":33,"campfire_rested":1,"playtime":1331,"item_purchase_floors":[],"current_hp_per_floor":[74,74,76,76,80,50,50,52,52,52,52,54,54,54,54,14,80,74,39,39,36,43,29,53,40,40,42,42,42,48,32,32,0],"items_purged":["Defend_R","Strike_R","Normality"],"gold":123,"score":320,"play_id":"072e549d-75a2-41e9-9dbb-d607ae05e5af","local_time":"20180526132350","is_prod":false,"is_daily":false,"chose_seed":false,"is_ascension_mode":false,"campfire_upgraded":5,"win_rate":0.0,"timestamp":1527333830,"campfire_choices":[{"data":"Inflame","floor":7,"key":"SMITH"},{"data":"Offering","floor":10,"key":"SMITH"},{"data":"Carnage","floor":15,"key":"SMITH"},{"floor":24,"key":"REST"},{"data":"Flex","floor":29,"key":"SMITH"},{"data":"Bash","floor":32,"key":"SMITH"}],"path_taken":["M","?","M","$","M","E","R","?","T","R","?","E","?","?","R","BOSS","M","M","$","M","M","E","R","E","T","M","?","R","M","?","R","BOSS"],"build_version":"2018-05-25","seed_source_timestamp":11157803278999,"purchased_purges":3,"victory":false,"master_deck":["Strike_R+1","Strike_R+1","Strike_R+1","Defend_R+1","Defend_R+1","Defend_R+1","Bash+1","Inflame+1","Carnage+1","Offering+1","Flex+1","Flex+1","Cleave+1"],"max_hp_per_floor":[80,80,80,80,80,80,80,80,80,80,80,80,80,80,80,80,80,80,80,80,80,80,80,80,80,80,80,80,80,80,80,80,80],"relics":["Black Blood","Bronze Scales","Kunai","Sundial","Happy Flower","Oddly Smooth Stone","Darkstone Periapt","Potion Belt","Nilry\u0027s Codex"],"card_choices":[{"not_picked":["Anger","Pommel Strike","Perfected Strike"],"picked":"SKIP","floor":1},{"not_picked":["Clothesline","Reckless Charge"],"picked":"Inflame","floor":3},{"not_picked":["Fire Breathing","Uppercut"],"picked":"Carnage","floor":5},{"not_picked":["Anger","Seeing Red"],"picked":"Offering","floor":6},{"not_picked":["Pommel Strike","Searing Blow","Headbutt"],"picked":"SKIP","floor":8},{"not_picked":["Clothesline","Brutality","Perfected Strike"],"picked":"SKIP","floor":12},{"not_picked":["Anger","Headbutt"],"picked":"Flex","floor":18},{"not_picked":["Reckless Charge","Anger","Headbutt+1"],"picked":"SKIP","floor":19},{"not_picked":["Perfected Strike","Anger+1","Body Slam+1"],"picked":"SKIP","floor":21},{"not_picked":["Perfected Strike","True Grit+1","Intimidate"],"picked":"SKIP","floor":22},{"not_picked":["True Grit","Sword Boomerang+1"],"picked":"Flex+1","floor":23},{"not_picked":["Shockwave","Headbutt"],"picked":"Cleave+1","floor":25},{"not_picked":["Reckless Charge","Fire Breathing","Combust"],"picked":"SKIP","floor":27},{"not_picked":["Brutality","Flex","Carnage"],"picked":"SKIP","floor":30}],"player_experience":67524,"potions_floor_usage":[18,22,23,25,33,33],"damage_taken":[{"damage":12,"enemies":"Jaw Worm","floor":1,"turns":5},{"damage":4,"enemies":"2 Louse","floor":3,"turns":3},{"damage":1,"enemies":"Cultist","floor":5,"turns":3},{"damage":36,"enemies":"Lagavulin","floor":6,"turns":6},{"damage":4,"enemies":"Looter","floor":8,"turns":2},{"damage":4,"enemies":"Gremlin Nob","floor":12,"turns":2},{"damage":46,"enemies":"Hexaghost","floor":16,"turns":6},{"damage":16,"enemies":"Shell Parasite","floor":18,"turns":2},{"damage":45,"enemies":"3 Byrds","floor":19,"turns":3},{"damage":13,"enemies":"3 Cultists","floor":21,"turns":4},{"damage":11,"enemies":"Centurion and Healer","floor":22,"turns":5},{"damage":24,"enemies":"Slavers","floor":23,"turns":4},{"damage":23,"enemies":"Book of Stabbing","floor":25,"turns":4},{"damage":8,"enemies":"Sentry and Sphere","floor":27,"turns":3},{"damage":4,"enemies":"3 Cultists","floor":30,"turns":3},{"damage":37,"enemies":"Champ","floor":33,"turns":6}],"relics_obtained":[{"floor":6,"key":"Bronze Scales"},{"floor":9,"key":"Kunai"},{"floor":12,"key":"Sundial"},{"floor":23,"key":"Oddly Smooth Stone"},{"floor":25,"key":"Darkstone Periapt"},{"floor":26,"key":"Potion Belt"},{"floor":31,"key":"Nilry\u0027s Codex"}],"event_choices":[{"event_name":"The Cleric","player_choice":"Card Removal","floor":2,"damage_taken":0},{"event_name":"The Lab","player_choice":"Got Potions","floor":11,"damage_taken":0},{"event_name":"Accursed Blacksmith","player_choice":"Rummage","floor":14,"damage_taken":0},{"event_name":"Back to Basics","player_choice":"Simplicity","floor":28,"damage_taken":0},{"event_name":"Cursed Tome","player_choice":"Obtained Book","floor":31,"damage_taken":0}],"boss_relics":[{"not_picked":["Tiny House","Cursed Key"],"picked":"Black Blood"}],"items_purged_floors":[4,13,20],"potions_floor_spawned":[6,16,21,25,27,30],"seed_played":"-5070482743742164267","killed_by":"Champ","ascension_level":0,"potions_obtained":[{"floor":6,"key":"Weak Potion"},{"floor":11,"key":"Dexterity Potion"},{"floor":11,"key":"SpeedPotion"},{"floor":11,"key":"AttackPotion"},{"floor":16,"key":"SteroidPotion"},{"floor":21,"key":"BloodPotion"},{"floor":25,"key":"SneckoOil"},{"floor":27,"key":"Dexterity Potion"},{"floor":30,"key":"SteroidPotion"}],"is_trial":false}