{"gold_per_floor":[114,39,39,114,114,145,145,178,231,231,243,271,282,293,293,370,370,385,310,326,112,112,112,128,146,215,215,235,255,285,299,299,376,376,393,412,92,92,0,0,0,12,12,12,12,12,22,40,40,40],"floor_reached":50,"playtime":1636,"items_purged":["Strike_B","Strike_B"],"score":984,"play_id":"7c053f19-1c28-4d62-b1c6-dbbff6b5eec1","local_time":"20181012003824","is_ascension_mode":true,"campfire_choices":[{"data":"Zap","floor":7.0,"key":"SMITH"},{"data":"White Noise","floor":10.0,"key":"SMITH"},{"data":"Go for the Eyes","floor":15.0,"key":"SMITH"},{"data":"Dualcast","floor":23.0,"key":"SMITH"},{"floor":27.0,"key":"REST"},{"floor":32.0,"key":"REST"},{"floor":40,"key":"REST"},{"data":"Creative AI","floor":45,"key":"SMITH"},{"floor":49,"key":"REST"}],"neow_cost":"NONE","seed_source_timestamp":88240660727856,"circlet_count":0,"master_deck":["Strike_B+1","Defend_B+1","Defend_B","Defend_B","Zap+1","Dualcast+1","AscendersBane","Leap","White Noise+1","Seek","FTL+1","Go for the Eyes+1","Hologram","All For One+1","Turbo","Scrape","Streamline","Turbo","Steam+1","Conserve Battery","Creative AI+1","Beam Cell","Echo Form","Go for the Eyes","Consume+1"],"special_seed":0,"relics":["Cracked Core","NeowsBlessing","Art of War","Shuriken","DataDisk","Omamori","Runic Pyramid","Mummified Hand","The Courier","Busted Crown","Runic Capacitor","Whetstone","Red Mask","Darkstone Periapt"],"potions_floor_usage":[],"damage_taken":[{"damage":0.0,"enemies":"Jaw Worm","floor":1.0,"turns":1.0},{"damage":0.0,"enemies":"3 Sentries","floor":6.0,"turns":2.0},{"damage":0.0,"enemies":"Gremlin Nob","floor":8.0,"turns":1.0},{"damage":13.0,"enemies":"Small Slimes","floor":11.0,"turns":2.0},{"damage":5.0,"enemies":"3 Sentries","floor":12.0,"turns":3.0},{"damage":0.0,"enemies":"Cultist","floor":13.0,"turns":3.0},{"damage":0.0,"enemies":"Looter","floor":14.0,"turns":3.0},{"damage":8.0,"enemies":"The Guardian","floor":16.0,"turns":10.0},{"damage":21.0,"enemies":"3 Byrds","floor":18.0,"turns":4.0},{"damage":12.0,"enemies":"Shell Parasite","floor":20.0,"turns":3.0},{"damage":9.0,"enemies":"Snecko","floor":24.0,"turns":3.0},{"damage":1.0,"enemies":"Centurion and Healer","floor":25.0,"turns":3.0},{"damage":4.0,"enemies":"3 Cultists","floor":28.0,"turns":4.0},{"damage":0.0,"enemies":"Snake Plant","floor":29.0,"turns":4.0},{"damage":5.0,"enemies":"Gremlin Leader","floor":30.0,"turns":5.0},{"damage":0.0,"enemies":"Cultist and Chosen","floor":31.0,"turns":5.0},{"damage":9.0,"enemies":"Champ","floor":33.0,"turns":7.0},{"damage":33,"enemies":"3 Shapes","floor":35,"turns":3},{"damage":14,"enemies":"Orb Walker","floor":36,"turns":4},{"damage":30,"enemies":"3 Darklings","floor":42,"turns":5},{"damage":2,"enemies":"Sphere and 2 Shapes","floor":47,"turns":3},{"damage":38,"enemies":"4 Shapes","floor":48,"turns":6},{"damage":26,"enemies":"Awakened One","floor":50,"turns":3}],"seed_played":"7708450248152637874","potions_obtained":[{"floor":6.0,"key":"Energy Potion"},{"floor":8.0,"key":"PowerPotion"},{"floor":16.0,"key":"Fire Potion"},{"floor":30.0,"key":"AttackPotion"},{"floor":36,"key":"EssenceOfSteel"},{"floor":42,"key":"SpeedPotion"}],"is_trial":false,"path_per_floor":["M","$","?","?","?","E","R","E","T","R","M","E","M","M","R","B",null,"M","?","M","$","?","R","M","M","T","R","M","M","E","M","R","B",null,"M","M","$","?","?","R","$","M","T","?","R","?","M","M","R"],"character_chosen":"DEFECT","items_purchased":["Streamline","Turbo","Runic Capacitor","Whetstone"],"campfire_rested":4,"item_purchase_floors":[21,21,37,37],"current_hp_per_floor":[64,64,43,32,32,32,32,32,32,32,19,14,14,14,14,6,55,34,34,22,22,22,22,13,12,12,33,29,29,24,24,45,36,62,29,15,15,15,15,36,36,6,6,71,71,71,69,31,52,26],"gold":40,"neow_bonus":"THREE_ENEMY_KILL","is_prod":false,"is_daily":false,"chose_seed":false,"campfire_upgraded":5,"win_rate":0,"timestamp":1539275904,"path_taken":["M","$","?","?","?","E","R","E","T","R","?","E","?","M","R","BOSS","M","?","M","$","?","R","M","M","T","R","M","?","E","M","R","BOSS","M","M","$","?","?","R","$","M","T","?","R","?","M","?","R","BOSS"],"build_version":"2018-10-04v2","purchased_purges":2,"victory":false,"max_hp_per_floor":[71,71,71,71,71,71,71,71,71,71,71,71,71,71,71,71,71,71,71,71,71,71,71,71,71,71,71,71,71,71,71,71,71,71,71,71,71,71,71,71,71,71,71,71,71,71,71,71,71,71],"card_choices":[{"not_picked":["Cold Snap","Lockon"],"picked":"Leap","floor":1.0},{"not_picked":["Chaos","Stack","Rebound"],"picked":"SKIP","floor":6.0},{"not_picked":["Steam Power","Chaos"],"picked":"Seek","floor":8.0},{"not_picked":["Aggregate","Cold Snap"],"picked":"Sunder","floor":11.0},{"not_picked":["Rip and Tear","Barrage"],"picked":"FTL","floor":12.0},{"not_picked":["Compile Driver","Stack"],"picked":"Go for the Eyes","floor":13.0},{"not_picked":["Turbo","Hello World"],"picked":"Hologram","floor":14.0},{"not_picked":["Creative AI","Electrodynamics"],"picked":"All For One","floor":16.0},{"not_picked":["Go for the Eyes","Tempest"],"picked":"Turbo","floor":18.0},{"not_picked":["Consume","Coolheaded"],"picked":"Scrape","floor":20.0},{"not_picked":["Aggregate","Rip and Tear"],"picked":"Steam+1","floor":24.0},{"not_picked":["Steam Power","Compile Driver","Stack"],"picked":"SKIP","floor":25.0},{"not_picked":["Compile Driver","Turbo"],"picked":"Conserve Battery","floor":28.0},{"not_picked":["Self Repair","Steam"],"picked":"Creative AI","floor":29.0},{"not_picked":["Heatsinks","Genetic Algorithm","Hologram"],"picked":"SKIP","floor":30.0},{"not_picked":["Cold Snap","Compile Driver"],"picked":"Beam Cell","floor":31.0},{"not_picked":["Thunder Strike","Machine Learning"],"picked":"Echo Form","floor":33.0},{"not_picked":["Conserve Battery"],"picked":"SKIP","floor":35},{"not_picked":[],"picked":"Go for the Eyes","floor":36},{"not_picked":[],"picked":"Consume+1","floor":42},{"not_picked":["Conserve Battery"],"picked":"SKIP","floor":47},{"not_picked":["Ball Lightning"],"picked":"SKIP","floor":48}],"player_experience":286560,"relics_obtained":[{"floor":6.0,"key":"Art of War"},{"floor":8.0,"key":"Shuriken"},{"floor":9.0,"key":"DataDisk"},{"floor":12.0,"key":"Omamori"},{"floor":26.0,"key":"Mummified Hand"},{"floor":30.0,"key":"The Courier"},{"floor":43,"key":"Darkstone Periapt"}],"event_choices":[{"event_name":"Shining Light","player_choice":"Entered Light","floor":3.0,"damage_taken":0.0},{"event_name":"World of Goop","player_choice":"Gather Gold","floor":4.0,"damage_taken":0.0},{"event_name":"Living Wall","player_choice":"Change","floor":5.0,"damage_taken":0.0},{"event_name":"Beggar","player_choice":"Gave Gold","floor":19.0,"damage_taken":0.0},{"event_name":"Back to Basics","player_choice":"Elegance","floor":22.0,"damage_taken":0.0},{"event_name":"SecretPortal","player_choice":"Rejected Portal.","floor":38,"damage_taken":0},{"event_name":"Tomb of Lord Red Mask","player_choice":"Paid","floor":39,"damage_taken":0},{"event_name":"MindBloom","player_choice":"Heal","floor":44,"damage_taken":0},{"event_name":"Winding Halls","player_choice":"Writhe","floor":46,"damage_taken":0}],"is_beta":false,"boss_relics":[{"not_picked":["Lizard Tail","Eternal Feather"],"picked":"Runic Pyramid"},{"not_picked":["Nuclear Battery","Tiny House"],"picked":"Busted Crown"}],"items_purged_floors":[2,21],"is_endless":false,"potions_floor_spawned":[6,8,11,16,18,25,29,30,36,42],"killed_by":"Awakened One","ascension_level":17}