{"gold_per_floor":[118,118,133,148,167,167,202,202,202,202],"floor_reached":10,"playtime":265,"items_purged":[],"score":136,"play_id":"4c4ee5f8-59dd-4b6d-b46d-e79ffcc47772","local_time":"20190110135321","is_ascension_mode":true,"campfire_choices":[{"data":"Rip and Tear","floor":6,"key":"SMITH"},{"data":"Chaos","floor":8,"key":"SMITH"}],"neow_cost":"NONE","seed_source_timestamp":7320152441307,"circlet_count":0,"master_deck":["AscendersBane","Strike_B","Strike_B","Strike_B","Strike_B","Defend_B","Defend_B","Defend_B","Defend_B","Zap","Dualcast","Gash","Rip and Tear+1","Undo","Chaos+1"],"relics":["Nuclear Battery","Golden Idol","Bottled Lightning","Singing Bowl"],"potions_floor_usage":[],"damage_taken":[{"damage":4,"enemies":"Small Slimes","floor":1,"turns":4},{"damage":14,"enemies":"Jaw Worm","floor":3,"turns":4},{"damage":2,"enemies":"Cultist","floor":4,"turns":4},{"damage":15,"enemies":"Red Slaver","floor":5,"turns":4},{"damage":4,"enemies":"Lagavulin","floor":7,"turns":7},{"damage":31,"enemies":"3 Sentries","floor":10,"turns":7}],"seed_played":"4187748091095591790","potions_obtained":[{"floor":5,"key":"Ancient Potion"}],"is_trial":false,"path_per_floor":["M","?","M","M","M","R","E","R","T","E"],"character_chosen":"DEFECT","items_purchased":[],"campfire_rested":0,"item_purchase_floors":[],"current_hp_per_floor":[60,60,46,44,29,29,25,25,25,0],"gold":202,"neow_bonus":"BOSS_RELIC","is_prod":false,"is_daily":false,"chose_seed":false,"campfire_upgraded":2,"win_rate":0,"timestamp":1547099601,"path_taken":["M","?","M","M","M","R","E","R","T","E"],"build_version":"2019-01-03v4","purchased_purges":0,"victory":false,"max_hp_per_floor":[71,64,64,64,64,64,64,64,64,64],"card_choices":[{"not_picked":["Sweeping Beam","Streamline"],"picked":"Gash","floor":1},{"not_picked":["Barrage","Compile Driver"],"picked":"Rip and Tear","floor":3},{"not_picked":["Thunder Strike","Cold Snap","Leap"],"picked":"SKIP","floor":4},{"not_picked":["Go for the Eyes","Beam Cell"],"picked":"Undo","floor":5},{"not_picked":["Reprogram","Hello World"],"picked":"Chaos","floor":7}],"player_experience":1905342,"relics_obtained":[{"floor":7,"key":"Bottled Lightning"},{"floor":9,"key":"Singing Bowl"}],"event_choices":[{"damage_healed":0,"gold_gain":0,"player_choice":"Lose Max HP","damage_taken":0,"relics_obtained":["Golden Idol"],"max_hp_gain":0,"max_hp_loss":7,"event_name":"Golden Idol","floor":2,"gold_loss":0}],"is_beta":false,"boss_relics":[],"items_purged_floors":[],"is_endless":false,"potions_floor_spawned":[5],"killed_by":"3 Sentries","ascension_level":20}