{"gold_per_floor":[114,114,3,23,34,34,54,69,69,69,81,81,114,133,133,232,232,172,21,21,21,21,21,21,21,21,21,21,21,21,21,21,21,21,21,21,21,21,21,21,21,21,21,21,21,21,21,21,21,21],"floor_reached":51,"playtime":1560,"items_purged":["Strike_B"],"score":671,"play_id":"35ff9124-a573-4783-96ee-3276507acfb5","local_time":"20190617212017","is_ascension_mode":false,"campfire_choices":[{"data":"Consume","floor":6.0,"key":"SMITH"},{"data":"Loop","floor":10.0,"key":"SMITH"},{"data":"Recycle","floor":12.0,"key":"SMITH"},{"data":"Capacitor","floor":15,"key":"SMITH"},{"data":"Coolheaded","floor":28,"key":"SMITH"},{"data":"Coolheaded","floor":30,"key":"SMITH"},{"data":"Dualcast","floor":32,"key":"SMITH"},{"floor":40,"key":"REST"},{"data":"Turbo","floor":42,"key":"SMITH"},{"floor":44,"key":"REST"},{"floor":47,"key":"REST"},{"data":"1","floor":49,"key":"LIFT"}],"neow_cost":"NONE","seed_source_timestamp":32509280911079,"circlet_count":0,"master_deck":["Strike_B","Strike_B","Defend_B","Defend_B","Defend_B","Defend_B","Zap","Dualcast+1","Capacitor+1","Consume+1","Loop+1","Core Surge","Tempest","Cold Snap","Recycle+1","Buffer+1","Heatsinks+1","Capacitor+1","White Noise","Coolheaded+1","Coolheaded+1","Undo","Creative AI+1","Turbo+1","Cold Snap+1","White Noise+1","Chill","Turbo+1"],"special_seed":0,"relics":["Cracked Core","Girya","Frozen Egg 2","Ectoplasm","Lantern","Pantograph","Philosopher\u0027s Stone","Dead Branch","Molten Egg 2"],"potions_floor_usage":[14,18,31,50,50],"damage_taken":[{"damage":1.0,"enemies":"2 Louse","floor":1.0,"turns":2.0},{"damage":1.0,"enemies":"Cultist","floor":4.0,"turns":4.0},{"damage":6.0,"enemies":"Jaw Worm","floor":5.0,"turns":4.0},{"damage":6.0,"enemies":"3 Louse","floor":7.0,"turns":4.0},{"damage":13.0,"enemies":"Lots of Slimes","floor":8.0,"turns":3.0},{"damage":10.0,"enemies":"Blue Slaver","floor":11.0,"turns":3.0},{"damage":18,"enemies":"Gremlin Nob","floor":13,"turns":3},{"damage":9,"enemies":"Large Slime","floor":14,"turns":4},{"damage":7,"enemies":"Hexaghost","floor":16,"turns":8},{"damage":10,"enemies":"2 Thieves","floor":18,"turns":4},{"damage":8,"enemies":"Shell Parasite","floor":22,"turns":5},{"damage":0,"enemies":"Centurion and Healer","floor":23,"turns":8},{"damage":0,"enemies":"Snecko","floor":24,"turns":5},{"damage":13,"enemies":"3 Cultists","floor":25,"turns":7},{"damage":0,"enemies":"Centurion and Healer","floor":29,"turns":7},{"damage":0,"enemies":"Slavers","floor":31,"turns":1},{"damage":14,"enemies":"Champ","floor":33,"turns":9},{"damage":0,"enemies":"3 Shapes","floor":35,"turns":5},{"damage":20,"enemies":"Orb Walker","floor":37,"turns":3},{"damage":0,"enemies":"Mind Bloom Boss Battle","floor":38,"turns":4},{"damage":48,"enemies":"4 Shapes","floor":39,"turns":4},{"damage":40,"enemies":"Jaw Worm Horde","floor":45,"turns":4},{"damage":0,"enemies":"Transient","floor":46,"turns":5},{"damage":3,"enemies":"Awakened One","floor":50,"turns":10}],"seed_played":"8696329556400679300","potions_obtained":[{"floor":5.0,"key":"Dexterity Potion"},{"floor":8.0,"key":"Fire Potion"},{"floor":13,"key":"SteroidPotion"},{"floor":14,"key":"Dexterity Potion"},{"floor":16,"key":"SkillPotion"},{"floor":24,"key":"SmokeBomb"},{"floor":37,"key":"SteroidPotion"}],"is_trial":false,"path_per_floor":["M","?","$","M","M","R","M","M","T","R","M","R","E","M","R","B",null,"M","$","$","?","M","M","M","M","T","T","R","M","R","E","R","B",null,"M","?","M","?","M","R","$","R","T","R","M","M","R","$","R","B",null],"character_chosen":"DEFECT","items_purchased":["Consume","Loop","Capacitor+1"],"campfire_rested":3,"item_purchase_floors":[3,3,19],"current_hp_per_floor":[74,74,74,73,67,67,61,48,48,48,38,38,20,11,11,4,75,65,65,65,65,57,57,57,44,44,44,44,44,44,44,44,55,75,75,75,55,75,27,49,49,49,49,71,31,31,53,53,53,72],"gold":21,"neow_bonus":"REMOVE_CARD","is_prod":false,"is_daily":false,"chose_seed":false,"campfire_upgraded":8,"win_rate":0,"timestamp":1560777617,"path_taken":["M","?","$","M","M","R","M","M","T","R","M","R","E","M","R","BOSS","M","?","$","?","M","M","?","?","T","?","R","M","R","E","R","BOSS","M","?","?","?","M","R","$","R","T","R","M","M","R","$","R","BOSS"],"build_version":"2019-01-23","purchased_purges":1,"victory":true,"max_hp_per_floor":[75,75,75,75,75,75,75,75,75,75,75,75,75,75,75,75,75,75,75,75,75,75,75,75,75,75,75,75,75,75,75,75,75,75,75,75,75,75,75,75,75,75,75,75,75,75,75,75,75,75],"card_choices":[{"not_picked":["Stack","Auto Shields"],"picked":"Capacitor","floor":1.0},{"not_picked":["Redo","Rebound","Sweeping Beam"],"picked":"SKIP","floor":4.0},{"not_picked":["Genetic Algorithm","Gash"],"picked":"Core Surge","floor":5.0},{"not_picked":["Sweeping Beam","Consume"],"picked":"Tempest","floor":7.0},{"not_picked":["Leap","Stack"],"picked":"Cold Snap","floor":8.0},{"not_picked":["Streamline","FTL"],"picked":"Recycle","floor":11.0},{"not_picked":["Streamline","Compile Driver","Lockon"],"picked":"SKIP","floor":13},{"not_picked":["Conserve Battery","Streamline","Blizzard"],"picked":"SKIP","floor":14},{"not_picked":["All For One","Meteor Strike"],"picked":"Buffer+1","floor":16},{"not_picked":["Recycle","Coolheaded"],"picked":"Heatsinks+1","floor":18},{"not_picked":["Sweeping Beam+1","Steam"],"picked":"Coolheaded","floor":22},{"not_picked":["Blizzard","Heatsinks+1"],"picked":"Coolheaded","floor":23},{"not_picked":["Hologram","Go for the Eyes","Stack"],"picked":"SKIP","floor":24},{"not_picked":["Fusion","Steam"],"picked":"Undo","floor":25},{"not_picked":["Double Energy","Rebound","Compile Driver"],"picked":"SKIP","floor":29},{"not_picked":["Core Surge","Thunder Strike"],"picked":"Creative AI+1","floor":33},{"not_picked":["Conserve Battery","Leap"],"picked":"Turbo","floor":35},{"not_picked":["Streamline+1","Chaos"],"picked":"Cold Snap+1","floor":37},{"not_picked":["Compile Driver","Ball Lightning"],"picked":"White Noise+1","floor":38},{"not_picked":["Doom and Gloom+1","Ball Lightning"],"picked":"Chill","floor":39},{"not_picked":["Multi-Cast","Stack"],"picked":"Turbo+1","floor":45},{"not_picked":["Force Field","Leap+1","Barrage+1"],"picked":"SKIP","floor":46}],"player_experience":5366109,"relics_obtained":[{"floor":9.0,"key":"Girya"},{"floor":13,"key":"Frozen Egg 2"},{"floor":26,"key":"Lantern"},{"floor":27,"key":"Pantograph"},{"floor":38,"key":"Dead Branch"},{"floor":43,"key":"Molten Egg 2"}],"event_choices":[{"damage_healed":0.0,"max_hp_gain":0.0,"max_hp_loss":0.0,"gold_gain":0.0,"event_name":"NoteForYourself","player_choice":"Ignored","floor":2.0,"gold_loss":0.0,"damage_taken":0.0},{"damage_healed":0,"gold_gain":0,"player_choice":"1 cards matched","damage_taken":0,"max_hp_gain":0,"max_hp_loss":0,"event_name":"Match and Keep!","floor":21,"gold_loss":0,"cards_obtained":["White Noise"]},{"damage_healed":0,"gold_gain":100,"player_choice":"Pray","damage_taken":0,"max_hp_gain":0,"max_hp_loss":0,"event_name":"Golden Shrine","floor":36,"gold_loss":0},{"damage_healed":0,"gold_gain":0,"player_choice":"Fight","damage_taken":0,"max_hp_gain":0,"max_hp_loss":0,"event_name":"MindBloom","floor":38,"gold_loss":0}],"is_beta":false,"boss_relics":[{"not_picked":["FrozenCore","Empty Cage"],"picked":"Ectoplasm"},{"not_picked":["Black Star","Tiny House"],"picked":"Philosopher\u0027s Stone"}],"items_purged_floors":[19],"is_endless":false,"potions_floor_spawned":[5,8,13,14,16,24,25,29,31,37,39],"ascension_level":0}