{"gold_per_floor":[117,117,117,61,71,71,99,99,148,148,167,190,190,223,223,298,298,316,336,336,336,352,383,383,64,64,64,74,274,274],"floor_reached":30,"playtime":803,"items_purged":["Strike_B"],"score":558,"play_id":"37859ebf-a5cc-496c-9713-cadfad9679c4","local_time":"20190301215119","is_ascension_mode":true,"campfire_choices":[{"data":"Darkness","floor":8.0,"key":"SMITH"},{"data":"Coolheaded","floor":10.0,"key":"SMITH"},{"floor":13.0,"key":"REST"},{"data":"Dualcast","floor":15.0,"key":"SMITH"},{"data":"Aggregate","floor":24.0,"key":"SMITH"},{"data":"Skim","floor":27.0,"key":"SMITH"}],"neow_cost":"NONE","seed_source_timestamp":108631411224641,"circlet_count":0,"master_deck":["AscendersBane","Strike_B+1","Strike_B","Defend_B","Defend_B","Defend_B","Defend_B","Zap+1","Dualcast+1","Darkness+1","Turbo","Coolheaded+1","Buffer","Go for the Eyes","Skim+1","Ball Lightning","All For One","Tempest","Gash","Stack","Aggregate+1","Turbo","Loop","Beam Cell"],"special_seed":0,"relics":["Cracked Core","NeowsBlessing","Turnip","Centennial Puzzle","Orichalcum","Smiling Mask","Art of War","Cursed Key","Boot","Omamori","Bag of Preparation"],"potions_floor_usage":[],"damage_taken":[{"damage":0.0,"enemies":"2 Louse","floor":1.0,"turns":1.0},{"damage":0.0,"enemies":"Small Slimes","floor":5.0,"turns":1.0},{"damage":0.0,"enemies":"Lagavulin","floor":7.0,"turns":1.0},{"damage":3.0,"enemies":"Jaw Worm","floor":11.0,"turns":3.0},{"damage":8.0,"enemies":"Gremlin Nob","floor":14.0,"turns":4.0},{"damage":6.0,"enemies":"The Guardian","floor":16.0,"turns":10.0},{"damage":6.0,"enemies":"3 Byrds","floor":18.0,"turns":3.0},{"damage":12.0,"enemies":"Spheric Guardian","floor":19.0,"turns":4.0},{"damage":3.0,"enemies":"Colosseum Slavers","floor":20.0,"turns":3.0},{"damage":8.0,"enemies":"3 Cultists","floor":22.0,"turns":5.0},{"damage":14.0,"enemies":"Book of Stabbing","floor":23.0,"turns":5.0},{"damage":14.0,"enemies":"Centurion and Healer","floor":28.0,"turns":8.0},{"damage":5,"enemies":"Cultist and Chosen","floor":30,"turns":3}],"seed_played":"1369954192004578067","potions_obtained":[{"floor":5.0,"key":"Dexterity Potion"},{"floor":18.0,"key":"SkillPotion"},{"floor":22.0,"key":"SkillPotion"}],"is_trial":false,"path_per_floor":["M","?","?","$","M","?","E","R","T","R","M","T","R","E","R","B",null,"M","M","?","?","M","E","R","$","T","R","M","?","M"],"character_chosen":"DEFECT","items_purchased":["Turbo","Omamori","Turbo","Loop"],"campfire_rested":1,"item_purchase_floors":[4,25,25,25],"current_hp_per_floor":[64,43,17,17,17,17,17,17,17,17,14,14,35,27,27,21,59,53,41,38,38,30,16,16,16,16,16,2,2,0],"gold":274,"neow_bonus":"THREE_ENEMY_KILL","is_prod":false,"is_daily":false,"chose_seed":false,"campfire_upgraded":5,"win_rate":0,"timestamp":1551448279,"path_taken":["M","?","?","$","M","?","E","R","T","R","M","?","R","E","R","BOSS","M","M","?","?","M","E","R","$","T","R","?","?","?"],"build_version":"2019-01-23","purchased_purges":1,"victory":false,"max_hp_per_floor":[71,71,71,71,71,71,71,71,71,71,71,71,71,71,71,71,71,71,71,71,71,71,71,71,71,71,71,71,71,71],"card_choices":[{"not_picked":["Streamline","Doom and Gloom"],"picked":"Darkness","floor":1.0},{"not_picked":["Hologram","Heatsinks"],"picked":"Coolheaded","floor":5.0},{"not_picked":["Streamline","Melter"],"picked":"Go for the Eyes","floor":7.0},{"not_picked":["Ball Lightning","Gash"],"picked":"Skim","floor":11.0},{"not_picked":["Self Repair","Go for the Eyes"],"picked":"Ball Lightning","floor":14.0},{"not_picked":["Thunder Strike","Rainbow"],"picked":"All For One","floor":16.0},{"not_picked":["Barrage","Rip and Tear"],"picked":"Tempest","floor":18.0},{"not_picked":["Tempest","Consume"],"picked":"Gash","floor":19.0},{"not_picked":["Barrage","Rebound+1"],"picked":"Stack","floor":22.0},{"not_picked":["Creative AI","Reinforced Body"],"picked":"Aggregate","floor":23.0},{"not_picked":["Storm","Hello World"],"picked":"Beam Cell","floor":28.0}],"player_experience":1059108,"relics_obtained":[{"floor":7.0,"key":"Centennial Puzzle"},{"floor":9.0,"key":"Orichalcum"},{"floor":12.0,"key":"Smiling Mask"},{"floor":14.0,"key":"Art of War"},{"floor":23.0,"key":"Boot"},{"floor":26.0,"key":"Bag of Preparation"}],"event_choices":[{"damage_healed":0.0,"max_hp_gain":0.0,"max_hp_loss":0.0,"gold_gain":0.0,"event_name":"Shining Light","player_choice":"Entered Light","floor":2.0,"gold_loss":0.0,"damage_taken":21.0,"cards_upgraded":["Strike_B","Zap"]},{"damage_healed":0.0,"max_hp_gain":0.0,"max_hp_loss":0.0,"gold_gain":0.0,"event_name":"Scrap Ooze","player_choice":"Success","floor":3.0,"gold_loss":0.0,"damage_taken":26.0,"relics_obtained":["Turnip"]},{"damage_healed":0.0,"max_hp_gain":0.0,"max_hp_loss":0.0,"gold_gain":0.0,"cards_transformed":["Strike_B"],"event_name":"Living Wall","player_choice":"Change","floor":6.0,"gold_loss":0.0,"damage_taken":0.0,"cards_obtained":["Buffer"]},{"damage_healed":0.0,"max_hp_gain":0.0,"max_hp_loss":0.0,"gold_gain":0.0,"event_name":"Colosseum","player_choice":"Fight","floor":20.0,"gold_loss":0.0,"damage_taken":0.0},{"damage_healed":0.0,"max_hp_gain":0.0,"max_hp_loss":0.0,"gold_gain":0.0,"event_name":"Colosseum","player_choice":"Fled From Nobs","floor":20.0,"gold_loss":0.0,"damage_taken":0.0},{"damage_healed":0.0,"max_hp_gain":0.0,"max_hp_loss":0.0,"gold_gain":0.0,"event_name":"Vampires","player_choice":"Ignored","floor":21.0,"gold_loss":0.0,"damage_taken":0.0},{"damage_healed":0.0,"max_hp_gain":0.0,"max_hp_loss":0.0,"gold_gain":200.0,"event_name":"Wheel of Change","player_choice":"Gold","floor":29.0,"gold_loss":0.0,"damage_taken":0.0}],"is_beta":false,"boss_relics":[{"not_picked":["Philosopher\u0027s Stone","Lizard Tail"],"picked":"Cursed Key"}],"items_purged_floors":[25],"is_endless":false,"potions_floor_spawned":[5,18,22],"killed_by":"Cultist and Chosen","ascension_level":20}