{"gold_per_floor":[113,38,57,67,80,80,80,93,93,127,227,227,237,247,247,348,348,358,212,212,224,72,106,106,134,160,195,222,222,237,254,254,355,355,374,393,268,278,128,128,147,165,165,387,387,387,387,404,404,404],"floor_reached":51,"playtime":1724,"items_purged":["Strike_B","Strike_B","Strike_B","Defend_B"],"score":834,"play_id":"c67d2516-9aaf-480e-89ba-9f65a7e130ff","local_time":"20190618142141","is_ascension_mode":false,"campfire_choices":[{"data":"Dualcast","floor":6.0,"key":"SMITH"},{"data":"Capacitor","floor":12.0,"key":"SMITH"},{"data":"Coolheaded","floor":15.0,"key":"SMITH"},{"floor":24.0,"key":"RECALL"},{"floor":32.0,"key":"REST"},{"floor":40,"key":"REST"},{"floor":45,"key":"REST"},{"floor":47,"key":"REST"},{"floor":49,"key":"REST"}],"neow_cost":"PERCENT_DAMAGE","seed_source_timestamp":14180635188272,"circlet_count":0,"master_deck":["Defend_B+1","Defend_B+1","Defend_B+1","Zap+1","Dualcast+1","Electrodynamics+1","Capacitor+1","Ball Lightning+1","Reinforced Body+1","Self Repair+1","Coolheaded+1","Blizzard+1","Self Repair+1","Hyperbeam+1","Compile Driver+1","Coolheaded+1","Cold Snap+1","Biased Cognition+1","Machine Learning+1","Ghostly+1","Ghostly+1","Ghostly+1","Ghostly+1","Ghostly+1","Chill+1","Biased Cognition+1","Core Surge+1","Coolheaded+1","Loop+1"],"special_seed":0,"relics":["Cracked Core","Kunai","Molten Egg 2","Fusion Hammer","Du-Vu Doll","Emotion Chip","Bronze Scales","Red Mask","Bag of Marbles","Velvet Choker","Meat on the Bone","Mark of the Bloom"],"potions_floor_usage":[50,50],"damage_taken":[{"damage":1.0,"enemies":"Small Slimes","floor":1.0,"turns":2.0},{"damage":0.0,"enemies":"2 Louse","floor":3.0,"turns":3.0},{"damage":6.0,"enemies":"Cultist","floor":4.0,"turns":3.0},{"damage":9.0,"enemies":"3 Louse","floor":5.0,"turns":3.0},{"damage":12.0,"enemies":"Large Slime","floor":8.0,"turns":4.0},{"damage":20.0,"enemies":"Gremlin Nob","floor":10.0,"turns":4.0},{"damage":2.0,"enemies":"2 Fungi Beasts","floor":13.0,"turns":4.0},{"damage":11.0,"enemies":"Exordium Wildlife","floor":14.0,"turns":2.0},{"damage":37.0,"enemies":"The Guardian","floor":16.0,"turns":14.0},{"damage":7.0,"enemies":"Chosen","floor":18.0,"turns":5.0},{"damage":12.0,"enemies":"2 Thieves","floor":21.0,"turns":3.0},{"damage":3.0,"enemies":"Book of Stabbing","floor":23.0,"turns":6.0},{"damage":14.0,"enemies":"Slavers","floor":25.0,"turns":3.0},{"damage":0.0,"enemies":"Masked Bandits","floor":27.0,"turns":2.0},{"damage":29.0,"enemies":"Book of Stabbing","floor":28.0,"turns":3.0},{"damage":4.0,"enemies":"Shelled Parasite and Fungi","floor":30.0,"turns":4.0},{"damage":0.0,"enemies":"3 Cultists","floor":31.0,"turns":4.0},{"damage":0,"enemies":"Automaton","floor":33,"turns":9},{"damage":11,"enemies":"3 Darklings","floor":35,"turns":3},{"damage":1,"enemies":"Orb Walker","floor":36,"turns":2},{"damage":0,"enemies":"Maw","floor":38,"turns":8},{"damage":24,"enemies":"Transient","floor":41,"turns":5},{"damage":0,"enemies":"3 Darklings","floor":42,"turns":4},{"damage":0,"enemies":"Maw","floor":48,"turns":6},{"damage":0,"enemies":"Time Eater","floor":50,"turns":8}],"seed_played":"1011745407148209528","potions_obtained":[{"floor":1.0,"key":"Block Potion"},{"floor":5.0,"key":"SteroidPotion"},{"floor":8.0,"key":"Swift Potion"},{"floor":16.0,"key":"EssenceOfSteel"},{"floor":18.0,"key":"SkillPotion"},{"floor":28.0,"key":"Block Potion"},{"floor":30.0,"key":"SkillPotion"}],"is_trial":false,"path_per_floor":["M","$","M","M","M","R","?","M","T","E","?","R","M","M","R","B",null,"M","$","?","M","$","E","R","E","T","?","E","?","M","M","R","B",null,"M","M","$","M","$","R","M","M","T","?","R","?","R","M","R","B",null],"character_chosen":"DEFECT","items_purchased":["Coolheaded","Biased Cognition"],"campfire_rested":5,"item_purchase_floors":[19,22],"current_hp_per_floor":[53,53,53,47,38,38,63,58,58,45,45,45,50,39,39,16,75,75,75,75,75,75,75,75,61,61,61,39,37,37,37,37,37,37,26,32,32,37,37,37,27,37,37,37,37,37,37,37,37,37],"gold":404,"neow_bonus":"THREE_RARE_CARDS","is_prod":false,"is_daily":false,"chose_seed":false,"campfire_upgraded":3,"win_rate":0,"timestamp":1560838901,"path_taken":["M","$","M","M","M","R","?","M","T","E","?","R","M","M","R","BOSS","M","$","?","M","$","E","R","E","T","?","E","?","M","M","R","BOSS","M","M","$","M","$","R","M","M","T","?","R","?","R","M","R","BOSS"],"build_version":"2019-01-23","purchased_purges":4,"victory":true,"max_hp_per_floor":[75,75,75,75,75,75,75,75,75,75,75,75,75,75,75,75,75,75,75,75,75,75,75,75,75,75,75,75,37,37,37,37,37,37,37,37,37,37,37,37,37,37,37,37,37,37,37,37,37,37],"card_choices":[{"not_picked":["Reboot","Multi-Cast"],"picked":"Electrodynamics","floor":0.0},{"not_picked":["BootSequence","Undo"],"picked":"Capacitor","floor":1.0},{"not_picked":["FTL","Steam Power"],"picked":"Ball Lightning","floor":3.0},{"not_picked":["Aggregate","Steam Power"],"picked":"Reinforced Body","floor":4.0},{"not_picked":["Leap","Beam Cell"],"picked":"Self Repair","floor":5.0},{"not_picked":["Fusion","Leap","Ball Lightning"],"picked":"SKIP","floor":8.0},{"not_picked":["Beam Cell","Streamline"],"picked":"Coolheaded","floor":10.0},{"not_picked":["Rebound+1","Streamline+1"],"picked":"Blizzard+1","floor":13.0},{"not_picked":["Compile Driver+1","Hologram"],"picked":"Self Repair","floor":14.0},{"not_picked":["Machine Learning","Multi-Cast"],"picked":"Hyperbeam+1","floor":16.0},{"not_picked":["Scrape+1","Ball Lightning+1"],"picked":"Compile Driver+1","floor":18.0},{"not_picked":["Reinforced Body","Lockon+1"],"picked":"Cold Snap+1","floor":21.0},{"not_picked":["Rebound+1","Beam Cell+1"],"picked":"Machine Learning","floor":23.0},{"not_picked":["Steam","Multi-Cast","Redo"],"picked":"SKIP","floor":25.0},{"not_picked":["Compile Driver+1","Leap","Ball Lightning+1"],"picked":"SKIP","floor":28.0},{"not_picked":["Hello World","Hologram"],"picked":"Chill","floor":30.0},{"not_picked":["Beam Cell+1","Glacier"],"picked":"Biased Cognition","floor":31.0},{"not_picked":["Reboot","Meteor Strike+1"],"picked":"Core Surge+1","floor":33},{"not_picked":["Stack","Cold Snap+1","Turbo"],"picked":"SKIP","floor":35},{"not_picked":["Heatsinks","Streamline+1"],"picked":"Coolheaded+1","floor":36},{"not_picked":["Double Energy+1","Redo+1","Barrage+1"],"picked":"SKIP","floor":38},{"not_picked":["Double Energy+1","Conserve Battery","Sunder+1"],"picked":"SKIP","floor":41},{"not_picked":["Steam Power+1","Ball Lightning+1"],"picked":"Loop","floor":42},{"not_picked":["Steam Power","Sweeping Beam+1","Redo"],"picked":"SKIP","floor":48}],"player_experience":5396509,"relics_obtained":[{"floor":9.0,"key":"Kunai"},{"floor":10.0,"key":"Molten Egg 2"},{"floor":23.0,"key":"Du-Vu Doll"},{"floor":25.0,"key":"Emotion Chip"},{"floor":26.0,"key":"Bronze Scales"},{"floor":27.0,"key":"Red Mask"},{"floor":28.0,"key":"Bag of Marbles"},{"floor":43,"key":"Meat on the Bone"}],"event_choices":[{"damage_healed":25.0,"max_hp_gain":0.0,"max_hp_loss":0.0,"gold_gain":0.0,"event_name":"Big Fish","player_choice":"Banana","floor":7.0,"gold_loss":0.0,"damage_taken":0.0},{"damage_healed":0.0,"max_hp_gain":0.0,"max_hp_loss":0.0,"gold_gain":100.0,"event_name":"Golden Shrine","player_choice":"Pray","floor":11.0,"gold_loss":0.0,"damage_taken":0.0},{"cards_removed":["Strike_B"],"damage_healed":0.0,"max_hp_gain":0.0,"max_hp_loss":0.0,"gold_gain":0.0,"event_name":"Back to Basics","player_choice":"Elegance","floor":20.0,"gold_loss":0.0,"damage_taken":0.0},{"damage_healed":0.0,"max_hp_gain":0.0,"max_hp_loss":0.0,"gold_gain":0.0,"event_name":"Masked Bandits","player_choice":"Fought Bandits","floor":27.0,"gold_loss":0.0,"damage_taken":0.0},{"damage_healed":0.0,"max_hp_gain":0.0,"max_hp_loss":38.0,"gold_gain":0.0,"event_name":"Ghosts","player_choice":"Became a Ghost","floor":29.0,"gold_loss":0.0,"damage_taken":0.0,"cards_obtained":["Ghostly","Ghostly","Ghostly","Ghostly","Ghostly"]},{"damage_healed":0,"gold_gain":222,"player_choice":"Wore Mask","damage_taken":0,"max_hp_gain":0,"max_hp_loss":0,"event_name":"Tomb of Lord Red Mask","floor":44,"gold_loss":0},{"damage_healed":0,"gold_gain":0,"player_choice":"Upgrade","damage_taken":0,"relics_obtained":["Mark of the Bloom"],"max_hp_gain":0,"max_hp_loss":0,"event_name":"MindBloom","floor":46,"gold_loss":0,"cards_upgraded":["Defend_B","Defend_B","Defend_B","Zap","Electrodynamics","Ball Lightning","Reinforced Body","Self Repair","Self Repair","Coolheaded","Biased Cognition","Machine Learning","Ghostly","Ghostly","Ghostly","Ghostly","Ghostly","Chill","Biased Cognition","Loop"]}],"is_beta":false,"boss_relics":[{"not_picked":["Black Star","Astrolabe"],"picked":"Fusion Hammer"},{"not_picked":["Philosopher\u0027s Stone","Nuclear Battery"],"picked":"Velvet Choker"}],"items_purged_floors":[2,19,37,39],"is_endless":false,"potions_floor_spawned":[1,5,8,13,16,18,28,30,33,38],"ascension_level":0}