{"gold_per_floor":[111,111,126,51,51,82,82,110,163,163],"floor_reached":10,"playtime":178,"items_purged":[],"score":198,"play_id":"e3060698-d015-4bb8-8db6-bf0362a4108c","local_time":"20181117193650","is_ascension_mode":true,"campfire_choices":[],"neow_cost":"NONE","seed_source_timestamp":1500401627396240,"circlet_count":0,"master_deck":["AscendersBane","Defend_G","Defend_G","Defend_G","Defend_G","Defend_G","Strike_G","Strike_G","Strike_G","Survivor","Neutralize","Deadly Poison"],"relics":["Ring of the Snake","NeowsBlessing","Juzu Bracelet","Torii","Omamori","Blood Vial"],"potions_floor_usage":[10],"damage_taken":[{"damage":0,"enemies":"Small Slimes","floor":1,"turns":1},{"damage":0,"enemies":"Cultist","floor":3,"turns":1},{"damage":0,"enemies":"Gremlin Nob","floor":6,"turns":1},{"damage":39,"enemies":"Lagavulin","floor":8,"turns":11},{"damage":0,"enemies":"3 Sentries","floor":10,"turns":2}],"seed_played":"-727550370761910543","potions_obtained":[{"floor":3,"key":"SmokeBomb"},{"floor":8,"key":"LiquidBronze"}],"is_trial":false,"path_per_floor":["M","?","M","?","$","E","?","E","T","E"],"character_chosen":"THE_SILENT","items_purchased":[],"campfire_rested":0,"item_purchase_floors":[],"current_hp_per_floor":[59,59,59,59,59,59,48,9,9,11],"gold":163,"neow_bonus":"THREE_ENEMY_KILL","is_prod":false,"is_daily":false,"chose_seed":false,"campfire_upgraded":0,"win_rate":0,"timestamp":1542454610,"path_taken":["M","?","?","?","?","E","?","E","T","E"],"build_version":"2018-11-15","purchased_purges":0,"victory":false,"max_hp_per_floor":[66,66,66,66,66,66,66,66,66,66],"card_choices":[{"not_picked":["Deflect","Bane","Dagger Throw"],"picked":"SKIP","floor":1},{"not_picked":["Slice","Acrobatics","Dagger Spray"],"picked":"SKIP","floor":3},{"not_picked":["Slice","Dodge and Roll"],"picked":"Deadly Poison","floor":6},{"not_picked":["Deflect","Doppelganger","Slice"],"picked":"SKIP","floor":8}],"player_experience":507862,"relics_obtained":[{"floor":6,"key":"Juzu Bracelet"},{"floor":8,"key":"Omamori"},{"floor":9,"key":"Blood Vial"}],"event_choices":[{"cards_removed":["Strike_G"],"damage_healed":0,"gold_gain":0,"player_choice":"Purged","damage_taken":0,"max_hp_gain":0,"max_hp_loss":0,"event_name":"Purifier","floor":2,"gold_loss":0},{"cards_removed":["Strike_G"],"damage_healed":0,"gold_gain":0,"player_choice":"Card Removal","damage_taken":0,"max_hp_gain":0,"max_hp_loss":0,"event_name":"The Cleric","floor":4,"gold_loss":75},{"damage_healed":0,"gold_gain":0,"player_choice":"Success","damage_taken":11,"relics_obtained":["Torii"],"max_hp_gain":0,"max_hp_loss":0,"event_name":"Scrap Ooze","floor":7,"gold_loss":0}],"is_beta":true,"boss_relics":[],"items_purged_floors":[],"is_endless":false,"potions_floor_spawned":[3,8],"killed_by":"3 Sentries","ascension_level":20}