{"gold_per_floor":[114,114,125,144,144,175,175,191,218,218,228,258,273,305,305,383,383,403,403,383,394,413,413,428,428],"floor_reached":25,"playtime":930,"items_purged":[],"score":550,"play_id":"50f1e0d2-4306-47f2-a77b-91371712f0fb","local_time":"20190510034519","is_ascension_mode":true,"campfire_choices":[{"data":"Bouncing Flask","floor":7.0,"key":"SMITH"},{"data":"Tools of the Trade","floor":10.0,"key":"SMITH"},{"data":"Wraith Form v2","floor":15.0,"key":"SMITH"},{"data":"Corpse Explosion","floor":23.0,"key":"SMITH"}],"neow_cost":"NONE","seed_source_timestamp":27419157868578,"circlet_count":0,"master_deck":["AscendersBane","Defend_G","Defend_G","Defend_G","Defend_G","Defend_G","Strike_G","Strike_G","Strike_G","Strike_G","Strike_G","Survivor","Neutralize","Tools of the Trade+1","Poisoned Stab","Terror","Dash","Bouncing Flask+1","Caltrops","PiercingWail","Wraith Form v2+1","Corpse Explosion+1","Concentrate","Prepared+1"],"special_seed":0,"relics":["Ring of the Snake","NeowsBlessing","Ancient Tea Set","Lantern","Bag of Preparation","Mummified Hand","Vajra","Black Star"],"potions_floor_usage":[],"damage_taken":[{"damage":0.0,"enemies":"Jaw Worm","floor":1.0,"turns":1.0},{"damage":0.0,"enemies":"Cultist","floor":3.0,"turns":1.0},{"damage":0.0,"enemies":"2 Louse","floor":4.0,"turns":1.0},{"damage":8.0,"enemies":"Lagavulin","floor":6.0,"turns":7.0},{"damage":0.0,"enemies":"2 Fungi Beasts","floor":8.0,"turns":3.0},{"damage":0.0,"enemies":"Looter","floor":11.0,"turns":2.0},{"damage":20.0,"enemies":"3 Sentries","floor":12.0,"turns":7.0},{"damage":0.0,"enemies":"Lots of Slimes","floor":13.0,"turns":4.0},{"damage":0.0,"enemies":"Gremlin Nob","floor":14.0,"turns":3.0},{"damage":12.0,"enemies":"Hexaghost","floor":16.0,"turns":9.0},{"damage":2.0,"enemies":"3 Byrds","floor":18.0,"turns":6.0},{"damage":13.0,"enemies":"Chosen","floor":21.0,"turns":4.0},{"damage":18.0,"enemies":"Centurion and Healer","floor":22.0,"turns":5.0},{"damage":3,"enemies":"Shelled Parasite and Fungi","floor":24,"turns":4},{"damage":5,"enemies":"Gremlin Leader","floor":25,"turns":4}],"seed_played":"3600085539119731730","potions_obtained":[{"floor":3.0,"key":"SkillPotion"},{"floor":4.0,"key":"Fire Potion"},{"floor":11.0,"key":"Ancient Potion"},{"floor":20.0,"key":"Weak Potion"},{"floor":24,"key":"SmokeBomb"}],"is_trial":false,"path_per_floor":["M","?","M","M","?","E","R","M","T","R","M","E","M","E","R","B",null,"M","?","?","M","M","R","M","E"],"character_chosen":"THE_SILENT","items_purchased":[],"campfire_rested":0,"item_purchase_floors":[],"current_hp_per_floor":[59,59,59,59,48,40,40,40,40,40,40,20,20,20,20,8,52,50,63,63,50,32,32,29,24],"gold":428,"neow_bonus":"THREE_ENEMY_KILL","is_prod":false,"is_daily":false,"chose_seed":false,"campfire_upgraded":4,"win_rate":0,"timestamp":1557431119,"path_taken":["M","?","M","?","?","E","R","M","T","R","M","E","M","E","R","BOSS","M","?","?","M","?","R","M","E"],"build_version":"2019-01-23","purchased_purges":0,"victory":false,"max_hp_per_floor":[66,66,66,66,66,66,66,66,66,66,66,66,66,66,66,66,66,66,66,66,66,66,66,66,66],"card_choices":[{"not_picked":["Bane","Heel Hook","Blade Dance"],"picked":"SKIP","floor":1.0},{"not_picked":["Outmaneuver","Dagger Spray"],"picked":"Dash","floor":3.0},{"not_picked":["Deflect","Cloak And Dagger"],"picked":"Bouncing Flask","floor":4.0},{"not_picked":["Deadly Poison","Caltrops","Quick Slash"],"picked":"SKIP","floor":6.0},{"not_picked":["Deadly Poison","Quick Slash"],"picked":"Caltrops","floor":6.0},{"not_picked":["Outmaneuver","Deadly Poison","Underhanded Strike"],"picked":"SKIP","floor":8.0},{"not_picked":["Prepared","PiercingWail","Setup"],"picked":"SKIP","floor":11.0},{"not_picked":["Prepared","Setup"],"picked":"PiercingWail","floor":11.0},{"not_picked":["Deadly Poison","Prepared","Outmaneuver"],"picked":"SKIP","floor":12.0},{"not_picked":["Slice","PiercingWail","Dagger Spray"],"picked":"SKIP","floor":13.0},{"not_picked":["Bouncing Flask","All Out Attack"],"picked":"Wraith Form v2","floor":14.0},{"not_picked":["Unload","Die Die Die"],"picked":"Corpse Explosion","floor":16.0},{"not_picked":["Deflect","Masterful Stab","Outmaneuver"],"picked":"SKIP","floor":18.0},{"not_picked":["PiercingWail","Poisoned Stab","Quick Slash"],"picked":"SKIP","floor":21.0},{"not_picked":["Expertise","Dodge and Roll"],"picked":"Concentrate","floor":22.0},{"not_picked":["Deadly Poison","Dodge and Roll+1"],"picked":"Prepared+1","floor":24}],"player_experience":4675941,"relics_obtained":[{"floor":6.0,"key":"Lantern"},{"floor":9.0,"key":"Bag of Preparation"},{"floor":12.0,"key":"Mummified Hand"},{"floor":14.0,"key":"Vajra"}],"event_choices":[{"damage_healed":0.0,"max_hp_gain":0.0,"max_hp_loss":0.0,"gold_gain":0.0,"event_name":"Match and Keep!","player_choice":"3 cards matched","floor":2.0,"gold_loss":0.0,"damage_taken":0.0,"cards_obtained":["Tools of the Trade","Poisoned Stab","Terror"]},{"damage_healed":0.0,"max_hp_gain":0.0,"max_hp_loss":0.0,"gold_gain":0.0,"event_name":"Scrap Ooze","player_choice":"Success","floor":5.0,"gold_loss":0.0,"damage_taken":11.0,"relics_obtained":["Ancient Tea Set"]},{"damage_healed":13.0,"max_hp_gain":0.0,"max_hp_loss":0.0,"gold_gain":0.0,"event_name":"The Library","player_choice":"Heal","floor":19.0,"gold_loss":0.0,"damage_taken":0.0},{"damage_healed":0.0,"max_hp_gain":0.0,"max_hp_loss":0.0,"gold_gain":0.0,"event_name":"The Woman in Blue","player_choice":"Bought 1 Potion","floor":20.0,"gold_loss":0.0,"damage_taken":0.0}],"is_beta":false,"boss_relics":[{"not_picked":["Empty Cage","Eternal Feather"],"picked":"Black Star"}],"items_purged_floors":[],"is_endless":false,"potions_floor_spawned":[3,4,11,14,24],"killed_by":"Gremlin Leader","ascension_level":20}