{"gold_per_floor":[115,126,141,161,180,180,146,146,146,158,185,195,195,205,205,205],"floor_reached":16,"playtime":2294,"items_purged":[],"score":131,"play_id":"cb765adb-dde7-4566-9a30-a74ce0342145","local_time":"20190708124918","is_ascension_mode":false,"campfire_choices":[{"data":"White Noise","floor":6,"key":"SMITH"},{"data":"Conserve Battery","floor":8,"key":"SMITH"},{"floor":15,"key":"REST"}],"neow_cost":"NONE","seed_source_timestamp":1345765047056873,"circlet_count":0,"master_deck":["Strike_B","Strike_B","Strike_B","Strike_B","Defend_B","Defend_B","Defend_B","Defend_B","Zap","Dualcast","Sweeping Beam","White Noise+1","Gash","Cold Snap","Conserve Battery+1","Gash","Force Field","Reinforced Body","Regret","Leap"],"relics":["Cracked Core","NeowsBlessing","Darkstone Periapt","Pear","Mummified Hand"],"potions_floor_usage":[11,11],"damage_taken":[{"damage":0,"enemies":"Small Slimes","floor":1,"turns":1},{"damage":0,"enemies":"Jaw Worm","floor":2,"turns":1},{"damage":0,"enemies":"2 Louse","floor":3,"turns":1},{"damage":20,"enemies":"Exordium Thugs","floor":4,"turns":5},{"damage":0,"enemies":"Exordium Wildlife","floor":5,"turns":4},{"damage":13,"enemies":"Looter","floor":10,"turns":4},{"damage":26,"enemies":"Gremlin Nob","floor":11,"turns":4},{"damage":5,"enemies":"Blue Slaver","floor":12,"turns":4},{"damage":23,"enemies":"Exordium Thugs","floor":14,"turns":4},{"damage":5,"enemies":"Slime Boss","floor":16,"turns":2}],"seed_played":"-3397921519216333225","potions_obtained":[{"floor":3,"key":"Ancient Potion"},{"floor":10,"key":"Regen Potion"},{"floor":12,"key":"Strength Potion"},{"floor":14,"key":"LiquidBronze"}],"is_trial":false,"path_per_floor":["M","M","M","M","M","R","?","R","T","M","E","M","?","M","R","B"],"character_chosen":"DEFECT","items_purchased":[],"campfire_rested":1,"item_purchase_floors":[],"current_hp_per_floor":[75,75,75,55,55,55,55,55,55,42,31,26,32,9,36,31],"gold":205,"neow_bonus":"THREE_ENEMY_KILL","is_prod":false,"is_daily":false,"chose_seed":false,"campfire_upgraded":2,"win_rate":0.0,"timestamp":1562579358,"path_taken":["M","M","M","M","M","R","?","R","T","M","E","M","?","M","R","BOSS"],"build_version":"2019-07-05","purchased_purges":0,"victory":false,"max_hp_per_floor":[75,75,75,75,75,75,75,75,75,75,85,85,91,91,91,91],"card_choices":[{"not_picked":["Doom and Gloom","Steam"],"picked":"Sweeping Beam","floor":1},{"not_picked":["Self Repair","Barrage"],"picked":"White Noise","floor":2},{"not_picked":["Conserve Battery","Streamline"],"picked":"Gash","floor":3},{"not_picked":["Ball Lightning","Buffer"],"picked":"Cold Snap","floor":4},{"not_picked":["Sweeping Beam","Beam Cell"],"picked":"Conserve Battery","floor":5},{"not_picked":["Capacitor","Fusion"],"picked":"Gash","floor":10},{"not_picked":["Redo","Machine Learning"],"picked":"Force Field","floor":11},{"not_picked":["Aggregate","Reprogram"],"picked":"Reinforced Body","floor":12},{"not_picked":["Steam","Doom and Gloom"],"picked":"Leap","floor":14}],"player_experience":23510,"relics_obtained":[{"floor":9,"key":"Darkstone Periapt"},{"floor":11,"key":"Pear"}],"event_choices":[{"damage_healed":0,"gold_gain":0,"player_choice":"Left Gold","damage_taken":0,"max_hp_gain":0,"max_hp_loss":0,"event_name":"World of Goop","floor":7,"gold_loss":34},{"damage_healed":0,"gold_gain":0,"player_choice":"Box","damage_taken":0,"relics_obtained":["Mummified Hand"],"max_hp_gain":0,"max_hp_loss":0,"event_name":"Big Fish","floor":13,"gold_loss":0,"cards_obtained":["Regret"]}],"is_beta":false,"boss_relics":[],"items_purged_floors":[],"is_endless":false,"potions_floor_spawned":[3,10,12,14],"killed_by":"Slime Boss","ascension_level":0}