{"gold_per_floor":[112,37,51,65,65,65,97,97,124,143,162,162],"floor_reached":12,"playtime":261,"items_purged":["Strike_R"],"score":160,"play_id":"b2ea622c-5e22-481f-bf6e-a3a693d25cd2","local_time":"20190531013520","is_ascension_mode":true,"campfire_choices":[{"data":"Inflame","floor":6,"key":"SMITH"},{"data":"True Grit","floor":8,"key":"SMITH"}],"neow_cost":"NONE","seed_source_timestamp":53696184037560,"circlet_count":0,"master_deck":["AscendersBane","Strike_R","Strike_R","Strike_R","Strike_R","Defend_R","Defend_R","Defend_R","Defend_R","Bash","True Grit+1","Inflame+1","Pain","Demon Form","Flex"],"relics":["Burning Blood","NeowsBlessing","WarpedTongs","Boot","Happy Flower"],"potions_floor_usage":[],"damage_taken":[{"damage":0,"enemies":"Cultist","floor":1,"turns":1},{"damage":0,"enemies":"Jaw Worm","floor":3,"turns":1},{"damage":0,"enemies":"2 Louse","floor":4,"turns":1},{"damage":52,"enemies":"3 Sentries","floor":7,"turns":12},{"damage":18,"enemies":"2 Fungi Beasts","floor":10,"turns":4},{"damage":6,"enemies":"Blue Slaver","floor":11,"turns":5},{"damage":0,"enemies":"Lots of Slimes","floor":12,"turns":1}],"seed_played":"6586962867303060650","potions_obtained":[{"floor":3,"key":"SpeedPotion"},{"floor":10,"key":"Strength Potion"}],"is_trial":false,"path_per_floor":["M","$","M","M","?","R","E","R","T","M","M","M"],"character_chosen":"IRONCLAD","items_purchased":[],"campfire_rested":0,"item_purchase_floors":[],"current_hp_per_floor":[74,74,75,75,75,75,29,29,29,17,17,17],"gold":162,"neow_bonus":"THREE_ENEMY_KILL","is_prod":false,"is_daily":false,"chose_seed":false,"campfire_upgraded":2,"win_rate":0,"timestamp":1559237720,"path_taken":["M","$","M","M","?","R","E","R","T","M","?","M"],"build_version":"2019-01-23","purchased_purges":1,"victory":false,"max_hp_per_floor":[75,75,75,75,75,75,75,75,75,75,75,75],"card_choices":[{"not_picked":["Pommel Strike","Armaments"],"picked":"True Grit","floor":1},{"not_picked":["Heavy Blade","Entrench"],"picked":"Inflame","floor":3},{"not_picked":["Iron Wave","Heavy Blade","Twin Strike"],"picked":"SKIP","floor":4},{"not_picked":["Flex","Reckless Charge"],"picked":"Demon Form","floor":7},{"not_picked":["Twin Strike","Rupture"],"picked":"Flex","floor":10},{"not_picked":["Twin Strike","Cleave","Blood for Blood"],"picked":"SKIP","floor":11}],"player_experience":4907732,"relics_obtained":[{"floor":7,"key":"Boot"},{"floor":9,"key":"Happy Flower"}],"event_choices":[{"damage_healed":0,"gold_gain":0,"player_choice":"Rummage","damage_taken":0,"relics_obtained":["WarpedTongs"],"max_hp_gain":0,"max_hp_loss":0,"event_name":"Accursed Blacksmith","floor":5,"gold_loss":0,"cards_obtained":["Pain"]}],"is_beta":false,"boss_relics":[],"items_purged_floors":[2],"is_endless":false,"potions_floor_spawned":[3,10],"killed_by":"Lots of Slimes","ascension_level":20}