{"gold_per_floor":[109,109,126,126,126,126,140,153,208,234,7,7,7,19,19,19],"floor_reached":16,"playtime":381,"items_purged":[],"score":200,"play_id":"8abe9735-f5f3-43f9-bfd5-949238492c54","local_time":"20181123234852","is_ascension_mode":true,"campfire_choices":[{"data":"Poisoned Stab","floor":6,"key":"SMITH"},{"data":"Noxious Fumes","floor":12,"key":"SMITH"},{"floor":15,"key":"REST"}],"neow_cost":"TEN_PERCENT_HP_LOSS","seed_source_timestamp":7707702745686,"circlet_count":0,"master_deck":["AscendersBane","Defend_G","Defend_G","Defend_G","Defend_G","Strike_G","Strike_G","Strike_G","Strike_G","Survivor","Neutralize+1","Poisoned Stab+1","Regret","Noxious Fumes+1","Heel Hook","Acrobatics"],"relics":["Ring of the Snake","Anchor","Question Card","Ancient Tea Set","Sundial","PrismaticShard"],"potions_floor_usage":[10],"damage_taken":[{"damage":1,"enemies":"Cultist","floor":1,"turns":5},{"damage":0,"enemies":"Small Slimes","floor":3,"turns":4},{"damage":3,"enemies":"2 Louse","floor":7,"turns":3},{"damage":6,"enemies":"Blue Slaver","floor":8,"turns":4},{"damage":32,"enemies":"Gremlin Nob","floor":10,"turns":4},{"damage":0,"enemies":"2 Fungi Beasts","floor":14,"turns":3},{"damage":27,"enemies":"The Guardian","floor":16,"turns":4}],"seed_played":"5586580139547564571","potions_obtained":[{"floor":3,"key":"Poison Potion"},{"floor":7,"key":"Weak Potion"}],"is_trial":false,"path_per_floor":["M","?","M","?","?","R","M","M","T","E","$","R","?","M","R","B"],"character_chosen":"THE_SILENT","items_purchased":["PrismaticShard"],"campfire_rested":1,"item_purchase_floors":[11],"current_hp_per_floor":[58,58,58,58,47,47,44,38,38,6,6,6,6,6,24,0],"gold":19,"neow_bonus":"REMOVE_TWO","is_prod":false,"is_daily":false,"chose_seed":false,"campfire_upgraded":2,"win_rate":0,"timestamp":1542988132,"path_taken":["M","?","?","?","?","R","M","M","T","E","$","R","?","?","R","BOSS"],"build_version":"2018-11-15","purchased_purges":0,"victory":false,"max_hp_per_floor":[60,60,60,60,60,60,60,60,60,60,60,60,60,60,60,60],"card_choices":[{"not_picked":["Slice","Outmaneuver"],"picked":"Poisoned Stab","floor":1},{"not_picked":["Cloak And Dagger","Blade Dance","Underhanded Strike"],"picked":"SKIP","floor":3},{"not_picked":["Distraction","Cloak And Dagger","Sucker Punch","Quick Slash"],"picked":"SKIP","floor":7},{"not_picked":["Deflect","Poisoned Stab","Blade Dance"],"picked":"Noxious Fumes","floor":8},{"not_picked":["Infinite Blades","Sucker Punch","Night Terror"],"picked":"Heel Hook","floor":10},{"not_picked":["Cold Snap","Recycle","Dagger Throw"],"picked":"Acrobatics","floor":14}],"player_experience":1147622,"relics_obtained":[{"floor":9,"key":"Ancient Tea Set"},{"floor":10,"key":"Sundial"}],"event_choices":[{"damage_healed":0,"gold_gain":0,"player_choice":"Upgraded","damage_taken":0,"max_hp_gain":0,"max_hp_loss":0,"event_name":"Upgrade Shrine","floor":2,"gold_loss":0,"cards_upgraded":["Neutralize"]},{"damage_healed":0,"gold_gain":0,"player_choice":"Box","damage_taken":0,"relics_obtained":["Anchor"],"max_hp_gain":0,"max_hp_loss":0,"event_name":"Big Fish","floor":4,"gold_loss":0,"cards_obtained":["Regret"]},{"damage_healed":0,"gold_gain":0,"player_choice":"Success","damage_taken":11,"relics_obtained":["Question Card"],"max_hp_gain":0,"max_hp_loss":0,"event_name":"Scrap Ooze","floor":5,"gold_loss":0},{"damage_healed":0,"gold_gain":0,"player_choice":"Ignored","damage_taken":0,"max_hp_gain":0,"max_hp_loss":0,"event_name":"Shining Light","floor":13,"gold_loss":0}],"is_beta":true,"boss_relics":[],"items_purged_floors":[],"is_endless":false,"potions_floor_spawned":[3,7],"killed_by":"The Guardian","ascension_level":20}