{"gold_per_floor":[115,131,146,159,184,184,218,218,218,218,14,14,42,55,55,133,133,147,198,198,213,223,223,138,148,148,9,9,21,21,55,55,130,130,150,150,199,209,309,309,339,357,426,249,274,287,315,143,143,143,143,143,143,29,60,60],"floor_reached":57,"playtime":2512,"items_purged":["Strike_B","Strike_B","Defend_B"],"score":3276,"play_id":"492682c5-5d9f-4ff6-bdd2-47ebf2d2fe17","local_time":"20190411003638","is_ascension_mode":true,"campfire_choices":[{"data":"Zap","floor":6.0,"key":"SMITH"},{"data":"Dualcast","floor":8.0,"key":"SMITH"},{"data":"Sunder","floor":12.0,"key":"SMITH"},{"data":"Coolheaded","floor":15.0,"key":"SMITH"},{"data":"Turbo","floor":23.0,"key":"SMITH"},{"data":"Skim","floor":28.0,"key":"SMITH"},{"data":"Tempest","floor":30.0,"key":"SMITH"},{"data":"White Noise","floor":32.0,"key":"SMITH"},{"floor":40,"key":"RECALL"},{"data":"Defend_B","floor":49,"key":"SMITH"},{"data":"Ball Lightning","floor":53,"key":"SMITH"}],"neow_cost":"NONE","seed_source_timestamp":126766228269522,"circlet_count":0,"master_deck":["AscendersBane","Defend_B+1","Zap+1","Dualcast+1","Skim+1","Coolheaded+1","Cold Snap+1","Tempest+1","Sunder+1","Ball Lightning+1","Turbo+1","Biased Cognition+1","White Noise+1","Loop+1","Redo+1","Creative AI+1","Seek+1","Skim+1","Capacitor+1","Turbo+1","Deep Breath+1","Fusion+1","Heatsinks+1","Reinforced Body+1","Recycle+1","Hologram+1","Stack+1","Meteor Strike+1","Undo+1","Forethought+1","Coolheaded+1"],"special_seed":0,"relics":["Cracked Core","NeowsBlessing","Bag of Marbles","Pen Nib","Centennial Puzzle","Frozen Egg 2","Inserter","Ancient Tea Set","Necronomicon","FossilizedHelix","Toxic Egg 2","Vajra","Astrolabe","Torii","Dead Branch","Kunai","Blood Vial","Whetstone","Bag of Preparation"],"potions_floor_usage":[41,56],"damage_taken":[{"damage":0.0,"enemies":"Cultist","floor":1.0,"turns":1.0},{"damage":0.0,"enemies":"Jaw Worm","floor":2.0,"turns":1.0},{"damage":0.0,"enemies":"Small Slimes","floor":3.0,"turns":1.0},{"damage":6.0,"enemies":"Looter","floor":4.0,"turns":4.0},{"damage":33.0,"enemies":"Lagavulin","floor":7.0,"turns":5.0},{"damage":0.0,"enemies":"3 Sentries","floor":13.0,"turns":6.0},{"damage":0.0,"enemies":"2 Fungi Beasts","floor":14.0,"turns":2.0},{"damage":0.0,"enemies":"Slime Boss","floor":16.0,"turns":4.0},{"damage":0.0,"enemies":"Chosen","floor":18.0,"turns":2.0},{"damage":0.0,"enemies":"Shell Parasite","floor":21.0,"turns":1.0},{"damage":0.0,"enemies":"3 Cultists","floor":22.0,"turns":3.0},{"damage":9.0,"enemies":"Centurion and Healer","floor":25.0,"turns":3.0},{"damage":0.0,"enemies":"Cultist and Chosen","floor":29.0,"turns":3.0},{"damage":0.0,"enemies":"Gremlin Leader","floor":31.0,"turns":3.0},{"damage":0.0,"enemies":"Automaton","floor":33.0,"turns":5.0},{"damage":9.0,"enemies":"3 Darklings","floor":35.0,"turns":3.0},{"damage":11.0,"enemies":"2 Orb Walkers","floor":37.0,"turns":2.0},{"damage":0.0,"enemies":"Orb Walker","floor":38.0,"turns":1.0},{"damage":0,"enemies":"Mind Bloom Boss Battle","floor":39,"turns":3},{"damage":0,"enemies":"Reptomancer","floor":41,"turns":3},{"damage":0,"enemies":"Jaw Worm Horde","floor":42,"turns":2},{"damage":0,"enemies":"Writhing Mass","floor":46,"turns":1},{"damage":0,"enemies":"Nemesis","floor":47,"turns":3},{"damage":0,"enemies":"Donu and Deca","floor":50,"turns":4},{"damage":16,"enemies":"Time Eater","floor":51,"turns":11},{"damage":6,"enemies":"Shield and Spear","floor":55,"turns":3},{"damage":41,"enemies":"The Heart","floor":56,"turns":6}],"seed_played":"139456959809372331","potions_obtained":[{"floor":1.0,"key":"FearPotion"},{"floor":7.0,"key":"Block Potion"},{"floor":13.0,"key":"Ancient Potion"},{"floor":14.0,"key":"EssenceOfSteel"},{"floor":31.0,"key":"Fruit Juice"},{"floor":37.0,"key":"FocusPotion"},{"floor":38.0,"key":"AttackPotion"},{"floor":41,"key":"Fire Potion"}],"is_trial":false,"path_per_floor":["M","M","M","M","T","R","E","R","T","?","$","R","E","M","R","B",null,"M","T","?","M","M","R","?","M","T","$","R","M","R","E","R","B",null,"M","?","?","M","?","R","E","M","T","$","T","M","E","$","R","B","B",null,"R","$","E","B",null],"character_chosen":"DEFECT","items_purchased":["Sunder","Ball Lightning","Loop+1","Hologram+1","Undo+1","Forethought+1","Coolheaded+1","Energy Potion"],"campfire_rested":0,"item_purchase_floors":[11,11,27,44,48,48,54,54],"current_hp_per_floor":[64,64,64,58,58,58,25,25,25,25,25,25,25,25,25,25,60,60,60,39,39,39,39,39,30,30,30,30,30,30,35,35,35,66,57,57,46,46,46,46,46,46,46,46,46,48,50,50,50,52,38,67,67,67,63,24],"gold":60,"neow_bonus":"THREE_ENEMY_KILL","is_prod":false,"is_daily":false,"chose_seed":false,"campfire_upgraded":10,"win_rate":0,"timestamp":1554914198,"path_taken":["M","M","M","M","?","R","E","R","T","?","$","R","E","M","R","BOSS","M","?","?","M","M","R","?","M","T","$","R","M","R","E","R","BOSS","M","?","?","?","?","R","E","M","T","$","?","M","E","$","R","BOSS","BOSS","R","$","E","BOSS"],"build_version":"2019-01-23","purchased_purges":3,"victory":true,"max_hp_per_floor":[71,71,71,71,71,71,71,71,71,71,71,71,71,71,71,71,71,71,71,71,71,71,71,71,71,71,71,71,71,71,76,76,76,76,76,76,76,76,76,76,76,76,76,76,76,76,76,76,76,76,76,76,76,76,76,76],"card_choices":[{"not_picked":["Cold Snap","Hologram"],"picked":"Skim","floor":1.0},{"not_picked":["Force Field","Compile Driver"],"picked":"Coolheaded","floor":2.0},{"not_picked":["Streamline","Gash"],"picked":"Cold Snap","floor":3.0},{"not_picked":["Blizzard","Seek"],"picked":"Tempest","floor":4.0},{"not_picked":["Barrage","Beam Cell","Lockon"],"picked":"SKIP","floor":7.0},{"not_picked":["Skim","Rebound"],"picked":"Turbo","floor":13.0},{"not_picked":["Sweeping Beam","Redo","Turbo"],"picked":"SKIP","floor":14.0},{"not_picked":["Hyperbeam","Fission"],"picked":"Biased Cognition+1","floor":16.0},{"not_picked":["Barrage","Cold Snap","Doom and Gloom"],"picked":"SKIP","floor":18.0},{"not_picked":["Compile Driver","Sweeping Beam"],"picked":"White Noise","floor":21.0},{"not_picked":["Hello World+1","Steam","Turbo"],"picked":"SKIP","floor":22.0},{"not_picked":["Rip and Tear","Cold Snap","Barrage"],"picked":"SKIP","floor":25.0},{"not_picked":["Streamline","Chill+1"],"picked":"Redo+1","floor":29.0},{"not_picked":["Leap+1","Ball Lightning","Steam+1"],"picked":"SKIP","floor":31.0},{"not_picked":["All For One","Electrodynamics+1"],"picked":"Creative AI+1","floor":33.0},{"not_picked":["Go for the Eyes","Cold Snap"],"picked":"Turbo+1","floor":35.0},{"not_picked":["Chrysalis+1","Apotheosis+1"],"picked":"Deep Breath+1","floor":36.0},{"not_picked":["Sweeping Beam","Defragment+1"],"picked":"Fusion+1","floor":37.0},{"not_picked":["Genetic Algorithm+1","Compile Driver"],"picked":"Heatsinks+1","floor":38.0},{"not_picked":["Go for the Eyes","Hologram+1"],"picked":"Reinforced Body+1","floor":41},{"not_picked":["Undo+1","Stack+1"],"picked":"Recycle+1","floor":42},{"not_picked":["Steam+1","Compile Driver"],"picked":"Stack+1","floor":46},{"not_picked":["FTL","Fusion+1"],"picked":"Meteor Strike","floor":47},{"not_picked":["Steam+1","Sunder","Streamline"],"picked":"SKIP","floor":55}],"player_experience":1361033,"relics_obtained":[{"floor":5.0,"key":"Bag of Marbles"},{"floor":7.0,"key":"Pen Nib"},{"floor":9.0,"key":"Centennial Puzzle"},{"floor":13.0,"key":"Frozen Egg 2"},{"floor":19.0,"key":"Ancient Tea Set"},{"floor":20.0,"key":"Necronomicon"},{"floor":26.0,"key":"Toxic Egg 2"},{"floor":31.0,"key":"Vajra"},{"floor":37.0,"key":"Torii"},{"floor":39,"key":"Dead Branch"},{"floor":41,"key":"Kunai"},{"floor":45,"key":"Blood Vial"},{"floor":47,"key":"Whetstone"},{"floor":55,"key":"Bag of Preparation"}],"event_choices":[{"cards_removed":["Strike_B"],"damage_healed":0.0,"max_hp_gain":0.0,"max_hp_loss":0.0,"gold_gain":0.0,"event_name":"Bonfire Elementals","player_choice":"Offered Basic","floor":10.0,"gold_loss":0.0,"damage_taken":0.0},{"damage_healed":0.0,"max_hp_gain":0.0,"max_hp_loss":0.0,"gold_gain":0.0,"event_name":"Cursed Tome","player_choice":"Obtained Book","floor":20.0,"gold_loss":0.0,"damage_taken":21.0},{"damage_healed":0.0,"max_hp_gain":0.0,"max_hp_loss":0.0,"gold_gain":0.0,"event_name":"Addict","player_choice":"Obtained Relic","floor":24.0,"gold_loss":85.0,"damage_taken":0.0,"relics_obtained":["FossilizedHelix"]},{"damage_healed":0.0,"max_hp_gain":0.0,"max_hp_loss":0.0,"gold_gain":0.0,"event_name":"SensoryStone","player_choice":"Memory 1","floor":36.0,"gold_loss":0.0,"damage_taken":0.0},{"damage_healed":0.0,"max_hp_gain":0.0,"max_hp_loss":0.0,"gold_gain":0.0,"event_name":"Mysterious Sphere","player_choice":"Fight","floor":37.0,"gold_loss":0.0,"damage_taken":0.0},{"damage_healed":0,"gold_gain":0,"player_choice":"Fight","damage_taken":0,"max_hp_gain":0,"max_hp_loss":0,"event_name":"MindBloom","floor":39,"gold_loss":0}],"is_beta":false,"boss_relics":[{"not_picked":["Sozu","Lizard Tail"],"picked":"Inserter"},{"not_picked":["Coffee Dripper","Calling Bell"],"picked":"Astrolabe"}],"items_purged_floors":[11,27,44],"is_endless":false,"potions_floor_spawned":[1,7,13,14,18,25,31,37,38,41,47],"ascension_level":20}