{"gold_per_floor":[116,116,129,142,32,32,32,64,91,102,127,142,142,160,160,160],"floor_reached":16,"playtime":490,"items_purged":["Defend_B"],"score":190,"play_id":"b5bd3516-dde4-445d-9b06-bf952a52df49","local_time":"20181010205854","is_ascension_mode":true,"campfire_choices":[{"data":"Zap","floor":6,"key":"SMITH"},{"data":"Dualcast","floor":13,"key":"SMITH"},{"data":"Blizzard","floor":15,"key":"SMITH"}],"neow_cost":"TEN_PERCENT_HP_LOSS","seed_source_timestamp":716981247365128,"circlet_count":0,"master_deck":["Strike_B","Strike_B+1","Defend_B","Defend_B","Zap+1","Dualcast+1","AscendersBane","Cold Snap+1","Conserve Battery","Self Repair","Blizzard+1","Capacitor","Capacitor","Coolheaded"],"special_seed":0,"relics":["Cracked Core","Whetstone","Potion Belt","Dream Catcher"],"potions_floor_usage":[8,12,14],"damage_taken":[{"damage":0.0,"enemies":"Cultist","floor":1.0,"turns":3.0},{"damage":0,"enemies":"2 Louse","floor":3,"turns":2},{"damage":2,"enemies":"Jaw Worm","floor":4,"turns":4},{"damage":15,"enemies":"3 Sentries","floor":8,"turns":10},{"damage":7,"enemies":"2 Fungi Beasts","floor":10,"turns":3},{"damage":26,"enemies":"Gremlin Nob","floor":11,"turns":4},{"damage":17,"enemies":"Lots of Slimes","floor":12,"turns":4},{"damage":12,"enemies":"3 Louse","floor":14,"turns":3},{"damage":31,"enemies":"Slime Boss","floor":16,"turns":7}],"seed_played":"-8844141945540771620","potions_obtained":[{"floor":1.0,"key":"Regen Potion"},{"floor":4,"key":"Strength Potion"},{"floor":11,"key":"Poison Potion"}],"is_trial":false,"path_per_floor":["M","?","M","M","$","R","?","E","T","M","E","M","R","M","R"],"character_chosen":"DEFECT","items_purchased":["Self Repair"],"campfire_rested":0,"item_purchase_floors":[5],"current_hp_per_floor":[64,64,64,62,62,62,62,64,64,64,45,35,35,30,30,0],"gold":160,"neow_bonus":"REMOVE_TWO","is_prod":false,"is_daily":false,"chose_seed":false,"campfire_upgraded":3,"win_rate":0,"timestamp":1539176334,"path_taken":["M","?","?","M","$","R","?","E","T","M","E","M","R","M","R","BOSS"],"build_version":"2018-10-04v2","purchased_purges":1,"victory":false,"max_hp_per_floor":[64,64,64,64,64,64,64,64,64,64,64,64,64,64,64,64],"card_choices":[{"not_picked":["Static Discharge","Steam","Steam Power"],"picked":"SKIP","floor":1.0},{"not_picked":["Go for the Eyes","Coolheaded"],"picked":"Cold Snap","floor":3},{"not_picked":["Steam","Coolheaded"],"picked":"Conserve Battery","floor":4},{"not_picked":["Coolheaded","Go for the Eyes"],"picked":"Blizzard","floor":8},{"not_picked":["Consume","Double Energy"],"picked":"Capacitor","floor":10},{"not_picked":["Streamline","Sunder"],"picked":"Capacitor","floor":11},{"not_picked":["Cold Snap","Ball Lightning"],"picked":"Coolheaded","floor":12},{"not_picked":["Ball Lightning","Leap","Redo"],"picked":"SKIP","floor":14}],"player_experience":269446,"relics_obtained":[{"floor":8,"key":"Whetstone"},{"floor":9,"key":"Potion Belt"},{"floor":11,"key":"Dream Catcher"}],"event_choices":[{"event_name":"Living Wall","player_choice":"Forget","floor":2,"damage_taken":0},{"event_name":"Liars Game","player_choice":"disagreed","floor":7,"damage_taken":0}],"is_beta":false,"boss_relics":[],"items_purged_floors":[5],"is_endless":false,"potions_floor_spawned":[1,4,11],"killed_by":"Slime Boss","ascension_level":14}