{"gold_per_floor":[109,34,34,34,34,69,69,101,101,101,117,117,133,14,14,88,88,106,119,119,69,86,86],"floor_reached":23,"playtime":696,"items_purged":["Strike_G","Strike_G"],"score":494,"play_id":"e23063cb-25de-4465-9f14-a6643aa7270f","local_time":"20181118204028","is_ascension_mode":true,"campfire_choices":[{"data":"Neutralize","floor":7.0,"key":"SMITH"},{"data":"Bouncing Flask","floor":12.0,"key":"SMITH"},{"data":"Footwork","floor":15.0,"key":"SMITH"}],"neow_cost":"NONE","seed_source_timestamp":1590054469368639,"circlet_count":0,"master_deck":["AscendersBane","Defend_G","Defend_G","Defend_G","Defend_G","Defend_G","Strike_G","Survivor","Neutralize+1","Reflex","Bouncing Flask+1","Well Laid Plans","Footwork+1","Deflect","Ghostly","Ghostly","Ghostly"],"special_seed":0,"relics":["Ring of the Snake","NeowsBlessing","Oddly Smooth Stone","Shuriken","The Courier","Happy Flower","Smiling Mask","Black Star"],"potions_floor_usage":[23],"damage_taken":[{"damage":0.0,"enemies":"Small Slimes","floor":1.0,"turns":1.0},{"damage":0.0,"enemies":"Gremlin Nob","floor":6.0,"turns":1.0},{"damage":0.0,"enemies":"3 Sentries","floor":8.0,"turns":1.0},{"damage":0.0,"enemies":"Jaw Worm","floor":11.0,"turns":4.0},{"damage":0.0,"enemies":"2 Louse","floor":13.0,"turns":2.0},{"damage":6.0,"enemies":"The Guardian","floor":16.0,"turns":9.0},{"damage":3.0,"enemies":"Shell Parasite","floor":18.0,"turns":7.0},{"damage":22.0,"enemies":"Chosen","floor":19.0,"turns":7.0},{"damage":6,"enemies":"Shelled Parasite and Fungi","floor":22,"turns":9},{"damage":31,"enemies":"Slavers","floor":23,"turns":7}],"seed_played":"7104529306382591420","potions_obtained":[{"floor":1.0,"key":"SteroidPotion"},{"floor":11.0,"key":"Block Potion"},{"floor":16.0,"key":"AttackPotion"}],"is_trial":false,"path_per_floor":["M","?","?","?","T","E","R","E","T","?","M","R","M","$","R","B",null,"M","M","M","?","$","M","E"],"character_chosen":"THE_SILENT","items_purchased":["Footwork"],"campfire_rested":0,"item_purchase_floors":[14],"current_hp_per_floor":[59,59,59,54,54,54,54,54,54,54,54,54,54,54,54,48,62,59,37,33,33,27,0],"gold":86,"neow_bonus":"THREE_ENEMY_KILL","is_prod":false,"is_daily":false,"chose_seed":false,"campfire_upgraded":3,"win_rate":0,"timestamp":1542544828,"path_taken":["M","?","?","?","?","E","R","E","T","?","M","R","?","$","R","BOSS","M","M","?","$","M","E"],"build_version":"2018-11-15","purchased_purges":2,"victory":false,"max_hp_per_floor":[66,66,66,66,66,66,66,66,66,66,66,66,66,66,66,66,66,66,66,33,33,33,33],"card_choices":[{"not_picked":["Outmaneuver","Backflip"],"picked":"Reflex","floor":1.0},{"not_picked":["Poisoned Stab","Cloak And Dagger","Flying Knee"],"picked":"SKIP","floor":6.0},{"not_picked":["Cloak And Dagger","Distraction"],"picked":"Bouncing Flask","floor":8.0},{"not_picked":["PiercingWail","Deadly Poison","Dash"],"picked":"SKIP","floor":11.0},{"not_picked":["Sucker Punch","Dagger Spray"],"picked":"Well Laid Plans","floor":13.0},{"not_picked":["Deadly Poison","Deflect","Slice"],"picked":"SKIP","floor":18.0},{"not_picked":["Deadly Poison","Slice"],"picked":"Deflect","floor":18.0},{"not_picked":["All Out Attack","Blade Dance+1","Underhanded Strike+1"],"picked":"SKIP","floor":19},{"not_picked":["Deadly Poison","Deflect","Underhanded Strike"],"picked":"SKIP","floor":22}],"player_experience":540779,"relics_obtained":[{"floor":5.0,"key":"Shuriken"},{"floor":6.0,"key":"The Courier"},{"floor":8.0,"key":"Happy Flower"},{"floor":9.0,"key":"Smiling Mask"}],"event_choices":[{"cards_removed":["Strike_G"],"damage_healed":0.0,"max_hp_gain":0.0,"max_hp_loss":0.0,"gold_gain":0.0,"event_name":"The Cleric","player_choice":"Card Removal","floor":2.0,"gold_loss":75.0,"damage_taken":0.0},{"damage_healed":0.0,"max_hp_gain":0.0,"max_hp_loss":0.0,"gold_gain":0.0,"event_name":"Liars Game","player_choice":"Ignored","floor":3.0,"gold_loss":0.0,"damage_taken":0.0},{"damage_healed":0.0,"max_hp_gain":0.0,"max_hp_loss":0.0,"gold_gain":0.0,"event_name":"Scrap Ooze","player_choice":"Success","floor":4.0,"gold_loss":0.0,"damage_taken":5.0,"relics_obtained":["Oddly Smooth Stone"]},{"cards_removed":["Strike_G"],"damage_healed":0.0,"max_hp_gain":0.0,"max_hp_loss":0.0,"gold_gain":0.0,"event_name":"Purifier","player_choice":"Purged","floor":10.0,"gold_loss":0.0,"damage_taken":0.0},{"damage_healed":0,"gold_gain":0,"player_choice":"Became a Ghost","damage_taken":0,"max_hp_gain":0,"max_hp_loss":33,"event_name":"Ghosts","floor":20,"gold_loss":0,"cards_obtained":["Ghostly","Ghostly","Ghostly"]}],"is_beta":true,"boss_relics":[{"not_picked":["Pandora\u0027s Box","Snecko Eye"],"picked":"Black Star"}],"items_purged_floors":[14,21],"is_endless":false,"potions_floor_spawned":[1,11,16,22],"killed_by":"Slavers","ascension_level":20}