{"gold_per_floor":[367,220,238,253,153,153,183,183,210,210,230,245,245,262,262,359,359,370,280,291,166,180,180,180,197,197,197,224,244,244,94,94,192,192,211,230,250,265,90,90,90,104,128,52,152,180,180,190,190,190],"floor_reached":51,"playtime":1612,"items_purged":["Decay","Strike_G","Defend_G","Strike_G","Masterful Stab"],"score":764,"play_id":"ed205679-2cbc-461c-83d8-dcc3ac0fadf4","local_time":"20181023201613","is_ascension_mode":false,"campfire_choices":[{"data":"Noxious Fumes","floor":8.0,"key":"SMITH"},{"data":"Neutralize","floor":10.0,"key":"SMITH"},{"data":"Backflip","floor":13.0,"key":"SMITH"},{"data":"Survivor","floor":15.0,"key":"SMITH"},{"data":"Deadly Poison","floor":23,"key":"SMITH"},{"data":"Catalyst","floor":30,"key":"SMITH"},{"data":"Backflip","floor":32,"key":"SMITH"},{"data":"Malaise","floor":40,"key":"SMITH"},{"data":"Catalyst","floor":47,"key":"SMITH"},{"floor":49,"key":"REST"}],"neow_cost":"CURSE","seed_source_timestamp":38015377080577,"circlet_count":0,"master_deck":["Defend_G+1","Defend_G+1","Survivor+1","Neutralize+1","Noxious Fumes+1","Backflip+1","Adrenaline+1","Backflip+1","Deadly Poison+1","Catalyst+1","Dash+1","Malaise+1","Well Laid Plans+1","Catalyst+1"],"special_seed":0,"relics":["Ring of the Snake","War Paint","Odd Mushroom","Bag of Preparation","WristBlade","Bottled Flame","Torii","Empty Cage","Oddly Smooth Stone","Whetstone"],"potions_floor_usage":[20,38,50],"damage_taken":[{"damage":2.0,"enemies":"Small Slimes","floor":1.0,"turns":5.0},{"damage":0.0,"enemies":"Cultist","floor":3.0,"turns":4.0},{"damage":0.0,"enemies":"2 Louse","floor":4.0,"turns":1.0},{"damage":10.0,"enemies":"The Mushroom Lair","floor":7.0,"turns":6.0},{"damage":0.0,"enemies":"Exordium Wildlife","floor":11.0,"turns":6.0},{"damage":0.0,"enemies":"2 Fungi Beasts","floor":12.0,"turns":3.0},{"damage":0.0,"enemies":"Exordium Thugs","floor":14.0,"turns":3.0},{"damage":32.0,"enemies":"Slime Boss","floor":16.0,"turns":13.0},{"damage":0.0,"enemies":"2 Thieves","floor":18.0,"turns":5.0},{"damage":0,"enemies":"3 Byrds","floor":20,"turns":3},{"damage":0,"enemies":"Snecko","floor":22,"turns":5},{"damage":5,"enemies":"Sentry and Sphere","floor":25,"turns":5},{"damage":0,"enemies":"Book of Stabbing","floor":28,"turns":4},{"damage":0,"enemies":"Snake Plant","floor":29,"turns":3},{"damage":22,"enemies":"Automaton","floor":33,"turns":8},{"damage":0,"enemies":"Orb Walker","floor":35,"turns":3},{"damage":0,"enemies":"3 Shapes","floor":36,"turns":3},{"damage":0,"enemies":"Sphere and 2 Shapes","floor":37,"turns":4},{"damage":2,"enemies":"Writhing Mass","floor":38,"turns":6},{"damage":0,"enemies":"Maw","floor":42,"turns":6},{"damage":7,"enemies":"Nemesis","floor":46,"turns":5},{"damage":17,"enemies":"Sphere and 2 Shapes","floor":48,"turns":4},{"damage":16,"enemies":"Time Eater","floor":50,"turns":6}],"seed_played":"2147951589838957800","potions_obtained":[{"floor":4.0,"key":"Energy Potion"},{"floor":7.0,"key":"LiquidBronze"},{"floor":11.0,"key":"FearPotion"},{"floor":14.0,"key":"Swift Potion"},{"floor":18.0,"key":"Weak Potion"},{"floor":25,"key":"SkillPotion"},{"floor":46,"key":"SteroidPotion"}],"is_trial":false,"path_per_floor":["M","$","M","M","$","?","?","R","T","R","M","M","R","M","R","B",null,"M","?","M","$","M","R","?","M","T","?","E","M","R","$","R","B",null,"M","M","M","M","$","R","?","M","T","$","?","E","R","M","R","B"],"character_chosen":"THE_SILENT","items_purchased":["Noxious Fumes","Catalyst"],"campfire_rested":1,"item_purchase_floors":[2,44],"current_hp_per_floor":[68,68,68,68,68,68,58,58,58,58,58,58,58,58,58,26,70,70,70,70,70,70,70,70,65,65,65,65,65,65,65,65,43,70,70,70,70,68,68,68,68,68,68,68,68,61,61,44,65,49],"gold":190,"neow_bonus":"TWO_FIFTY_GOLD","is_prod":false,"is_daily":false,"chose_seed":false,"campfire_upgraded":9,"win_rate":0,"timestamp":1540296973,"path_taken":["M","$","M","M","$","?","?","R","T","R","?","M","R","M","R","BOSS","M","?","M","$","M","R","?","M","T","?","E","?","R","$","R","BOSS","M","M","M","M","$","R","?","M","T","$","?","E","R","M","R","BOSS"],"build_version":"2018-10-18","purchased_purges":5,"victory":true,"max_hp_per_floor":[70,70,70,70,70,70,70,70,70,70,70,70,70,70,70,70,70,70,70,70,70,70,70,70,70,70,70,70,70,70,70,70,70,70,70,70,70,70,70,70,70,70,70,70,70,70,70,70,70,70],"card_choices":[{"not_picked":["Setup","Sucker Punch"],"picked":"Masterful Stab","floor":1.0},{"not_picked":["Heel Hook","PiercingWail","Choke"],"picked":"SKIP","floor":3.0},{"not_picked":["Blade Dance","Skewer","Dagger Spray"],"picked":"SKIP","floor":4.0},{"not_picked":["Deflect","Concentrate","Cloak And Dagger"],"picked":"SKIP","floor":11.0},{"not_picked":["Deflect","Storm of Steel"],"picked":"Backflip","floor":12.0},{"not_picked":["PiercingWail","Bane","Underhanded Strike"],"picked":"SKIP","floor":14.0},{"not_picked":["Unload","Die Die Die"],"picked":"Adrenaline","floor":16.0},{"not_picked":["Predator","Acrobatics"],"picked":"Backflip","floor":18.0},{"not_picked":["Deflect","Dagger Throw","Dodge and Roll"],"picked":"SKIP","floor":20},{"not_picked":["Dash","Calculated Gamble+1"],"picked":"Deadly Poison","floor":22},{"not_picked":["Flechettes","Reflex","Dagger Spray"],"picked":"SKIP","floor":25},{"not_picked":["Slice","Bane","Flying Knee"],"picked":"SKIP","floor":28},{"not_picked":["Deadly Poison","Dodge and Roll","Bane"],"picked":"SKIP","floor":29},{"not_picked":["Grand Finale","Venomology"],"picked":"Malaise","floor":33},{"not_picked":["Outmaneuver","Masterful Stab+1","Dagger Throw"],"picked":"SKIP","floor":35},{"not_picked":["Quick Slash","Escape Plan+1"],"picked":"Well Laid Plans+1","floor":36},{"not_picked":["Backflip","Dagger Throw+1","Poisoned Stab+1"],"picked":"SKIP","floor":37},{"not_picked":["Dodge and Roll","Underhanded Strike+1","Concentrate"],"picked":"SKIP","floor":38},{"not_picked":["Flying Knee+1","Quick Slash","Bane"],"picked":"SKIP","floor":42},{"not_picked":["Prepared","Infinite Blades+1","Slice"],"picked":"SKIP","floor":46},{"not_picked":["Heel Hook","Acrobatics+1","Slice"],"picked":"SKIP","floor":48}],"player_experience":576481,"relics_obtained":[{"floor":7.0,"key":"Odd Mushroom"},{"floor":9.0,"key":"Bag of Preparation"},{"floor":26,"key":"Bottled Flame"},{"floor":28,"key":"Torii"},{"floor":43,"key":"Oddly Smooth Stone"},{"floor":46,"key":"Whetstone"}],"event_choices":[{"damage_healed":0.0,"max_hp_gain":0.0,"max_hp_loss":0.0,"gold_gain":0.0,"event_name":"WeMeetAgain","player_choice":"Gave Potion","floor":6.0,"gold_loss":0.0,"damage_taken":0.0,"relics_obtained":["War Paint"]},{"damage_healed":0.0,"max_hp_gain":0.0,"max_hp_loss":0.0,"gold_gain":0.0,"event_name":"Mushrooms","player_choice":"Fought Mushrooms","floor":7.0,"gold_loss":0.0,"damage_taken":0.0},{"cards_removed":["Strike_G"],"damage_healed":0.0,"max_hp_gain":0.0,"max_hp_loss":0.0,"gold_gain":0.0,"event_name":"Designer","player_choice":"Upgrade and Remove","floor":19.0,"gold_loss":90.0,"damage_taken":0.0,"cards_upgraded":["Adrenaline"]},{"damage_healed":0,"gold_gain":0,"player_choice":"Read","damage_taken":0,"max_hp_gain":0,"max_hp_loss":0,"event_name":"The Library","floor":24,"gold_loss":0,"cards_obtained":["Catalyst"]},{"damage_healed":0,"gold_gain":0,"cards_transformed":["Defend_G","Strike_G"],"player_choice":"Became Test Subject","damage_taken":0,"max_hp_gain":0,"max_hp_loss":0,"event_name":"Drug Dealer","floor":27,"gold_loss":0,"cards_obtained":["Dash","Unload"]},{"cards_removed":["Unload"],"damage_healed":0,"gold_gain":0,"player_choice":"Card Removal","damage_taken":0,"max_hp_gain":0,"max_hp_loss":0,"event_name":"Wheel of Change","floor":41,"gold_loss":0},{"damage_healed":0,"gold_gain":100,"player_choice":"Pray","damage_taken":0,"max_hp_gain":0,"max_hp_loss":0,"event_name":"Golden Shrine","floor":45,"gold_loss":0}],"is_beta":false,"boss_relics":[{"not_picked":["Calling Bell","Eternal Feather"],"picked":"WristBlade"},{"not_picked":["Pandora\u0027s Box","Black Star"],"picked":"Empty Cage"}],"items_purged_floors":[2,5,21,31,39],"is_endless":false,"potions_floor_spawned":[4,7,11,14,18,25,28,29,35,37,46],"ascension_level":0}