{"gold_per_floor":[119,119,119,134,59,98,98,134,190,209,233,233,258,273,273,403,403,423,323,344,443,464,464,508,508,508,522,522,560,581,496,496,624,624,637,217,233,258,60,60,101,124,124,457,457,457,457,457,457,457],"floor_reached":51,"playtime":1691,"items_purged":["Strike_R","Strike_R","Defend_R","Defend_R"],"score":784,"play_id":"7f7e18a1-5f33-4f44-833f-ec1a89c3cf16","local_time":"20181019190634","is_ascension_mode":true,"campfire_choices":[{"floor":7.0,"key":"REST"},{"floor":12.0,"key":"REST"},{"data":"Demon Form","floor":15.0,"key":"SMITH"},{"data":"Spot Weakness","floor":23.0,"key":"SMITH"},{"data":"Shrug It Off","floor":25.0,"key":"SMITH"},{"data":"Shrug It Off","floor":28.0,"key":"SMITH"},{"data":"Anger","floor":32.0,"key":"SMITH"},{"data":"Bloodletting","floor":40,"key":"SMITH"},{"data":"Exhume","floor":45,"key":"SMITH"},{"data":"Defend_R","floor":47,"key":"SMITH"},{"data":"Defend_R","floor":49,"key":"SMITH"}],"neow_cost":"NONE","seed_source_timestamp":0,"circlet_count":0,"master_deck":["Strike_R+1","Strike_R","Defend_R+1","Defend_R+1","Bash+1","Anger+1","Shrug It Off+1","Spot Weakness+1","Demon Form+1","Reaper","Shrug It Off+1","Whirlwind+1","Clash","Exhume+1","Flame Barrier+1","Bloodletting+1","Pommel Strike+1"],"special_seed":0,"relics":["Philosopher\u0027s Stone","Lantern","Whetstone","Tiny Chest","Coffee Dripper","Potion Belt","Self Forming Clay","Frozen Egg 2","Ornamental Fan","Busted Crown","Dead Branch","Juzu Bracelet","Dream Catcher","Turnip"],"potions_floor_usage":[50,50,50,50],"damage_taken":[{"damage":0.0,"enemies":"Small Slimes","floor":1.0,"turns":3.0},{"damage":0.0,"enemies":"Jaw Worm","floor":4.0,"turns":3.0},{"damage":35.0,"enemies":"3 Sentries","floor":6.0,"turns":10.0},{"damage":25.0,"enemies":"Gremlin Nob","floor":8.0,"turns":4.0},{"damage":0.0,"enemies":"2 Louse","floor":10.0,"turns":2.0},{"damage":4.0,"enemies":"Large Slime","floor":11.0,"turns":7.0},{"damage":2.0,"enemies":"Looter","floor":13.0,"turns":3.0},{"damage":0.0,"enemies":"3 Louse","floor":14.0,"turns":2.0},{"damage":9.0,"enemies":"The Guardian","floor":16.0,"turns":5.0},{"damage":54.0,"enemies":"3 Byrds","floor":18.0,"turns":6.0},{"damage":5.0,"enemies":"Chosen","floor":20.0,"turns":4.0},{"damage":22.0,"enemies":"3 Cultists","floor":22.0,"turns":4.0},{"damage":40.0,"enemies":"Book of Stabbing","floor":24.0,"turns":4.0},{"damage":18.0,"enemies":"Cultist and Chosen","floor":27.0,"turns":6.0},{"damage":27.0,"enemies":"Gremlin Leader","floor":29.0,"turns":5.0},{"damage":0.0,"enemies":"Snecko","floor":30.0,"turns":3.0},{"damage":71.0,"enemies":"Automaton","floor":33.0,"turns":9.0},{"damage":0,"enemies":"3 Darklings","floor":35,"turns":1},{"damage":10,"enemies":"3 Shapes","floor":37,"turns":1},{"damage":11,"enemies":"3 Darklings","floor":38,"turns":3},{"damage":32,"enemies":"Reptomancer","floor":41,"turns":6},{"damage":24,"enemies":"4 Shapes","floor":42,"turns":2},{"damage":9,"enemies":"Mind Bloom Boss Battle","floor":46,"turns":6},{"damage":80,"enemies":"Awakened One","floor":50,"turns":6}],"seed_played":"228043506300897880","potions_obtained":[{"floor":8.0,"key":"FearPotion"},{"floor":10.0,"key":"SteroidPotion"},{"floor":11.0,"key":"Block Potion"},{"floor":16.0,"key":"FearPotion"},{"floor":20.0,"key":"Strength Potion"},{"floor":24.0,"key":"FearPotion"},{"floor":29.0,"key":"PowerPotion"},{"floor":35,"key":"Poison Potion"},{"floor":38,"key":"FearPotion"}],"is_trial":false,"path_per_floor":["M","?","?","M","$","E","R","E","T","M","M","R","M","M","R","B",null,"M","$","M","?","M","R","E","R","T","M","R","E","M","?","R","B",null,"M","$","M","M","$","R","E","M","T","?","R","?","R","?","R","B"],"character_chosen":"IRONCLAD","items_purchased":["Dead Branch","PowerPotion"],"campfire_rested":2,"item_purchase_floors":[36,39],"current_hp_per_floor":[80,73,53,53,53,18,42,17,17,17,13,37,35,35,35,26,80,26,26,35,35,69,69,50,50,50,62,62,67,80,80,80,9,80,80,80,70,80,80,80,68,44,44,44,44,66,66,66,66,20],"gold":457,"neow_bonus":"BOSS_RELIC","is_prod":false,"is_daily":false,"chose_seed":false,"campfire_upgraded":9,"win_rate":0,"timestamp":1539947194,"path_taken":["M","?","?","M","$","E","R","E","T","M","?","R","M","M","R","BOSS","M","$","M","?","M","R","E","R","T","M","R","E","M","?","R","BOSS","M","$","M","M","$","R","E","M","T","?","R","?","R","?","R","BOSS"],"build_version":"2018-10-18","purchased_purges":4,"victory":true,"max_hp_per_floor":[80,80,80,80,80,80,80,80,80,80,80,80,80,80,80,80,80,80,80,80,80,80,80,80,80,80,80,80,80,80,80,80,80,80,80,80,80,80,80,80,80,80,80,80,80,80,80,76,76,76],"card_choices":[{"not_picked":["Warcry","Havoc"],"picked":"Anger","floor":1.0},{"not_picked":["Havoc","Seeing Red"],"picked":"Shrug It Off","floor":4.0},{"not_picked":["Corruption","Havoc","Wild Strike"],"picked":"SKIP","floor":6.0},{"not_picked":["Thunderclap","Shrug It Off"],"picked":"Spot Weakness","floor":8.0},{"not_picked":["Reckless Charge","Spot Weakness","Body Slam"],"picked":"SKIP","floor":10.0},{"not_picked":["Dual Wield","Twin Strike","Warcry"],"picked":"SKIP","floor":11.0},{"not_picked":["Second Wind","Ghostly Armor","Shrug It Off"],"picked":"SKIP","floor":13.0},{"not_picked":["Body Slam","Armaments"],"picked":"Demon Form","floor":14.0},{"not_picked":["Double Tap","Dark Embrace"],"picked":"Reaper","floor":16.0},{"not_picked":["Twin Strike","Body Slam","Evolve"],"picked":"SKIP","floor":18.0},{"not_picked":["Feel No Pain","Clothesline+1","Rupture"],"picked":"SKIP","floor":20.0},{"not_picked":["Body Slam","Wild Strike","Rage+1"],"picked":"SKIP","floor":22.0},{"not_picked":["Twin Strike","Infernal Blade","Thunderclap"],"picked":"SKIP","floor":24.0},{"not_picked":["Anger","Perfected Strike"],"picked":"Shrug It Off","floor":27.0},{"not_picked":["Clash","Pommel Strike+1"],"picked":"Whirlwind+1","floor":29.0},{"not_picked":["Body Slam","Havoc"],"picked":"Clash","floor":30.0},{"not_picked":["Juggernaut+1","Brutality+1"],"picked":"Exhume","floor":33.0},{"not_picked":["Rupture+1"],"picked":"SKIP","floor":35},{"not_picked":[],"picked":"Flame Barrier+1","floor":37},{"not_picked":["Bloodletting"],"picked":"SKIP","floor":38},{"not_picked":[],"picked":"Bloodletting","floor":38},{"not_picked":["Cleave+1"],"picked":"SKIP","floor":41},{"not_picked":["Headbutt"],"picked":"SKIP","floor":42},{"not_picked":[],"picked":"Pommel Strike+1","floor":46}],"player_experience":370599,"relics_obtained":[{"floor":6.0,"key":"Lantern"},{"floor":8.0,"key":"Whetstone"},{"floor":9.0,"key":"Tiny Chest"},{"floor":24.0,"key":"Potion Belt"},{"floor":26.0,"key":"Self Forming Clay"},{"floor":29.0,"key":"Frozen Egg 2"},{"floor":41,"key":"Juzu Bracelet"},{"floor":43,"key":"Dream Catcher"},{"floor":46,"key":"Turnip"}],"event_choices":[{"cards_removed":["Strike_R"],"damage_healed":0.0,"max_hp_gain":0.0,"max_hp_loss":0.0,"gold_gain":0.0,"event_name":"Golden Wing","player_choice":"Card Removal","floor":2.0,"gold_loss":0.0,"damage_taken":7.0},{"damage_healed":0.0,"max_hp_gain":0.0,"max_hp_loss":0.0,"gold_gain":0.0,"event_name":"Golden Idol","player_choice":"Take Damage","floor":3.0,"gold_loss":0.0,"damage_taken":20.0,"relics_obtained":["Golden Idol"]},{"damage_healed":0.0,"max_hp_gain":0.0,"max_hp_loss":0.0,"gold_gain":99.0,"event_name":"Nest","player_choice":"Stole From Cult","floor":21.0,"gold_loss":0.0,"damage_taken":0.0},{"damage_healed":0.0,"max_hp_gain":0.0,"max_hp_loss":0.0,"gold_gain":0.0,"event_name":"Addict","player_choice":"Obtained Relic","floor":31.0,"gold_loss":85.0,"damage_taken":0.0,"relics_obtained":["Ornamental Fan"]},{"damage_healed":0,"gold_gain":333,"player_choice":"Gave Idol","damage_taken":0,"max_hp_gain":0,"max_hp_loss":0,"event_name":"The Moai Head","floor":44,"relics_lost":["Golden Idol"],"gold_loss":0},{"damage_healed":0,"gold_gain":0,"player_choice":"Fight","damage_taken":0,"max_hp_gain":0,"max_hp_loss":0,"event_name":"MindBloom","floor":46,"gold_loss":0},{"damage_healed":0,"gold_gain":0,"player_choice":"Max HP","damage_taken":0,"max_hp_gain":0,"max_hp_loss":4,"event_name":"Winding Halls","floor":48,"gold_loss":0}],"is_beta":false,"boss_relics":[{"not_picked":["Runic Cube","Eternal Feather"],"picked":"Coffee Dripper"},{"not_picked":["Sozu","White Beast Statue"],"picked":"Busted Crown"}],"items_purged_floors":[5,19,36,39],"is_endless":false,"potions_floor_spawned":[8,10,11,14,16,20,24,29,35,38],"ascension_level":1}