{"gold_per_floor":[119,130,43,59,69,69,69,86,113,113,146,146,146,221,221,298,298],"floor_reached":17,"playtime":769,"items_purged":[],"score":310,"play_id":"4870bcf6-6b20-4cb4-a04f-3b9bc1fcf9f5","local_time":"20190116182022","is_ascension_mode":true,"campfire_choices":[{"floor":6,"key":"REST"},{"data":"Consume","floor":10,"key":"SMITH"},{"floor":12,"key":"RECALL"},{"data":"Glacier","floor":15,"key":"SMITH"}],"neow_cost":"NONE","seed_source_timestamp":26075157412138,"circlet_count":0,"master_deck":["AscendersBane","Strike_B","Strike_B","Strike_B","Strike_B","Defend_B","Defend_B","Defend_B","Defend_B","Zap","Dualcast","Undo","Glacier+1","Undo","Consume+1","Core Surge"],"special_seed":0,"relics":["Snecko Eye","Vajra","Orrery"],"potions_floor_usage":[11,16],"damage_taken":[{"damage":18,"enemies":"Cultist","floor":1,"turns":5},{"damage":4,"enemies":"Jaw Worm","floor":2,"turns":5},{"damage":3,"enemies":"Small Slimes","floor":4,"turns":5},{"damage":10,"enemies":"Exordium Thugs","floor":5,"turns":9},{"damage":0,"enemies":"Blue Slaver","floor":8,"turns":5},{"damage":15,"enemies":"3 Sentries","floor":11,"turns":14},{"damage":12,"enemies":"The Guardian","floor":16,"turns":16}],"seed_played":"-8383360212971202680","potions_obtained":[{"floor":4,"key":"Dexterity Potion"},{"floor":5,"key":"AttackPotion"},{"floor":11,"key":"AttackPotion"}],"is_trial":false,"path_per_floor":["M","M","$","M","M","R","$","M","T","R","E","R","?","?","R","B",null],"character_chosen":"DEFECT","items_purchased":["Glacier"],"campfire_rested":1,"item_purchase_floors":[3],"current_hp_per_floor":[46,42,42,39,29,50,50,50,50,50,35,35,40,29,29,17,17],"gold":298,"neow_bonus":"BOSS_RELIC","is_prod":false,"is_daily":false,"chose_seed":false,"campfire_upgraded":2,"win_rate":0,"timestamp":1547634022,"path_taken":["M","M","$","M","?","R","$","M","T","R","E","R","?","?","R","BOSS"],"build_version":"2019-01-10","purchased_purges":0,"victory":false,"max_hp_per_floor":[71,71,71,71,71,71,71,71,71,71,71,71,76,76,76,76,76],"card_choices":[{"not_picked":["Hologram","Leap","Blizzard"],"picked":"SKIP","floor":1},{"not_picked":["Double Energy","Sweeping Beam"],"picked":"Undo","floor":2},{"not_picked":["Rebound","Reprogram"],"picked":"Undo","floor":4},{"not_picked":["FTL","Compile Driver","Coolheaded"],"picked":"SKIP","floor":5},{"not_picked":["Heatsinks","Compile Driver"],"picked":"Consume","floor":8},{"not_picked":["Sweeping Beam","Coolheaded","Amplify"],"picked":"SKIP","floor":11},{"not_picked":["Biased Cognition","Reboot"],"picked":"Core Surge","floor":16}],"player_experience":1950553,"relics_obtained":[{"floor":11,"key":"Vajra"}],"event_choices":[{"damage_healed":0,"gold_gain":0,"player_choice":"Donut","damage_taken":0,"max_hp_gain":5,"max_hp_loss":0,"event_name":"Big Fish","floor":13,"gold_loss":0},{"damage_healed":0,"gold_gain":75,"player_choice":"Gather Gold","damage_taken":11,"max_hp_gain":0,"max_hp_loss":0,"event_name":"World of Goop","floor":14,"gold_loss":0}],"is_beta":false,"boss_relics":[{"not_picked":["Ectoplasm","Sozu"],"picked":"Orrery"}],"items_purged_floors":[],"is_endless":false,"potions_floor_spawned":[4,5,8,11],"ascension_level":20}