{"gold_per_floor":[109,34,34,34,46,46,16,45,72,72,83,83,101,115,115,115],"floor_reached":16,"playtime":435,"items_purged":["Strike_B"],"score":200,"play_id":"be3da7df-33a7-4c2b-aa00-f157151d8965","local_time":"20190302161626","is_ascension_mode":true,"campfire_choices":[{"data":"Zap","floor":6.0,"key":"SMITH"},{"data":"Dualcast","floor":12.0,"key":"SMITH"},{"data":"Coolheaded","floor":15.0,"key":"SMITH"}],"neow_cost":"TEN_PERCENT_HP_LOSS","seed_source_timestamp":19813332555266,"circlet_count":0,"master_deck":["AscendersBane","Strike_B","Strike_B","Defend_B","Defend_B","Defend_B","Defend_B","Zap+1","Dualcast+1","Good Instincts","Madness+1","Cold Snap","Turbo+1","Coolheaded+1","Ball Lightning","Ball Lightning","Double Energy"],"special_seed":0,"relics":["Cracked Core","Peace Pipe","War Paint"],"potions_floor_usage":[16],"damage_taken":[{"damage":0.0,"enemies":"Small Slimes","floor":1.0,"turns":2.0},{"damage":2.0,"enemies":"Jaw Worm","floor":5.0,"turns":4.0},{"damage":37.0,"enemies":"3 Sentries","floor":8.0,"turns":15.0},{"damage":0.0,"enemies":"2 Louse","floor":11.0,"turns":3.0},{"damage":1.0,"enemies":"Exordium Thugs","floor":13.0,"turns":4.0},{"damage":4.0,"enemies":"3 Louse","floor":14.0,"turns":3.0},{"damage":13,"enemies":"The Guardian","floor":16,"turns":8}],"seed_played":"-8210624153265739007","potions_obtained":[{"floor":14.0,"key":"Poison Potion"}],"is_trial":false,"path_per_floor":["M","$","?","?","M","R","$","E","T","?","M","R","M","M","R","B"],"character_chosen":"DEFECT","items_purchased":["Coolheaded"],"campfire_rested":0,"item_purchase_floors":[7],"current_hp_per_floor":[64,64,57,57,55,55,55,18,18,18,18,18,17,13,13,0],"gold":115,"neow_bonus":"RANDOM_COLORLESS_2","is_prod":false,"is_daily":false,"chose_seed":false,"campfire_upgraded":3,"win_rate":0,"timestamp":1551514586,"path_taken":["M","$","?","?","M","R","$","E","T","?","M","R","M","M","R","BOSS"],"build_version":"2019-01-23","purchased_purges":1,"victory":false,"max_hp_per_floor":[64,64,64,64,64,64,64,64,64,64,64,64,64,64,64,64],"card_choices":[{"not_picked":["Rebound","Sweeping Beam"],"picked":"Cold Snap","floor":1.0},{"not_picked":["Barrage","Go for the Eyes"],"picked":"Turbo","floor":5.0},{"not_picked":["Conserve Battery","Stack"],"picked":"Ball Lightning","floor":8.0},{"not_picked":["Doom and Gloom","Hologram"],"picked":"Ball Lightning","floor":11.0},{"not_picked":["Streamline","Stack"],"picked":"Double Energy","floor":13.0},{"not_picked":["Steam","Stack","Darkness"],"picked":"SKIP","floor":14.0}],"player_experience":3298013,"relics_obtained":[{"floor":8.0,"key":"Peace Pipe"},{"floor":9.0,"key":"War Paint"}],"event_choices":[{"cards_removed":["Strike_B"],"damage_healed":0.0,"max_hp_gain":0.0,"max_hp_loss":0.0,"gold_gain":0.0,"event_name":"Golden Wing","player_choice":"Card Removal","floor":3.0,"gold_loss":0.0,"damage_taken":7.0},{"damage_healed":0.0,"max_hp_gain":0.0,"max_hp_loss":0.0,"gold_gain":0.0,"event_name":"The Cleric","player_choice":"Leave","floor":4.0,"gold_loss":0.0,"damage_taken":0.0},{"damage_healed":0.0,"max_hp_gain":0.0,"max_hp_loss":0.0,"gold_gain":0.0,"event_name":"Scrap Ooze","player_choice":"Fled","floor":10.0,"gold_loss":0.0,"damage_taken":0.0}],"is_beta":false,"boss_relics":[],"items_purged_floors":[2],"is_endless":false,"potions_floor_spawned":[14],"killed_by":"The Guardian","ascension_level":20}