{"gold_per_floor":[110,110,121,139,25,25,54,54,54,82,95,108,108,108],"floor_reached":14,"playtime":280,"items_purged":[],"score":200,"play_id":"15a834ab-9f85-4ce2-bf6d-8dfa7d0e3f4f","local_time":"20190301150129","is_ascension_mode":true,"campfire_choices":[{"data":"Defragment","floor":6.0,"key":"SMITH"},{"data":"Sunder","floor":8.0,"key":"SMITH"}],"neow_cost":"NONE","seed_source_timestamp":84629650583312,"circlet_count":0,"master_deck":["AscendersBane","Strike_B","Strike_B","Strike_B","Strike_B","Defend_B","Defend_B","Defend_B","Defend_B","Zap+1","Dualcast","Heatsinks","Sunder+1","Turbo","Defragment+1","Beam Cell","Recycle","Skim","Go for the Eyes"],"special_seed":0,"relics":["Cracked Core","Pen Nib","Emotion Chip","Mummified Hand","Dodecahedron","Lantern"],"potions_floor_usage":[12,12],"damage_taken":[{"damage":9.0,"enemies":"Small Slimes","floor":1.0,"turns":4.0},{"damage":1.0,"enemies":"Cultist","floor":3.0,"turns":4.0},{"damage":3.0,"enemies":"2 Louse","floor":4.0,"turns":3.0},{"damage":20.0,"enemies":"Lagavulin","floor":7.0,"turns":6.0},{"damage":25.0,"enemies":"Gremlin Nob","floor":10.0,"turns":4.0},{"damage":4.0,"enemies":"Red Slaver","floor":11.0,"turns":2.0},{"damage":1,"enemies":"Blue Slaver","floor":12,"turns":2},{"damage":6,"enemies":"3 Louse","floor":14,"turns":1}],"seed_played":"-3955601246216465836","potions_obtained":[{"floor":1.0,"key":"FearPotion"},{"floor":4.0,"key":"EssenceOfSteel"},{"floor":10.0,"key":"Poison Potion"},{"floor":11.0,"key":"Dexterity Potion"}],"is_trial":false,"path_per_floor":["M","?","M","M","$","R","E","R","T","E","M","M","T","M"],"character_chosen":"DEFECT","items_purchased":["Defragment","Beam Cell"],"campfire_rested":0,"item_purchase_floors":[5,5],"current_hp_per_floor":[55,55,54,51,51,51,31,31,31,6,2,1,1,0],"gold":108,"neow_bonus":"RANDOM_COMMON_RELIC","is_prod":false,"is_daily":false,"chose_seed":false,"campfire_upgraded":2,"win_rate":0,"timestamp":1551423689,"path_taken":["M","?","M","M","?","R","E","R","T","E","M","?","?","M"],"build_version":"2019-01-23","purchased_purges":0,"victory":false,"max_hp_per_floor":[71,71,71,71,71,71,71,71,71,71,71,71,71,71],"card_choices":[{"not_picked":["Leap","Genetic Algorithm"],"picked":"Heatsinks","floor":1.0},{"not_picked":["Aggregate","Turbo"],"picked":"Sunder","floor":3.0},{"not_picked":["Ball Lightning","Stack"],"picked":"Turbo","floor":4.0},{"not_picked":["Doom and Gloom","Compile Driver"],"picked":"Recycle","floor":7.0},{"not_picked":["Multi-Cast","Force Field","Compile Driver"],"picked":"SKIP","floor":10.0},{"not_picked":["Ball Lightning","Turbo"],"picked":"Skim","floor":11.0},{"not_picked":["Hello World","Turbo"],"picked":"Go for the Eyes","floor":12}],"player_experience":1049488,"relics_obtained":[{"floor":7.0,"key":"Emotion Chip"},{"floor":9.0,"key":"Mummified Hand"},{"floor":10.0,"key":"Dodecahedron"},{"floor":13,"key":"Lantern"}],"event_choices":[{"damage_healed":0.0,"max_hp_gain":0.0,"max_hp_loss":0.0,"gold_gain":0.0,"event_name":"Upgrade Shrine","player_choice":"Upgraded","floor":2.0,"gold_loss":0.0,"damage_taken":0.0,"cards_upgraded":["Zap"]}],"is_beta":false,"boss_relics":[],"items_purged_floors":[],"is_endless":false,"potions_floor_spawned":[1,4,10,11],"killed_by":"3 Louse","ascension_level":20}