{"gold_per_floor":[111,34,34,34,58,88,107,133,133,133],"floor_reached":10,"playtime":210,"items_purged":[],"score":198,"play_id":"9b3448b0-1e16-4ef6-a4a2-11742a80864b","local_time":"20190318114923","is_ascension_mode":true,"campfire_choices":[],"neow_cost":"NONE","seed_source_timestamp":3366923287315,"circlet_count":0,"master_deck":["AscendersBane","Defend_G","Defend_G","Defend_G","Defend_G","Defend_G","Strike_G","Strike_G","Strike_G","Strike_G","Survivor","Neutralize","Deadly Poison+1","Well Laid Plans","Concentrate+1","Acrobatics"],"special_seed":0,"relics":["Ring of the Snake","NeowsBlessing","Smiling Mask","War Paint","Meat on the Bone","Omamori"],"potions_floor_usage":[8],"damage_taken":[{"damage":0.0,"enemies":"2 Louse","floor":1.0,"turns":1.0},{"damage":0,"enemies":"Gremlin Nob","floor":6,"turns":1},{"damage":0,"enemies":"Jaw Worm","floor":7,"turns":1},{"damage":11,"enemies":"Lagavulin","floor":8,"turns":7},{"damage":6,"enemies":"Gremlin Nob","floor":10,"turns":3}],"seed_played":"5135821192801218367","potions_obtained":[{"floor":1.0,"key":"Block Potion"},{"floor":7,"key":"EssenceOfSteel"}],"is_trial":false,"path_per_floor":["M","$","?","?","T","E","M","E","T","E"],"character_chosen":"THE_SILENT","items_purchased":["Well Laid Plans"],"campfire_rested":0,"item_purchase_floors":[2],"current_hp_per_floor":[59,59,59,59,59,59,59,48,48,42],"gold":133,"neow_bonus":"THREE_ENEMY_KILL","is_prod":false,"is_daily":false,"chose_seed":false,"campfire_upgraded":0,"win_rate":0,"timestamp":1552880963,"path_taken":["M","$","?","?","?","E","?","E","T","E"],"build_version":"2019-01-23","purchased_purges":0,"victory":false,"max_hp_per_floor":[66,66,66,66,66,66,66,66,66,66],"card_choices":[{"not_picked":["Crippling Poison","Terror"],"picked":"Deadly Poison","floor":1.0},{"not_picked":["Accuracy","Blade Dance"],"picked":"Concentrate","floor":6},{"not_picked":["Flechettes","Accuracy"],"picked":"Acrobatics","floor":7},{"not_picked":["Heel Hook","Concentrate","Prepared"],"picked":"SKIP","floor":8}],"player_experience":3677449,"relics_obtained":[{"floor":5,"key":"Smiling Mask"},{"floor":6,"key":"War Paint"},{"floor":8,"key":"Meat on the Bone"},{"floor":9,"key":"Omamori"}],"event_choices":[{"damage_healed":0.0,"max_hp_gain":0.0,"max_hp_loss":0.0,"gold_gain":0.0,"event_name":"The Cleric","player_choice":"Leave","floor":3.0,"gold_loss":0.0,"damage_taken":0.0},{"cards_removed":["Strike_G"],"damage_healed":0,"gold_gain":0,"player_choice":"Forget","damage_taken":0,"max_hp_gain":0,"max_hp_loss":0,"event_name":"Living Wall","floor":4,"gold_loss":0}],"is_beta":false,"boss_relics":[],"items_purged_floors":[],"is_endless":false,"potions_floor_spawned":[1,7],"killed_by":"Gremlin Nob","ascension_level":20}