{"gold_per_floor":[114,132,26,37,48,48,48,48,74,92,111,111,144,162,162,267,267,287,138,148,48,48,48,66,66,66,66,84,84,119,139,139,239,239,258,52,52,66,83,83,83,100,100,100,134,134,134,151,151,151],"floor_reached":51,"playtime":1977,"items_purged":["Defend_G","Strike_G","Strike_G"],"score":731,"play_id":"99089ff7-e4b3-4810-9442-109a17f59d1e","local_time":"20181029001719","is_ascension_mode":false,"campfire_choices":[{"data":"Well Laid Plans","floor":6.0,"key":"SMITH"},{"data":"Bouncing Flask","floor":8.0,"key":"SMITH"},{"data":"Neutralize","floor":12.0,"key":"SMITH"},{"data":"Footwork","floor":15.0,"key":"SMITH"},{"data":"Noxious Fumes","floor":23.0,"key":"SMITH"},{"data":"Wraith Form v2","floor":27.0,"key":"SMITH"},{"data":"Deadly Poison","floor":29.0,"key":"SMITH"},{"data":"Well Laid Plans","floor":32.0,"key":"SMITH"},{"data":"Catalyst","floor":40.0,"key":"SMITH"},{"data":"Footwork","floor":46.0,"key":"SMITH"},{"data":"Backflip","floor":49,"key":"SMITH"}],"neow_cost":"NONE","seed_source_timestamp":806867698225,"circlet_count":0,"master_deck":["Defend_G","Defend_G","Strike_G","Survivor","Neutralize+1","Well Laid Plans+1","Backstab","Footwork+1","Bouncing Flask+1","All Out Attack","Backflip+1","Footwork+1","Escape Plan","Wraith Form v2+1","PiercingWail+1","Noxious Fumes+1","Well Laid Plans+1","Deadly Poison+1","Bullet Time","Well Laid Plans","Purity","Malaise+1","Catalyst+1","Leg Sweep+1","Venomology"],"special_seed":0,"relics":["Ring of the Snake","Lantern","Boot","Coffee Dripper","Ninja Scroll","Red Mask","Empty Cage","Incense Burner","Snake Skull"],"potions_floor_usage":[48,50],"damage_taken":[{"damage":0.0,"enemies":"Jaw Worm","floor":1.0,"turns":6.0},{"damage":0.0,"enemies":"Small Slimes","floor":2.0,"turns":3.0},{"damage":0.0,"enemies":"Cultist","floor":4.0,"turns":3.0},{"damage":7.0,"enemies":"Exordium Thugs","floor":5.0,"turns":4.0},{"damage":1.0,"enemies":"Exordium Wildlife","floor":10.0,"turns":2.0},{"damage":0.0,"enemies":"3 Louse","floor":11.0,"turns":2.0},{"damage":6.0,"enemies":"Lagavulin","floor":13.0,"turns":6.0},{"damage":0.0,"enemies":"2 Fungi Beasts","floor":14.0,"turns":2.0},{"damage":47.0,"enemies":"Slime Boss","floor":16.0,"turns":11.0},{"damage":0.0,"enemies":"Shell Parasite","floor":18.0,"turns":4.0},{"damage":0.0,"enemies":"Spheric Guardian","floor":20.0,"turns":5.0},{"damage":0.0,"enemies":"3 Cultists","floor":24.0,"turns":6.0},{"damage":0.0,"enemies":"Cultist and Chosen","floor":25.0,"turns":4.0},{"damage":0.0,"enemies":"Chosen and Byrds","floor":28.0,"turns":6.0},{"damage":0.0,"enemies":"Masked Bandits","floor":30.0,"turns":4.0},{"damage":0.0,"enemies":"Snake Plant","floor":31.0,"turns":4.0},{"damage":7.0,"enemies":"Champ","floor":33.0,"turns":12.0},{"damage":20.0,"enemies":"3 Darklings","floor":35.0,"turns":6.0},{"damage":0.0,"enemies":"3 Shapes","floor":38.0,"turns":1.0},{"damage":4.0,"enemies":"3 Darklings","floor":39.0,"turns":5.0},{"damage":11.0,"enemies":"Maw","floor":42.0,"turns":6.0},{"damage":0.0,"enemies":"Nemesis","floor":45.0,"turns":7.0},{"damage":1,"enemies":"Jaw Worm Horde","floor":48,"turns":5},{"damage":5,"enemies":"Time Eater","floor":50,"turns":9}],"seed_played":"-996268545994067569","potions_obtained":[{"floor":5.0,"key":"Regen Potion"},{"floor":13.0,"key":"SmokeBomb"},{"floor":16.0,"key":"FearPotion"},{"floor":28.0,"key":"SkillPotion"},{"floor":33.0,"key":"SteroidPotion"},{"floor":35.0,"key":"Strength Potion"},{"floor":39.0,"key":"Ancient Potion"}],"is_trial":false,"path_per_floor":["M","M","$","M","M","R","$","R","T","M","M","R","E","M","R","B",null,"M","$","M","$","?","R","M","M","T","R","M","R","?","M","R","B",null,"M","$","?","M","M","R","?","M","T","?","E","R","?","M","R","B"],"character_chosen":"THE_SILENT","items_purchased":["Footwork","Bouncing Flask","Noxious Fumes","Well Laid Plans"],"campfire_rested":0,"item_purchase_floors":[3,3,19,36],"current_hp_per_floor":[70,70,70,70,63,63,63,63,63,62,62,62,56,56,56,9,70,70,70,70,70,70,70,70,70,70,70,70,70,70,70,70,63,70,64,64,64,64,60,60,60,49,49,49,49,49,49,48,48,43],"gold":151,"neow_bonus":"TRANSFORM_CARD","is_prod":false,"is_daily":false,"chose_seed":false,"campfire_upgraded":11,"win_rate":0,"timestamp":1540743439,"path_taken":["M","M","$","M","M","R","$","R","T","M","M","R","E","M","R","BOSS","M","$","M","$","?","R","M","M","T","R","M","R","?","?","R","BOSS","M","$","?","M","M","R","?","M","T","?","E","R","?","M","R","BOSS"],"build_version":"2018-10-25v2","purchased_purges":3,"victory":true,"max_hp_per_floor":[70,70,70,70,70,70,70,70,70,70,70,70,70,70,70,70,70,70,70,70,70,70,70,70,70,70,70,70,70,70,70,70,70,70,70,70,70,70,70,70,70,70,70,70,70,70,70,70,70,70],"card_choices":[{"not_picked":["Cloak And Dagger","Acrobatics"],"picked":"Backstab","floor":1.0},{"not_picked":["Blade Dance","Prepared","Reflex"],"picked":"SKIP","floor":2.0},{"not_picked":["Prepared","Slice","Cloak And Dagger"],"picked":"SKIP","floor":4.0},{"not_picked":["Dagger Spray","Dodge and Roll"],"picked":"All Out Attack","floor":5.0},{"not_picked":["Tactician","Dodge and Roll","PiercingWail"],"picked":"SKIP","floor":10.0},{"not_picked":["Blur","Skewer"],"picked":"Backflip","floor":11.0},{"not_picked":["Bullet Time","Crippling Poison"],"picked":"Footwork","floor":13.0},{"not_picked":["Flying Knee","Backflip"],"picked":"Escape Plan","floor":14.0},{"not_picked":["Venomology","A Thousand Cuts"],"picked":"Wraith Form v2","floor":16.0},{"not_picked":["Outmaneuver","Flying Knee"],"picked":"PiercingWail+1","floor":18.0},{"not_picked":["Quick Slash","All Out Attack"],"picked":"Well Laid Plans","floor":20.0},{"not_picked":["Finisher","Poisoned Stab+1","Flying Knee"],"picked":"SKIP","floor":24.0},{"not_picked":["Calculated Gamble+1","Backstab"],"picked":"Deadly Poison","floor":28.0},{"not_picked":["Expertise+1","Dagger Throw+1","Backstab"],"picked":"SKIP","floor":31.0},{"not_picked":["Doppelganger","Phantasmal Killer"],"picked":"Bullet Time","floor":33.0},{"not_picked":["Poisoned Stab","Bane+1","Underhanded Strike"],"picked":"SKIP","floor":35.0},{"not_picked":["Good Instincts","Mind Blast"],"picked":"Purity","floor":37.0},{"not_picked":["Calculated Gamble+1","Setup"],"picked":"Malaise","floor":38.0},{"not_picked":["Dodge and Roll","Slice"],"picked":"Catalyst","floor":39.0},{"not_picked":["Cloak And Dagger+1","Slice"],"picked":"Leg Sweep+1","floor":42.0},{"not_picked":["Deflect","Outmaneuver+1"],"picked":"Venomology","floor":45.0},{"not_picked":["Eviscerate+1","All Out Attack+1","Underhanded Strike"],"picked":"SKIP","floor":48}],"player_experience":700652,"relics_obtained":[{"floor":9.0,"key":"Lantern"},{"floor":13.0,"key":"Boot"},{"floor":26.0,"key":"Ninja Scroll"},{"floor":30.0,"key":"Red Mask"},{"floor":43.0,"key":"Incense Burner"},{"floor":45.0,"key":"Snake Skull"}],"event_choices":[{"damage_healed":0.0,"max_hp_gain":0.0,"max_hp_loss":0.0,"gold_gain":0.0,"event_name":"Vampires","player_choice":"Ignored","floor":22.0,"gold_loss":0.0,"damage_taken":0.0},{"damage_healed":0.0,"max_hp_gain":0.0,"max_hp_loss":0.0,"gold_gain":0.0,"event_name":"Masked Bandits","player_choice":"Fought Bandits","floor":30.0,"gold_loss":0.0,"damage_taken":0.0},{"damage_healed":0.0,"max_hp_gain":0.0,"max_hp_loss":0.0,"gold_gain":0.0,"event_name":"SensoryStone","player_choice":"Memory 1","floor":37.0,"gold_loss":0.0,"damage_taken":0.0},{"damage_healed":0.0,"max_hp_gain":0.0,"max_hp_loss":0.0,"gold_gain":0.0,"event_name":"Upgrade Shrine","player_choice":"Upgraded","floor":41.0,"gold_loss":0.0,"damage_taken":0.0,"cards_upgraded":["Malaise"]},{"cards_removed":["Defend_G"],"damage_healed":0.0,"max_hp_gain":0.0,"max_hp_loss":0.0,"gold_gain":0.0,"event_name":"Falling","player_choice":"Removed Skill","floor":44.0,"gold_loss":0.0,"damage_taken":0.0},{"damage_healed":0.0,"max_hp_gain":0.0,"max_hp_loss":0.0,"gold_gain":0.0,"event_name":"Mysterious Sphere","player_choice":"Ignored","floor":47.0,"gold_loss":0.0,"damage_taken":0.0}],"is_beta":false,"boss_relics":[{"not_picked":["Velvet Choker","Snecko Eye"],"picked":"Coffee Dripper"},{"not_picked":["Eternal Feather","White Beast Statue"],"picked":"Empty Cage"}],"items_purged_floors":[19,21,36],"is_endless":false,"potions_floor_spawned":[5,13,16,24,25,28,33,35,39,45],"ascension_level":0}