{"gold_per_floor":[119,119,119,44,44,44,55,66,66,66,86,86,61,79,79,181,181,181,131,131,131,131,131,131,131,131,131,31,31,31,31,31,31,31,31,31,31,31,31,31,31,31,31,31,31,31,31,31,31,31],"floor_reached":51,"playtime":2045,"items_purged":["Defend_R","Strike_R"],"score":702,"play_id":"1d3f30cb-c26d-4488-9e21-58fdf8325f9d","local_time":"20181123200845","is_ascension_mode":false,"campfire_choices":[{"data":"Double Tap","floor":6.0,"key":"SMITH"},{"data":"Bash","floor":12.0,"key":"SMITH"},{"data":"Dual Wield","floor":15.0,"key":"SMITH"},{"data":"Metallicize","floor":23.0,"key":"SMITH"},{"data":"Bludgeon","floor":25.0,"key":"SMITH"},{"data":"Feed","floor":29.0,"key":"SMITH"},{"data":"Exhume","floor":32.0,"key":"SMITH"},{"data":"Blood for Blood","floor":41,"key":"SMITH"},{"data":"Reaper","floor":44,"key":"SMITH"},{"data":"Dark Shackles","floor":47,"key":"SMITH"},{"data":"Clash","floor":49,"key":"SMITH"}],"neow_cost":"NONE","seed_source_timestamp":12865986369699,"circlet_count":0,"master_deck":["Strike_R","Defend_R","Defend_R","Defend_R","Exhume+1","Dual Wield+1","Double Tap+1","Clash","Bludgeon+1","Clash+1","Metallicize+1","Battle Trance+1","Feed+1","Reaper+1","True Grit+1","Spot Weakness+1","Blood for Blood+1","Dark Shackles+1"],"special_seed":0,"relics":["Burning Blood","Pen Nib","Charon\u0027s Ashes","Ectoplasm","Bronze Scales","Self Forming Clay","Happy Flower","Coffee Dripper","Oddly Smooth Stone"],"potions_floor_usage":[33,50,50],"damage_taken":[{"damage":1.0,"enemies":"Jaw Worm","floor":1.0,"turns":3.0},{"damage":12.0,"enemies":"Small Slimes","floor":7.0,"turns":5.0},{"damage":1.0,"enemies":"2 Louse","floor":8.0,"turns":3.0},{"damage":6.0,"enemies":"Gremlin Gang","floor":11.0,"turns":6.0},{"damage":11.0,"enemies":"Red Slaver","floor":14.0,"turns":4.0},{"damage":41.0,"enemies":"Slime Boss","floor":16.0,"turns":6.0},{"damage":8.0,"enemies":"Spheric Guardian","floor":18.0,"turns":3.0},{"damage":5.0,"enemies":"3 Byrds","floor":20.0,"turns":4.0},{"damage":28.0,"enemies":"Shelled Parasite and Fungi","floor":21.0,"turns":4.0},{"damage":8.0,"enemies":"3 Cultists","floor":22.0,"turns":4.0},{"damage":4.0,"enemies":"Snecko","floor":24.0,"turns":5.0},{"damage":21.0,"enemies":"Slavers","floor":27.0,"turns":3.0},{"damage":8.0,"enemies":"Book of Stabbing","floor":30.0,"turns":3.0},{"damage":6.0,"enemies":"Sentry and Sphere","floor":31.0,"turns":3.0},{"damage":35,"enemies":"Collector","floor":33,"turns":7},{"damage":25,"enemies":"3 Darklings","floor":35,"turns":4},{"damage":1,"enemies":"Orb Walker","floor":38,"turns":2},{"damage":28,"enemies":"Jaw Worm Horde","floor":39,"turns":5},{"damage":14,"enemies":"Writhing Mass","floor":42,"turns":3},{"damage":0,"enemies":"Transient","floor":48,"turns":5},{"damage":47,"enemies":"Time Eater","floor":50,"turns":63}],"seed_played":"6636386495838044502","potions_obtained":[{"floor":8.0,"key":"Weak Potion"},{"floor":11.0,"key":"SkillPotion"},{"floor":14.0,"key":"Weak Potion"},{"floor":20.0,"key":"Ancient Potion"},{"floor":27.0,"key":"Swift Potion"},{"floor":31.0,"key":"Dexterity Potion"},{"floor":48,"key":"Dexterity Potion"}],"is_trial":false,"path_per_floor":["M","?","?","$","?","R","M","M","T","$","M","R","$","M","R","B",null,"M","?","M","M","M","R","M","R","T","E","$","R","E","M","R","B",null,"M","$","?","M","M","?","R","M","T","R","$","?","R","M","R","B",null],"character_chosen":"IRONCLAD","items_purchased":["Clash"],"campfire_rested":0,"item_purchase_floors":[13],"current_hp_per_floor":[80,73,66,66,66,66,60,65,65,65,65,65,65,60,60,25,80,78,78,79,57,55,55,57,57,57,42,42,42,44,48,48,23,92,86,86,86,96,86,86,86,84,84,84,84,84,84,108,108,108],"gold":31,"neow_bonus":"ONE_RANDOM_RARE_CARD","is_prod":false,"is_daily":false,"chose_seed":false,"campfire_upgraded":11,"win_rate":0,"timestamp":1542974925,"path_taken":["M","?","?","$","?","R","M","?","T","?","?","R","?","M","R","BOSS","M","?","?","M","M","R","M","R","T","E","$","R","E","M","R","BOSS","M","$","?","M","M","?","R","?","T","R","$","?","R","M","R","BOSS"],"build_version":"2018-11-15","purchased_purges":2,"victory":true,"max_hp_per_floor":[80,80,80,80,80,80,80,80,80,80,80,80,80,80,80,80,80,80,80,80,80,80,80,80,80,80,80,80,80,84,88,88,92,92,92,92,92,96,108,108,108,108,108,108,108,108,108,108,108,108],"card_choices":[{"not_picked":["Thunderclap","Warcry"],"picked":"Dual Wield","floor":1.0},{"not_picked":["Perfected Strike","Fire Breathing","Body Slam"],"picked":"SKIP","floor":7.0},{"not_picked":["Pummel","Havoc","Armaments"],"picked":"SKIP","floor":8.0},{"not_picked":["Body Slam","Warcry","Shrug It Off"],"picked":"SKIP","floor":11.0},{"not_picked":["Clothesline","Sword Boomerang","Perfected Strike"],"picked":"SKIP","floor":14.0},{"not_picked":["Impervious","Demon Form"],"picked":"Bludgeon","floor":16.0},{"not_picked":["Power Through+1","Headbutt"],"picked":"Clash","floor":18.0},{"not_picked":["Cleave+1","Intimidate","Sword Boomerang"],"picked":"SKIP","floor":20.0},{"not_picked":["Headbutt+1","Iron Wave"],"picked":"Metallicize","floor":21.0},{"not_picked":["Rage","Sentinel"],"picked":"Battle Trance+1","floor":22.0},{"not_picked":["Carnage","Entrench","Sword Boomerang"],"picked":"SKIP","floor":24.0},{"not_picked":["Evolve","Wild Strike+1"],"picked":"Feed","floor":27.0},{"not_picked":["Flex","Seeing Red","Wild Strike+1"],"picked":"SKIP","floor":30.0},{"not_picked":["Pommel Strike+1","Heavy Blade","Wild Strike"],"picked":"SKIP","floor":31.0},{"not_picked":["Exhume","Bludgeon"],"picked":"Reaper","floor":33},{"not_picked":["Flex+1","True Grit","Havoc+1"],"picked":"SKIP","floor":35},{"not_picked":["Sentinel+1","Clash"],"picked":"True Grit+1","floor":38},{"not_picked":["Perfected Strike+1","Fire Breathing+1"],"picked":"Spot Weakness+1","floor":39},{"not_picked":["Havoc+1","Seeing Red","Shrug It Off"],"picked":"SKIP","floor":42},{"not_picked":["Jack Of All Trades","Dramatic Entrance"],"picked":"Dark Shackles","floor":46},{"not_picked":["Flex","Havoc","Pommel Strike+1"],"picked":"SKIP","floor":48}],"player_experience":1119017,"relics_obtained":[{"floor":9.0,"key":"Charon\u0027s Ashes"},{"floor":26.0,"key":"Bronze Scales"},{"floor":27.0,"key":"Self Forming Clay"},{"floor":30.0,"key":"Happy Flower"},{"floor":43,"key":"Oddly Smooth Stone"}],"event_choices":[{"damage_healed":0.0,"max_hp_gain":0.0,"max_hp_loss":0.0,"gold_gain":0.0,"event_name":"Scrap Ooze","player_choice":"Success","floor":2.0,"gold_loss":0.0,"damage_taken":7.0,"relics_obtained":["Pen Nib"]},{"cards_removed":["Strike_R"],"damage_healed":0.0,"max_hp_gain":0.0,"max_hp_loss":0.0,"gold_gain":0.0,"event_name":"Golden Wing","player_choice":"Card Removal","floor":3.0,"gold_loss":0.0,"damage_taken":7.0},{"damage_healed":0.0,"max_hp_gain":0.0,"max_hp_loss":0.0,"gold_gain":0.0,"cards_transformed":["Strike_R"],"event_name":"Transmorgrifier","player_choice":"Transformed","floor":5.0,"gold_loss":0.0,"damage_taken":0.0,"cards_obtained":["Double Tap"]},{"damage_healed":0.0,"max_hp_gain":0.0,"max_hp_loss":0.0,"gold_gain":100.0,"event_name":"The Joust","player_choice":"Bet on Murderer","floor":19.0,"gold_loss":50.0,"damage_taken":0.0},{"cards_removed":["Bash"],"damage_healed":0,"gold_gain":0,"player_choice":"Removed Attack","damage_taken":0,"max_hp_gain":0,"max_hp_loss":0,"event_name":"Falling","floor":37,"gold_loss":0},{"damage_healed":0,"gold_gain":0,"cards_transformed":["Strike_R"],"player_choice":"Transformed","damage_taken":0,"max_hp_gain":0,"max_hp_loss":0,"event_name":"Transmorgrifier","floor":40,"gold_loss":0,"cards_obtained":["Blood for Blood"]},{"damage_healed":0,"gold_gain":0,"player_choice":"Memory 1","damage_taken":0,"max_hp_gain":0,"max_hp_loss":0,"event_name":"SensoryStone","floor":46,"gold_loss":0}],"is_beta":false,"boss_relics":[{"not_picked":["Lizard Tail","Orrery"],"picked":"Ectoplasm"},{"not_picked":["Velvet Choker","Mark of Pain"],"picked":"Coffee Dripper"}],"items_purged_floors":[4,28],"is_endless":false,"potions_floor_spawned":[8,11,14,20,27,31,48],"ascension_level":0}