{"gold_per_floor":[111,36,111,123,123,154,154,189,189,209,209,209],"floor_reached":12,"playtime":363,"items_purged":["Strike_G"],"score":222,"play_id":"c1599adc-eeba-4f00-8dc1-c38b9c0b5a97","local_time":"20181117192237","is_ascension_mode":true,"campfire_choices":[{"data":"Well Laid Plans","floor":7.0,"key":"SMITH"},{"floor":11,"key":"REST"}],"neow_cost":"NONE","seed_source_timestamp":1499337707589698,"circlet_count":0,"master_deck":["AscendersBane","Defend_G+1","Defend_G","Defend_G","Defend_G","Defend_G","Strike_G","Strike_G","Strike_G","Strike_G","Survivor","Neutralize+1","Well Laid Plans+1","PiercingWail+1","Concentrate+1","Footwork"],"special_seed":0,"relics":["Ring of the Snake","NeowsBlessing","Toxic Egg 2","FossilizedHelix","Dream Catcher"],"potions_floor_usage":[8,8,12],"damage_taken":[{"damage":0.0,"enemies":"Cultist","floor":1.0,"turns":1.0},{"damage":0.0,"enemies":"Jaw Worm","floor":4.0,"turns":1.0},{"damage":0.0,"enemies":"Gremlin Nob","floor":6.0,"turns":1.0},{"damage":17,"enemies":"3 Sentries","floor":8,"turns":9},{"damage":0,"enemies":"Small Slimes","floor":10,"turns":4},{"damage":27,"enemies":"Lagavulin","floor":12,"turns":10}],"seed_played":"809227318991073729","potions_obtained":[{"floor":4.0,"key":"FearPotion"},{"floor":6.0,"key":"PowerPotion"},{"floor":8,"key":"FearPotion"}],"is_trial":false,"path_per_floor":["M","$","?","M","?","E","R","E","T","M","R","E"],"character_chosen":"THE_SILENT","items_purchased":[],"campfire_rested":1,"item_purchase_floors":[],"current_hp_per_floor":[59,59,48,48,28,28,28,11,11,11,30,3],"gold":209,"neow_bonus":"THREE_ENEMY_KILL","is_prod":false,"is_daily":false,"chose_seed":false,"campfire_upgraded":1,"win_rate":0,"timestamp":1542453757,"path_taken":["M","$","?","M","?","E","R","E","T","M","R","E"],"build_version":"2018-11-15","purchased_purges":1,"victory":false,"max_hp_per_floor":[66,66,66,66,66,66,66,66,66,66,66,66],"card_choices":[{"not_picked":["Bane","Riddle With Holes","Predator"],"picked":"SKIP","floor":1.0},{"not_picked":["Blur","Backstab"],"picked":"Well Laid Plans","floor":4.0},{"not_picked":["Setup","Bane"],"picked":"PiercingWail","floor":6.0},{"not_picked":["Blade Dance+1","Dagger Spray"],"picked":"Concentrate+1","floor":8},{"not_picked":["Expertise+1","Deadly Poison+1"],"picked":"Footwork","floor":10}],"player_experience":507021,"relics_obtained":[{"floor":6.0,"key":"Toxic Egg 2"},{"floor":8,"key":"FossilizedHelix"},{"floor":9,"key":"Dream Catcher"}],"event_choices":[{"damage_healed":0.0,"max_hp_gain":0.0,"max_hp_loss":0.0,"gold_gain":75.0,"event_name":"World of Goop","player_choice":"Gather Gold","floor":3.0,"gold_loss":0.0,"damage_taken":11.0},{"damage_healed":0.0,"max_hp_gain":0.0,"max_hp_loss":0.0,"gold_gain":0.0,"event_name":"Shining Light","player_choice":"Entered Light","floor":5.0,"gold_loss":0.0,"damage_taken":20.0,"cards_upgraded":["Neutralize","Defend_G"]}],"is_beta":true,"boss_relics":[],"items_purged_floors":[2],"is_endless":false,"potions_floor_spawned":[4,6,8],"killed_by":"Lagavulin","ascension_level":20}