{"path_per_floor":["M","M","?","?","?","E","M","M","T","E","M","E","$","M","R","B",null,"M","M","?","M","M","R","M","E","T","$","M","M","?","?","R","B",null,"M","M","?","$","?","E","R","M","T","M","M","E","?","$","R","B"],"character_chosen":"IRONCLAD","items_purchased":["Metallicize","Dramatic Entrance","Tiny Chest","Bottled Tornado"],"gold_per_floor":[118,138,213,213,213,240,258,271,322,354,372,403,48,59,59,160,160,176,188,188,208,223,223,238,271,296,34,54,71,71,71,71,176,176,189,201,201,101,101,130,130,148,148,163,177,207,0,0,0,0],"floor_reached":51,"campfire_rested":3,"playtime":3447,"current_hp_per_floor":[78,80,69,62,62,37,40,36,36,42,45,13,13,19,43,49,80,76,65,65,59,37,61,31,17,17,17,14,20,20,20,44,33,80,80,73,73,73,63,56,56,64,64,72,75,80,80,80,80,50],"items_purged":["Defend_R","Regret"],"gold":0,"score":877,"play_id":"836cf85c-b947-469d-9638-802203445f1e","local_time":"20180314204920","is_prod":false,"is_daily":false,"is_ascension_mode":false,"campfire_upgraded":2,"timestamp":1521056960,"path_taken":["M","M","?","?","?","E","M","M","T","E","?","E","$","M","R","BOSS","M","M","?","?","M","R","M","E","T","$","M","M","?","?","R","BOSS","M","M","?","$","?","E","R","M","T","?","M","E","?","$","R","BOSS"],"build_version":"2018-03-09","purchased_purges":2,"victory":true,"master_deck":["Strike_R","Strike_R","Strike_R","Strike_R","Defend_R","Defend_R","Bash","Perfected Strike+1","Perfected Strike","Perfected Strike","Barricade","Flex","Burning Pact+1","Battle Trance+1","Armaments+1","Metallicize","Dramatic Entrance","Thunderclap","Flex+1","Uppercut","Blind+1","Clash+1","Impervious+1","Body Slam+1","Impervious+1","Perfected Strike","Madness+1","Madness+1","Perfected Strike","Evolve+1"],"max_hp_per_floor":[80,80,80,80,80,80,80,80,80,80,80,80,80,80,80,80,80,80,80,80,80,80,80,80,80,80,80,80,80,80,80,80,80,80,80,80,80,80,80,80,80,80,80,80,80,80,80,80,80,80],"relics":["Burning Blood","Gremlin Horn","Vajra","Anchor","Toxic Egg 2","Self Forming Clay","Tiny Chest","Black Star","Oddly Smooth Stone","Blood Vial","Bag of Marbles","Bottled Tornado","Snecko Eye","Pantograph","Shuriken","Thread and Needle","Letter Opener","Kunai","Red Mask"],"card_choices":[{"not_picked":["Havoc","Warcry"],"picked":"Perfected Strike"},{"not_picked":["Rupture","Sword Boomerang"],"picked":"Perfected Strike"},{"not_picked":["Clash","Sword Boomerang"],"picked":"Perfected Strike"},{"not_picked":["Heavy Blade","Disarm"],"picked":"Barricade"},{"not_picked":["Anger","Corruption"],"picked":"Flex"},{"not_picked":["Searing Blow","Heavy Blade"],"picked":"Burning Pact"},{"not_picked":["Sever Soul","Sword Boomerang"],"picked":"Battle Trance"},{"not_picked":["Warcry","Fire Breathing"],"picked":"Armaments"},{"not_picked":["Pommel Strike","Dropkick"],"picked":"Thunderclap"},{"not_picked":["Anger","Sword Boomerang"],"picked":"Flex"},{"not_picked":["Armaments","Rampage"],"picked":"Clash"},{"not_picked":["Pommel Strike","True Grit"],"picked":"Impervious"},{"not_picked":["Headbutt","Heavy Blade"],"picked":"Body Slam"},{"not_picked":["Brutality","Bludgeon"],"picked":"Impervious"},{"not_picked":["Sentinel","Wild Strike"],"picked":"Perfected Strike"},{"not_picked":["Flex","Shrug It Off"],"picked":"Perfected Strike"},{"not_picked":["Cleave","Feel No Pain"],"picked":"Evolve"}],"player_experience":136784,"potions_floor_usage":[50,50],"damage_taken":[{"damage":8.0,"enemies":"Jaw Worm","floor":1.0,"turns":4.0},{"damage":4.0,"enemies":"2 Louse","floor":2.0,"turns":3.0},{"damage":31.0,"enemies":"Gremlin Nob","floor":6.0,"turns":4.0},{"damage":3.0,"enemies":"Cultist","floor":7.0,"turns":3.0},{"damage":10.0,"enemies":"Looter","floor":8.0,"turns":2.0},{"damage":0.0,"enemies":"3 Sentries","floor":10.0,"turns":2.0},{"damage":3.0,"enemies":"3 Louse","floor":11.0,"turns":3.0},{"damage":38.0,"enemies":"Lagavulin","floor":12.0,"turns":4.0},{"damage":0.0,"enemies":"Red Slaver","floor":14.0,"turns":2.0},{"damage":0.0,"enemies":"Slime Boss","floor":16.0,"turns":6.0},{"damage":10.0,"enemies":"Spheric Guardian","floor":18.0,"turns":3.0},{"damage":17.0,"enemies":"2 Thieves","floor":19.0,"turns":3.0},{"damage":12.0,"enemies":"Snake Plant","floor":21.0,"turns":5.0},{"damage":28.0,"enemies":"Cultist and Chosen","floor":22.0,"turns":6.0},{"damage":36.0,"enemies":"Chosen and Byrds","floor":24.0,"turns":5.0},{"damage":20.0,"enemies":"Gremlin Leader","floor":25.0,"turns":5.0},{"damage":11.0,"enemies":"Centurion and Healer","floor":28.0,"turns":4.0},{"damage":2.0,"enemies":"Snecko","floor":29.0,"turns":5.0},{"damage":34.0,"enemies":"Champ","floor":33.0,"turns":13.0},{"damage":0.0,"enemies":"Orb Walker","floor":35.0,"turns":3.0},{"damage":13.0,"enemies":"3 Darklings","floor":36.0,"turns":4.0},{"damage":15.0,"enemies":"2 Orb Walkers","floor":40.0,"turns":4.0},{"damage":0.0,"enemies":"Sphere and 2 Shapes","floor":42.0,"turns":5.0},{"damage":0.0,"enemies":"Maw","floor":44.0,"turns":7.0},{"damage":5.0,"enemies":"3 Darklings","floor":45.0,"turns":5.0},{"damage":0.0,"enemies":"Giant Head","floor":46.0,"turns":7.0},{"damage":36,"enemies":"Awakened One","floor":50,"turns":12}],"event_choices":[{"event_name":"World of Goop","player_choice":"Gather Gold","floor":3.0,"damage_taken":0.0},{"event_name":"Golden Wing","player_choice":"Card Removal","floor":4.0,"damage_taken":0.0},{"event_name":"Big Fish","player_choice":"Box","floor":5.0,"damage_taken":0.0},{"event_name":"Match and Keep!","player_choice":"2 cards matched","floor":20.0,"damage_taken":0.0},{"event_name":"Beggar","player_choice":"Ignored","floor":30.0,"damage_taken":0.0},{"event_name":"Cursed Tome","player_choice":"Ignored","floor":31.0,"damage_taken":0.0},{"event_name":"Winding Halls","player_choice":"Embrace Madness","floor":39.0,"damage_taken":0.0},{"event_name":"Tomb of Lord Red Mask","player_choice":"Paid","floor":47.0,"damage_taken":0.0}],"boss_relics":[],"potions_floor_spawned":[2,6,8,11,19,28,29,35,36,40,46],"seed_played":"895304208332605072","ascension_level":0,"is_trial":false}