{"gold_per_floor":[209,58,69,69,88,88,88,88,88,88,105,105,118,64,64,136,136,153,173,173,187,204,204,204],"floor_reached":24,"playtime":397,"items_purged":[],"score":376,"play_id":"fa12bbce-874d-4c37-9da6-f4419a5c3ad9","local_time":"20190205205957","is_ascension_mode":true,"campfire_choices":[{"data":"Beam Cell","floor":6.0,"key":"SMITH"},{"data":"Hyperbeam","floor":10.0,"key":"SMITH"},{"data":"Genetic Algorithm","floor":12.0,"key":"SMITH"},{"data":"Streamline","floor":15.0,"key":"SMITH"},{"data":"Hyperbeam","floor":23.0,"key":"SMITH"}],"neow_cost":"NONE","seed_source_timestamp":24009753909711,"circlet_count":0,"master_deck":["AscendersBane","Strike_B","Strike_B","Strike_B","Strike_B","Defend_B","Defend_B","Defend_B","Defend_B","Zap","Dualcast","Beam Cell+1","Hyperbeam+1","Genetic Algorithm+1","Streamline+1","Hyperbeam+1","Gash","Hologram","Gash"],"special_seed":0,"relics":["Cracked Core","Juzu Bracelet","Pantograph","Runic Dome"],"potions_floor_usage":[],"damage_taken":[{"damage":2.0,"enemies":"Jaw Worm","floor":1.0,"turns":3.0},{"damage":0.0,"enemies":"Cultist","floor":3.0,"turns":2.0},{"damage":0.0,"enemies":"Small Slimes","floor":5.0,"turns":1.0},{"damage":2.0,"enemies":"3 Louse","floor":11.0,"turns":2.0},{"damage":2.0,"enemies":"Exordium Wildlife","floor":13.0,"turns":2.0},{"damage":74.0,"enemies":"Hexaghost","floor":16.0,"turns":9.0},{"damage":0.0,"enemies":"Chosen","floor":18.0,"turns":3.0},{"damage":2.0,"enemies":"2 Thieves","floor":19.0,"turns":2.0},{"damage":16.0,"enemies":"Centurion and Healer","floor":21.0,"turns":4.0},{"damage":23.0,"enemies":"Snake Plant","floor":22.0,"turns":3.0},{"damage":18,"enemies":"Gremlin Leader","floor":24,"turns":1}],"seed_played":"-3037256387566696975","potions_obtained":[{"floor":1.0,"key":"Explosive Potion"},{"floor":11.0,"key":"PowerPotion"},{"floor":13.0,"key":"LiquidBronze"},{"floor":16.0,"key":"Energy Potion"}],"is_trial":false,"path_per_floor":["M","$","M","?","M","R","?","?","T","R","M","R","M","$","R","B",null,"M","M","?","M","M","R","E"],"character_chosen":"DEFECT","items_purchased":["Hyperbeam","Streamline"],"campfire_rested":0,"item_purchase_floors":[2,14],"current_hp_per_floor":[62,62,62,62,62,62,67,67,67,67,65,65,63,63,63,2,58,58,56,56,40,17,17,0],"gold":204,"neow_bonus":"HUNDRED_GOLD","is_prod":false,"is_daily":false,"chose_seed":false,"campfire_upgraded":5,"win_rate":0,"timestamp":1549371597,"path_taken":["M","$","M","?","M","R","?","?","T","R","M","R","M","$","R","BOSS","M","M","?","M","M","R","E"],"build_version":"2019-01-23","purchased_purges":0,"victory":false,"max_hp_per_floor":[71,71,71,71,71,71,76,76,76,76,76,76,76,76,76,76,76,76,76,76,76,76,76,76],"card_choices":[{"not_picked":["Steam","Barrage"],"picked":"Beam Cell","floor":1.0},{"not_picked":["Turbo","Coolheaded","Doom and Gloom"],"picked":"SKIP","floor":3.0},{"not_picked":["Static Discharge","Leap"],"picked":"Genetic Algorithm","floor":5.0},{"not_picked":["Sweeping Beam","Turbo","Tempest"],"picked":"SKIP","floor":11.0},{"not_picked":["Go for the Eyes","Stack","Cold Snap"],"picked":"SKIP","floor":13.0},{"not_picked":["All For One","Thunder Strike"],"picked":"Hyperbeam","floor":16.0},{"not_picked":["Reinforced Body","White Noise"],"picked":"Gash","floor":18.0},{"not_picked":["Steam","Storm"],"picked":"Hologram","floor":19.0},{"not_picked":["Stack","Streamline","Steam"],"picked":"SKIP","floor":21.0},{"not_picked":["Defragment","Turbo"],"picked":"Gash","floor":22.0}],"player_experience":2549388,"relics_obtained":[{"floor":9.0,"key":"Pantograph"}],"event_choices":[{"damage_healed":0.0,"max_hp_gain":0.0,"max_hp_loss":0.0,"gold_gain":0.0,"event_name":"WeMeetAgain","player_choice":"Gave Potion","floor":4.0,"gold_loss":0.0,"damage_taken":0.0,"relics_obtained":["Juzu Bracelet"]},{"damage_healed":0.0,"max_hp_gain":5.0,"max_hp_loss":0.0,"gold_gain":0.0,"event_name":"Big Fish","player_choice":"Donut","floor":7.0,"gold_loss":0.0,"damage_taken":0.0},{"damage_healed":0.0,"max_hp_gain":0.0,"max_hp_loss":0.0,"gold_gain":0.0,"event_name":"Liars Game","player_choice":"Ignored","floor":8.0,"gold_loss":0.0,"damage_taken":0.0},{"damage_healed":0.0,"max_hp_gain":0.0,"max_hp_loss":0.0,"gold_gain":0.0,"event_name":"Cursed Tome","player_choice":"Ignored","floor":20.0,"gold_loss":0.0,"damage_taken":0.0}],"is_beta":false,"boss_relics":[{"not_picked":["Inserter","Astrolabe"],"picked":"Runic Dome"}],"items_purged_floors":[],"is_endless":false,"potions_floor_spawned":[1,11,13,16,21],"killed_by":"Gremlin Leader","ascension_level":20}