{"gold_per_floor":[111,123,135,146,162,196,196,216,240,251,251,201,220,236,236,236],"floor_reached":16,"playtime":1090,"items_purged":[],"score":203,"play_id":"83a97474-2ab9-46e8-953b-98212d6ba2a7","local_time":"20190801044218","is_ascension_mode":true,"campfire_choices":[{"data":"Feed","floor":7,"key":"SMITH"},{"data":"Juggernaut","floor":11,"key":"SMITH"},{"data":"Body Slam","floor":15,"key":"SMITH"}],"neow_cost":"PERCENT_DAMAGE","seed_source_timestamp":159444246074521,"circlet_count":0,"master_deck":["AscendersBane","Strike_R","Strike_R","Strike_R","Strike_R","Defend_R","Defend_R","Defend_R","Defend_R","Bash","Inflame","Body Slam+1","Cleave","Juggernaut+1","Cleave","Feed+1","Body Slam","Hemokinesis","True Grit"],"relics":["Burning Blood","Kunai","Bag of Marbles"],"potions_floor_usage":[6,6,14,16],"damage_taken":[{"damage":1,"enemies":"Cultist","floor":1,"turns":4},{"damage":5,"enemies":"Small Slimes","floor":2,"turns":4},{"damage":2,"enemies":"2 Louse","floor":3,"turns":3},{"damage":7,"enemies":"Large Slime","floor":4,"turns":7},{"damage":14,"enemies":"Blue Slaver","floor":5,"turns":5},{"damage":20,"enemies":"3 Sentries","floor":6,"turns":4},{"damage":22,"enemies":"Looter","floor":8,"turns":3},{"damage":12,"enemies":"3 Louse","floor":10,"turns":3},{"damage":11,"enemies":"Exordium Wildlife","floor":13,"turns":5},{"damage":5,"enemies":"Red Slaver","floor":14,"turns":4},{"damage":79,"enemies":"Hexaghost","floor":16,"turns":10}],"seed_played":"1012166008138417619","potions_obtained":[{"floor":3,"key":"BloodPotion"},{"floor":4,"key":"SteroidPotion"},{"floor":6,"key":"Block Potion"},{"floor":10,"key":"Regen Potion"}],"is_trial":false,"path_per_floor":["M","M","M","M","M","E","R","M","T","M","R","?","M","M","R","B"],"character_chosen":"IRONCLAD","items_purchased":[],"campfire_rested":0,"item_purchase_floors":[],"current_hp_per_floor":[72,73,77,76,68,78,78,66,66,64,64,64,63,64,64,0],"gold":236,"neow_bonus":"TWENTY_PERCENT_HP_BONUS","is_prod":false,"is_daily":false,"chose_seed":false,"campfire_upgraded":3,"win_rate":0,"timestamp":1564652538,"path_taken":["M","M","?","M","M","E","R","M","T","M","R","?","M","M","R","BOSS"],"build_version":"2019-07-17","purchased_purges":0,"victory":false,"max_hp_per_floor":[96,96,96,96,96,96,96,100,100,104,104,104,108,108,108,108],"card_choices":[{"not_picked":["Warcry","Perfected Strike"],"picked":"Inflame","floor":1},{"not_picked":["Cleave","Headbutt"],"picked":"Body Slam","floor":2},{"not_picked":["Clash","Burning Pact"],"picked":"Cleave","floor":3},{"not_picked":["Fire Breathing","Heavy Blade"],"picked":"Juggernaut","floor":4},{"not_picked":["Warcry","Dropkick"],"picked":"Cleave","floor":5},{"not_picked":["Searing Blow","Heavy Blade"],"picked":"Feed","floor":6},{"not_picked":["Clash","Clothesline"],"picked":"Body Slam","floor":8},{"not_picked":["Warcry","Flex"],"picked":"Hemokinesis","floor":10},{"not_picked":["Anger","Clothesline","Cleave"],"picked":"SKIP","floor":13},{"not_picked":["Power Through","Disarm"],"picked":"True Grit","floor":14}],"player_experience":410065,"relics_obtained":[{"floor":6,"key":"Kunai"},{"floor":9,"key":"Bag of Marbles"}],"event_choices":[{"cards_removed":["Strike_R"],"damage_healed":0,"gold_gain":0,"player_choice":"Card Removal","damage_taken":0,"max_hp_gain":0,"max_hp_loss":0,"event_name":"The Cleric","floor":12,"gold_loss":50}],"is_beta":false,"boss_relics":[],"items_purged_floors":[],"is_endless":false,"potions_floor_spawned":[3,4,6,10],"killed_by":"Hexaghost","ascension_level":13}