{"gold_per_floor":[109,34,34,34,47,47,65,65,65,65,75,88,113,113,113,215,215,230,230,8,24,34,34,44,44,44,44,57,57,57,70,70,170,170,183,231,231,231,299,299,325,325,325,337,41,41,41,41,41,41],"floor_reached":51,"playtime":2432,"items_purged":["Strike_G"],"score":821,"play_id":"9fdf33f7-20f9-486a-8e33-c7989d0c6bad","local_time":"20181015175959","is_ascension_mode":false,"campfire_choices":[{"data":"Bouncing Flask","floor":6.0,"key":"SMITH"},{"data":"Deadly Poison","floor":8.0,"key":"SMITH"},{"data":"Neutralize","floor":10.0,"key":"SMITH"},{"data":"Crippling Poison","floor":15.0,"key":"SMITH"},{"data":"Wraith Form v2","floor":23,"key":"SMITH"},{"data":"Bouncing Flask","floor":29,"key":"SMITH"},{"data":"Ghostly","floor":32,"key":"SMITH"},{"data":"Strike_G+1","floor":47,"key":"PURGE"},{"data":"Strike_G+1","floor":49,"key":"PURGE"}],"neow_cost":"NONE","seed_source_timestamp":25606302881608,"circlet_count":0,"master_deck":["Defend_G+1","Defend_G+1","Defend_G+1","Defend_G+1","Defend_G+1","Survivor+1","Neutralize+1","Bouncing Flask+1","Deadly Poison+1","Crippling Poison+1","Bouncing Flask+1","Wraith Form v2+1","Well Laid Plans+1","Adrenaline+1","Ghostly+1","Ghostly+1","Ghostly+1","Ghostly+1","Ghostly+1","Dash+1","Corpse Explosion+1","Deadly Poison+1"],"special_seed":0,"relics":["Ring of the Snake","Anchor","Letter Opener","Incense Burner","Juzu Bracelet","Coffee Dripper","Orichalcum","Boot","Runic Pyramid","Prayer Wheel","Mark of the Bloom","Ornamental Fan","Lantern","Mercury Hourglass","FossilizedHelix","Peace Pipe"],"potions_floor_usage":[18,50],"damage_taken":[{"damage":0.0,"enemies":"Jaw Worm","floor":1.0,"turns":5.0},{"damage":5.0,"enemies":"Small Slimes","floor":5.0,"turns":5.0},{"damage":0.0,"enemies":"2 Louse","floor":7.0,"turns":2.0},{"damage":3.0,"enemies":"Gremlin Gang","floor":11.0,"turns":4.0},{"damage":0.0,"enemies":"Lots of Slimes","floor":12.0,"turns":2.0},{"damage":13.0,"enemies":"3 Sentries","floor":13.0,"turns":7.0},{"damage":7.0,"enemies":"The Guardian","floor":16.0,"turns":7.0},{"damage":0,"enemies":"2 Thieves","floor":18,"turns":4},{"damage":0,"enemies":"Chosen","floor":21,"turns":3},{"damage":6,"enemies":"Shelled Parasite and Fungi","floor":22,"turns":3},{"damage":0,"enemies":"Centurion and Healer","floor":24,"turns":7},{"damage":0,"enemies":"Snecko","floor":28,"turns":5},{"damage":0,"enemies":"Cultist and Chosen","floor":31,"turns":6},{"damage":0,"enemies":"Champ","floor":33,"turns":11},{"damage":0,"enemies":"Orb Walker","floor":35,"turns":3},{"damage":0,"enemies":"Mysterious Sphere","floor":36,"turns":4},{"damage":0,"enemies":"Giant Head","floor":41,"turns":9},{"damage":0,"enemies":"3 Shapes","floor":44,"turns":4},{"damage":0,"enemies":"Time Eater","floor":50,"turns":12}],"seed_played":"-7273047347129396406","potions_obtained":[{"floor":1.0,"key":"Explosive Potion"},{"floor":11.0,"key":"LiquidBronze"},{"floor":16.0,"key":"Ancient Potion"},{"floor":21,"key":"Ancient Potion"},{"floor":24,"key":"Weak Potion"},{"floor":35,"key":"SkillPotion"}],"is_trial":false,"path_per_floor":["M","$","?","?","M","R","M","R","T","R","M","M","E","?","R","B",null,"M","?","$","M","M","R","M","?","T","?","M","R","?","M","R","B",null,"M","?","?","?","T","R","E","R","T","M","$","?","R","$","R","B"],"character_chosen":"THE_SILENT","items_purchased":["Wraith Form v2","Orichalcum","FossilizedHelix"],"campfire_rested":0,"item_purchase_floors":[20,20,45],"current_hp_per_floor":[70,70,63,63,58,58,58,58,58,58,55,55,42,28,28,21,70,70,80,80,80,74,74,74,74,74,74,74,74,40,40,40,40,40,40,40,40,40,40,40,40,40,40,40,40,40,40,40,40,40],"gold":41,"neow_bonus":"RANDOM_COMMON_RELIC","is_prod":false,"is_daily":false,"chose_seed":false,"campfire_upgraded":7,"win_rate":0,"timestamp":1539597599,"path_taken":["M","$","?","?","M","R","M","R","T","R","?","?","E","?","R","BOSS","M","?","$","M","M","R","M","?","T","?","M","R","?","M","R","BOSS","M","?","?","?","?","R","E","R","T","M","$","?","R","$","R","BOSS"],"build_version":"2018-10-11","purchased_purges":1,"victory":true,"max_hp_per_floor":[70,70,70,70,70,70,70,70,70,70,70,70,70,70,70,70,70,70,80,80,80,80,80,80,80,80,80,80,80,40,40,40,40,40,40,40,40,40,40,40,40,40,40,40,40,40,40,40,40,40],"card_choices":[{"not_picked":["Concentrate","Dagger Spray"],"picked":"Bouncing Flask","floor":1.0},{"not_picked":["Blur","Slice"],"picked":"Deadly Poison","floor":5.0},{"not_picked":["Accuracy","Masterful Stab","Quick Slash"],"picked":"SKIP","floor":7.0},{"not_picked":["Choke","PiercingWail","Dagger Throw"],"picked":"SKIP","floor":11.0},{"not_picked":["Backflip","Quick Slash"],"picked":"Crippling Poison","floor":12.0},{"not_picked":["Cloak And Dagger","Tactician","Masterful Stab"],"picked":"SKIP","floor":13.0},{"not_picked":["Unload","Storm of Steel"],"picked":"Burst","floor":16.0},{"not_picked":["Dagger Throw","Outmaneuver+1"],"picked":"Bouncing Flask","floor":18},{"not_picked":["Prepared","Finisher","Dagger Spray"],"picked":"SKIP","floor":21},{"not_picked":["Flechettes+1","Slice+1"],"picked":"Well Laid Plans+1","floor":22},{"not_picked":["Caltrops","Outmaneuver","Poisoned Stab"],"picked":"SKIP","floor":24},{"not_picked":["Expertise","Setup+1","Underhanded Strike"],"picked":"SKIP","floor":28},{"not_picked":["Slice","Finisher"],"picked":"Dash","floor":31},{"not_picked":["Die Die Die","Glass Knife"],"picked":"Corpse Explosion","floor":33},{"not_picked":["Backstab","Dagger Throw+1"],"picked":"Deadly Poison+1","floor":35},{"not_picked":["Dagger Spray","Masterful Stab+1","Unload"],"picked":"SKIP","floor":41},{"not_picked":["Reflex+1","Distraction","Blade Dance+1"],"picked":"SKIP","floor":44},{"not_picked":["Flying Knee","Prepared","Poisoned Stab"],"picked":"SKIP","floor":44}],"player_experience":217615,"relics_obtained":[{"floor":9.0,"key":"Incense Burner"},{"floor":13.0,"key":"Juzu Bracelet"},{"floor":26,"key":"Boot"},{"floor":36,"key":"Prayer Wheel"},{"floor":39,"key":"Ornamental Fan"},{"floor":41,"key":"Lantern"},{"floor":43,"key":"Mercury Hourglass"}],"event_choices":[{"event_name":"Scrap Ooze","player_choice":"success","floor":3.0,"damage_taken":7.0},{"event_name":"Living Wall","player_choice":"Forget","floor":4.0,"damage_taken":0.0},{"event_name":"Shining Light","player_choice":"Entered Light","floor":14.0,"damage_taken":0.0},{"event_name":"Bonfire Elementals","player_choice":"RARE","floor":19,"damage_taken":0},{"event_name":"Vampires","player_choice":"Ignored","floor":25,"damage_taken":0},{"event_name":"Transmorgrifier","player_choice":"Transform","floor":27,"damage_taken":0},{"event_name":"Ghosts","player_choice":"Became a Ghost","floor":30,"damage_taken":0},{"event_name":"Mysterious Sphere","player_choice":"Fight","floor":36,"damage_taken":0},{"event_name":"SensoryStone","player_choice":"Memory 1","floor":37,"damage_taken":0},{"event_name":"MindBloom","player_choice":"Upgrade","floor":38,"damage_taken":0},{"event_name":"WeMeetAgain","player_choice":"Potion","floor":46,"damage_taken":0}],"is_beta":false,"boss_relics":[{"not_picked":["Calling Bell","Fusion Hammer"],"picked":"Coffee Dripper"},{"not_picked":["Runic Dome","HoveringKite"],"picked":"Runic Pyramid"}],"items_purged_floors":[2],"is_endless":false,"potions_floor_spawned":[1,11,16,21,24,33,35,44],"ascension_level":0}