{"gold_per_floor":[112,128,128,128,147,147,165,165,191,223,223,117,117,17,17,90,90,105,105,125,125,34,34],"floor_reached":23,"playtime":643,"items_purged":["Pain","Strike_R"],"score":365,"play_id":"597f9469-1219-4523-bbf5-d25182b83e7c","local_time":"20180924010040","is_ascension_mode":true,"campfire_choices":[{"data":"Flex","floor":6,"key":"SMITH"},{"data":"Juggernaut","floor":8,"key":"SMITH"},{"data":"True Grit","floor":15,"key":"SMITH"}],"neow_cost":"NONE","seed_source_timestamp":217538977827717,"circlet_count":0,"master_deck":["Strike_R","Strike_R","Strike_R","Strike_R","Defend_R","Defend_R","Defend_R","Defend_R","Bash","AscendersBane","Bludgeon","Power Through","Cleave","Flex+1","Juggernaut+1","Battle Trance","Parasite","True Grit+1","Barricade","True Grit+1","Metallicize"],"relics":["Burning Blood","WarpedTongs","Regal Pillow","Pen Nib","Darkstone Periapt","Bottled Lightning","Mark of Pain","MutagenicStrength"],"potions_floor_usage":[10,16,23],"damage_taken":[{"damage":0,"enemies":"Small Slimes","floor":1,"turns":3},{"damage":1,"enemies":"Cultist","floor":2,"turns":3},{"damage":4,"enemies":"2 Louse","floor":5,"turns":3},{"damage":8,"enemies":"2 Fungi Beasts","floor":7,"turns":3},{"damage":32,"enemies":"3 Sentries","floor":10,"turns":6},{"damage":23,"enemies":"Slime Boss","floor":16,"turns":11},{"damage":28,"enemies":"2 Thieves","floor":18,"turns":4},{"damage":8,"enemies":"3 Byrds","floor":20,"turns":6},{"damage":72,"enemies":"Slavers","floor":23,"turns":7}],"seed_played":"6795698714820388031","potions_obtained":[{"floor":1,"key":"SkillPotion"},{"floor":2,"key":"FearPotion"},{"floor":20,"key":"Regen Potion"}],"is_trial":false,"path_per_floor":["M","M","?","?","M","R","M","R","T","E","?","$","T","$","R","B",null,"M","?","M","?","$"],"character_chosen":"IRONCLAD","items_purchased":["True Grit","Metallicize"],"campfire_rested":0,"item_purchase_floors":[12,22],"current_hp_per_floor":[74,75,75,64,66,66,64,64,64,38,62,62,62,62,62,45,72,50,50,48,48,48,0],"gold":34,"neow_bonus":"ONE_RANDOM_RARE_CARD","is_prod":false,"is_daily":false,"chose_seed":false,"campfire_upgraded":3,"win_rate":0,"timestamp":1537722040,"path_taken":["M","M","?","?","M","R","M","R","T","E","?","?","?","$","R","BOSS","M","?","M","?","$","E"],"build_version":"2018-09-20","purchased_purges":2,"victory":false,"max_hp_per_floor":[75,75,75,75,75,75,75,75,75,75,81,81,81,81,81,81,81,81,81,81,81,81,81],"card_choices":[{"not_picked":["Blood for Blood","Cleave"],"picked":"Power Through","floor":1},{"not_picked":["Clash","Searing Blow"],"picked":"Cleave","floor":2},{"not_picked":["Entrench","Battle Trance"],"picked":"Flex","floor":5},{"not_picked":["Uppercut","Heavy Blade"],"picked":"Juggernaut","floor":7},{"not_picked":["Warcry","Bloodletting"],"picked":"Battle Trance","floor":10},{"not_picked":["Offering","Fiend Fire"],"picked":"Barricade","floor":16},{"not_picked":["Hemokinesis","Cleave+1"],"picked":"True Grit+1","floor":18},{"not_picked":["Wild Strike","Sword Boomerang","Headbutt"],"picked":"SKIP","floor":20}],"player_experience":114139,"relics_obtained":[{"floor":9,"key":"Pen Nib"},{"floor":10,"key":"Darkstone Periapt"},{"floor":13,"key":"Bottled Lightning"}],"event_choices":[{"event_name":"Accursed Blacksmith","player_choice":"Rummage","floor":3,"damage_taken":0},{"event_name":"Scrap Ooze","player_choice":"success","floor":4,"damage_taken":11},{"event_name":"Mushrooms","player_choice":"Healed and dodged fight","floor":11,"damage_taken":0},{"event_name":"Cursed Tome","player_choice":"Ignored","floor":19,"damage_taken":0},{"event_name":"Drug Dealer","player_choice":"Inject Mutagens","floor":21,"damage_taken":0}],"is_beta":false,"boss_relics":[{"not_picked":["Philosopher\u0027s Stone","Ectoplasm"],"picked":"Mark of Pain"}],"items_purged_floors":[12,14],"is_endless":false,"potions_floor_spawned":[1,2,20],"killed_by":"Slavers","ascension_level":19}