{"gold_per_floor":[117,192,26,36,36,36,46,46,46,46,9,20,91,111,111,182,182,192,205,105,121,121,121,140,158,158,158,186,61,86,105,105,178,178,178],"floor_reached":35,"playtime":1477,"items_purged":["Strike_R","Strike_R","Strike_R"],"score":824,"play_id":"732a58c1-a985-45ec-a3f6-4148cf158f0e","local_time":"20190226204211","is_ascension_mode":true,"campfire_choices":[{"data":"True Grit","floor":6.0,"key":"SMITH"},{"data":"Deep Breath","floor":8.0,"key":"SMITH"},{"data":"Battle Trance","floor":10.0,"key":"SMITH"},{"data":"Evolve","floor":15.0,"key":"SMITH"},{"data":"Immolate","floor":23.0,"key":"SMITH"},{"data":"Trip","floor":27.0,"key":"SMITH"},{"data":"Shrug It Off","floor":32.0,"key":"SMITH"}],"neow_cost":"TEN_PERCENT_HP_LOSS","seed_source_timestamp":42536170402856,"circlet_count":0,"master_deck":["AscendersBane","Strike_R+1","Defend_R","Defend_R","Defend_R","Defend_R","Bash","Dramatic Entrance+1","Deep Breath+1","True Grit+1","Trip+1","Battle Trance+1","Evolve+1","Reckless Charge","Seeing Red","Immolate+1","Sentinel","Shrug It Off+1","Berserk","Exhume+1"],"special_seed":0,"relics":["Burning Blood","Magic Flower","Gremlin Horn","Runic Pyramid","Centennial Puzzle","Toxic Egg 2","Torii","Coffee Dripper"],"potions_floor_usage":[],"damage_taken":[{"damage":9.0,"enemies":"Small Slimes","floor":1.0,"turns":5.0},{"damage":10.0,"enemies":"Jaw Worm","floor":4.0,"turns":4.0},{"damage":0.0,"enemies":"Cultist","floor":7.0,"turns":2.0},{"damage":0.0,"enemies":"2 Fungi Beasts","floor":12.0,"turns":3.0},{"damage":1.0,"enemies":"Large Slime","floor":14.0,"turns":5.0},{"damage":20.0,"enemies":"The Guardian","floor":16.0,"turns":16.0},{"damage":12.0,"enemies":"Spheric Guardian","floor":18.0,"turns":4.0},{"damage":13.0,"enemies":"3 Byrds","floor":19.0,"turns":3.0},{"damage":0.0,"enemies":"3 Cultists","floor":21.0,"turns":4.0},{"damage":9.0,"enemies":"Snecko","floor":24.0,"turns":4.0},{"damage":16.0,"enemies":"Snake Plant","floor":25.0,"turns":4.0},{"damage":43.0,"enemies":"Book of Stabbing","floor":28.0,"turns":5.0},{"damage":0.0,"enemies":"Slavers","floor":30.0,"turns":4.0},{"damage":13.0,"enemies":"Chosen and Byrds","floor":31.0,"turns":6.0},{"damage":20.0,"enemies":"Automaton","floor":33.0,"turns":11.0},{"damage":0,"enemies":"3 Shapes","floor":35,"turns":1}],"seed_played":"5321216473331225420","potions_obtained":[{"floor":1.0,"key":"GamblersBrew"},{"floor":12.0,"key":"FearPotion"},{"floor":16.0,"key":"FearPotion"},{"floor":19.0,"key":"Weak Potion"},{"floor":25.0,"key":"LiquidBronze"},{"floor":28.0,"key":"SpeedPotion"}],"is_trial":false,"path_per_floor":["M","?","$","M","?","R","M","R","T","R","$","M","T","M","R","B",null,"M","M","$","M","?","R","M","M","T","R","E","$","E","M","R","B",null,"M"],"character_chosen":"IRONCLAD","items_purchased":["Trip","Evolve"],"campfire_rested":0,"item_purchase_floors":[3,11],"current_hp_per_floor":[65,54,54,50,30,30,36,36,36,36,36,45,45,53,53,42,62,59,55,55,64,64,64,64,57,57,57,23,23,32,28,28,17,55,55],"gold":178,"neow_bonus":"RANDOM_COLORLESS_2","is_prod":false,"is_daily":false,"chose_seed":false,"campfire_upgraded":7,"win_rate":0,"timestamp":1551184931,"path_taken":["M","?","$","M","?","R","M","R","T","R","$","M","?","?","R","BOSS","M","M","$","M","?","R","M","M","T","R","E","$","E","?","R","BOSS","M"],"build_version":"2019-01-23","purchased_purges":3,"victory":false,"max_hp_per_floor":[68,68,68,68,68,68,68,68,68,68,68,68,68,68,68,68,68,68,68,68,68,68,68,68,68,68,68,68,68,68,68,68,68,68,68],"card_choices":[{"not_picked":["Shrug It Off","Headbutt"],"picked":"True Grit","floor":1.0},{"not_picked":["Pommel Strike","Bloodletting"],"picked":"Battle Trance","floor":4.0},{"not_picked":["Perfected Strike","Wild Strike","Havoc"],"picked":"SKIP","floor":7.0},{"not_picked":["Battle Trance","Combust"],"picked":"Reckless Charge","floor":12.0},{"not_picked":["Warcry","Pommel Strike"],"picked":"Seeing Red","floor":14.0},{"not_picked":["Exhume","Demon Form"],"picked":"Immolate","floor":16.0},{"not_picked":["Infernal Blade","Blood for Blood"],"picked":"Sentinel","floor":18.0},{"not_picked":["Clothesline","Warcry","Fire Breathing"],"picked":"SKIP","floor":19.0},{"not_picked":["Flex+1","Wild Strike","Iron Wave"],"picked":"SKIP","floor":21.0},{"not_picked":["Clothesline","Uppercut"],"picked":"Shrug It Off","floor":24.0},{"not_picked":["Inflame","Body Slam","Blood for Blood"],"picked":"SKIP","floor":25.0},{"not_picked":["Havoc","Thunderclap"],"picked":"Berserk","floor":28.0},{"not_picked":["Dual Wield+1","Pommel Strike","Sword Boomerang"],"picked":"SKIP","floor":30.0},{"not_picked":["Clash","Heavy Blade","Metallicize"],"picked":"SKIP","floor":31.0},{"not_picked":["Reaper","Fiend Fire"],"picked":"Exhume+1","floor":33.0}],"player_experience":3178358,"relics_obtained":[{"floor":9.0,"key":"Magic Flower"},{"floor":13.0,"key":"Gremlin Horn"},{"floor":26.0,"key":"Centennial Puzzle"},{"floor":28.0,"key":"Toxic Egg 2"},{"floor":30.0,"key":"Torii"}],"event_choices":[{"damage_healed":0.0,"max_hp_gain":0.0,"max_hp_loss":0.0,"gold_gain":75.0,"event_name":"World of Goop","player_choice":"Gather Gold","floor":2.0,"gold_loss":0.0,"damage_taken":11.0},{"damage_healed":0.0,"max_hp_gain":0.0,"max_hp_loss":0.0,"gold_gain":0.0,"event_name":"Shining Light","player_choice":"Entered Light","floor":5.0,"gold_loss":0.0,"damage_taken":20.0,"cards_upgraded":["Strike_R","Dramatic Entrance"]},{"cards_removed":["Strike_R"],"damage_healed":0.0,"max_hp_gain":0.0,"max_hp_loss":0.0,"gold_gain":0.0,"event_name":"Purifier","player_choice":"Purged","floor":22.0,"gold_loss":0.0,"damage_taken":0.0}],"is_beta":false,"boss_relics":[{"not_picked":["Ectoplasm","Mark of Pain"],"picked":"Runic Pyramid"},{"not_picked":["Orrery","Runic Cube"],"picked":"Coffee Dripper"}],"items_purged_floors":[3,20,29],"is_endless":false,"potions_floor_spawned":[1,12,14,16,19,25,28],"killed_by":"3 Shapes","ascension_level":20}