{"gold_per_floor":[111,111,130,26,26,56,70,80,149,166,197,197,217,234,234,234],"floor_reached":16,"playtime":383,"items_purged":["Strike_B"],"score":278,"play_id":"92b91623-199b-4364-9773-4fcc09b32f80","local_time":"20190624013546","is_ascension_mode":true,"campfire_choices":[{"data":"Defragment","floor":12,"key":"SMITH"},{"data":"Coolheaded","floor":15,"key":"SMITH"}],"neow_cost":"NONE","seed_source_timestamp":204580544816207,"circlet_count":0,"master_deck":["AscendersBane","Strike_B","Strike_B","Strike_B","Defend_B","Defend_B","Defend_B","Defend_B","Zap","Dualcast","Undo","Turbo","Conserve Battery","Defragment+1","Lockon","Darkness","Coolheaded+1"],"relics":["Cracked Core","NeowsBlessing","Shovel","Omamori","Singing Bowl","PreservedInsect"],"potions_floor_usage":[11,16],"damage_taken":[{"damage":0,"enemies":"2 Louse","floor":1,"turns":1},{"damage":0,"enemies":"Cultist","floor":3,"turns":1},{"damage":0,"enemies":"3 Sentries","floor":6,"turns":2},{"damage":2,"enemies":"Jaw Worm","floor":7,"turns":5},{"damage":1,"enemies":"Red Slaver","floor":8,"turns":4},{"damage":5,"enemies":"3 Louse","floor":10,"turns":5},{"damage":15,"enemies":"Lagavulin","floor":11,"turns":6},{"damage":8,"enemies":"Large Slime","floor":13,"turns":6},{"damage":14,"enemies":"Exordium Thugs","floor":14,"turns":7},{"damage":22,"enemies":"Hexaghost","floor":16,"turns":9}],"seed_played":"-1384654362110644433","potions_obtained":[{"floor":1,"key":"Dexterity Potion"},{"floor":10,"key":"Fire Potion"},{"floor":11,"key":"LiquidBronze"},{"floor":14,"key":"Swift Potion"}],"is_trial":false,"path_per_floor":["M","?","M","$","?","E","M","M","T","M","E","R","M","M","R","B"],"character_chosen":"DEFECT","items_purchased":["Conserve Battery"],"campfire_rested":0,"item_purchase_floors":[4],"current_hp_per_floor":[64,64,64,64,64,64,62,61,61,56,41,41,33,21,21,0],"gold":234,"neow_bonus":"THREE_ENEMY_KILL","is_prod":false,"is_daily":false,"chose_seed":false,"campfire_upgraded":2,"win_rate":0,"timestamp":1561307746,"path_taken":["M","?","?","?","?","E","M","M","T","M","E","R","M","M","R","BOSS"],"build_version":"2019-01-23","purchased_purges":1,"victory":false,"max_hp_per_floor":[71,71,71,71,71,71,71,71,71,71,71,71,71,73,73,73],"card_choices":[{"not_picked":["Defragment","Genetic Algorithm"],"picked":"Undo","floor":1},{"not_picked":["Compile Driver","Steam"],"picked":"Turbo","floor":3},{"not_picked":["Sweeping Beam","Gash","Reprogram"],"picked":"SKIP","floor":6},{"not_picked":["Go for the Eyes","Force Field","Stack"],"picked":"SKIP","floor":7},{"not_picked":["Coolheaded","Leap"],"picked":"Defragment","floor":8},{"not_picked":["Compile Driver","Beam Cell"],"picked":"Lockon","floor":10},{"not_picked":["Hyperbeam","Auto Shields"],"picked":"Darkness","floor":11},{"not_picked":["Scrape","Rebound"],"picked":"Coolheaded","floor":13},{"not_picked":["Beam Cell","Go for the Eyes","Hologram"],"picked":"Singing Bowl","floor":14}],"player_experience":611470,"relics_obtained":[{"floor":6,"key":"Omamori"},{"floor":9,"key":"Singing Bowl"},{"floor":11,"key":"PreservedInsect"}],"event_choices":[{"damage_healed":0,"gold_gain":0,"player_choice":"Gave Potion","damage_taken":0,"relics_obtained":["Shovel"],"max_hp_gain":0,"max_hp_loss":0,"event_name":"WeMeetAgain","floor":2,"gold_loss":0},{"damage_healed":0,"gold_gain":0,"player_choice":"Leave","damage_taken":0,"max_hp_gain":0,"max_hp_loss":0,"event_name":"The Cleric","floor":5,"gold_loss":0}],"is_beta":false,"boss_relics":[],"items_purged_floors":[4],"is_endless":false,"potions_floor_spawned":[1,10,11,14],"killed_by":"Hexaghost","ascension_level":20}