{"gold_per_floor":[113,127,147,55,71,71,71,71,122,142,154,204,204,220,220,220],"floor_reached":16,"playtime":392,"items_purged":[],"score":184,"play_id":"53b63984-4b63-493f-953f-58095eb0fb18","local_time":"20181210195128","is_ascension_mode":true,"campfire_choices":[{"data":"Catalyst","floor":6,"key":"SMITH"},{"data":"Catalyst","floor":13,"key":"SMITH"},{"data":"Flechettes","floor":15,"key":"SMITH"}],"neow_cost":"NONE","seed_source_timestamp":574386268619,"circlet_count":0,"master_deck":["AscendersBane","Defend_G","Defend_G","Defend_G","Defend_G","Defend_G","Strike_G","Strike_G","Strike_G","Strike_G","Strike_G","Survivor","Neutralize","Flechettes+1","Concentrate","Bullet Time","Purity","Catalyst+1","Catalyst+1"],"relics":["Runic Pyramid","Smiling Mask","Lantern","Odd Mushroom","Bronze Scales"],"potions_floor_usage":[10],"damage_taken":[{"damage":1,"enemies":"Cultist","floor":1,"turns":4},{"damage":0,"enemies":"Jaw Worm","floor":2,"turns":4},{"damage":0,"enemies":"Small Slimes","floor":3,"turns":4},{"damage":1,"enemies":"Looter","floor":5,"turns":4},{"damage":36,"enemies":"The Mushroom Lair","floor":10,"turns":6},{"damage":13,"enemies":"Red Slaver","floor":11,"turns":4},{"damage":8,"enemies":"Large Slime","floor":14,"turns":5},{"damage":0,"enemies":"Hexaghost","floor":16,"turns":1}],"seed_played":"-2793371339323698058","potions_obtained":[{"floor":1,"key":"Regen Potion"},{"floor":2,"key":"Dexterity Potion"},{"floor":11,"key":"Ancient Potion"}],"is_trial":false,"path_per_floor":["M","M","M","$","M","R","?","?","T","?","M","T","R","M","R","B"],"character_chosen":"THE_SILENT","items_purchased":["Purity"],"campfire_rested":0,"item_purchase_floors":[4],"current_hp_per_floor":[58,58,58,58,57,57,57,52,52,31,18,18,18,10,10,10],"gold":220,"neow_bonus":"BOSS_RELIC","is_prod":false,"is_daily":false,"chose_seed":true,"campfire_upgraded":3,"win_rate":0,"timestamp":1544442688,"path_taken":["M","M","?","$","M","R","?","?","T","?","M","?","R","M","R","BOSS"],"build_version":"2018-12-06","purchased_purges":0,"victory":false,"max_hp_per_floor":[66,66,66,66,66,66,66,66,66,66,66,66,66,66,66,66],"card_choices":[{"not_picked":["Accuracy","Sucker Punch"],"picked":"Flechettes","floor":1},{"not_picked":["Skewer","Prepared"],"picked":"Concentrate","floor":2},{"not_picked":["Slice","Predator"],"picked":"Bullet Time","floor":3},{"not_picked":["Prepared","Heel Hook"],"picked":"Catalyst","floor":5},{"not_picked":["Cloak And Dagger","Tactician"],"picked":"Catalyst","floor":10},{"not_picked":["Bane","PiercingWail","Outmaneuver"],"picked":"SKIP","floor":11},{"not_picked":["Dagger Throw","Sucker Punch","Quick Slash"],"picked":"SKIP","floor":14}],"player_experience":1199018,"relics_obtained":[{"floor":9,"key":"Lantern"},{"floor":10,"key":"Odd Mushroom"},{"floor":12,"key":"Bronze Scales"}],"event_choices":[{"damage_healed":0,"gold_gain":0,"player_choice":"Ignored","damage_taken":0,"max_hp_gain":0,"max_hp_loss":0,"event_name":"Liars Game","floor":7,"gold_loss":0},{"damage_healed":0,"gold_gain":0,"player_choice":"Success","damage_taken":5,"relics_obtained":["Smiling Mask"],"max_hp_gain":0,"max_hp_loss":0,"event_name":"Scrap Ooze","floor":8,"gold_loss":0},{"damage_healed":0,"gold_gain":0,"player_choice":"Fought Mushrooms","damage_taken":0,"max_hp_gain":0,"max_hp_loss":0,"event_name":"Mushrooms","floor":10,"gold_loss":0}],"is_beta":false,"boss_relics":[],"items_purged_floors":[],"is_endless":false,"potions_floor_spawned":[1,2,3,11],"killed_by":"Hexaghost","ascension_level":20}