{"gold_per_floor":[112,124,134,134,134,134,144,144,144,144,8,43,54,69,69,174,174,191,116,116,116,16,16,34,34,34,54,54,64,64,78,78,177,177,188,63,80,91,91,91,106,106,106,106,117,117,146,146,146,146],"floor_reached":51,"playtime":2327,"items_purged":["Strike_B","Strike_B","Defend_B"],"score":827,"play_id":"8691fb5b-46eb-493c-90a6-b51185825121","local_time":"20190618131441","is_ascension_mode":false,"campfire_choices":[{"data":"Dualcast","floor":6.0,"key":"SMITH"},{"data":"Hologram","floor":8.0,"key":"SMITH"},{"data":"Defend_B","floor":10.0,"key":"PURGE"},{"data":"Defend_B","floor":15.0,"key":"PURGE"},{"data":"Zap","floor":23.0,"key":"SMITH"},{"data":"Defend_B","floor":25.0,"key":"PURGE"},{"data":"Writhe","floor":28.0,"key":"PURGE"},{"data":"Reprogram","floor":32.0,"key":"SMITH"},{"data":"Gash","floor":40,"key":"SMITH"},{"data":"Fission","floor":46,"key":"SMITH"},{"floor":49,"key":"DIG"}],"neow_cost":"NONE","seed_source_timestamp":9317535507470,"circlet_count":0,"master_deck":["Zap+1","Dualcast+1","Self Repair+1","Turbo+1","Chill+1","Gash+1","Cold Snap+1","Hologram+1","All For One+1","Core Surge+1","Fission+1","Coolheaded+1","Ghostly+1","Ghostly+1","Ghostly+1","Ghostly+1","Recycle+1","Reprogram+1","Streamline+1","Machine Learning+1","Buffer+1","FTL+1","Flash of Steel+1","Finesse+1","Sadistic Nature+1","Hologram+1"],"special_seed":0,"relics":["Cracked Core","Peace Pipe","Shovel","Cursed Key","Frozen Egg 2","Coffee Dripper","Dream Catcher","Mark of the Bloom","Bag of Preparation"],"potions_floor_usage":[50,50,50],"damage_taken":[{"damage":1.0,"enemies":"Cultist","floor":1.0,"turns":4.0},{"damage":7.0,"enemies":"Small Slimes","floor":2.0,"turns":3.0},{"damage":1.0,"enemies":"Jaw Worm","floor":3.0,"turns":3.0},{"damage":0.0,"enemies":"Blue Slaver","floor":7.0,"turns":4.0},{"damage":9.0,"enemies":"3 Sentries","floor":12.0,"turns":9.0},{"damage":5.0,"enemies":"Exordium Thugs","floor":13.0,"turns":6.0},{"damage":2.0,"enemies":"3 Louse","floor":14.0,"turns":4.0},{"damage":58.0,"enemies":"Hexaghost","floor":16.0,"turns":11.0},{"damage":19.0,"enemies":"Shell Parasite","floor":18.0,"turns":5.0},{"damage":0.0,"enemies":"Spheric Guardian","floor":24.0,"turns":4.0},{"damage":6.0,"enemies":"Centurion and Healer","floor":27.0,"turns":7.0},{"damage":1.0,"enemies":"Chosen and Byrds","floor":29.0,"turns":5.0},{"damage":3.0,"enemies":"3 Cultists","floor":31.0,"turns":6.0},{"damage":0.0,"enemies":"Collector","floor":33.0,"turns":8.0},{"damage":3.0,"enemies":"3 Shapes","floor":35.0,"turns":3.0},{"damage":0,"enemies":"Orb Walker","floor":37,"turns":2},{"damage":0,"enemies":"Maw","floor":38,"turns":6},{"damage":7,"enemies":"Writhing Mass","floor":41,"turns":6},{"damage":0,"enemies":"Sphere and 2 Shapes","floor":45,"turns":4},{"damage":1,"enemies":"Nemesis","floor":47,"turns":5},{"damage":0,"enemies":"Donu and Deca","floor":50,"turns":5}],"seed_played":"-178581003846837512","potions_obtained":[{"floor":3.0,"key":"PowerPotion"},{"floor":12.0,"key":"SkillPotion"},{"floor":14.0,"key":"FocusPotion"},{"floor":18.0,"key":"Regen Potion"},{"floor":47,"key":"FocusPotion"}],"is_trial":false,"path_per_floor":["M","M","M","?","?","R","M","R","T","R","$","E","M","M","R","B",null,"M","$","?","?","$","R","M","R","T","M","R","M","?","M","R","B",null,"M","$","M","M","$","R","M","?","T","?","M","R","E","?","R","B",null],"character_chosen":"DEFECT","items_purchased":["All For One"],"campfire_rested":0,"item_purchase_floors":[11],"current_hp_per_floor":[75,75,75,75,75,75,75,75,75,75,75,73,68,73,73,22,75,63,63,37,37,37,37,37,37,37,37,37,37,37,37,37,37,37,37,37,37,37,37,37,37,27,27,27,34,34,37,37,37,37],"gold":146,"neow_bonus":"TRANSFORM_CARD","is_prod":false,"is_daily":false,"chose_seed":false,"campfire_upgraded":6,"win_rate":0,"timestamp":1560834881,"path_taken":["M","M","?","?","?","R","M","R","T","R","$","E","M","M","R","BOSS","M","$","?","?","$","R","M","R","T","?","R","M","?","M","R","BOSS","M","$","M","M","$","R","M","?","T","?","M","R","E","?","R","BOSS"],"build_version":"2019-01-23","purchased_purges":3,"victory":true,"max_hp_per_floor":[75,75,75,75,75,75,75,75,75,75,75,75,75,75,75,75,75,75,75,37,37,37,37,37,37,37,37,37,37,37,37,37,37,37,37,37,37,37,37,37,37,37,37,37,37,37,37,37,37,37],"card_choices":[{"not_picked":["Leap","Sweeping Beam"],"picked":"Turbo","floor":1.0},{"not_picked":["Rebound","Coolheaded"],"picked":"Chill","floor":2.0},{"not_picked":["Stack","Turbo"],"picked":"Gash","floor":3.0},{"not_picked":["Conserve Battery","Ball Lightning"],"picked":"Hologram","floor":7.0},{"not_picked":["Self Repair","Heatsinks","Sunder"],"picked":"SKIP","floor":12.0},{"not_picked":["Self Repair","Heatsinks","Sunder"],"picked":"SKIP","floor":12.0},{"not_picked":["Stack","Rebound","Cold Snap"],"picked":"SKIP","floor":13.0},{"not_picked":["Genetic Algorithm","Reprogram"],"picked":"Core Surge","floor":14.0},{"not_picked":["Buffer","Multi-Cast"],"picked":"Fission","floor":16.0},{"not_picked":["Conserve Battery","Steam"],"picked":"Coolheaded+1","floor":18.0},{"not_picked":["Glacier","Force Field","Stack+1"],"picked":"SKIP","floor":24.0},{"not_picked":["Rebound+1","Hologram"],"picked":"Reprogram","floor":27.0},{"not_picked":["Reprogram","Redo","Chaos"],"picked":"SKIP","floor":29.0},{"not_picked":["Rip and Tear","Tempest"],"picked":"Streamline+1","floor":31.0},{"not_picked":["All For One","Core Surge"],"picked":"Machine Learning+1","floor":33.0},{"not_picked":["Leap+1","Barrage","Go for the Eyes+1"],"picked":"SKIP","floor":35.0},{"not_picked":["Loop+1","Steam","Redo"],"picked":"SKIP","floor":37},{"not_picked":["Go for the Eyes","Heatsinks+1"],"picked":"Buffer+1","floor":38},{"not_picked":["Go for the Eyes+1","Stack"],"picked":"FTL+1","floor":41},{"not_picked":["Jack Of All Trades","Deep Breath"],"picked":"Flash of Steel","floor":42},{"not_picked":["HandOfGreed","Dramatic Entrance"],"picked":"Finesse","floor":42},{"not_picked":["Madness","Swift Strike"],"picked":"Sadistic Nature+1","floor":42},{"not_picked":["Static Discharge+1","Streamline","Steam"],"picked":"SKIP","floor":45},{"not_picked":["Leap","Go for the Eyes"],"picked":"Hologram+1","floor":47}],"player_experience":5392191,"relics_obtained":[{"floor":9.0,"key":"Peace Pipe"},{"floor":12.0,"key":"Shovel"},{"floor":26.0,"key":"Frozen Egg 2"},{"floor":47,"key":"Dream Catcher"},{"floor":49,"key":"Bag of Preparation"}],"event_choices":[{"damage_healed":0.0,"max_hp_gain":0.0,"max_hp_loss":0.0,"gold_gain":0.0,"cards_transformed":["Strike_B"],"event_name":"Living Wall","player_choice":"Change","floor":4.0,"gold_loss":0.0,"damage_taken":0.0,"cards_obtained":["Cold Snap"]},{"damage_healed":0.0,"max_hp_gain":0.0,"max_hp_loss":0.0,"gold_gain":0.0,"event_name":"Liars Game","player_choice":"Ignored","floor":5.0,"gold_loss":0.0,"damage_taken":0.0},{"damage_healed":0.0,"max_hp_gain":0.0,"max_hp_loss":38.0,"gold_gain":0.0,"event_name":"Ghosts","player_choice":"Became a Ghost","floor":20.0,"gold_loss":0.0,"damage_taken":0.0,"cards_obtained":["Ghostly","Ghostly","Ghostly","Ghostly","Ghostly"]},{"cards_removed":["Ghostly"],"damage_healed":0.0,"max_hp_gain":0.0,"max_hp_loss":0.0,"gold_gain":0.0,"event_name":"NoteForYourself","player_choice":"Took Card","floor":21.0,"gold_loss":0.0,"damage_taken":0.0,"cards_obtained":["Recycle"]},{"damage_healed":0.0,"max_hp_gain":0.0,"max_hp_loss":0.0,"gold_gain":0.0,"event_name":"Vampires","player_choice":"Ignored","floor":30.0,"gold_loss":0.0,"damage_taken":0.0},{"damage_healed":0,"gold_gain":0,"player_choice":"Memory 3","damage_taken":10,"max_hp_gain":0,"max_hp_loss":0,"event_name":"SensoryStone","floor":42,"gold_loss":0},{"damage_healed":0,"gold_gain":0,"player_choice":"Ignored","damage_taken":0,"max_hp_gain":0,"max_hp_loss":0,"event_name":"Mysterious Sphere","floor":44,"gold_loss":0},{"damage_healed":0,"gold_gain":0,"player_choice":"Upgrade","damage_taken":0,"relics_obtained":["Mark of the Bloom"],"max_hp_gain":0,"max_hp_loss":0,"event_name":"MindBloom","floor":48,"gold_loss":0,"cards_upgraded":["Self Repair","Turbo","Chill","Cold Snap","All For One","Core Surge","Ghostly","Ghostly","Ghostly","Ghostly","Flash of Steel","Finesse"]}],"is_beta":false,"boss_relics":[{"not_picked":["Busted Crown","Pandora\u0027s Box"],"picked":"Cursed Key"},{"not_picked":["Inserter","Velvet Choker"],"picked":"Coffee Dripper"}],"items_purged_floors":[19,22,36],"is_endless":false,"potions_floor_spawned":[3,12,14,16,18,29,31,35,47],"ascension_level":0}