{"gold_per_floor":[115,115,115,115,115,115,155,155,181,181,195,195,218,253,253,253],"floor_reached":16,"playtime":304,"items_purged":[],"score":201,"play_id":"fe072e35-b24f-4861-b52e-44193deb1e3f","local_time":"20181012115904","is_ascension_mode":true,"campfire_choices":[{"data":"Fission","floor":6.0,"key":"SMITH"},{"data":"Zap","floor":8.0,"key":"SMITH"},{"data":"Glacier","floor":10.0,"key":"SMITH"},{"data":"Defragment","floor":15.0,"key":"SMITH"}],"neow_cost":"NONE","seed_source_timestamp":130322979452980,"circlet_count":0,"master_deck":["Strike_B","Strike_B+1","Strike_B","Defend_B","Defend_B","Defend_B+1","Defend_B","Zap+1","Dualcast","AscendersBane","Fission+1","Glacier+1","Core Surge","Leap+1","Steam+1","Defragment+1"],"special_seed":0,"relics":["Cracked Core","Potion Belt","Golden Idol","Toxic Egg 2","Dream Catcher","Bag of Marbles","Darkstone Periapt"],"potions_floor_usage":[16],"damage_taken":[{"damage":2.0,"enemies":"Jaw Worm","floor":1.0,"turns":3.0},{"damage":5.0,"enemies":"3 Sentries","floor":7.0,"turns":2.0},{"damage":0.0,"enemies":"Small Slimes","floor":11.0,"turns":2.0},{"damage":0.0,"enemies":"Cultist","floor":13.0,"turns":3.0},{"damage":13.0,"enemies":"Lagavulin","floor":14.0,"turns":9.0},{"damage":17,"enemies":"Slime Boss","floor":16,"turns":5}],"seed_played":"-1293717086283711547","potions_obtained":[{"floor":1.0,"key":"PowerPotion"},{"floor":11.0,"key":"FearPotion"},{"floor":13.0,"key":"SteroidPotion"}],"is_trial":false,"path_per_floor":["M","?","?","?","T","R","E","R","T","R","M","?","M","E","R"],"character_chosen":"DEFECT","items_purchased":[],"campfire_rested":0,"item_purchase_floors":[],"current_hp_per_floor":[62,51,51,51,51,51,46,46,46,46,46,27,27,14,14,0],"gold":253,"neow_bonus":"ONE_RANDOM_RARE_CARD","is_prod":false,"is_daily":false,"chose_seed":false,"campfire_upgraded":4,"win_rate":0,"timestamp":1539316744,"path_taken":["M","?","?","?","?","R","E","R","T","R","M","?","M","E","R","BOSS"],"build_version":"2018-10-11","purchased_purges":0,"victory":false,"max_hp_per_floor":[71,71,64,64,64,64,64,64,64,64,64,64,64,64,64,64],"card_choices":[{"not_picked":["Conserve Battery","Stack"],"picked":"Glacier","floor":1.0},{"not_picked":["Tempest+1","Ball Lightning"],"picked":"Core Surge","floor":7.0},{"not_picked":["Gash","Cold Snap"],"picked":"Leap+1","floor":11.0},{"not_picked":["Scrape","Force Field+1"],"picked":"Steam+1","floor":13.0},{"not_picked":["Barrage","Heatsinks"],"picked":"Defragment","floor":14.0}],"player_experience":300874,"relics_obtained":[{"floor":5.0,"key":"Toxic Egg 2"},{"floor":7.0,"key":"Dream Catcher"},{"floor":9.0,"key":"Bag of Marbles"},{"floor":14.0,"key":"Darkstone Periapt"}],"event_choices":[{"event_name":"Scrap Ooze","player_choice":"success","floor":2.0,"damage_taken":11.0},{"event_name":"Golden Idol","player_choice":"Lose Max HP","floor":3.0,"damage_taken":0.0},{"event_name":"Living Wall","player_choice":"Forget","floor":4.0,"damage_taken":0.0},{"event_name":"Shining Light","player_choice":"Entered Light","floor":12.0,"damage_taken":0.0}],"is_beta":false,"boss_relics":[],"items_purged_floors":[],"is_endless":false,"potions_floor_spawned":[1,11,13],"killed_by":"Slime Boss","ascension_level":18}