{"gold_per_floor":[129,141,163,185,197,209,233,31,31,31,31,45,58,58,58,160,160,179,79,66,86,99,99,199,214,214,234,234,234,247,262,262,365,365,379,379,450,232,249,249,260,277,327,339,339,356,356,67,67,67],"floor_reached":51,"playtime":2014,"items_purged":["Strike_G","Pain","Strike_G"],"score":720,"play_id":"7a7b3e3a-66f4-4366-9d2c-cfaab815b311","local_time":"20181017131937","is_ascension_mode":false,"campfire_choices":[{"data":"Catalyst","floor":6,"key":"SMITH"},{"data":"Well Laid Plans","floor":11,"key":"SMITH"},{"data":"Noxious Fumes","floor":15,"key":"SMITH"},{"data":"Footwork","floor":23,"key":"SMITH"},{"data":"Deadly Poison","floor":28,"key":"SMITH"},{"data":"Deadly Poison","floor":32,"key":"SMITH"},{"data":"Leg Sweep","floor":40,"key":"SMITH"},{"data":"Wraith Form v2","floor":45,"key":"SMITH"},{"data":"Neutralize","floor":47,"key":"SMITH"},{"data":"Flash of Steel","floor":49,"key":"SMITH"}],"neow_cost":"NONE","seed_source_timestamp":9889007359895,"circlet_count":0,"master_deck":["Defend_G","Defend_G","Defend_G","Defend_G","Defend_G","Strike_G","Survivor","Neutralize+1","Catalyst+1","Deadly Poison+1","Deadly Poison+1","Well Laid Plans+1","Leg Sweep+1","Footwork+1","Noxious Fumes+1","Burst+1","Backflip+1","Bouncing Flask+1","Wraith Form v2+1","Backflip+1","Leg Sweep+1","Night Terror+1","Flash of Steel+1","Enlightenment+1","Dodge and Roll+1","Crippling Poison+1","Setup+1","Night Terror+1","Tactician+1"],"relics":["Ring of the Snake","MawBank","Toxic Egg 2","WarpedTongs","Sozu","Unceasing Top","Darkstone Periapt","PreservedInsect","Ninja Scroll","Runic Pyramid","Kunai","Snake Skull","DollysMirror"],"potions_floor_usage":[50,50],"damage_taken":[{"damage":0,"enemies":"2 Louse","floor":1,"turns":3},{"damage":0,"enemies":"Small Slimes","floor":3,"turns":4},{"damage":0,"enemies":"Cultist","floor":4,"turns":6},{"damage":3,"enemies":"Red Slaver","floor":7,"turns":4},{"damage":2,"enemies":"Large Slime","floor":12,"turns":6},{"damage":7,"enemies":"Lots of Slimes","floor":13,"turns":9},{"damage":11,"enemies":"Slime Boss","floor":16,"turns":11},{"damage":2,"enemies":"3 Byrds","floor":18,"turns":6},{"damage":5,"enemies":"2 Thieves","floor":20,"turns":4},{"damage":1,"enemies":"3 Cultists","floor":21,"turns":7},{"damage":1,"enemies":"Snake Plant","floor":22,"turns":4},{"damage":2,"enemies":"Colosseum Slavers","floor":24,"turns":5},{"damage":4,"enemies":"Colosseum Nobs","floor":24,"turns":5},{"damage":2,"enemies":"Chosen and Byrds","floor":25,"turns":5},{"damage":0,"enemies":"Centurion and Healer","floor":27,"turns":6},{"damage":0,"enemies":"Snecko","floor":30,"turns":4},{"damage":0,"enemies":"Cultist and Chosen","floor":31,"turns":5},{"damage":6,"enemies":"Automaton","floor":33,"turns":6},{"damage":0,"enemies":"3 Darklings","floor":35,"turns":6},{"damage":0,"enemies":"3 Shapes","floor":39,"turns":3},{"damage":0,"enemies":"Spire Growth","floor":41,"turns":3},{"damage":0,"enemies":"3 Darklings","floor":42,"turns":4},{"damage":0,"enemies":"4 Shapes","floor":44,"turns":4},{"damage":0,"enemies":"Spire Growth","floor":46,"turns":2},{"damage":0,"enemies":"Donu and Deca","floor":50,"turns":6}],"seed_played":"-3904251129052837101","potions_obtained":[{"floor":1,"key":"SkillPotion"},{"floor":3,"key":"Energy Potion"},{"floor":12,"key":"FearPotion"},{"floor":16,"key":"PowerPotion"}],"is_trial":false,"path_per_floor":["M","?","M","M","?","R","M","$","T","$","R","M","M","?","R","B",null,"M","$","M","M","M","R","?","M","T","M","R","T","M","M","R","B",null,"M","?","T","$","M","R","M","M","T","M","R","M","R","$","R","B"],"character_chosen":"THE_SILENT","items_purchased":["Well Laid Plans","Leg Sweep","Enlightenment+1","DollysMirror","Tactician+1"],"campfire_rested":0,"item_purchase_floors":[8,8,38,48,48],"current_hp_per_floor":[70,63,63,63,63,63,60,60,60,60,60,58,51,51,51,40,70,68,68,63,62,61,61,55,53,53,53,53,53,53,53,53,47,70,70,70,70,70,70,70,70,70,70,70,70,70,70,70,70,70],"gold":67,"neow_bonus":"RANDOM_COMMON_RELIC","is_prod":false,"is_daily":false,"chose_seed":false,"campfire_upgraded":10,"win_rate":0,"timestamp":1539753577,"path_taken":["M","?","?","M","?","R","M","?","T","$","R","M","?","?","R","BOSS","M","$","M","M","M","R","?","M","T","?","R","?","?","?","R","BOSS","M","?","?","$","M","R","M","M","T","M","R","M","R","?","R","BOSS"],"build_version":"2018-10-11","purchased_purges":3,"victory":true,"max_hp_per_floor":[70,70,70,70,70,70,70,70,70,70,70,70,70,70,70,70,70,70,70,70,70,70,70,70,70,70,70,70,70,70,70,70,70,70,70,70,70,70,70,70,70,70,70,70,70,70,70,70,70,70],"card_choices":[{"not_picked":["Skewer","Distraction"],"picked":"Catalyst","floor":1},{"not_picked":["Outmaneuver","Terror","Dagger Spray"],"picked":"SKIP","floor":3},{"not_picked":["Leg Sweep","Tactician"],"picked":"Deadly Poison","floor":4},{"not_picked":["Prepared","Poisoned Stab"],"picked":"Deadly Poison","floor":7},{"not_picked":["Outmaneuver+1","Endless Agony"],"picked":"Footwork","floor":12},{"not_picked":["Poisoned Stab","Flechettes"],"picked":"Noxious Fumes","floor":13},{"not_picked":["Unload","Glass Knife"],"picked":"Burst+1","floor":16},{"not_picked":["Dodge and Roll+1","Expertise+1"],"picked":"Backflip+1","floor":18},{"not_picked":["Slice","Underhanded Strike"],"picked":"Bouncing Flask+1","floor":20},{"not_picked":["Dagger Spray","Setup+1","Dagger Throw"],"picked":"SKIP","floor":21},{"not_picked":["Dagger Spray","Noxious Fumes+1"],"picked":"Wraith Form v2","floor":22},{"not_picked":["Eviscerate","Sucker Punch"],"picked":"Backflip+1","floor":25},{"not_picked":["Bouncing Flask+1","Crippling Poison+1"],"picked":"Leg Sweep+1","floor":27},{"not_picked":["Slice+1","Flying Knee","Poisoned Stab"],"picked":"SKIP","floor":30},{"not_picked":["Sucker Punch+1","Blade Dance+1","Acrobatics+1"],"picked":"SKIP","floor":31},{"not_picked":["Corpse Explosion+1","Malaise+1"],"picked":"Night Terror+1","floor":33},{"not_picked":["Skewer+1","Predator+1","Sucker Punch"],"picked":"SKIP","floor":35},{"not_picked":["Metamorphosis+1","Thinking Ahead+1"],"picked":"Flash of Steel","floor":36},{"not_picked":["Flying Knee+1","Endless Agony+1"],"picked":"Dodge and Roll+1","floor":39},{"not_picked":["Deadly Poison+1","Acrobatics+1"],"picked":"Crippling Poison+1","floor":41},{"not_picked":["Endless Agony+1","Masterful Stab"],"picked":"Setup+1","floor":42},{"not_picked":["Concentrate+1","Outmaneuver+1","Masterful Stab+1"],"picked":"SKIP","floor":44},{"not_picked":["Poisoned Stab+1","Finisher","Dagger Throw"],"picked":"SKIP","floor":46}],"player_experience":282447,"relics_obtained":[{"floor":9,"key":"Toxic Egg 2"},{"floor":24,"key":"Unceasing Top"},{"floor":24,"key":"Darkstone Periapt"},{"floor":26,"key":"PreservedInsect"},{"floor":29,"key":"Ninja Scroll"},{"floor":37,"key":"Kunai"},{"floor":43,"key":"Snake Skull"}],"event_choices":[{"event_name":"Golden Wing","player_choice":"Card Removal","floor":2,"damage_taken":0},{"event_name":"Purifier","player_choice":"One Purge","floor":5,"damage_taken":0},{"event_name":"Accursed Blacksmith","player_choice":"Rummage","floor":14,"damage_taken":0},{"event_name":"Colosseum","player_choice":"Fight","floor":24,"damage_taken":0},{"event_name":"Colosseum","player_choice":"Fought Nobs","floor":24,"damage_taken":0},{"event_name":"SensoryStone","player_choice":"Memory 1","floor":36,"damage_taken":0}],"is_beta":false,"boss_relics":[{"not_picked":["Lizard Tail","Black Star"],"picked":"Sozu"},{"not_picked":["White Beast Statue","Orrery"],"picked":"Runic Pyramid"}],"items_purged_floors":[8,19,38],"is_endless":false,"potions_floor_spawned":[1,3,12,16,21,24,25,27,31,35,41,46],"ascension_level":0}