{"gold_per_floor":[119,119,119,137,137,137,156,156,156,182,182],"floor_reached":11,"playtime":259,"items_purged":[],"score":142,"play_id":"c78e2ef4-cd0f-44fb-9265-dd13613a4378","local_time":"20190318215820","is_ascension_mode":true,"campfire_choices":[{"data":"Calculated Gamble","floor":6.0,"key":"SMITH"},{"data":"Concentrate","floor":8.0,"key":"SMITH"}],"neow_cost":"NONE","seed_source_timestamp":418899458960568,"circlet_count":0,"master_deck":["AscendersBane","Survivor","Neutralize","Terror","Concentrate+1","Skewer","Sucker Punch","Caltrops","Blur","Bouncing Flask","Night Terror","Quick Slash","Backflip","Calculated Gamble+1","Dagger Spray+1"],"special_seed":0,"relics":["Pandora\u0027s Box","Ornamental Fan","Molten Egg 2"],"potions_floor_usage":[],"damage_taken":[{"damage":21.0,"enemies":"Jaw Worm","floor":1.0,"turns":4.0},{"damage":4.0,"enemies":"Small Slimes","floor":4.0,"turns":3.0},{"damage":0.0,"enemies":"Cultist","floor":7.0,"turns":3.0},{"damage":24,"enemies":"Gremlin Nob","floor":10,"turns":4},{"damage":0,"enemies":"Exordium Thugs","floor":11,"turns":1}],"seed_played":"9181854430238907538","potions_obtained":[{"floor":10,"key":"SpeedPotion"}],"is_trial":false,"path_per_floor":["M","?","?","M","?","R","M","R","T","E","M"],"character_chosen":"THE_SILENT","items_purchased":[],"campfire_rested":0,"item_purchase_floors":[],"current_hp_per_floor":[38,38,38,34,34,34,34,34,34,10,10],"gold":182,"neow_bonus":"BOSS_RELIC","is_prod":false,"is_daily":false,"chose_seed":false,"campfire_upgraded":2,"win_rate":0,"timestamp":1552913900,"path_taken":["M","?","?","?","?","R","M","R","T","E","?"],"build_version":"2019-01-23","purchased_purges":0,"victory":false,"max_hp_per_floor":[66,66,66,66,66,66,66,66,66,66,66],"card_choices":[{"not_picked":["Bane","Prepared"],"picked":"Backflip","floor":1.0},{"not_picked":["Poisoned Stab","Deflect"],"picked":"Calculated Gamble","floor":4.0},{"not_picked":["Backflip","Deadly Poison","Concentrate"],"picked":"SKIP","floor":7.0},{"not_picked":["A Thousand Cuts","Dodge and Roll"],"picked":"Dagger Spray","floor":10}],"player_experience":158591,"relics_obtained":[{"floor":9.0,"key":"Ornamental Fan"},{"floor":10,"key":"Molten Egg 2"}],"event_choices":[{"damage_healed":0.0,"max_hp_gain":0.0,"max_hp_loss":0.0,"gold_gain":0.0,"event_name":"Liars Game","player_choice":"Ignored","floor":2.0,"gold_loss":0.0,"damage_taken":0.0},{"damage_healed":0.0,"max_hp_gain":0.0,"max_hp_loss":0.0,"gold_gain":0.0,"event_name":"Shining Light","player_choice":"Ignored","floor":3.0,"gold_loss":0.0,"damage_taken":0.0},{"cards_removed":["Storm of Steel"],"damage_healed":0.0,"max_hp_gain":0.0,"max_hp_loss":0.0,"gold_gain":0.0,"event_name":"Purifier","player_choice":"Purged","floor":5.0,"gold_loss":0.0,"damage_taken":0.0}],"is_beta":false,"boss_relics":[],"items_purged_floors":[],"is_endless":false,"potions_floor_spawned":[10],"killed_by":"Exordium Thugs","ascension_level":20}