{"gold_per_floor":[18,28,28,39,39,39,70,84,162,59,92,104,117,133,133,206,206,206,62,62,62],"floor_reached":21,"playtime":933,"items_purged":["Strike_G","Strike_G"],"score":486,"play_id":"96906529-4289-4385-a465-9e4c2895de10","local_time":"20181129213522","is_ascension_mode":true,"campfire_choices":[{"data":"Bouncing Flask","floor":6,"key":"SMITH"},{"data":"Well Laid Plans","floor":15,"key":"SMITH"}],"neow_cost":"NO_GOLD","seed_source_timestamp":35652630562216,"circlet_count":0,"master_deck":["AscendersBane","Defend_G","Defend_G","Defend_G+1","Defend_G","Defend_G","Strike_G","Strike_G","Strike_G","Survivor","Neutralize","Acrobatics+1","Poisoned Stab","Bouncing Flask+1","Well Laid Plans+1","Prepared","Blur","Cloak And Dagger","Tactician","Grand Finale","Footwork"],"relics":["Ring of the Snake","Torii","Incense Burner","PreservedInsect","Kunai","War Paint","Ectoplasm"],"potions_floor_usage":[7,16],"damage_taken":[{"damage":2,"enemies":"Jaw Worm","floor":1,"turns":4},{"damage":2,"enemies":"Small Slimes","floor":2,"turns":7},{"damage":1,"enemies":"2 Louse","floor":4,"turns":3},{"damage":36,"enemies":"Gremlin Nob","floor":7,"turns":4},{"damage":0,"enemies":"Large Slime","floor":8,"turns":6},{"damage":11,"enemies":"Lagavulin","floor":11,"turns":4},{"damage":8,"enemies":"Exordium Thugs","floor":12,"turns":6},{"damage":0,"enemies":"Exordium Wildlife","floor":13,"turns":5},{"damage":0,"enemies":"Large Slime","floor":14,"turns":8},{"damage":0,"enemies":"The Guardian","floor":16,"turns":10},{"damage":8,"enemies":"3 Byrds","floor":18,"turns":6},{"damage":14,"enemies":"Shell Parasite","floor":20,"turns":3},{"damage":32,"enemies":"Chosen and Byrds","floor":21,"turns":3}],"seed_played":"1894930398097368329","potions_obtained":[{"floor":1,"key":"Weak Potion"},{"floor":2,"key":"SteroidPotion"},{"floor":4,"key":"PowerPotion"},{"floor":14,"key":"GhostInAJar"},{"floor":16,"key":"Poison Potion"},{"floor":18,"key":"SteroidPotion"}],"is_trial":false,"path_per_floor":["M","M","?","M","T","R","E","M","T","$","E","M","M","M","R","B",null,"M","$","M","M"],"character_chosen":"THE_SILENT","items_purchased":["Prepared","Footwork"],"campfire_rested":0,"item_purchase_floors":[10,19],"current_hp_per_floor":[57,55,60,59,59,59,23,23,23,23,12,4,4,4,4,4,54,46,46,32,0],"gold":62,"neow_bonus":"ONE_RARE_RELIC","is_prod":false,"is_daily":false,"chose_seed":false,"campfire_upgraded":2,"win_rate":0,"timestamp":1543498522,"path_taken":["M","M","?","M","?","R","E","M","T","$","E","M","M","M","R","BOSS","M","$","M","M"],"build_version":"2018-11-15","purchased_purges":2,"victory":false,"max_hp_per_floor":[66,66,71,71,71,71,71,71,71,71,71,71,71,71,71,71,71,71,71,71,71],"card_choices":[{"not_picked":["Skewer","Outmaneuver"],"picked":"Acrobatics","floor":1},{"not_picked":["Distraction","Flying Knee"],"picked":"Poisoned Stab","floor":2},{"not_picked":["Terror","Prepared"],"picked":"Bouncing Flask","floor":4},{"not_picked":["Heel Hook","Setup"],"picked":"Well Laid Plans","floor":7},{"not_picked":["Crippling Poison","Quick Slash","Dagger Spray"],"picked":"SKIP","floor":8},{"not_picked":["Infinite Blades","Dagger Throw"],"picked":"Blur","floor":11},{"not_picked":["Cloak And Dagger","Dagger Throw","Acrobatics"],"picked":"SKIP","floor":12},{"not_picked":["Dagger Throw","Acrobatics"],"picked":"Cloak And Dagger","floor":12},{"not_picked":["Crippling Poison","Dagger Throw"],"picked":"Tactician","floor":13},{"not_picked":["Terror","Backflip"],"picked":"Grand Finale","floor":14},{"not_picked":["Crippling Poison","Distraction","Outmaneuver"],"picked":"SKIP","floor":18},{"not_picked":["Flying Knee","Quick Slash","Deadly Poison"],"picked":"SKIP","floor":20}],"player_experience":1178994,"relics_obtained":[{"floor":5,"key":"Incense Burner"},{"floor":7,"key":"PreservedInsect"},{"floor":9,"key":"Kunai"},{"floor":11,"key":"War Paint"}],"event_choices":[{"damage_healed":0,"gold_gain":0,"player_choice":"Donut","damage_taken":0,"max_hp_gain":5,"max_hp_loss":0,"event_name":"Big Fish","floor":3,"gold_loss":0}],"is_beta":true,"boss_relics":[{"not_picked":["Lizard Tail","Velvet Choker"],"picked":"Ectoplasm"}],"items_purged_floors":[10,19],"is_endless":false,"potions_floor_spawned":[1,2,4,14,16,18,20],"killed_by":"Chosen and Byrds","ascension_level":20}