{"gold_per_floor":[364,384,384,129,129,129,29,44,44,44,44,44],"floor_reached":12,"playtime":244,"items_purged":["Strike_G","Strike_G"],"score":132,"play_id":"826527e5-82b8-4d22-8c09-d0c2c064877f","local_time":"20190228160933","is_ascension_mode":true,"campfire_choices":[{"data":"Deadly Poison","floor":6,"key":"SMITH"},{"data":"Neutralize","floor":10,"key":"SMITH"}],"neow_cost":"PERCENT_DAMAGE","seed_source_timestamp":17311712486389,"circlet_count":0,"master_deck":["AscendersBane","Defend_G","Defend_G","Defend_G+1","Defend_G","Defend_G","Strike_G","Strike_G+1","Strike_G","Survivor","Neutralize+1","Deadly Poison+1","Escape Plan+1","Master of Strategy+1"],"relics":["Ring of the Snake","War Paint","Anchor"],"potions_floor_usage":[12],"damage_taken":[{"damage":0,"enemies":"Small Slimes","floor":1,"turns":6},{"damage":0,"enemies":"Jaw Worm","floor":2,"turns":5},{"damage":0,"enemies":"Cultist","floor":8,"turns":3},{"damage":27,"enemies":"Gremlin Nob","floor":12,"turns":3}],"seed_played":"-4675543610655588842","potions_obtained":[{"floor":1,"key":"Poison Potion"}],"is_trial":false,"path_per_floor":["M","M","?","$","?","R","$","M","T","R","?","E"],"character_chosen":"THE_SILENT","items_purchased":["Master of Strategy"],"campfire_rested":0,"item_purchase_floors":[4],"current_hp_per_floor":[44,44,18,18,40,40,40,40,40,40,20,0],"gold":44,"neow_bonus":"TWO_FIFTY_GOLD","is_prod":false,"is_daily":false,"chose_seed":false,"campfire_upgraded":2,"win_rate":0,"timestamp":1551341373,"path_taken":["M","M","?","$","?","R","?","?","T","R","?","E"],"build_version":"2019-01-23","purchased_purges":2,"victory":false,"max_hp_per_floor":[66,66,66,66,66,66,66,66,66,66,66,66],"card_choices":[{"not_picked":["Riddle With Holes","Bane"],"picked":"Deadly Poison","floor":1},{"not_picked":["Sucker Punch","Outmaneuver"],"picked":"Escape Plan","floor":2},{"not_picked":["Crippling Poison","Heel Hook","Prepared"],"picked":"SKIP","floor":8}],"player_experience":3227260,"relics_obtained":[{"floor":9,"key":"Anchor"}],"event_choices":[{"damage_healed":0,"gold_gain":0,"player_choice":"Success","damage_taken":26,"relics_obtained":["War Paint"],"max_hp_gain":0,"max_hp_loss":0,"event_name":"Scrap Ooze","floor":3,"gold_loss":0},{"damage_healed":22,"gold_gain":0,"player_choice":"Banana","damage_taken":0,"max_hp_gain":0,"max_hp_loss":0,"event_name":"Big Fish","floor":5,"gold_loss":0},{"damage_healed":0,"gold_gain":0,"player_choice":"Entered Light","damage_taken":20,"max_hp_gain":0,"max_hp_loss":0,"event_name":"Shining Light","floor":11,"gold_loss":0,"cards_upgraded":["Master of Strategy","Strike_G"]}],"is_beta":false,"boss_relics":[],"items_purged_floors":[4,7],"is_endless":false,"potions_floor_spawned":[1],"killed_by":"Gremlin Nob","ascension_level":20}