{"gold_per_floor":[119,131,141,141,141,141,211,227,252,293,308,308,339,43,43,138,138,156,71,71,71,89,89,125,157,169,181,227,263,275,302,314,421,433,463,475,54,69,82,120,120,155,181,196,211,252,271,307,307,307,307,307,307,15,46,46],"floor_reached":57,"playtime":3606,"items_purged":["Strike_B","Gash","Zap"],"score":3069,"play_id":"de811b22-b8bd-4d86-bf0f-854f0d6ecc94","local_time":"20190506024953","is_ascension_mode":true,"campfire_choices":[{"data":"Darkness","floor":6.0,"key":"SMITH"},{"data":"Loop","floor":12.0,"key":"SMITH"},{"data":"Hologram","floor":15.0,"key":"SMITH"},{"data":"Defragment","floor":23.0,"key":"SMITH"},{"data":"Coolheaded","floor":30.0,"key":"SMITH"},{"data":"Redo","floor":32.0,"key":"SMITH"},{"floor":41.0,"key":"RECALL"},{"data":"Reinforced Body","floor":49.0,"key":"SMITH"},{"data":"Reinforced Body","floor":53.0,"key":"SMITH"}],"neow_cost":"TEN_PERCENT_HP_LOSS","seed_source_timestamp":57837566200158,"circlet_count":0,"master_deck":["AscendersBane","Dualcast","Reprogram","Chaos+1","Hologram+1","Reinforced Body+1","Darkness+1","Self Repair","Coolheaded+1","Loop+1","Undo","Electrodynamics","Darkness","Defragment+1","Hyperbeam","Redo+1","Turbo","Reinforced Body+1","Recycle","Biased Cognition+1","Multi-Cast","Coolheaded+1","Reinforced Body+1","Defragment+1","Skim+1","Heatsinks+1","Glacier+1","Capacitor"],"special_seed":0,"relics":["Cracked Core","Golden Idol","Bronze Scales","PreservedInsect","Pantograph","Orichalcum","Chemical X","Pandora\u0027s Box","Oddly Smooth Stone","Enchiridion","MawBank","Singing Bowl","Anchor","Velvet Choker","Toxic Egg 2","Bottled Tornado","Prayer Wheel","Juzu Bracelet","Smiling Mask","Strawberry","Turnip"],"potions_floor_usage":[56,56],"damage_taken":[{"damage":1.0,"enemies":"Cultist","floor":1.0,"turns":3.0},{"damage":9.0,"enemies":"2 Louse","floor":2.0,"turns":3.0},{"damage":10.0,"enemies":"Small Slimes","floor":3.0,"turns":4.0},{"damage":16.0,"enemies":"Gremlin Nob","floor":7.0,"turns":4.0},{"damage":0.0,"enemies":"3 Louse","floor":8.0,"turns":3.0},{"damage":0.0,"enemies":"Gremlin Nob","floor":10.0,"turns":3.0},{"damage":1.0,"enemies":"2 Fungi Beasts","floor":11.0,"turns":4.0},{"damage":19.0,"enemies":"3 Sentries","floor":13.0,"turns":6.0},{"damage":1.0,"enemies":"The Guardian","floor":16.0,"turns":9.0},{"damage":13.0,"enemies":"Shell Parasite","floor":18.0,"turns":4.0},{"damage":2.0,"enemies":"Chosen","floor":22.0,"turns":5.0},{"damage":25.0,"enemies":"Book of Stabbing","floor":24.0,"turns":5.0},{"damage":0.0,"enemies":"Sentry and Sphere","floor":25.0,"turns":6.0},{"damage":0.0,"enemies":"Gremlin Leader","floor":28.0,"turns":5.0},{"damage":18.0,"enemies":"Snecko","floor":29.0,"turns":5.0},{"damage":0.0,"enemies":"Chosen and Byrds","floor":31.0,"turns":4.0},{"damage":5.0,"enemies":"Champ","floor":33.0,"turns":9.0},{"damage":0.0,"enemies":"Orb Walker","floor":35.0,"turns":2.0},{"damage":0.0,"enemies":"3 Darklings","floor":38.0,"turns":1.0},{"damage":1.0,"enemies":"Jaw Worm Horde","floor":39.0,"turns":3.0},{"damage":0.0,"enemies":"Giant Head","floor":40.0,"turns":7.0},{"damage":28.0,"enemies":"Reptomancer","floor":42.0,"turns":5.0},{"damage":0.0,"enemies":"Transient","floor":44.0,"turns":6.0},{"damage":23.0,"enemies":"Spire Growth","floor":45.0,"turns":5.0},{"damage":0.0,"enemies":"Nemesis","floor":46.0,"turns":7.0},{"damage":3.0,"enemies":"Sphere and 2 Shapes","floor":47.0,"turns":5.0},{"damage":0.0,"enemies":"Giant Head","floor":48.0,"turns":6.0},{"damage":26.0,"enemies":"Awakened One","floor":50.0,"turns":10.0},{"damage":8.0,"enemies":"Donu and Deca","floor":51.0,"turns":7.0},{"damage":12.0,"enemies":"Shield and Spear","floor":55.0,"turns":9.0},{"damage":81,"enemies":"The Heart","floor":56,"turns":11}],"seed_played":"2300721974137702686","potions_obtained":[{"floor":2.0,"key":"FocusPotion"},{"floor":7.0,"key":"SpeedPotion"},{"floor":11.0,"key":"FearPotion"},{"floor":13.0,"key":"PowerPotion"},{"floor":39.0,"key":"Swift Potion"}],"is_trial":false,"path_per_floor":["M","M","M","?","?","R","?","M","T","E","M","R","E","$","R","B",null,"M","?","?","?","M","R","E","M","T","?","E","M","R","M","R","B",null,"M","?","$","M","M","E","R","E","T","M","M","E","M","E","R","B","B",null,"R","$","E","B",null],"character_chosen":"DEFECT","items_purchased":["Chemical X","Toxic Egg 2","Coolheaded+1","Strawberry","Capacitor"],"campfire_rested":0,"item_purchase_floors":[14,37,37,54,54],"current_hp_per_floor":[63,54,44,44,27,27,11,18,18,25,31,31,19,19,19,50,56,50,50,50,29,34,34,16,23,23,23,32,21,21,28,28,55,59,61,61,61,61,62,62,62,43,43,54,40,47,55,64,64,57,75,76,76,83,73,11],"gold":46,"neow_bonus":"TRANSFORM_TWO_CARDS","is_prod":false,"is_daily":false,"chose_seed":false,"campfire_upgraded":8,"win_rate":0,"timestamp":1557082193,"path_taken":["M","?","M","?","?","R","?","M","T","E","M","R","E","$","R","BOSS","M","?","?","?","M","R","E","M","T","?","E","M","R","M","R","BOSS","M","?","$","M","M","E","R","E","T","M","?","E","M","E","R","BOSS","BOSS","R","$","E","BOSS"],"build_version":"2019-01-23","purchased_purges":3,"victory":true,"max_hp_per_floor":[64,64,64,58,58,58,58,58,58,58,58,58,58,58,58,58,58,58,58,58,58,58,58,58,58,58,58,60,60,60,60,60,60,60,62,62,62,62,62,62,62,64,64,68,70,70,74,76,76,76,76,76,76,83,85,85],"card_choices":[{"not_picked":["Sweeping Beam","Force Field"],"picked":"Hologram","floor":1.0},{"not_picked":["Steam","Beam Cell"],"picked":"Reinforced Body","floor":2.0},{"not_picked":["Redo","Leap"],"picked":"Darkness","floor":3.0},{"not_picked":["Compile Driver","Stack"],"picked":"Self Repair","floor":7.0},{"not_picked":["Rebound","Ball Lightning"],"picked":"Coolheaded","floor":8.0},{"not_picked":["Blizzard","Beam Cell","Stack"],"picked":"SKIP","floor":10.0},{"not_picked":["Amplify","Gash"],"picked":"Loop","floor":11.0},{"not_picked":["Gash","Redo"],"picked":"Undo","floor":13.0},{"not_picked":["Machine Learning","Core Surge"],"picked":"Electrodynamics","floor":16.0},{"not_picked":["Sunder","Rebound"],"picked":"Redo","floor":18.0},{"not_picked":["Gash","Fusion"],"picked":"Turbo","floor":22.0},{"not_picked":["Auto Shields","Hologram"],"picked":"Reinforced Body","floor":24.0},{"not_picked":["Streamline","Ball Lightning","Reprogram+1"],"picked":"SKIP","floor":25.0},{"not_picked":["Steam","Conserve Battery","Hologram"],"picked":"Singing Bowl","floor":28.0},{"not_picked":["Leap","Steam"],"picked":"Recycle","floor":29.0},{"not_picked":["Chaos","Barrage"],"picked":"Biased Cognition","floor":31.0},{"not_picked":["Buffer","All For One"],"picked":"Multi-Cast","floor":33.0},{"not_picked":["Doom and Gloom","White Noise","FTL"],"picked":"Singing Bowl","floor":35.0},{"not_picked":["Hologram+1","Cold Snap"],"picked":"Reinforced Body+1","floor":38.0},{"not_picked":["Coolheaded+1","White Noise+1"],"picked":"Defragment+1","floor":39.0},{"not_picked":["Turbo+1","Recycle+1"],"picked":"Skim+1","floor":40.0},{"not_picked":["Turbo+1","Amplify+1","Ball Lightning"],"picked":"Singing Bowl","floor":42.0},{"not_picked":["Gash","Conserve Battery+1","Sweeping Beam"],"picked":"Singing Bowl","floor":44.0},{"not_picked":["Cold Snap","Hologram+1","Blizzard"],"picked":"Singing Bowl","floor":44.0},{"not_picked":["Go for the Eyes+1","Sweeping Beam","Rainbow+1"],"picked":"Singing Bowl","floor":45.0},{"not_picked":["Steam Power+1","Glacier+1"],"picked":"Heatsinks+1","floor":45.0},{"not_picked":["Coolheaded+1","Rebound"],"picked":"Glacier+1","floor":46.0},{"not_picked":["Redo+1","Beam Cell","Scrape"],"picked":"Singing Bowl","floor":47.0},{"not_picked":["Steam Power+1","Streamline","Conserve Battery+1"],"picked":"Singing Bowl","floor":47.0},{"not_picked":["Coolheaded+1","Genetic Algorithm+1","Beam Cell+1"],"picked":"Singing Bowl","floor":48.0},{"not_picked":["Rainbow+1","Machine Learning","Chill+1"],"picked":"Singing Bowl","floor":55.0}],"player_experience":4604625,"relics_obtained":[{"floor":7.0,"key":"Bronze Scales"},{"floor":9.0,"key":"PreservedInsect"},{"floor":10.0,"key":"Pantograph"},{"floor":13.0,"key":"Orichalcum"},{"floor":21.0,"key":"Enchiridion"},{"floor":24.0,"key":"MawBank"},{"floor":26.0,"key":"Singing Bowl"},{"floor":28.0,"key":"Anchor"},{"floor":40.0,"key":"Bottled Tornado"},{"floor":42.0,"key":"Prayer Wheel"},{"floor":46.0,"key":"Juzu Bracelet"},{"floor":48.0,"key":"Smiling Mask"},{"floor":55.0,"key":"Turnip"}],"event_choices":[{"damage_healed":0.0,"max_hp_gain":0.0,"max_hp_loss":6.0,"gold_gain":0.0,"event_name":"Golden Idol","player_choice":"Lose Max HP","floor":4.0,"gold_loss":0.0,"damage_taken":0.0,"relics_obtained":["Golden Idol"]},{"damage_healed":0.0,"max_hp_gain":0.0,"max_hp_loss":0.0,"gold_gain":0.0,"event_name":"Shining Light","player_choice":"Entered Light","floor":5.0,"gold_loss":0.0,"damage_taken":17.0,"cards_upgraded":["Chaos","Strike_B"]},{"damage_healed":0.0,"max_hp_gain":0.0,"max_hp_loss":0.0,"gold_gain":30.0,"event_name":"Dead Adventurer","player_choice":"Searched \u00272\u0027 times","floor":7.0,"gold_loss":0.0,"damage_taken":0.0},{"damage_healed":0.0,"max_hp_gain":0.0,"max_hp_loss":0.0,"gold_gain":0.0,"event_name":"Addict","player_choice":"Obtained Relic","floor":19.0,"gold_loss":85.0,"damage_taken":0.0,"relics_obtained":["Oddly Smooth Stone"]},{"cards_removed":["Hello World"],"damage_healed":0.0,"max_hp_gain":0.0,"max_hp_loss":0.0,"gold_gain":0.0,"event_name":"Back to Basics","player_choice":"Elegance","floor":20.0,"gold_loss":0.0,"damage_taken":0.0},{"damage_healed":0.0,"max_hp_gain":0.0,"max_hp_loss":0.0,"gold_gain":0.0,"event_name":"Cursed Tome","player_choice":"Obtained Book","floor":21.0,"gold_loss":0.0,"damage_taken":21.0},{"damage_healed":0.0,"max_hp_gain":0.0,"max_hp_loss":0.0,"gold_gain":0.0,"event_name":"Vampires","player_choice":"Ignored","floor":27.0,"gold_loss":0.0,"damage_taken":0.0},{"damage_healed":0.0,"max_hp_gain":0.0,"max_hp_loss":0.0,"gold_gain":0.0,"event_name":"Upgrade Shrine","player_choice":"Upgraded","floor":36.0,"gold_loss":0.0,"damage_taken":0.0,"cards_upgraded":["Biased Cognition"]}],"is_beta":false,"boss_relics":[{"not_picked":["Philosopher\u0027s Stone","Lizard Tail"],"picked":"Pandora\u0027s Box"},{"not_picked":["Cursed Key","Astrolabe"],"picked":"Velvet Choker"}],"items_purged_floors":[14,37,54],"is_endless":false,"potions_floor_spawned":[2,7,11,13,25,31,39,42,46,48],"ascension_level":20}