{"gold_per_floor":[117,117,133,3,16,16,50,50,50,70,82,110,126,146,146,220,220,230,155,155,255,0,26,26,61,87,87,97,97,126,126,126,198,198,217,117,117,137,155,155,167,167,167,167,167,167,167,193,193,193,193,193,193,33,67,67],"floor_reached":57,"playtime":2188,"items_purged":["Strike_G","Strike_G"],"score":2892,"play_id":"f07a941b-4cc9-497a-867c-d755ba4c823f","local_time":"20190327140237","is_ascension_mode":true,"campfire_choices":[{"data":"Apotheosis","floor":6.0,"key":"SMITH"},{"data":"Caltrops","floor":15.0,"key":"SMITH"},{"floor":24.0,"key":"REST"},{"floor":27.0,"key":"REST"},{"floor":29.0,"key":"REST"},{"floor":32.0,"key":"RECALL"},{"floor":40.0,"key":"REST"},{"floor":42.0,"key":"REST"},{"data":"Malaise","floor":49.0,"key":"SMITH"},{"data":"Malaise","floor":53.0,"key":"SMITH"}],"neow_cost":"TEN_PERCENT_HP_LOSS","seed_source_timestamp":5389236361645,"circlet_count":0,"master_deck":["AscendersBane","Defend_G","Defend_G","Defend_G","Defend_G","Defend_G","Survivor","Neutralize","Apotheosis+1","Trip","Caltrops+1","Catalyst","Night Terror","Finisher","Bouncing Flask","Escape Plan","Catalyst","Corpse Explosion","Malaise+1","Catalyst","Backflip","Deflect","Tactician","Caltrops","Night Terror","Malaise+1","Backflip","Acrobatics","Adrenaline","Burst","Footwork"],"special_seed":0,"relics":["Ring of the Snake","FaceOfCleric","Mercury Hourglass","Pen Nib","Paper Crane","Runic Pyramid","Nunchaku","Mummified Hand","Vajra","Bag of Preparation","Juzu Bracelet","Velvet Choker","Gremlin Horn","Blood Vial"],"potions_floor_usage":[55,56],"damage_taken":[{"damage":0.0,"enemies":"Cultist","floor":1.0,"turns":4.0},{"damage":0.0,"enemies":"Small Slimes","floor":3.0,"turns":3.0},{"damage":2.0,"enemies":"2 Louse","floor":5.0,"turns":2.0},{"damage":9.0,"enemies":"Lagavulin","floor":7.0,"turns":8.0},{"damage":3.0,"enemies":"Exordium Wildlife","floor":10.0,"turns":4.0},{"damage":4.0,"enemies":"Blue Slaver","floor":11.0,"turns":4.0},{"damage":24.0,"enemies":"Gremlin Nob","floor":12.0,"turns":4.0},{"damage":0.0,"enemies":"3 Louse","floor":13.0,"turns":2.0},{"damage":0.0,"enemies":"Lots of Slimes","floor":14.0,"turns":3.0},{"damage":2.0,"enemies":"The Guardian","floor":16.0,"turns":5.0},{"damage":31.0,"enemies":"Shell Parasite","floor":18.0,"turns":4.0},{"damage":17.0,"enemies":"Colosseum Slavers","floor":21.0,"turns":4.0},{"damage":4.0,"enemies":"Colosseum Nobs","floor":21.0,"turns":5.0},{"damage":0.0,"enemies":"Gremlin Leader","floor":23.0,"turns":5.0},{"damage":8.0,"enemies":"Book of Stabbing","floor":25.0,"turns":6.0},{"damage":0.0,"enemies":"3 Byrds","floor":28.0,"turns":3.0},{"damage":0.0,"enemies":"Gremlin Leader","floor":30.0,"turns":6.0},{"damage":0.0,"enemies":"Automaton","floor":33.0,"turns":6.0},{"damage":13.0,"enemies":"3 Darklings","floor":35.0,"turns":3.0},{"damage":4.0,"enemies":"3 Shapes","floor":38.0,"turns":4.0},{"damage":13.0,"enemies":"Transient","floor":39.0,"turns":6.0},{"damage":16.0,"enemies":"Sphere and 2 Shapes","floor":41.0,"turns":4.0},{"damage":11.0,"enemies":"Nemesis","floor":48.0,"turns":5.0},{"damage":24.0,"enemies":"Time Eater","floor":50.0,"turns":5.0},{"damage":18.0,"enemies":"Donu and Deca","floor":51.0,"turns":4.0},{"damage":29,"enemies":"Shield and Spear","floor":55,"turns":5},{"damage":40,"enemies":"The Heart","floor":56,"turns":8}],"seed_played":"2652562166166661783","potions_obtained":[{"floor":1.0,"key":"Explosive Potion"},{"floor":23.0,"key":"Fire Potion"},{"floor":28.0,"key":"SkillPotion"},{"floor":30.0,"key":"Ancient Potion"},{"floor":38.0,"key":"SneckoOil"},{"floor":48.0,"key":"SpeedPotion"},{"floor":55,"key":"SneckoOil"}],"is_trial":false,"path_per_floor":["M","?","M","$","M","R","E","?","T","M","M","E","M","M","R","B",null,"M","?","?","?","?","E","R","E","T","R","M","R","E","?","R","B",null,"M","$","?","M","M","R","M","R","T","?","?","?","?","E","R","B","B",null,"R","$","E","B",null],"character_chosen":"THE_SILENT","items_purchased":["PowerPotion","GhostInAJar","Footwork"],"campfire_rested":5,"item_purchase_floors":[4,54,54],"current_hp_per_floor":[59,59,60,60,59,59,51,51,51,49,46,23,24,25,25,24,58,28,28,28,9,9,10,31,24,24,46,47,69,70,76,76,77,77,65,65,65,62,50,74,59,81,81,81,77,77,77,67,67,46,31,68,68,68,42,5],"gold":67,"neow_bonus":"RANDOM_COLORLESS_2","is_prod":false,"is_daily":false,"chose_seed":false,"campfire_upgraded":4,"win_rate":0,"timestamp":1553666557,"path_taken":["M","?","M","?","M","R","E","?","T","M","M","E","M","M","R","BOSS","M","?","?","?","?","E","R","E","T","R","M","R","E","?","R","BOSS","M","$","?","M","M","R","M","R","T","?","?","?","?","E","R","BOSS","BOSS","R","$","E","BOSS"],"build_version":"2019-01-23","purchased_purges":2,"victory":true,"max_hp_per_floor":[60,60,61,61,62,62,63,63,63,64,65,66,67,68,68,69,69,70,70,70,72,72,73,73,74,74,74,75,75,76,76,76,77,77,78,78,78,79,80,80,81,81,81,81,77,77,77,78,78,79,80,80,80,80,81,82],"card_choices":[{"not_picked":["Predator","Sucker Punch"],"picked":"Caltrops","floor":1.0},{"not_picked":["Choke","Expertise"],"picked":"Catalyst","floor":3.0},{"not_picked":["Terror","Blade Dance"],"picked":"Endless Agony","floor":5.0},{"not_picked":["Underhanded Strike","Predator"],"picked":"Night Terror","floor":7.0},{"not_picked":["Endless Agony","Bane","Deflect"],"picked":"SKIP","floor":10.0},{"not_picked":["Blur","Sucker Punch"],"picked":"Finisher","floor":11.0},{"not_picked":["Caltrops","Deflect"],"picked":"Bouncing Flask","floor":12.0},{"not_picked":["Dodge and Roll","Backflip"],"picked":"Escape Plan","floor":13.0},{"not_picked":["Expertise","Deflect"],"picked":"Catalyst","floor":14.0},{"not_picked":["Venomology","Unload"],"picked":"Corpse Explosion","floor":16.0},{"not_picked":["Setup","Finisher","Underhanded Strike"],"picked":"SKIP","floor":18.0},{"not_picked":["Terror","Deadly Poison"],"picked":"Backflip","floor":21.0},{"not_picked":["Poisoned Stab","Flying Knee"],"picked":"Deflect","floor":23.0},{"not_picked":["Outmaneuver","Heel Hook"],"picked":"Tactician","floor":25.0},{"not_picked":["PiercingWail","Quick Slash"],"picked":"Caltrops","floor":28.0},{"not_picked":["Accuracy","Underhanded Strike"],"picked":"Night Terror","floor":30.0},{"not_picked":["Doppelganger","A Thousand Cuts"],"picked":"Malaise","floor":33.0},{"not_picked":["Dodge and Roll","Prepared"],"picked":"Backflip","floor":35.0},{"not_picked":["Eviscerate","Poisoned Stab"],"picked":"Acrobatics","floor":38.0},{"not_picked":["Masterful Stab","Noxious Fumes","Flying Knee"],"picked":"SKIP","floor":39.0},{"not_picked":["Reflex+1","Cloak And Dagger+1"],"picked":"Adrenaline","floor":41.0},{"not_picked":["Bane","Malaise"],"picked":"Burst","floor":48.0},{"not_picked":["Quick Slash","Deadly Poison","Accuracy"],"picked":"SKIP","floor":55}],"player_experience":3896086,"relics_obtained":[{"floor":7.0,"key":"Mercury Hourglass"},{"floor":9.0,"key":"Pen Nib"},{"floor":12.0,"key":"Paper Crane"},{"floor":21.0,"key":"Nunchaku"},{"floor":21.0,"key":"Mummified Hand"},{"floor":23.0,"key":"Vajra"},{"floor":25.0,"key":"Bag of Preparation"},{"floor":30.0,"key":"Juzu Bracelet"},{"floor":43.0,"key":"Gremlin Horn"},{"floor":48.0,"key":"Blood Vial"}],"event_choices":[{"damage_healed":0.0,"max_hp_gain":0.0,"max_hp_loss":0.0,"gold_gain":0.0,"event_name":"FaceTrader","player_choice":"Trade","floor":2.0,"gold_loss":0.0,"damage_taken":0.0,"relics_obtained":["FaceOfCleric"]},{"damage_healed":0.0,"max_hp_gain":0.0,"max_hp_loss":0.0,"gold_gain":0.0,"event_name":"The Cleric","player_choice":"Leave","floor":8.0,"gold_loss":0.0,"damage_taken":0.0},{"cards_removed":["Strike_G"],"damage_healed":0.0,"max_hp_gain":0.0,"max_hp_loss":0.0,"gold_gain":0.0,"event_name":"Beggar","player_choice":"Gave Gold","floor":19.0,"gold_loss":75.0,"damage_taken":0.0},{"damage_healed":0.0,"max_hp_gain":0.0,"max_hp_loss":0.0,"gold_gain":0.0,"cards_transformed":["Strike_G","Strike_G"],"event_name":"Drug Dealer","player_choice":"Became Test Subject","floor":20.0,"gold_loss":0.0,"damage_taken":0.0,"cards_obtained":["Malaise","Catalyst"]},{"damage_healed":0.0,"max_hp_gain":0.0,"max_hp_loss":0.0,"gold_gain":0.0,"event_name":"Colosseum","player_choice":"Fight","floor":21.0,"gold_loss":0.0,"damage_taken":0.0},{"damage_healed":0.0,"max_hp_gain":0.0,"max_hp_loss":0.0,"gold_gain":0.0,"event_name":"Colosseum","player_choice":"Fought Nobs","floor":21.0,"gold_loss":0.0,"damage_taken":0.0},{"damage_healed":0.0,"max_hp_gain":0.0,"max_hp_loss":0.0,"gold_gain":0.0,"event_name":"Masked Bandits","player_choice":"Paid Fearfully","floor":22.0,"gold_loss":255.0,"damage_taken":0.0},{"damage_healed":6.0,"max_hp_gain":0.0,"max_hp_loss":0.0,"gold_gain":0.0,"event_name":"Wheel of Change","player_choice":"Full Heal","floor":31.0,"gold_loss":0.0,"damage_taken":0.0},{"damage_healed":0.0,"max_hp_gain":0.0,"max_hp_loss":0.0,"gold_gain":0.0,"event_name":"Mysterious Sphere","player_choice":"Ignored","floor":37.0,"gold_loss":0.0,"damage_taken":0.0},{"cards_removed":["Endless Agony"],"damage_healed":0.0,"max_hp_gain":0.0,"max_hp_loss":0.0,"gold_gain":0.0,"event_name":"Falling","player_choice":"Removed Attack","floor":44.0,"gold_loss":0.0,"damage_taken":0.0},{"damage_healed":0.0,"max_hp_gain":0.0,"max_hp_loss":4.0,"gold_gain":0.0,"event_name":"Winding Halls","player_choice":"Max HP","floor":45.0,"gold_loss":0.0,"damage_taken":0.0},{"damage_healed":0.0,"max_hp_gain":0.0,"max_hp_loss":0.0,"gold_gain":0.0,"event_name":"SensoryStone","player_choice":"Memory 1","floor":46.0,"gold_loss":0.0,"damage_taken":0.0},{"damage_healed":0.0,"max_hp_gain":0.0,"max_hp_loss":0.0,"gold_gain":0.0,"event_name":"Tomb of Lord Red Mask","player_choice":"Ignored","floor":47.0,"gold_loss":0.0,"damage_taken":0.0}],"is_beta":false,"boss_relics":[{"not_picked":["Astrolabe","Busted Crown"],"picked":"Runic Pyramid"},{"not_picked":["Eternal Feather","Runic Dome"],"picked":"Velvet Choker"}],"items_purged_floors":[4,36],"is_endless":false,"potions_floor_spawned":[1,5,7,13,14,16,18,23,28,30,38,48,55],"ascension_level":20}