{"gold_per_floor":[118,118,43,43,68,68,81,105,131,131,131,31,46,71,71,162,162,150,163,188,25,25,25,51,75,129,129,152,165,165,188,188,281,281,301,85,101,116,116,116,129,149,223,223,242,242,292,305,305,305],"floor_reached":51,"playtime":1470,"items_purged":["Strike_B","Strike_B"],"score":1211,"play_id":"f7544deb-cb72-4766-beef-07e46930c7c0","local_time":"20190131141359","is_ascension_mode":true,"campfire_choices":[{"data":"Chaos","floor":6,"key":"SMITH"},{"data":"Dualcast","floor":15,"key":"SMITH"},{"data":"Defragment","floor":23,"key":"SMITH"},{"data":"Defragment","floor":30,"key":"SMITH"},{"data":"Zap","floor":32,"key":"SMITH"},{"floor":40,"key":"RECALL"}],"neow_cost":"TEN_PERCENT_HP_LOSS","seed_source_timestamp":40580226540016,"circlet_count":0,"master_deck":["AscendersBane","Strike_B+1","Defend_B+1","Zap+1","Dualcast+1","Undo+1","Chaos+1","Glacier+1","Self Repair+1","Coolheaded+1","Rainbow+1","Hologram+1","Defragment+1","Chaos+1","Defragment+1","Meteor Strike+1","Biased Cognition+1","Glacier+1"],"relics":["Cracked Core","Golden Idol","Happy Flower","Toxic Egg 2","Coffee Dripper","DataDisk","Orichalcum","Whetstone","Snecko Eye","Runic Capacitor","Mark of the Bloom","Ornamental Fan"],"potions_floor_usage":[33,42,50],"damage_taken":[{"damage":7,"enemies":"Jaw Worm","floor":1,"turns":3},{"damage":0,"enemies":"2 Louse","floor":5,"turns":3},{"damage":1,"enemies":"Small Slimes","floor":7,"turns":3},{"damage":8,"enemies":"Exordium Thugs","floor":8,"turns":4},{"damage":0,"enemies":"Large Slime","floor":13,"turns":6},{"damage":1,"enemies":"Red Slaver","floor":14,"turns":3},{"damage":20,"enemies":"Slime Boss","floor":16,"turns":11},{"damage":3,"enemies":"2 Thieves","floor":18,"turns":4},{"damage":2,"enemies":"3 Byrds","floor":19,"turns":5},{"damage":16,"enemies":"Snake Plant","floor":20,"turns":4},{"damage":0,"enemies":"Centurion and Healer","floor":25,"turns":6},{"damage":0,"enemies":"Sentry and Sphere","floor":28,"turns":6},{"damage":10,"enemies":"Snecko","floor":29,"turns":5},{"damage":0,"enemies":"Cultist and Chosen","floor":31,"turns":6},{"damage":1,"enemies":"Champ","floor":33,"turns":12},{"damage":0,"enemies":"3 Shapes","floor":35,"turns":4},{"damage":12,"enemies":"3 Darklings","floor":37,"turns":4},{"damage":0,"enemies":"Maw","floor":38,"turns":4},{"damage":0,"enemies":"4 Shapes","floor":41,"turns":4},{"damage":0,"enemies":"Jaw Worm Horde","floor":42,"turns":3},{"damage":0,"enemies":"3 Darklings","floor":45,"turns":4},{"damage":0,"enemies":"Maw","floor":48,"turns":5},{"damage":0,"enemies":"Awakened One","floor":50,"turns":10}],"seed_played":"9089110390692535601","potions_obtained":[{"floor":5,"key":"SteroidPotion"},{"floor":16,"key":"PowerPotion"},{"floor":19,"key":"Ancient Potion"},{"floor":33,"key":"Swift Potion"},{"floor":42,"key":"SpeedPotion"}],"is_trial":false,"path_per_floor":["M","?","$","?","M","R","M","M","T","?","T","$","M","M","R","B",null,"M","M","M","$","?","R","T","M","T","?","M","M","R","M","R","B",null,"M","$","M","M","?","R","M","M","T","?","M","R","?","M","R","B",null],"character_chosen":"DEFECT","items_purchased":["DataDisk","Runic Capacitor"],"campfire_rested":0,"item_purchase_floors":[21,36],"current_hp_per_floor":[57,57,57,50,50,50,49,41,41,46,46,46,46,52,52,39,57,61,63,54,54,54,54,54,61,61,61,63,60,60,63,63,63,63,63,63,58,63,63,63,63,63,63,63,63,63,63,63,63,63],"gold":305,"neow_bonus":"REMOVE_TWO","is_prod":false,"is_daily":false,"chose_seed":false,"campfire_upgraded":5,"win_rate":0,"timestamp":1548915239,"path_taken":["M","?","$","?","M","R","M","M","T","?","?","$","M","M","R","BOSS","M","M","M","$","?","R","?","M","T","?","M","M","R","M","R","BOSS","M","$","M","M","?","R","M","M","T","?","M","R","?","M","R","BOSS"],"build_version":"2019-01-23","purchased_purges":2,"victory":true,"max_hp_per_floor":[64,58,58,58,58,58,58,58,58,63,63,63,63,63,63,63,63,63,63,63,63,63,63,63,63,63,63,63,63,63,63,63,63,63,63,63,63,63,63,63,63,63,63,63,63,63,63,63,63,63],"card_choices":[{"not_picked":["Barrage","Conserve Battery"],"picked":"Undo","floor":1},{"not_picked":["Turbo","Lockon"],"picked":"Chaos","floor":5},{"not_picked":["Aggregate","Barrage","Conserve Battery"],"picked":"SKIP","floor":7},{"not_picked":["Aggregate","Conserve Battery"],"picked":"Glacier","floor":8},{"not_picked":["Amplify+1","Rip and Tear"],"picked":"Self Repair","floor":13},{"not_picked":["Redo+1","Steam+1"],"picked":"Coolheaded+1","floor":14},{"not_picked":["Fission+1","Hyperbeam"],"picked":"Rainbow+1","floor":16},{"not_picked":["Stack+1","Barrage+1"],"picked":"Hologram+1","floor":18},{"not_picked":["Turbo+1","Conserve Battery+1","Aggregate+1"],"picked":"SKIP","floor":19},{"not_picked":["Steam+1","Beam Cell+1"],"picked":"Defragment","floor":20},{"not_picked":["Stack+1","Rebound"],"picked":"Chaos+1","floor":25},{"not_picked":["Ball Lightning","Leap+1"],"picked":"Defragment","floor":28},{"not_picked":["BootSequence+1","Streamline"],"picked":"Meteor Strike","floor":29},{"not_picked":["Heatsinks","Steam Power+1","Stack+1"],"picked":"SKIP","floor":31},{"not_picked":["Echo Form","Hyperbeam"],"picked":"Biased Cognition","floor":33},{"not_picked":["Steam+1","Melter","Aggregate+1"],"picked":"SKIP","floor":35},{"not_picked":["Coolheaded+1","Stack+1","Reprogram+1"],"picked":"SKIP","floor":37},{"not_picked":["Sweeping Beam","Rebound"],"picked":"Glacier+1","floor":38},{"not_picked":["Barrage+1","Sunder","Self Repair+1"],"picked":"SKIP","floor":41},{"not_picked":["Chill+1","Sweeping Beam+1","Stack+1"],"picked":"SKIP","floor":42},{"not_picked":["Coolheaded+1","Gash+1","Streamline"],"picked":"SKIP","floor":45},{"not_picked":["Undo+1","Compile Driver","Scrape"],"picked":"SKIP","floor":48}],"player_experience":2432382,"relics_obtained":[{"floor":9,"key":"Happy Flower"},{"floor":11,"key":"Toxic Egg 2"},{"floor":24,"key":"Orichalcum"},{"floor":26,"key":"Whetstone"},{"floor":43,"key":"Ornamental Fan"}],"event_choices":[{"damage_healed":0,"gold_gain":0,"player_choice":"Lose Max HP","damage_taken":0,"relics_obtained":["Golden Idol"],"max_hp_gain":0,"max_hp_loss":6,"event_name":"Golden Idol","floor":2,"gold_loss":0},{"cards_removed":["Defend_B"],"damage_healed":0,"gold_gain":0,"player_choice":"Card Removal","damage_taken":7,"max_hp_gain":0,"max_hp_loss":0,"event_name":"Golden Wing","floor":4,"gold_loss":0},{"damage_healed":0,"gold_gain":0,"player_choice":"Donut","damage_taken":0,"max_hp_gain":5,"max_hp_loss":0,"event_name":"Big Fish","floor":10,"gold_loss":0},{"damage_healed":0,"gold_gain":0,"player_choice":"Ignored","damage_taken":0,"max_hp_gain":0,"max_hp_loss":0,"event_name":"Ghosts","floor":22,"gold_loss":0},{"cards_removed":["Defend_B"],"damage_healed":0,"gold_gain":0,"player_choice":"Offered Basic","damage_taken":0,"max_hp_gain":0,"max_hp_loss":0,"event_name":"Bonfire Elementals","floor":27,"gold_loss":0},{"damage_healed":0,"gold_gain":0,"player_choice":"Upgrade","damage_taken":0,"relics_obtained":["Mark of the Bloom"],"max_hp_gain":0,"max_hp_loss":0,"event_name":"MindBloom","floor":39,"gold_loss":0,"cards_upgraded":["Defend_B","Undo","Glacier","Self Repair","Meteor Strike","Biased Cognition"]},{"damage_healed":0,"gold_gain":0,"player_choice":"Ignored","damage_taken":0,"max_hp_gain":0,"max_hp_loss":0,"event_name":"Mysterious Sphere","floor":44,"gold_loss":0},{"damage_healed":0,"gold_gain":50,"player_choice":"Pray","damage_taken":0,"max_hp_gain":0,"max_hp_loss":0,"event_name":"Golden Shrine","floor":47,"gold_loss":0}],"is_beta":false,"boss_relics":[{"not_picked":["Fusion Hammer","Empty Cage"],"picked":"Coffee Dripper"},{"not_picked":["Cursed Key","Calling Bell"],"picked":"Snecko Eye"}],"items_purged_floors":[3,12],"is_endless":false,"potions_floor_spawned":[5,16,19,25,29,31,33,35,37,41,42],"ascension_level":16}