{"gold_per_floor":[115,115,40,40,64,64,83,83,165,188,211,227,257,278,278,278],"floor_reached":16,"playtime":481,"items_purged":["Strike_G"],"score":188,"play_id":"a5fd1004-dddf-43c8-9951-ae6889a7d81d","local_time":"20190210092801","is_ascension_mode":true,"campfire_choices":[{"data":"Neutralize","floor":6.0,"key":"SMITH"},{"data":"Tactician","floor":8.0,"key":"SMITH"},{"data":"Prepared","floor":15,"key":"SMITH"}],"neow_cost":"NONE","seed_source_timestamp":0,"circlet_count":0,"master_deck":["AscendersBane","Defend_G","Defend_G","Defend_G","Defend_G","Strike_G","Strike_G","Strike_G","Strike_G","Survivor","Neutralize+1","Tactician+1","Dagger Throw","Reflex","Backstab","Flechettes","All Out Attack","Poisoned Stab","Prepared+1"],"special_seed":0,"relics":["Ring of the Snake","Bag of Preparation","Golden Idol","Odd Mushroom"],"potions_floor_usage":[16],"damage_taken":[{"damage":0.0,"enemies":"Small Slimes","floor":1.0,"turns":4.0},{"damage":0.0,"enemies":"Jaw Worm","floor":5.0,"turns":5.0},{"damage":0.0,"enemies":"2 Louse","floor":7.0,"turns":2.0},{"damage":1.0,"enemies":"2 Fungi Beasts","floor":10.0,"turns":4.0},{"damage":6.0,"enemies":"Large Slime","floor":11.0,"turns":7.0},{"damage":2.0,"enemies":"Blue Slaver","floor":12.0,"turns":3.0},{"damage":18.0,"enemies":"The Mushroom Lair","floor":13.0,"turns":5.0},{"damage":0.0,"enemies":"Lots of Slimes","floor":14.0,"turns":2.0},{"damage":27,"enemies":"Slime Boss","floor":16,"turns":3}],"seed_played":"3051079833061948760","potions_obtained":[{"floor":1.0,"key":"PowerPotion"},{"floor":7.0,"key":"Poison Potion"},{"floor":13.0,"key":"SteroidPotion"}],"is_trial":false,"path_per_floor":["M","?","$","?","M","R","M","R","T","M","M","M","?","M","R","B"],"character_chosen":"THE_SILENT","items_purchased":[],"campfire_rested":0,"item_purchase_floors":[],"current_hp_per_floor":[59,59,59,52,52,52,52,52,52,51,45,43,25,25,25,0],"gold":278,"neow_bonus":"RANDOM_COMMON_RELIC","is_prod":false,"is_daily":false,"chose_seed":false,"campfire_upgraded":3,"win_rate":0,"timestamp":1549762081,"path_taken":["M","?","$","?","M","R","M","R","T","M","M","M","?","M","R","BOSS"],"build_version":"2019-01-23","purchased_purges":1,"victory":false,"max_hp_per_floor":[66,60,60,60,60,60,60,60,60,60,60,60,60,60,60,60],"card_choices":[{"not_picked":["Reflex","Footwork"],"picked":"Tactician","floor":1.0},{"not_picked":["Slice","Dagger Spray"],"picked":"Dagger Throw","floor":5.0},{"not_picked":["Underhanded Strike","Prepared"],"picked":"Reflex","floor":7.0},{"not_picked":["Dodge and Roll","Deadly Poison"],"picked":"Backstab","floor":10.0},{"not_picked":["All Out Attack","Eviscerate"],"picked":"Flechettes","floor":11.0},{"not_picked":["Endless Agony","Escape Plan"],"picked":"All Out Attack","floor":12.0},{"not_picked":["Slice","Dagger Spray"],"picked":"Poisoned Stab","floor":13.0},{"not_picked":["Quick Slash","Deflect"],"picked":"Prepared","floor":14.0}],"player_experience":2559793,"relics_obtained":[{"floor":13.0,"key":"Odd Mushroom"}],"event_choices":[{"damage_healed":0.0,"max_hp_gain":0.0,"max_hp_loss":6.0,"gold_gain":0.0,"event_name":"Golden Idol","player_choice":"Lose Max HP","floor":2.0,"gold_loss":0.0,"damage_taken":0.0,"relics_obtained":["Golden Idol"]},{"cards_removed":["Defend_G"],"damage_healed":0.0,"max_hp_gain":0.0,"max_hp_loss":0.0,"gold_gain":0.0,"event_name":"Golden Wing","player_choice":"Card Removal","floor":4.0,"gold_loss":0.0,"damage_taken":7.0},{"damage_healed":0.0,"max_hp_gain":0.0,"max_hp_loss":0.0,"gold_gain":0.0,"event_name":"Mushrooms","player_choice":"Fought Mushrooms","floor":13.0,"gold_loss":0.0,"damage_taken":0.0}],"is_beta":false,"boss_relics":[],"items_purged_floors":[3],"is_endless":false,"potions_floor_spawned":[1,7,13],"killed_by":"Slime Boss","ascension_level":20}