{"gold_per_floor":[113,113,263,338,353,353,11,11,11,36,56,90,102,127,127,202,202,220,220,220],"floor_reached":20,"playtime":663,"items_purged":["Doubt"],"score":430,"play_id":"cb331aa1-d0c1-4596-8299-657dda4d30d3","local_time":"20190507020936","is_ascension_mode":true,"campfire_choices":[{"floor":6.0,"key":"REST"},{"floor":8.0,"key":"REST"},{"floor":15.0,"key":"RECALL"}],"neow_cost":"NONE","seed_source_timestamp":63341529924519,"circlet_count":0,"master_deck":["AscendersBane","Strike_B","Strike_B","Strike_B","Strike_B","Defend_B","Defend_B","Defend_B","Defend_B","Zap","Dualcast","Streamline","Cold Snap+1","Defragment","Glacier","Go for the Eyes+1","Blizzard+1","White Noise","Seek","Recycle","Coolheaded","Storm","Heatsinks"],"special_seed":0,"relics":["Fusion Hammer","Molten Egg 2","Runic Capacitor","Blue Candle","Nunchaku","Lantern","Bronze Scales","Orrery"],"potions_floor_usage":[18],"damage_taken":[{"damage":1.0,"enemies":"Cultist","floor":1.0,"turns":3.0},{"damage":9.0,"enemies":"Jaw Worm","floor":5.0,"turns":3.0},{"damage":18.0,"enemies":"3 Sentries","floor":10.0,"turns":9.0},{"damage":1.0,"enemies":"Small Slimes","floor":11.0,"turns":4.0},{"damage":0.0,"enemies":"Lagavulin","floor":12.0,"turns":7.0},{"damage":0.0,"enemies":"2 Fungi Beasts","floor":13.0,"turns":2.0},{"damage":9.0,"enemies":"Gremlin Nob","floor":14.0,"turns":5.0},{"damage":10.0,"enemies":"Hexaghost","floor":16.0,"turns":10.0},{"damage":17,"enemies":"Shell Parasite","floor":18,"turns":7},{"damage":25,"enemies":"Masked Bandits","floor":20,"turns":2}],"seed_played":"-8913945621806741411","potions_obtained":[{"floor":12.0,"key":"Weak Potion"},{"floor":13.0,"key":"SpeedPotion"}],"is_trial":false,"path_per_floor":["M","?","?","?","M","R","$","R","T","E","M","E","M","E","R","B",null,"M","?","?"],"character_chosen":"DEFECT","items_purchased":["Runic Capacitor","Defragment"],"campfire_rested":2,"item_purchase_floors":[7,7],"current_hp_per_floor":[63,37,37,26,17,38,38,59,59,41,40,40,40,31,31,21,59,42,22,0],"gold":220,"neow_bonus":"BOSS_RELIC","is_prod":false,"is_daily":false,"chose_seed":false,"campfire_upgraded":0,"win_rate":0,"timestamp":1557166176,"path_taken":["M","?","?","?","M","R","$","R","T","E","M","E","M","E","R","BOSS","M","?","?"],"build_version":"2019-01-23","purchased_purges":1,"victory":false,"max_hp_per_floor":[71,71,71,71,71,71,71,71,71,71,71,71,71,71,71,71,71,71,76,76],"card_choices":[{"not_picked":["Leap","Steam"],"picked":"Streamline","floor":1.0},{"not_picked":["Aggregate","FTL+1"],"picked":"Cold Snap+1","floor":5.0},{"not_picked":["Barrage+1","Leap","Redo"],"picked":"SKIP","floor":10.0},{"not_picked":["Auto Shields","Consume"],"picked":"Glacier","floor":11.0},{"not_picked":["Storm","Steam Power"],"picked":"Go for the Eyes+1","floor":12.0},{"not_picked":["Steam","Hologram"],"picked":"Blizzard+1","floor":13.0},{"not_picked":["Storm","Steam Power"],"picked":"White Noise","floor":14.0},{"not_picked":["Rainbow","Machine Learning"],"picked":"Seek","floor":16.0},{"not_picked":["Stack","Streamline+1"],"picked":"Recycle","floor":17},{"not_picked":["Rip and Tear+1","Conserve Battery"],"picked":"Coolheaded","floor":17},{"not_picked":["Gash+1","Steam"],"picked":"Storm","floor":17},{"not_picked":["Tempest","Go for the Eyes+1"],"picked":"Heatsinks","floor":17},{"not_picked":["Rebound+1","Leap+1","Chaos"],"picked":"SKIP","floor":18}],"player_experience":4634849,"relics_obtained":[{"floor":9.0,"key":"Blue Candle"},{"floor":10.0,"key":"Nunchaku"},{"floor":12.0,"key":"Lantern"},{"floor":14.0,"key":"Bronze Scales"}],"event_choices":[{"damage_healed":0.0,"max_hp_gain":0.0,"max_hp_loss":0.0,"gold_gain":0.0,"event_name":"Scrap Ooze","player_choice":"Success","floor":2.0,"gold_loss":0.0,"damage_taken":26.0,"relics_obtained":["Molten Egg 2"]},{"damage_healed":0.0,"max_hp_gain":0.0,"max_hp_loss":0.0,"gold_gain":150.0,"event_name":"Liars Game","player_choice":"AGREE","floor":3.0,"gold_loss":0.0,"damage_taken":0.0,"cards_obtained":["Doubt"]},{"damage_healed":0.0,"max_hp_gain":0.0,"max_hp_loss":0.0,"gold_gain":75.0,"event_name":"World of Goop","player_choice":"Gather Gold","floor":4.0,"gold_loss":0.0,"damage_taken":11.0},{"damage_healed":0,"gold_gain":0,"player_choice":"Shed Blood","damage_taken":25,"max_hp_gain":5,"max_hp_loss":0,"event_name":"Forgotten Altar","floor":19,"gold_loss":0},{"damage_healed":0,"gold_gain":0,"player_choice":"Fought Bandits","damage_taken":0,"max_hp_gain":0,"max_hp_loss":0,"event_name":"Masked Bandits","floor":20,"gold_loss":0}],"is_beta":false,"boss_relics":[{"not_picked":["Eternal Feather","Busted Crown"],"picked":"Orrery"}],"items_purged_floors":[7],"is_endless":false,"potions_floor_spawned":[12,13,14],"killed_by":"Masked Bandits","ascension_level":20}