{"gold_per_floor":[112,112,187,202,202,202,219,219,270,34,53,53,81,92,92,169,169],"floor_reached":17,"playtime":947,"items_purged":["Strike_B"],"score":290,"play_id":"e01f1ccd-99f8-4c42-b7d0-645c00eefb03","local_time":"20190226002959","is_ascension_mode":true,"campfire_choices":[{"data":"Loop","floor":6,"key":"SMITH"},{"data":"Dualcast","floor":8,"key":"SMITH"},{"data":"Zap","floor":12,"key":"SMITH"},{"data":"Rainbow","floor":15,"key":"SMITH"}],"neow_cost":"NONE","seed_source_timestamp":43298379343462,"circlet_count":0,"master_deck":["AscendersBane","Strike_B","Strike_B","Defend_B","Defend_B","Defend_B","Defend_B","Zap+1","Dualcast+1","Recycle","Loop+1","Ball Lightning","Cold Snap","Coolheaded","Rainbow+1","Rainbow"],"relics":["Cracked Core","NeowsBlessing","Lantern","Ancient Tea Set","PreservedInsect","Odd Mushroom"],"potions_floor_usage":[16],"damage_taken":[{"damage":0,"enemies":"Jaw Worm","floor":1,"turns":1},{"damage":0,"enemies":"Small Slimes","floor":4,"turns":1},{"damage":0,"enemies":"Cultist","floor":7,"turns":1},{"damage":13,"enemies":"Exordium Wildlife","floor":11,"turns":4},{"damage":19,"enemies":"The Mushroom Lair","floor":13,"turns":4},{"damage":2,"enemies":"Looter","floor":14,"turns":4},{"damage":12,"enemies":"The Guardian","floor":16,"turns":9}],"seed_played":"-4873434667212102653","potions_obtained":[{"floor":4,"key":"Regen Potion"},{"floor":13,"key":"Regen Potion"}],"is_trial":false,"path_per_floor":["M","?","?","M","?","R","M","R","T","$","M","R","?","M","R","B",null],"character_chosen":"DEFECT","items_purchased":["PreservedInsect"],"campfire_rested":0,"item_purchase_floors":[10],"current_hp_per_floor":[64,57,46,46,46,46,46,46,46,46,33,33,14,12,12,15,15],"gold":169,"neow_bonus":"THREE_ENEMY_KILL","is_prod":false,"is_daily":false,"chose_seed":false,"campfire_upgraded":4,"win_rate":0,"timestamp":1551112199,"path_taken":["M","?","?","M","?","R","?","R","T","$","M","R","?","M","R","BOSS"],"build_version":"2019-01-23","purchased_purges":1,"victory":false,"max_hp_per_floor":[71,71,71,71,71,71,71,71,71,71,71,71,71,71,71,71,71],"card_choices":[{"not_picked":["Redo","Steam"],"picked":"Recycle","floor":1},{"not_picked":["Fusion","Hologram"],"picked":"Loop","floor":4},{"not_picked":["Reboot","Rebound"],"picked":"Ball Lightning","floor":7},{"not_picked":["Aggregate","Melter"],"picked":"Cold Snap","floor":11},{"not_picked":["Go for the Eyes","Sweeping Beam"],"picked":"Coolheaded","floor":13},{"not_picked":["Reprogram","Leap"],"picked":"Rainbow","floor":14},{"not_picked":["Hyperbeam","Machine Learning"],"picked":"Rainbow","floor":16}],"player_experience":3148230,"relics_obtained":[{"floor":9,"key":"Ancient Tea Set"},{"floor":13,"key":"Odd Mushroom"}],"event_choices":[{"cards_removed":["Strike_B"],"damage_healed":0,"gold_gain":0,"player_choice":"Card Removal","damage_taken":7,"max_hp_gain":0,"max_hp_loss":0,"event_name":"Golden Wing","floor":2,"gold_loss":0},{"damage_healed":0,"gold_gain":75,"player_choice":"Gather Gold","damage_taken":11,"max_hp_gain":0,"max_hp_loss":0,"event_name":"World of Goop","floor":3,"gold_loss":0},{"damage_healed":0,"gold_gain":0,"player_choice":"Gave Potion","damage_taken":0,"relics_obtained":["Lantern"],"max_hp_gain":0,"max_hp_loss":0,"event_name":"WeMeetAgain","floor":5,"gold_loss":0},{"damage_healed":0,"gold_gain":0,"player_choice":"Fought Mushrooms","damage_taken":0,"max_hp_gain":0,"max_hp_loss":0,"event_name":"Mushrooms","floor":13,"gold_loss":0}],"is_beta":false,"boss_relics":[],"items_purged_floors":[10],"is_endless":false,"potions_floor_spawned":[4,13],"ascension_level":20}