{"path_per_floor":["M","M","$","?","M","R","E","R","T","M","M","?","M","M","R","B",null,"M","$","M","M"],"character_chosen":"THE_SILENT","items_purchased":["Deadly Poison","Bouncing Flask","Bottled Lightning"],"gold_per_floor":[113,125,5,5,24,24,54,54,54,66,78,178,198,212,212,317,317,328,1,18,36],"floor_reached":22,"campfire_rested":1,"playtime":1542,"current_hp_per_floor":[63,55,55,55,55,55,38,56,56,52,52,52,38,38,38,46,63,52,52,49,29],"items_purged":["Defend_G"],"gold":36,"score":190,"play_id":"33dd1e6d-4ae1-449a-a692-b1d628143d8e","local_time":"20180308192028","is_prod":false,"is_daily":false,"is_ascension_mode":false,"campfire_upgraded":2,"timestamp":1520533228,"path_taken":["M","M","$","?","M","R","E","R","T","?","M","?","M","M","R","BOSS","M","$","M","M","M"],"build_version":"2018-03-01-PROD1","purchased_purges":1,"victory":false,"master_deck":["Defend_G","Defend_G","Defend_G","Strike_G","Strike_G","Strike_G","Strike_G","Survivor","Neutralize","Catalyst+1","Escape Plan","Bane","Poisoned Stab","Deadly Poison+1","Poisoned Stab","Deflect","Expertise","Deflect","Doppelganger+1","Well Laid Plans","After Image","Injury","Regret","Normality","Outmaneuver","Bouncing Flask"],"max_hp_per_floor":[63,63,63,63,63,63,63,63,63,63,63,63,63,63,63,63,63,63,63,63,63],"relics":["Ring of the Snake","Bag of Marbles","Tough Bandages","Calling Bell","Anchor","Bronze Scales","Molten Egg 2","Bottled Lightning"],"card_choices":[{"not_picked":["Dash","Riddle With Holes"],"picked":"Bane"},{"not_picked":["Blade Dance","Outmaneuver"],"picked":"Poisoned Stab"},{"not_picked":["Dodge and Roll","Backflip"],"picked":"Poisoned Stab"},{"not_picked":["Eviscerate","Slice"],"picked":"Deflect"},{"not_picked":["Dagger Spray","Bane"],"picked":"Expertise"},{"not_picked":["Leg Sweep","Acrobatics"],"picked":"Deflect"},{"not_picked":["Bane","Deadly Poison"],"picked":"Doppelganger"},{"not_picked":["Terror","Deadly Poison"],"picked":"Well Laid Plans"},{"not_picked":["Wraith Form","Grand Finale"],"picked":"After Image"},{"not_picked":["Slice","Leg Sweep"],"picked":"Outmaneuver"}],"player_experience":123856,"potions_floor_usage":[16,18,21],"damage_taken":[{"damage":0,"enemies":"Jaw Worm","floor":1,"turns":6},{"damage":8,"enemies":"Cultist","floor":2,"turns":6},{"damage":0,"enemies":"Small Slimes","floor":5,"turns":2},{"damage":17,"enemies":"3 Sentries","floor":7,"turns":8},{"damage":4,"enemies":"Red Slaver","floor":10,"turns":2},{"damage":0,"enemies":"Exordium Wildlife","floor":11,"turns":3},{"damage":14,"enemies":"Exordium Thugs","floor":13,"turns":4},{"damage":0,"enemies":"Large Slime","floor":14,"turns":3},{"damage":7,"enemies":"The Guardian","floor":16,"turns":7},{"damage":11,"enemies":"3 Byrds","floor":18,"turns":3},{"damage":3,"enemies":"Spheric Guardian","floor":20,"turns":3},{"damage":20,"enemies":"Snake Plant","floor":21,"turns":3},{"damage":40,"enemies":"Chosen and Byrds","floor":22,"turns":4}],"event_choices":[{"event_name":"Upgrade Shrine","player_choice":"Upgraded","floor":4,"damage_taken":0},{"event_name":"Golden Shrine","player_choice":"Pray","floor":12,"damage_taken":0}],"boss_relics":[{"not_picked":["Runic Dome","Philosopher\u0027s Stone"],"picked":"Calling Bell"}],"potions_floor_spawned":[5,7,13,20,21],"seed_played":"8498867035427427289","killed_by":"Chosen and Byrds","ascension_level":0,"is_trial":false}