{"gold_per_floor":[114,28,28,28,44,73,73,106,106,106,117,137,25,44,44,117,117,134,149,49,49,49,49,77,77,102,128,128,128,161,172,172,246,246,258,183,58,58,73,73,100,146,146,146,146,146,146,172,172,172],"floor_reached":50,"playtime":2039,"items_purged":["Strike_G","Strike_G","Defend_G"],"score":1395,"play_id":"64f488ae-8ae4-4c1b-8d21-158b9895f5e6","local_time":"20190408004646","is_ascension_mode":true,"campfire_choices":[{"data":"Predator","floor":7.0,"key":"SMITH"},{"data":"Well Laid Plans","floor":10.0,"key":"SMITH"},{"data":"Poisoned Stab","floor":15.0,"key":"SMITH"},{"data":"Catalyst","floor":23.0,"key":"SMITH"},{"data":"Deadly Poison","floor":25.0,"key":"SMITH"},{"data":"Calculated Gamble","floor":29.0,"key":"SMITH"},{"data":"Tactician","floor":32.0,"key":"SMITH"},{"data":"Night Terror","floor":40.0,"key":"SMITH"},{"data":"Catalyst","floor":44.0,"key":"SMITH"},{"floor":47.0,"key":"RECALL"},{"data":"Acrobatics","floor":49.0,"key":"SMITH"}],"neow_cost":"NONE","seed_source_timestamp":41173676886347,"circlet_count":0,"master_deck":["AscendersBane","Defend_G+1","Defend_G","Survivor","Neutralize","Dagger Throw","Well Laid Plans+1","Adrenaline","Predator+1","Cloak And Dagger","Tactician+1","Footwork","Poisoned Stab+1","Catalyst+1","Calculated Gamble+1","Deadly Poison+1","PiercingWail+1","Grand Finale","Night Terror+1","Noxious Fumes","Pain","Catalyst+1","Transmutation","Dark Shackles","Impatience","Acrobatics+1"],"special_seed":0,"relics":["Ring of the Snake","NeowsBlessing","FaceOfCleric","Darkstone Periapt","Meat on the Bone","Strawberry","Eternal Feather","Juzu Bracelet","Anchor","Ornamental Fan","Molten Egg 2","Empty Cage","WarpedTongs","Gremlin Horn","Unceasing Top","Omamori","Potion Belt"],"potions_floor_usage":[50],"damage_taken":[{"damage":0.0,"enemies":"Cultist","floor":1.0,"turns":1.0},{"damage":0.0,"enemies":"Small Slimes","floor":5.0,"turns":1.0},{"damage":0.0,"enemies":"Gremlin Nob","floor":6.0,"turns":1.0},{"damage":24.0,"enemies":"Lagavulin","floor":8.0,"turns":7.0},{"damage":0.0,"enemies":"2 Louse","floor":11.0,"turns":3.0},{"damage":0.0,"enemies":"Red Slaver","floor":12.0,"turns":2.0},{"damage":0.0,"enemies":"Exordium Thugs","floor":14.0,"turns":4.0},{"damage":0.0,"enemies":"The Guardian","floor":16.0,"turns":13.0},{"damage":10.0,"enemies":"2 Thieves","floor":18.0,"turns":5.0},{"damage":24.0,"enemies":"Shell Parasite","floor":19.0,"turns":8.0},{"damage":41.0,"enemies":"Slavers","floor":24.0,"turns":7.0},{"damage":11.0,"enemies":"Gremlin Leader","floor":27.0,"turns":5.0},{"damage":0.0,"enemies":"Book of Stabbing","floor":30.0,"turns":4.0},{"damage":2.0,"enemies":"Snake Plant","floor":31.0,"turns":4.0},{"damage":22.0,"enemies":"Champ","floor":33.0,"turns":9.0},{"damage":18.0,"enemies":"3 Darklings","floor":35.0,"turns":5.0},{"damage":2.0,"enemies":"3 Shapes","floor":39.0,"turns":2.0},{"damage":17.0,"enemies":"Nemesis","floor":41.0,"turns":3.0},{"damage":37.0,"enemies":"2 Orb Walkers","floor":42.0,"turns":5.0},{"damage":54.0,"enemies":"Reptomancer","floor":48.0,"turns":3.0},{"damage":38,"enemies":"Awakened One","floor":50,"turns":7}],"seed_played":"6894131748317318415","potions_obtained":[{"floor":8.0,"key":"SpeedPotion"},{"floor":11.0,"key":"SpeedPotion"},{"floor":18.0,"key":"SkillPotion"},{"floor":22.0,"key":"SteroidPotion"},{"floor":27.0,"key":"Weak Potion"},{"floor":30.0,"key":"EntropicBrew"},{"floor":31.0,"key":"Regen Potion"},{"floor":42.0,"key":"LiquidBronze"}],"is_trial":false,"path_per_floor":["M","$","?","?","M","E","R","E","T","R","M","M","$","M","R","B",null,"M","M","$","?","?","R","E","R","T","E","?","R","E","M","R","B",null,"M","?","$","?","M","R","E","?","T","R","?","?","R","E","R","B"],"character_chosen":"THE_SILENT","items_purchased":["Well Laid Plans","Footwork"],"campfire_rested":0,"item_purchase_floors":[2,13],"current_hp_per_floor":[59,59,39,39,40,41,41,18,25,25,38,51,51,52,52,53,73,64,53,53,53,53,65,37,49,49,51,51,63,64,63,75,54,79,62,62,62,68,67,79,63,53,53,65,55,55,70,29,44,6],"gold":172,"neow_bonus":"THREE_ENEMY_KILL","is_prod":false,"is_daily":false,"chose_seed":false,"campfire_upgraded":10,"win_rate":0,"timestamp":1554655606,"path_taken":["M","$","?","?","M","E","R","E","T","R","?","M","$","M","R","BOSS","M","M","?","?","?","R","E","R","T","E","?","R","E","M","R","BOSS","M","?","$","?","M","R","E","?","T","R","?","?","R","E","R","BOSS"],"build_version":"2019-01-23","purchased_purges":3,"victory":false,"max_hp_per_floor":[66,66,66,66,67,68,68,69,76,76,77,78,78,79,79,80,80,81,82,82,82,82,82,83,83,83,84,84,84,85,86,86,87,87,88,88,88,94,95,95,96,97,97,97,97,97,97,98,98,98],"card_choices":[{"not_picked":["Cloak And Dagger","Reflex"],"picked":"Dagger Throw","floor":1.0},{"not_picked":["Flying Knee","Catalyst"],"picked":"Adrenaline","floor":5.0},{"not_picked":["Choke","Well Laid Plans"],"picked":"Predator","floor":6.0},{"not_picked":["Quick Slash","Eviscerate","Predator"],"picked":"SKIP","floor":8.0},{"not_picked":["Slice","Flying Knee","Cloak And Dagger"],"picked":"SKIP","floor":11.0},{"not_picked":["Slice","Flying Knee"],"picked":"Cloak And Dagger","floor":11.0},{"not_picked":["Outmaneuver","Acrobatics"],"picked":"Tactician","floor":12.0},{"not_picked":["All Out Attack","Concentrate"],"picked":"Poisoned Stab","floor":14.0},{"not_picked":["Flechettes","Expertise"],"picked":"Catalyst","floor":18.0},{"not_picked":["Backflip","Blur"],"picked":"Calculated Gamble","floor":19.0},{"not_picked":["Blade Dance","Dagger Spray","Dodge and Roll"],"picked":"SKIP","floor":24.0},{"not_picked":["Outmaneuver","Quick Slash"],"picked":"PiercingWail+1","floor":27.0},{"not_picked":["Accuracy","A Thousand Cuts","Quick Slash+1"],"picked":"SKIP","floor":30.0},{"not_picked":["Blur","Quick Slash+1","Backstab+1"],"picked":"SKIP","floor":31.0},{"not_picked":["Dagger Spray+1","Sucker Punch+1","Deadly Poison"],"picked":"SKIP","floor":35.0},{"not_picked":["Prepared+1","Dagger Spray+1","Dagger Throw+1"],"picked":"SKIP","floor":39.0},{"not_picked":["Dagger Spray+1","Bouncing Flask","All Out Attack+1"],"picked":"SKIP","floor":41.0},{"not_picked":["Dagger Throw+1","Sucker Punch+1"],"picked":"Catalyst","floor":42.0},{"not_picked":["Sadistic Nature","Jack Of All Trades"],"picked":"Transmutation","floor":45.0},{"not_picked":["Jack Of All Trades","Chrysalis"],"picked":"Dark Shackles","floor":45.0},{"not_picked":["The Bomb","Jack Of All Trades"],"picked":"Impatience","floor":45.0},{"not_picked":["Corpse Explosion","Escape Plan+1"],"picked":"Acrobatics","floor":48.0}],"player_experience":4142280,"relics_obtained":[{"floor":6.0,"key":"Darkstone Periapt"},{"floor":8.0,"key":"Meat on the Bone"},{"floor":9.0,"key":"Strawberry"},{"floor":24.0,"key":"Juzu Bracelet"},{"floor":26.0,"key":"Anchor"},{"floor":27.0,"key":"Ornamental Fan"},{"floor":30.0,"key":"Molten Egg 2"},{"floor":41.0,"key":"Gremlin Horn"},{"floor":42.0,"key":"Unceasing Top"},{"floor":46.0,"key":"Omamori"},{"floor":48.0,"key":"Potion Belt"}],"event_choices":[{"damage_healed":0.0,"max_hp_gain":0.0,"max_hp_loss":0.0,"gold_gain":0.0,"event_name":"Shining Light","player_choice":"Entered Light","floor":3.0,"gold_loss":0.0,"damage_taken":20.0,"cards_upgraded":["Strike_G","Defend_G"]},{"damage_healed":0.0,"max_hp_gain":0.0,"max_hp_loss":0.0,"gold_gain":0.0,"event_name":"FaceTrader","player_choice":"Trade","floor":4.0,"gold_loss":0.0,"damage_taken":0.0,"relics_obtained":["FaceOfCleric"]},{"damage_healed":0.0,"max_hp_gain":0.0,"max_hp_loss":0.0,"gold_gain":0.0,"event_name":"The Library","player_choice":"Read","floor":21.0,"gold_loss":0.0,"damage_taken":0.0,"cards_obtained":["Deadly Poison"]},{"damage_healed":0.0,"max_hp_gain":0.0,"max_hp_loss":0.0,"gold_gain":0.0,"event_name":"Lab","player_choice":"Got Potions","floor":22.0,"gold_loss":0.0,"damage_taken":0.0},{"damage_healed":0.0,"max_hp_gain":0.0,"max_hp_loss":0.0,"gold_gain":0.0,"cards_transformed":["Strike_G"],"event_name":"Transmorgrifier","player_choice":"Transformed","floor":28.0,"gold_loss":0.0,"damage_taken":0.0,"cards_obtained":["Grand Finale"]},{"damage_healed":0.0,"max_hp_gain":0.0,"max_hp_loss":0.0,"gold_gain":0.0,"cards_transformed":["Defend_G","Defend_G"],"event_name":"Designer","player_choice":"Transformed Cards","floor":36.0,"gold_loss":75.0,"damage_taken":0.0,"cards_obtained":["Night Terror","Noxious Fumes"]},{"damage_healed":0.0,"max_hp_gain":0.0,"max_hp_loss":0.0,"gold_gain":0.0,"event_name":"Accursed Blacksmith","player_choice":"Rummage","floor":38.0,"gold_loss":0.0,"damage_taken":0.0,"relics_obtained":["WarpedTongs"],"cards_obtained":["Pain"]},{"damage_healed":0.0,"max_hp_gain":0.0,"max_hp_loss":0.0,"gold_gain":0.0,"event_name":"Mysterious Sphere","player_choice":"Fight","floor":42.0,"gold_loss":0.0,"damage_taken":0.0},{"damage_healed":0.0,"max_hp_gain":0.0,"max_hp_loss":0.0,"gold_gain":0.0,"event_name":"SensoryStone","player_choice":"Memory 3","floor":45.0,"gold_loss":0.0,"damage_taken":10.0},{"damage_healed":0.0,"max_hp_gain":0.0,"max_hp_loss":0.0,"gold_gain":0.0,"event_name":"Wheel of Change","player_choice":"Relic","floor":46.0,"gold_loss":0.0,"damage_taken":0.0}],"is_beta":false,"boss_relics":[{"not_picked":["Velvet Choker","Cursed Key"],"picked":"Eternal Feather"},{"not_picked":["White Beast Statue","HoveringKite"],"picked":"Empty Cage"}],"items_purged_floors":[13,20,37],"is_endless":false,"potions_floor_spawned":[8,11,12,18,27,30,31,41,42],"killed_by":"Awakened One","ascension_level":20}