{"gold_per_floor":[112,23,39,39,39,39,71,71,96,96,431,447,468,468],"floor_reached":14,"playtime":257,"items_purged":[],"score":246,"play_id":"dd7102de-1e4f-4061-951d-8d534f06d905","local_time":"20190226232724","is_ascension_mode":true,"campfire_choices":[{"data":"Defragment","floor":6.0,"key":"SMITH"}],"neow_cost":"NONE","seed_source_timestamp":790476721741043,"circlet_count":0,"master_deck":["AscendersBane","Strike_B","Strike_B","Strike_B","Defend_B","Defend_B","Defend_B","Defend_B","Zap","Dualcast","Consume","Defragment+1","BootSequence","Double Energy","Turbo","Recycle"],"special_seed":0,"relics":["Cracked Core","NeowsBlessing","Pen Nib","Bottled Tornado","Golden Idol","Old Coin"],"potions_floor_usage":[14],"damage_taken":[{"damage":0.0,"enemies":"Cultist","floor":1.0,"turns":1.0},{"damage":0.0,"enemies":"Jaw Worm","floor":3.0,"turns":1.0},{"damage":0.0,"enemies":"3 Sentries","floor":7.0,"turns":1.0},{"damage":15,"enemies":"Lagavulin","floor":11,"turns":7},{"damage":10,"enemies":"Small Slimes","floor":12,"turns":3},{"damage":2,"enemies":"2 Fungi Beasts","floor":13,"turns":4},{"damage":45,"enemies":"3 Sentries","floor":14,"turns":8}],"seed_played":"7094962285338137273","potions_obtained":[{"floor":1.0,"key":"Strength Potion"},{"floor":3.0,"key":"Regen Potion"}],"is_trial":false,"path_per_floor":["M","$","M","?","?","R","E","?","T","?","E","M","M","E"],"character_chosen":"DEFECT","items_purchased":["Defragment"],"campfire_rested":0,"item_purchase_floors":[2],"current_hp_per_floor":[64,64,64,69,64,64,64,64,64,64,49,39,37,7],"gold":468,"neow_bonus":"THREE_ENEMY_KILL","is_prod":false,"is_daily":false,"chose_seed":false,"campfire_upgraded":1,"win_rate":0,"timestamp":1551194844,"path_taken":["M","$","?","?","?","R","E","?","T","?","E","?","M","E"],"build_version":"2019-01-23","purchased_purges":0,"victory":false,"max_hp_per_floor":[71,71,71,76,76,76,76,76,76,69,69,69,69,69],"card_choices":[{"not_picked":["Hello World","Coolheaded"],"picked":"Consume","floor":1.0},{"not_picked":["Self Repair","Stack"],"picked":"BootSequence","floor":3.0},{"not_picked":["Steam","Streamline"],"picked":"Double Energy","floor":7.0},{"not_picked":["Tempest","White Noise"],"picked":"Turbo","floor":11},{"not_picked":["Stack","Scrape"],"picked":"Recycle","floor":12},{"not_picked":["Double Energy","Sweeping Beam","Rebound"],"picked":"SKIP","floor":13}],"player_experience":1011059,"relics_obtained":[{"floor":7.0,"key":"Bottled Tornado"},{"floor":11,"key":"Old Coin"}],"event_choices":[{"damage_healed":0.0,"max_hp_gain":5.0,"max_hp_loss":0.0,"gold_gain":0.0,"event_name":"Big Fish","player_choice":"Donut","floor":4.0,"gold_loss":0.0,"damage_taken":0.0},{"damage_healed":0.0,"max_hp_gain":0.0,"max_hp_loss":0.0,"gold_gain":0.0,"event_name":"Scrap Ooze","player_choice":"Success","floor":5.0,"gold_loss":0.0,"damage_taken":5.0,"relics_obtained":["Pen Nib"]},{"cards_removed":["Strike_B"],"damage_healed":0,"gold_gain":0,"player_choice":"Forget","damage_taken":0,"max_hp_gain":0,"max_hp_loss":0,"event_name":"Living Wall","floor":8,"gold_loss":0},{"damage_healed":0,"gold_gain":0,"player_choice":"Lose Max HP","damage_taken":0,"relics_obtained":["Golden Idol"],"max_hp_gain":0,"max_hp_loss":7,"event_name":"Golden Idol","floor":10,"gold_loss":0}],"is_beta":false,"boss_relics":[],"items_purged_floors":[],"is_endless":false,"potions_floor_spawned":[1,3,13],"killed_by":"3 Sentries","ascension_level":20}