{"gold_per_floor":[114,114,70,145,295,295,220,220,247,280,146,146,166,184,184,262,262,274,293,22,38,38,38,38,92,116,131,163,163,163,183,183,258,258,278,278,293,309,325,325,341,341,419,419,430,445,445,445,445,445,445,445,445,93,127,127],"floor_reached":57,"playtime":3442,"items_purged":["Strike_G","Sucker Punch","Dagger Throw"],"score":2665,"play_id":"205b5bd3-a45b-4bf7-ba29-87bc2935143c","local_time":"20190128142444","is_ascension_mode":true,"campfire_choices":[{"data":"Catalyst","floor":6.0,"key":"SMITH"},{"data":"Neutralize","floor":8.0,"key":"SMITH"},{"data":"Deadly Poison","floor":12.0,"key":"SMITH"},{"data":"Well Laid Plans","floor":15.0,"key":"SMITH"},{"data":"Acrobatics","floor":23.0,"key":"SMITH"},{"data":"Tactician","floor":30.0,"key":"SMITH"},{"data":"Reflex","floor":32.0,"key":"SMITH"},{"data":"Expertise","floor":40.0,"key":"SMITH"},{"data":"Grand Finale","floor":42.0,"key":"SMITH"},{"floor":44.0,"key":"RECALL"},{"data":"Flechettes","floor":49.0,"key":"PURGE"},{"data":"Deadly Poison+1","floor":53.0,"key":"PURGE"}],"neow_cost":"NONE","seed_source_timestamp":12182373833182,"circlet_count":0,"master_deck":["AscendersBane","Survivor","Neutralize+1","Catalyst+1","Tools of the Trade","Well Laid Plans+1","Footwork","Tools of the Trade","Malaise","Escape Plan","Night Terror","Backstab","Expertise+1","Adrenaline","Well Laid Plans","Footwork","Tactician+1","Escape Plan+1","Acrobatics+1","Reflex+1","Footwork","Grand Finale+1","Acrobatics+1"],"special_seed":0,"relics":["Ring of the Snake","NeowsBlessing","Prayer Wheel","Pandora\u0027s Box","Oddly Smooth Stone","Shovel","Lantern","Ancient Tea Set","Bag of Marbles","theJungle:BirthdayCakeSlice","Sozu","Letter Opener","Peace Pipe","Toy Ornithopter","Blue Candle"],"potions_floor_usage":[56],"damage_taken":[{"damage":0.0,"enemies":"2 Louse","floor":1.0,"turns":1.0},{"damage":0.0,"enemies":"Lagavulin","floor":10.0,"turns":2.0},{"damage":0.0,"enemies":"Small Slimes","floor":13.0,"turns":1.0},{"damage":0.0,"enemies":"Jaw Worm","floor":14.0,"turns":3.0},{"damage":20.0,"enemies":"The Guardian","floor":16.0,"turns":9.0},{"damage":4.0,"enemies":"theJungle:5_Spyders","floor":18.0,"turns":5.0},{"damage":24.0,"enemies":"Shell Parasite","floor":19.0,"turns":6.0},{"damage":6.0,"enemies":"theJungle:Lyon","floor":21.0,"turns":5.0},{"damage":5.0,"enemies":"theJungle:2_Flameangoes","floor":27.0,"turns":3.0},{"damage":0.0,"enemies":"theJungle:MamaSnecko","floor":28.0,"turns":3.0},{"damage":0.0,"enemies":"Snake Plant","floor":31.0,"turns":4.0},{"damage":2.0,"enemies":"theJungle:QueenSpyder","floor":33.0,"turns":4.0},{"damage":0.0,"enemies":"Orb Walker","floor":35.0,"turns":3.0},{"damage":0.0,"enemies":"3 Shapes","floor":37.0,"turns":3.0},{"damage":12.0,"enemies":"Writhing Mass","floor":38.0,"turns":3.0},{"damage":3.0,"enemies":"4 Shapes","floor":39.0,"turns":6.0},{"damage":0.0,"enemies":"Spire Growth","floor":41.0,"turns":2.0},{"damage":0.0,"enemies":"Transient","floor":45.0,"turns":5.0},{"damage":0.0,"enemies":"4 Shapes","floor":46.0,"turns":1.0},{"damage":22.0,"enemies":"Awakened One","floor":50.0,"turns":3.0},{"damage":11.0,"enemies":"Donu and Deca","floor":51.0,"turns":3.0},{"damage":44.0,"enemies":"Shield and Spear","floor":55.0,"turns":3.0},{"damage":16,"enemies":"The Heart","floor":56,"turns":6}],"seed_played":"5555442254932624514","potions_obtained":[{"floor":1.0,"key":"Fire Potion"},{"floor":21.0,"key":"SteroidPotion"},{"floor":28.0,"key":"Dexterity Potion"},{"floor":31.0,"key":"Fruit Juice"},{"floor":33.0,"key":"PowerPotion"}],"is_trial":false,"path_per_floor":["M","?","$","?","?","R","?","R","T","E","$","R","M","M","R","B",null,"M","M","$","M","?","R","?","T","T","M","E","?","R","M","R","B",null,"M","?","M","M","M","R","M","R","T","R","M","M","T","?","R","B","B",null,"R","$","E","B",null],"character_chosen":"THE_SILENT","items_purchased":["Catalyst","Deadly Poison","Oddly Smooth Stone","Toy Ornithopter"],"campfire_rested":0,"item_purchase_floors":[3,11,20,54],"current_hp_per_floor":[59,52,52,41,41,41,41,41,41,41,41,41,41,41,41,21,55,51,27,27,21,21,21,11,11,11,20,20,25,25,30,30,28,64,64,64,64,52,49,49,49,49,49,49,49,49,49,49,49,27,16,58,58,58,19,9],"gold":127,"neow_bonus":"THREE_ENEMY_KILL","is_prod":false,"is_daily":false,"chose_seed":false,"campfire_upgraded":9,"win_rate":0,"timestamp":1548656684,"path_taken":["M","?","$","?","?","R","?","R","T","E","$","R","M","M","R","BOSS","M","M","$","M","?","R","?","?","T","M","E","?","R","M","R","BOSS","M","?","M","?","M","R","?","R","T","R","M","M","?","?","R","BOSS","BOSS","R","$","E","BOSS"],"build_version":"2019-01-23","purchased_purges":3,"victory":true,"max_hp_per_floor":[66,66,66,66,66,66,66,66,66,66,66,66,66,66,66,66,66,66,66,66,66,66,66,66,66,66,66,66,71,71,76,76,76,76,76,76,76,76,76,76,76,76,76,76,76,76,76,72,72,72,72,72,72,72,72,72],"card_choices":[{"not_picked":["All Out Attack","Dodge and Roll","Blade Dance"],"picked":"SKIP","floor":1.0},{"not_picked":["Dagger Spray","Accuracy"],"picked":"Tools of the Trade","floor":10.0},{"not_picked":["Backflip","Dagger Throw"],"picked":"Well Laid Plans","floor":13.0},{"not_picked":["Dagger Spray","Dodge and Roll"],"picked":"Footwork","floor":13.0},{"not_picked":["Quick Slash","Crippling Poison"],"picked":"Tools of the Trade","floor":14.0},{"not_picked":["Accuracy","Choke","Quick Slash"],"picked":"SKIP","floor":14.0},{"not_picked":["Adrenaline","Grand Finale"],"picked":"Malaise","floor":16.0},{"not_picked":["PiercingWail","Backflip"],"picked":"Well Laid Plans","floor":18.0},{"not_picked":["Deflect","Cloak And Dagger"],"picked":"Footwork","floor":18.0},{"not_picked":["Deflect","Expertise"],"picked":"Tactician","floor":19.0},{"not_picked":["Sucker Punch","Poisoned Stab","Cloak And Dagger"],"picked":"SKIP","floor":19.0},{"not_picked":["Dagger Throw","Outmaneuver"],"picked":"Escape Plan+1","floor":21.0},{"not_picked":["Slice+1","Deflect"],"picked":"Acrobatics","floor":21.0},{"not_picked":["Dagger Spray","Concentrate"],"picked":"Reflex","floor":27.0},{"not_picked":["Slice","Blade Dance","Backstab"],"picked":"SKIP","floor":27.0},{"not_picked":["Phantasmal Killer","Deadly Poison+1"],"picked":"Footwork","floor":28.0},{"not_picked":["Dagger Spray","Poisoned Stab","Terror"],"picked":"SKIP","floor":31.0},{"not_picked":["Terror","Distraction","Quick Slash"],"picked":"SKIP","floor":31.0},{"not_picked":["Bane","Blade Dance"],"picked":"Flechettes","floor":35.0},{"not_picked":["Skewer","Slice","Tactician"],"picked":"SKIP","floor":35.0},{"not_picked":["Blade Dance","Noxious Fumes"],"picked":"Grand Finale","floor":37.0},{"not_picked":["Backflip+1","Slice","Crippling Poison"],"picked":"SKIP","floor":37.0},{"not_picked":["Prepared","Bane","Eviscerate+1"],"picked":"SKIP","floor":38.0},{"not_picked":["Expertise","Escape Plan","Finisher"],"picked":"SKIP","floor":38.0},{"not_picked":["Prepared","Quick Slash"],"picked":"Acrobatics+1","floor":39.0},{"not_picked":["Tactician","Endless Agony+1","Dash+1"],"picked":"SKIP","floor":39.0},{"not_picked":["Deflect","Sucker Punch","Deadly Poison"],"picked":"SKIP","floor":41.0},{"not_picked":["Tactician","Flying Knee","Underhanded Strike"],"picked":"SKIP","floor":41.0},{"not_picked":["Flechettes","Expertise","Leg Sweep"],"picked":"SKIP","floor":45.0},{"not_picked":["Blade Dance+1","Quick Slash","Sucker Punch"],"picked":"SKIP","floor":45.0},{"not_picked":["Dagger Spray+1","Terror","Poisoned Stab+1"],"picked":"SKIP","floor":46.0},{"not_picked":["Bane","Sucker Punch","Slice"],"picked":"SKIP","floor":46.0},{"not_picked":["Poisoned Stab","Skewer","Noxious Fumes"],"picked":"SKIP","floor":55.0}],"player_experience":2343739,"relics_obtained":[{"floor":10.0,"key":"Prayer Wheel"},{"floor":25.0,"key":"Lantern"},{"floor":26.0,"key":"Ancient Tea Set"},{"floor":28.0,"key":"Bag of Marbles"},{"floor":43.0,"key":"Letter Opener"},{"floor":47.0,"key":"Peace Pipe"},{"floor":55.0,"key":"Blue Candle"}],"event_choices":[{"cards_removed":["Strike_G"],"damage_healed":0.0,"max_hp_gain":0.0,"max_hp_loss":0.0,"gold_gain":0.0,"event_name":"Golden Wing","player_choice":"Card Removal","floor":2.0,"gold_loss":0.0,"damage_taken":7.0},{"damage_healed":0.0,"max_hp_gain":0.0,"max_hp_loss":0.0,"gold_gain":75.0,"event_name":"World of Goop","player_choice":"Gather Gold","floor":4.0,"gold_loss":0.0,"damage_taken":11.0},{"damage_healed":0.0,"max_hp_gain":0.0,"max_hp_loss":0.0,"gold_gain":150.0,"event_name":"Liars Game","player_choice":"AGREE","floor":5.0,"gold_loss":0.0,"damage_taken":0.0,"cards_obtained":["Doubt"]},{"cards_removed":["Doubt"],"damage_healed":0.0,"max_hp_gain":0.0,"max_hp_loss":0.0,"gold_gain":0.0,"event_name":"The Cleric","player_choice":"Card Removal","floor":7.0,"gold_loss":75.0,"damage_taken":0.0},{"cards_removed":["Slice"],"damage_healed":0.0,"max_hp_gain":0.0,"max_hp_loss":0.0,"gold_gain":0.0,"event_name":"Purifier","player_choice":"Purged","floor":36.0,"gold_loss":0.0,"damage_taken":0.0},{"damage_healed":0.0,"max_hp_gain":0.0,"max_hp_loss":4.0,"gold_gain":0.0,"event_name":"Winding Halls","player_choice":"Max HP","floor":48.0,"gold_loss":0.0,"damage_taken":0.0}],"is_beta":false,"boss_relics":[{"not_picked":["Lizard Tail","WristBlade"],"picked":"Pandora\u0027s Box"},{"not_picked":["Eternal Feather","Astrolabe"],"picked":"Sozu"}],"items_purged_floors":[11,20,54],"is_endless":false,"potions_floor_spawned":[1,21,28,31,33,35,37,41,46],"ascension_level":20}