{"gold_per_floor":[116,130,56,56,76,76,106,46,93,105,140,140,169,183,183,254,254,266,283,283,283],"floor_reached":21,"playtime":801,"items_purged":["Strike_G"],"score":498,"play_id":"a8faeb32-51c1-435d-b92c-5676b587a43f","local_time":"20190325161203","is_ascension_mode":true,"campfire_choices":[{"data":"Well Laid Plans","floor":6.0,"key":"SMITH"},{"data":"Bouncing Flask","floor":15,"key":"SMITH"}],"neow_cost":"NONE","seed_source_timestamp":18091110987533,"circlet_count":0,"master_deck":["AscendersBane","Defend_G","Defend_G","Defend_G","Defend_G","Defend_G","Strike_G","Strike_G","Strike_G","Strike_G","Survivor","Neutralize","Flechettes","Acrobatics","Well Laid Plans+1","Predator","Bouncing Flask+1","After Image","Backflip","Malaise","Tactician"],"special_seed":0,"relics":["Cursed Key","PreservedInsect","The Courier","Bag of Marbles","Eternal Feather"],"potions_floor_usage":[11],"damage_taken":[{"damage":0.0,"enemies":"Small Slimes","floor":1.0,"turns":4.0},{"damage":0.0,"enemies":"Cultist","floor":2.0,"turns":5.0},{"damage":0.0,"enemies":"2 Louse","floor":5.0,"turns":2.0},{"damage":10.0,"enemies":"3 Sentries","floor":7.0,"turns":6.0},{"damage":21,"enemies":"Gremlin Gang","floor":10,"turns":6},{"damage":5,"enemies":"Lagavulin","floor":11,"turns":4},{"damage":19,"enemies":"Gremlin Nob","floor":13,"turns":4},{"damage":3,"enemies":"Looter","floor":14,"turns":3},{"damage":0,"enemies":"Hexaghost","floor":16,"turns":9},{"damage":10,"enemies":"3 Byrds","floor":18,"turns":7},{"damage":5,"enemies":"Chosen","floor":19,"turns":5},{"damage":0,"enemies":"3 Cultists","floor":21,"turns":2}],"seed_played":"-8350504012721158702","potions_obtained":[{"floor":1.0,"key":"Strength Potion"},{"floor":5.0,"key":"Block Potion"},{"floor":14,"key":"SpeedPotion"},{"floor":18,"key":"Weak Potion"}],"is_trial":false,"path_per_floor":["M","M","$","?","M","R","E","$","T","M","E","?","E","M","R","B",null,"M","M","?","M"],"character_chosen":"THE_SILENT","items_purchased":["Well Laid Plans"],"campfire_rested":0,"item_purchase_floors":[3],"current_hp_per_floor":[59,59,59,59,59,59,49,49,49,28,23,23,4,1,1,1,50,40,35,35,35],"gold":283,"neow_bonus":"BOSS_RELIC","is_prod":false,"is_daily":false,"chose_seed":false,"campfire_upgraded":2,"win_rate":0,"timestamp":1553501523,"path_taken":["M","M","$","?","M","R","E","?","T","?","E","?","E","?","R","BOSS","M","M","?","M"],"build_version":"2019-01-23","purchased_purges":1,"victory":false,"max_hp_per_floor":[66,66,66,66,66,66,66,66,66,66,66,66,66,66,66,66,66,66,66,66,66],"card_choices":[{"not_picked":["Acrobatics","Dodge and Roll"],"picked":"Flechettes","floor":1.0},{"not_picked":["Expertise","Bane"],"picked":"Acrobatics","floor":2.0},{"not_picked":["Dagger Throw","Flying Knee"],"picked":"Predator","floor":5.0},{"not_picked":["Deadly Poison","Slice"],"picked":"Bouncing Flask","floor":7.0},{"not_picked":["Deadly Poison","Underhanded Strike","Infinite Blades"],"picked":"SKIP","floor":10},{"not_picked":["Blade Dance","Sucker Punch"],"picked":"After Image","floor":11},{"not_picked":["Prepared","Endless Agony","Accuracy"],"picked":"SKIP","floor":13},{"not_picked":["Sucker Punch","Dodge and Roll"],"picked":"Backflip","floor":14},{"not_picked":["Envenom","A Thousand Cuts"],"picked":"Malaise","floor":16},{"not_picked":["Infinite Blades","Terror","Dodge and Roll"],"picked":"SKIP","floor":18},{"not_picked":["Underhanded Strike","Cloak And Dagger"],"picked":"Tactician","floor":19}],"player_experience":3865878,"relics_obtained":[{"floor":7.0,"key":"The Courier"},{"floor":13,"key":"Bag of Marbles"}],"event_choices":[{"damage_healed":0.0,"max_hp_gain":0.0,"max_hp_loss":0.0,"gold_gain":0.0,"event_name":"WeMeetAgain","player_choice":"Gave Potion","floor":4.0,"gold_loss":0.0,"damage_taken":0.0,"relics_obtained":["PreservedInsect"]},{"cards_removed":["Regret"],"damage_healed":0,"gold_gain":0,"player_choice":"Removed Curses","damage_taken":0,"max_hp_gain":0,"max_hp_loss":0,"event_name":"Fountain of Cleansing","floor":12,"gold_loss":0},{"damage_healed":0,"gold_gain":0,"player_choice":"Ignored","damage_taken":0,"max_hp_gain":0,"max_hp_loss":0,"event_name":"N\u0027loth","floor":20,"gold_loss":0}],"is_beta":false,"boss_relics":[{"not_picked":["HoveringKite","Philosopher\u0027s Stone"],"picked":"Eternal Feather"}],"items_purged_floors":[8],"is_endless":false,"potions_floor_spawned":[1,5,14,18,19],"killed_by":"3 Cultists","ascension_level":20}