{"gold_per_floor":[127,139,151,178,216,228,268,250,341,353,290,302,325,337,349,434,446,440,134,134,158,169,169,197,216,242,259,259,209,209,238,238,312,312,322,597,305,324,344,369,369,402,402,402,416,450,299,312,312,312,312,312,28,58,58],"floor_reached":56,"playtime":2228,"items_purged":["Strike_G+1","Defend_G","Regret","Calculated Gamble+1","Defend_G"],"score":2693,"play_id":"df81a314-116e-4d91-b0bb-163110d71353","local_time":"20190219200109","is_ascension_mode":true,"campfire_choices":[{"data":"Calculated Gamble","floor":6.0,"key":"SMITH"},{"floor":12.0,"key":"REST"},{"data":"Flechettes","floor":15.0,"key":"SMITH"},{"data":"Tactician","floor":23.0,"key":"SMITH"},{"data":"A Thousand Cuts","floor":30.0,"key":"SMITH"},{"data":"Acrobatics","floor":32.0,"key":"SMITH"},{"data":"Calculated Gamble","floor":41.0,"key":"SMITH"},{"floor":44,"key":"RECALL"},{"data":"Well Laid Plans","floor":49,"key":"SMITH"},{"data":"Footwork","floor":52,"key":"SMITH"}],"neow_cost":"NONE","seed_source_timestamp":0,"circlet_count":0,"master_deck":["AscendersBane","Defend_G+1","Survivor","Neutralize+1","Calculated Gamble+1","Footwork+1","Backflip","Flechettes+1","A Thousand Cuts+1","Noxious Fumes+1","Adrenaline+1","Prepared+1","Master of Strategy","Tactician+1","Escape Plan","Acrobatics+1","After Image","Reflex+1","Well Laid Plans+1","Terror+1"],"special_seed":0,"relics":["Ring of the Snake","MawBank","Dream Catcher","Tiny Chest","Shovel","Astrolabe","Membership Card","Bronze Scales","Vajra","Bag of Marbles","Question Card","Philosopher\u0027s Stone","Incense Burner","PreservedInsect","Gambling Chip","Pear","Boot","Blood Vial","OrangePellets","Whetstone","Lantern"],"potions_floor_usage":[55],"damage_taken":[{"damage":1.0,"enemies":"Small Slimes","floor":1.0,"turns":3.0},{"damage":4.0,"enemies":"2 Louse","floor":4.0,"turns":4.0},{"damage":0.0,"enemies":"Cultist","floor":5.0,"turns":4.0},{"damage":19.0,"enemies":"3 Sentries","floor":7.0,"turns":20.0},{"damage":4.0,"enemies":"Looter","floor":8.0,"turns":4.0},{"damage":0.0,"enemies":"3 Louse","floor":13.0,"turns":4.0},{"damage":4.0,"enemies":"The Guardian","floor":16.0,"turns":15.0},{"damage":0.0,"enemies":"2 Thieves","floor":18.0,"turns":4.0},{"damage":0.0,"enemies":"3 Byrds","floor":22.0,"turns":2.0},{"damage":4.0,"enemies":"Slavers","floor":24.0,"turns":5.0},{"damage":0.0,"enemies":"Cultist and Chosen","floor":25.0,"turns":3.0},{"damage":0.0,"enemies":"3 Cultists","floor":27.0,"turns":2.0},{"damage":0.0,"enemies":"Gremlin Leader","floor":31.0,"turns":2.0},{"damage":0.0,"enemies":"Collector","floor":33.0,"turns":1.0},{"damage":0.0,"enemies":"3 Darklings","floor":35.0,"turns":1.0},{"damage":0.0,"enemies":"3 Shapes","floor":38.0,"turns":1.0},{"damage":0.0,"enemies":"Sphere and 2 Shapes","floor":39.0,"turns":1.0},{"damage":0.0,"enemies":"Reptomancer","floor":40.0,"turns":1.0},{"damage":0.0,"enemies":"Nemesis","floor":42.0,"turns":1.0},{"damage":0,"enemies":"4 Shapes","floor":45,"turns":1},{"damage":0,"enemies":"Giant Head","floor":46,"turns":1},{"damage":0,"enemies":"Maw","floor":48,"turns":1},{"damage":0,"enemies":"Donu and Deca","floor":50,"turns":1},{"damage":0,"enemies":"Shield and Spear","floor":54,"turns":1},{"damage":0,"enemies":"The Heart","floor":55,"turns":4}],"seed_played":"-7200420332028312498","potions_obtained":[{"floor":4.0,"key":"GamblersBrew"},{"floor":7.0,"key":"FearPotion"},{"floor":13.0,"key":"Dexterity Potion"},{"floor":16.0,"key":"Ancient Potion"},{"floor":38.0,"key":"EntropicBrew"}],"is_trial":false,"path_per_floor":["M","?","?","M","M","R","E","M","T","?","?","R","M","T","R","B",null,"M","$","?","T","M","R","E","M","T","M","?","$","R","E","R","B",null,"M","?","$","M","M","E","R","E","T","R","M","E","$","M","R","B",null,"R","$","E","B",null],"character_chosen":"THE_SILENT","items_purchased":["Membership Card","Master of Strategy","Incense Burner","PreservedInsect","Blood Vial","OrangePellets","Block Potion","Whetstone"],"campfire_rested":1,"item_purchase_floors":[19,19,37,37,47,53,53,53],"current_hp_per_floor":[58,38,38,34,34,34,15,11,11,4,4,23,23,23,23,19,54,54,54,54,54,54,54,50,50,50,50,32,32,32,32,32,32,61,61,61,61,61,61,61,61,71,71,71,71,71,71,73,73,75,80,80,80,81,81],"gold":58,"neow_bonus":"RANDOM_COMMON_RELIC","is_prod":false,"is_daily":false,"chose_seed":false,"campfire_upgraded":8,"win_rate":0,"timestamp":1550577669,"path_taken":["M","?","?","M","?","R","E","M","T","?","?","R","M","?","R","BOSS","M","$","?","?","M","R","E","?","T","M","?","$","R","E","R","BOSS","M","?","$","M","?","E","R","E","T","R","M","E","$","M","R","BOSS","R","$","E","BOSS"],"build_version":"2019-01-23","purchased_purges":5,"victory":true,"max_hp_per_floor":[66,66,66,66,66,66,66,66,66,66,66,66,66,66,66,66,66,66,66,66,66,66,66,66,66,66,66,71,71,71,71,71,71,71,71,71,71,71,71,71,71,81,81,81,81,81,81,81,81,81,81,81,81,81,81],"card_choices":[{"not_picked":["Backflip","Blade Dance","Dodge and Roll"],"picked":"SKIP","floor":1.0},{"not_picked":["Blade Dance","Caltrops"],"picked":"Calculated Gamble","floor":4.0},{"not_picked":["Flechettes","All Out Attack"],"picked":"Footwork","floor":5.0},{"not_picked":["Concentrate","Bane"],"picked":"Backflip","floor":7.0},{"not_picked":["Sucker Punch","Quick Slash","Dagger Throw"],"picked":"SKIP","floor":8.0},{"not_picked":["Finisher","Dagger Spray"],"picked":"Flechettes","floor":12.0},{"not_picked":["Tools of the Trade","Eviscerate"],"picked":"Calculated Gamble","floor":13.0},{"not_picked":["Storm of Steel","Glass Knife"],"picked":"A Thousand Cuts","floor":16.0},{"not_picked":["Endless Agony","Dagger Throw","Crippling Poison"],"picked":"SKIP","floor":18.0},{"not_picked":["Catalyst","Distraction","Blade Dance"],"picked":"SKIP","floor":22.0},{"not_picked":["Riddle With Holes","Eviscerate+1"],"picked":"Escape Plan","floor":24.0},{"not_picked":["Cloak And Dagger+1","Tactician","Backflip+1"],"picked":"SKIP","floor":25.0},{"not_picked":["Bane+1","Sucker Punch"],"picked":"Acrobatics","floor":27.0},{"not_picked":["Skewer","Quick Slash","Poisoned Stab+1"],"picked":"SKIP","floor":31.0},{"not_picked":["Die Die Die","Envenom","Unload"],"picked":"After Image","floor":33.0},{"not_picked":["Deadly Poison","Dagger Spray","Quick Slash","Underhanded Strike"],"picked":"SKIP","floor":35.0},{"not_picked":["Slice+1","Flechettes","Crippling Poison"],"picked":"Reflex+1","floor":38.0},{"not_picked":["Bullet Time","Sucker Punch","Flying Knee","Dagger Spray"],"picked":"SKIP","floor":39.0},{"not_picked":["Dodge and Roll","Bane","Cloak And Dagger","Distraction+1"],"picked":"SKIP","floor":40.0},{"not_picked":["Tools of the Trade","Crippling Poison+1","Deadly Poison+1"],"picked":"Well Laid Plans","floor":42.0},{"not_picked":["Dagger Throw","Reflex","Well Laid Plans","Dodge and Roll+1"],"picked":"SKIP","floor":45},{"not_picked":["Choke","Blade Dance+1","Dodge and Roll"],"picked":"Terror+1","floor":46},{"not_picked":["Dodge and Roll+1","Dagger Spray","Outmaneuver+1","Heel Hook"],"picked":"SKIP","floor":48},{"not_picked":["Deadly Poison","Dagger Throw+1","Reflex","Flying Knee"],"picked":"SKIP","floor":54}],"player_experience":845491,"relics_obtained":[{"floor":7.0,"key":"Dream Catcher"},{"floor":9.0,"key":"Tiny Chest"},{"floor":14.0,"key":"Shovel"},{"floor":21.0,"key":"Bronze Scales"},{"floor":24.0,"key":"Vajra"},{"floor":26.0,"key":"Bag of Marbles"},{"floor":31.0,"key":"Question Card"},{"floor":40.0,"key":"Gambling Chip"},{"floor":42.0,"key":"Pear"},{"floor":46,"key":"Boot"},{"floor":54,"key":"Lantern"}],"event_choices":[{"damage_healed":0.0,"max_hp_gain":0.0,"max_hp_loss":0.0,"gold_gain":0.0,"event_name":"Shining Light","player_choice":"Entered Light","floor":2.0,"gold_loss":0.0,"damage_taken":20.0,"cards_upgraded":["Defend_G","Strike_G"]},{"cards_removed":["Strike_G"],"damage_healed":0.0,"max_hp_gain":0.0,"max_hp_loss":0.0,"gold_gain":0.0,"event_name":"Bonfire Elementals","player_choice":"Offered Basic","floor":3.0,"gold_loss":0.0,"damage_taken":0.0},{"cards_removed":["Strike_G"],"damage_healed":0.0,"max_hp_gain":0.0,"max_hp_loss":0.0,"gold_gain":0.0,"event_name":"Golden Wing","player_choice":"Card Removal","floor":10.0,"gold_loss":0.0,"damage_taken":7.0},{"cards_removed":["Strike_G"],"damage_healed":0.0,"max_hp_gain":0.0,"max_hp_loss":0.0,"gold_gain":0.0,"event_name":"The Cleric","player_choice":"Card Removal","floor":11.0,"gold_loss":75.0,"damage_taken":0.0},{"damage_healed":0.0,"max_hp_gain":0.0,"max_hp_loss":0.0,"gold_gain":0.0,"event_name":"The Library","player_choice":"Read","floor":20.0,"gold_loss":0.0,"damage_taken":0.0,"cards_obtained":["Tactician"]},{"damage_healed":0.0,"max_hp_gain":5.0,"max_hp_loss":0.0,"gold_gain":0.0,"event_name":"Forgotten Altar","player_choice":"Shed Blood","floor":28.0,"gold_loss":0.0,"damage_taken":23.0},{"damage_healed":0.0,"max_hp_gain":0.0,"max_hp_loss":0.0,"gold_gain":275.0,"event_name":"Golden Shrine","player_choice":"Desecrate","floor":36.0,"gold_loss":0.0,"damage_taken":0.0,"cards_obtained":["Regret"]}],"is_beta":false,"boss_relics":[{"not_picked":["Black Star","Busted Crown"],"picked":"Astrolabe"},{"not_picked":["Fusion Hammer","Ring of the Serpent"],"picked":"Philosopher\u0027s Stone"}],"items_purged_floors":[19,29,37,47,53],"is_endless":false,"potions_floor_spawned":[4,7,13,16,18,22,27,33,38,40,45,48],"ascension_level":15}