{"gold_per_floor":[363,288,268,19,29,29,63,76,76,94,54,54,66,66,66,144,144,154,29,29,46,80,80,114,114,196,223,240,268,51,51,51,125,125,138,138,157,7,20,20,48,48,48,76,96,96,112,127,127,127],"floor_reached":50,"playtime":2347,"items_purged":["Strike_G","Strike_G","Strike_G","Strike_G"],"score":1216,"play_id":"26b44b23-3e78-4957-bfce-beedf6d4920b","local_time":"20190121172828","is_ascension_mode":true,"campfire_choices":[{"data":"Deadly Poison","floor":6.0,"key":"SMITH"},{"data":"Noxious Fumes","floor":12.0,"key":"SMITH"},{"data":"Bouncing Flask","floor":15.0,"key":"SMITH"},{"floor":23.0,"key":"RECALL"},{"floor":25.0,"key":"REST"},{"floor":32.0,"key":"REST"}],"neow_cost":"CURSE","seed_source_timestamp":21475710167068,"circlet_count":0,"master_deck":["AscendersBane","Defend_G","Defend_G","Defend_G","Defend_G","Defend_G","Strike_G","Survivor","Neutralize","Clumsy","Deadly Poison+1","Malaise","Wraith Form v2","Bouncing Flask+1","Noxious Fumes+1","Corpse Explosion","Catalyst","Ghostly","Ghostly","Ghostly","Well Laid Plans","Hyperbeam+1","Finesse","Escape Plan","Warcry+1","Seek"],"special_seed":0,"relics":["Ring of the Snake","FossilizedHelix","Meat on the Bone","Fusion Hammer","Red Mask","Ornamental Fan","Molten Egg 2","Gremlin Horn","PrismaticShard","Coffee Dripper","Regal Pillow","Tough Bandages","Ancient Tea Set"],"potions_floor_usage":[41,50,50],"damage_taken":[{"damage":0.0,"enemies":"2 Louse","floor":1.0,"turns":5.0},{"damage":0.0,"enemies":"Cultist","floor":5.0,"turns":4.0},{"damage":42.0,"enemies":"Gremlin Nob","floor":7.0,"turns":7.0},{"damage":0.0,"enemies":"Jaw Worm","floor":8.0,"turns":4.0},{"damage":0.0,"enemies":"2 Fungi Beasts","floor":10.0,"turns":4.0},{"damage":0.0,"enemies":"Blue Slaver","floor":13.0,"turns":3.0},{"damage":10.0,"enemies":"Hexaghost","floor":16.0,"turns":8.0},{"damage":2.0,"enemies":"Spheric Guardian","floor":18.0,"turns":4.0},{"damage":7.0,"enemies":"Chosen","floor":21.0,"turns":6.0},{"damage":6.0,"enemies":"Masked Bandits","floor":22.0,"turns":3.0},{"damage":2.0,"enemies":"Book of Stabbing","floor":24.0,"turns":8.0},{"damage":10.0,"enemies":"Gremlin Leader","floor":27.0,"turns":5.0},{"damage":0.0,"enemies":"Shelled Parasite and Fungi","floor":28.0,"turns":6.0},{"damage":5.0,"enemies":"Slavers","floor":29.0,"turns":5.0},{"damage":10.0,"enemies":"Champ","floor":33.0,"turns":9.0},{"damage":1.0,"enemies":"3 Darklings","floor":35.0,"turns":3.0},{"damage":0.0,"enemies":"3 Shapes","floor":37.0,"turns":2.0},{"damage":0.0,"enemies":"Maw","floor":39.0,"turns":7.0},{"damage":25,"enemies":"Reptomancer","floor":41,"turns":7},{"damage":0,"enemies":"Nemesis","floor":44,"turns":7},{"damage":0,"enemies":"4 Shapes","floor":45,"turns":5},{"damage":0,"enemies":"Transient","floor":47,"turns":6},{"damage":0,"enemies":"3 Darklings","floor":48,"turns":3},{"damage":34,"enemies":"Awakened One","floor":50,"turns":15}],"seed_played":"6231125510682856259","potions_obtained":[{"floor":3.0,"key":"Regen Potion"},{"floor":8.0,"key":"SpeedPotion"},{"floor":16.0,"key":"SteroidPotion"},{"floor":21.0,"key":"Ancient Potion"},{"floor":41,"key":"Weak Potion"},{"floor":48,"key":"Regen Potion"}],"is_trial":false,"path_per_floor":["M","$","?","$","M","R","E","M","T","M","$","R","M","?","R","B",null,"M","$","?","M","?","R","E","R","T","E","M","E","$","?","R","B",null,"M","$","M","$","M","R","E","?","T","E","M","?","M","M","R","B"],"character_chosen":"THE_SILENT","items_purchased":["Malaise","Noxious Fumes","PrismaticShard"],"campfire_rested":2,"item_purchase_floors":[4,11,30],"current_hp_per_floor":[59,59,59,59,59,59,32,32,32,44,44,44,44,49,49,39,63,61,61,35,28,22,22,20,30,30,20,20,27,27,27,35,25,33,32,32,32,32,32,32,19,19,19,19,19,19,19,19,19,0],"gold":127,"neow_bonus":"TWO_FIFTY_GOLD","is_prod":false,"is_daily":false,"chose_seed":false,"campfire_upgraded":3,"win_rate":0,"timestamp":1548062908,"path_taken":["M","$","?","$","M","R","E","M","T","?","$","R","M","?","R","BOSS","M","$","?","M","?","R","E","R","T","E","M","E","$","?","R","BOSS","M","$","M","$","M","R","E","?","T","E","?","?","M","M","R","BOSS"],"build_version":"2019-01-17v2","purchased_purges":4,"victory":false,"max_hp_per_floor":[66,66,66,66,66,66,66,66,66,66,66,66,66,71,71,71,71,71,71,35,35,35,35,35,35,35,35,35,35,35,35,35,35,35,35,35,35,35,35,35,35,35,35,35,35,35,35,35,35,35],"card_choices":[{"not_picked":["PiercingWail","Underhanded Strike"],"picked":"Deadly Poison","floor":1.0},{"not_picked":["Backflip","Endless Agony"],"picked":"Wraith Form v2","floor":5.0},{"not_picked":["Endless Agony","Slice"],"picked":"Bouncing Flask","floor":7.0},{"not_picked":["Bane","Distraction","Dagger Throw"],"picked":"SKIP","floor":8.0},{"not_picked":["Outmaneuver","Endless Agony","PiercingWail"],"picked":"SKIP","floor":10.0},{"not_picked":["Setup","Eviscerate"],"picked":"Footwork","floor":13.0},{"not_picked":["Venomology","Phantasmal Killer"],"picked":"Corpse Explosion","floor":16.0},{"not_picked":["Deadly Poison","Distraction"],"picked":"Catalyst","floor":18.0},{"not_picked":["Cloak And Dagger+1","Deadly Poison"],"picked":"Well Laid Plans","floor":21.0},{"not_picked":["Deadly Poison","Accuracy","Caltrops"],"picked":"SKIP","floor":24.0},{"not_picked":["Deadly Poison","Accuracy","Caltrops"],"picked":"SKIP","floor":24.0},{"not_picked":["Glass Knife","Choke","Flechettes"],"picked":"SKIP","floor":27.0},{"not_picked":["Concentrate","Expertise","Dagger Throw+1"],"picked":"SKIP","floor":28.0},{"not_picked":["Prepared","Cloak And Dagger","Slice+1"],"picked":"SKIP","floor":29.0},{"not_picked":["A Thousand Cuts","Multi-Cast"],"picked":"Hyperbeam+1","floor":33.0},{"not_picked":["Genetic Algorithm","Conserve Battery","Dagger Throw+1"],"picked":"SKIP","floor":35.0},{"not_picked":["Prepared+1","Blur+1"],"picked":"Finesse","floor":37.0},{"not_picked":["Pummel+1","Flechettes+1","Shrug It Off"],"picked":"SKIP","floor":39.0},{"not_picked":["Uppercut+1","Body Slam+1","Reckless Charge+1"],"picked":"SKIP","floor":41},{"not_picked":["Wild Strike+1","Iron Wave+1","Blade Dance"],"picked":"SKIP","floor":44},{"not_picked":["Fusion","Iron Wave+1"],"picked":"Warcry+1","floor":45},{"not_picked":["Steam","Clash+1"],"picked":"Seek","floor":47},{"not_picked":["Cleave+1","Anger+1","Steam"],"picked":"SKIP","floor":48}],"player_experience":2106817,"relics_obtained":[{"floor":7.0,"key":"FossilizedHelix"},{"floor":9.0,"key":"Meat on the Bone"},{"floor":22.0,"key":"Red Mask"},{"floor":24.0,"key":"Ornamental Fan"},{"floor":27.0,"key":"Molten Egg 2"},{"floor":29.0,"key":"Gremlin Horn"},{"floor":41,"key":"Regal Pillow"},{"floor":43,"key":"Tough Bandages"},{"floor":44,"key":"Ancient Tea Set"}],"event_choices":[{"damage_healed":0.0,"max_hp_gain":0.0,"max_hp_loss":0.0,"gold_gain":0.0,"event_name":"The Woman in Blue","player_choice":"Bought 1 Potion","floor":3.0,"gold_loss":0.0,"damage_taken":0.0},{"damage_healed":0.0,"max_hp_gain":5.0,"max_hp_loss":0.0,"gold_gain":0.0,"event_name":"Big Fish","player_choice":"Donut","floor":14.0,"gold_loss":0.0,"damage_taken":0.0},{"damage_healed":0.0,"max_hp_gain":0.0,"max_hp_loss":36.0,"gold_gain":0.0,"event_name":"Ghosts","player_choice":"Became a Ghost","floor":20.0,"gold_loss":0.0,"damage_taken":0.0,"cards_obtained":["Ghostly","Ghostly","Ghostly"]},{"damage_healed":0.0,"max_hp_gain":0.0,"max_hp_loss":0.0,"gold_gain":0.0,"event_name":"Masked Bandits","player_choice":"Fought Bandits","floor":22.0,"gold_loss":0.0,"damage_taken":0.0},{"damage_healed":0.0,"max_hp_gain":0.0,"max_hp_loss":0.0,"gold_gain":0.0,"event_name":"Beggar","player_choice":"Ignored","floor":31.0,"gold_loss":0.0,"damage_taken":0.0},{"damage_healed":0,"gold_gain":0,"player_choice":"1 cards matched","damage_taken":0,"max_hp_gain":0,"max_hp_loss":0,"event_name":"Match and Keep!","floor":42,"gold_loss":0,"cards_obtained":["Escape Plan"]},{"cards_removed":["Footwork"],"damage_healed":0,"gold_gain":0,"player_choice":"Removed Power","damage_taken":0,"max_hp_gain":0,"max_hp_loss":0,"event_name":"Falling","floor":46,"gold_loss":0}],"is_beta":false,"boss_relics":[{"not_picked":["Ectoplasm","WristBlade"],"picked":"Fusion Hammer"},{"not_picked":["Philosopher\u0027s Stone","Velvet Choker"],"picked":"Coffee Dripper"}],"items_purged_floors":[2,4,19,38],"is_endless":false,"potions_floor_spawned":[8,16,21,22,33,39,41,48],"killed_by":"Awakened One","ascension_level":20}