{"gold_per_floor":[119,38,38,38,50,50,61,78,103,103,113,140,151,165,165,165],"floor_reached":16,"playtime":755,"items_purged":[],"score":104,"play_id":"eac593bf-ec69-4323-96be-74a558f07676","local_time":"20180703233910","is_ascension_mode":false,"campfire_choices":[{"data":"Zap","floor":6,"key":"SMITH"},{"data":"Chill","floor":10,"key":"SMITH"},{"floor":15,"key":"REST"}],"neow_cost":"","seed_source_timestamp":31535244146334,"circlet_count":0,"master_deck":["Strike_B","Strike_B","Strike_B","Strike_B+1","Defend_B","Defend_B","Defend_B","Defend_B","Zap+1","Dualcast+1","Barrage","Storm","Ball Lightning","Chill+1","Storm","Auto Shields","Amplify","Loop","Turbo","Static Discharge"],"relics":["Cracked Core","Lantern","Dream Catcher"],"potions_floor_usage":[],"damage_taken":[{"damage":4,"enemies":"2 Louse","floor":1,"turns":3},{"damage":1,"enemies":"Jaw Worm","floor":5,"turns":3},{"damage":0,"enemies":"Cultist","floor":7,"turns":3},{"damage":5,"enemies":"Looter","floor":8,"turns":2},{"damage":0,"enemies":"2 Fungi Beasts","floor":11,"turns":3},{"damage":29,"enemies":"Lagavulin","floor":12,"turns":5},{"damage":10,"enemies":"Gremlin Gang","floor":13,"turns":4},{"damage":5,"enemies":"Blue Slaver","floor":14,"turns":3},{"damage":28,"enemies":"Hexaghost","floor":16,"turns":7}],"seed_played":"-8986430040591965304","potions_obtained":[{"floor":1,"key":"LiquidBronze"},{"floor":7,"key":"SpeedPotion"},{"floor":11,"key":"GamblersBrew"}],"is_trial":false,"path_per_floor":["M","$","?","?","M","R","M","M","T","R","M","E","M","M","R"],"character_chosen":"DEFECT","items_purchased":["Storm"],"campfire_rested":1,"item_purchase_floors":[2],"current_hp_per_floor":[71,71,71,56,55,55,55,50,50,50,50,21,11,6,28,0],"gold":165,"neow_bonus":"","is_prod":false,"is_daily":false,"chose_seed":false,"campfire_upgraded":2,"win_rate":0,"timestamp":1530653950,"path_taken":["M","$","?","?","M","R","M","M","T","R","M","E","M","M","R","BOSS"],"build_version":"2018-06-28","purchased_purges":0,"victory":false,"max_hp_per_floor":[75,75,75,75,75,75,75,75,75,75,75,75,75,75,75,75],"card_choices":[{"not_picked":["BootSequence","Hello World"],"picked":"Barrage","floor":1},{"not_picked":["Beam Cell","Melter"],"picked":"Ball Lightning","floor":5},{"not_picked":["Consume","Gash"],"picked":"Chill","floor":7},{"not_picked":["BootSequence","Scrape"],"picked":"Storm","floor":8},{"not_picked":["Reprogram","Aggregate"],"picked":"Auto Shields","floor":11},{"not_picked":["Steam Power","Leap"],"picked":"Amplify","floor":12},{"not_picked":["Steam","Gash"],"picked":"Loop","floor":13},{"not_picked":["Redo","Cold Snap"],"picked":"Turbo","floor":14},{"not_picked":["Hello World","Turbo"],"picked":"Static Discharge","floor":15}],"player_experience":303545,"relics_obtained":[{"floor":9,"key":"Lantern"},{"floor":12,"key":"Dream Catcher"}],"event_choices":[{"event_name":"Liars Game","player_choice":"disagreed","floor":3,"damage_taken":0},{"event_name":"Shining Light","player_choice":"Entered Light","floor":4,"damage_taken":0}],"boss_relics":[],"items_purged_floors":[],"is_endless":false,"potions_floor_spawned":[1,7,11],"killed_by":"Hexaghost","ascension_level":0}