{"gold_per_floor":[111,111,130,14,14,34,34,34,80,118,118,139,64,82,82,177,177,198,20,36,36,36,36,55,55,55,55,80,80,93,107,107,196,196,219,233,253,278,292,292,292,333,360,360,404,404,438,451,451,451,451,451,59,94,94],"floor_reached":56,"playtime":2815,"items_purged":["Strike_B"],"score":2031,"play_id":"e9863051-0aa9-4278-8e9f-a85fa43424eb","local_time":"20190303210152","is_ascension_mode":true,"campfire_choices":[{"data":"Defragment","floor":7,"key":"SMITH"},{"data":"Pain","floor":11,"key":"PURGE"},{"data":"Hologram","floor":15,"key":"SMITH"},{"data":"Apotheosis","floor":23,"key":"SMITH"},{"data":"Defend_B","floor":27,"key":"PURGE"},{"data":"Doubt","floor":29,"key":"PURGE"},{"data":"Doubt","floor":32,"key":"PURGE"},{"floor":40,"key":"REST"},{"floor":49,"key":"RECALL"},{"data":"Defend_B","floor":52,"key":"PURGE"}],"neow_cost":"NONE","seed_source_timestamp":33301516480604,"circlet_count":0,"master_deck":["AscendersBane","Defend_B","Zap","Dualcast","Undo","Consume","Defragment+1","Ball Lightning","Capacitor","Self Repair","Hologram+1","Seek","Recycle","Cold Snap","Reinforced Body","Reinforced Body","BootSequence","Heatsinks+1","Apotheosis+1","Creative AI","Go for the Eyes","Hologram","Skim","Double Energy","Reinforced Body","Echo Form","Coolheaded","Storm","Coolheaded","Impatience","Impatience","The Bomb","Blizzard+1","Glacier","Impatience","Loop+1","Redo"],"relics":["Cracked Core","NeowsBlessing","Golden Idol","WarpedTongs","Bronze Scales","Peace Pipe","Orrery","Bottled Lightning","Busted Crown","Frozen Egg 2","Dodecahedron","Blue Candle","Happy Flower","Vajra"],"potions_floor_usage":[16,33,37,55,55],"damage_taken":[{"damage":0,"enemies":"Jaw Worm","floor":1,"turns":1},{"damage":0,"enemies":"Small Slimes","floor":3,"turns":1},{"damage":0,"enemies":"Cultist","floor":6,"turns":1},{"damage":20,"enemies":"Lagavulin","floor":10,"turns":5},{"damage":8,"enemies":"Blue Slaver","floor":12,"turns":3},{"damage":16,"enemies":"Lots of Slimes","floor":14,"turns":4},{"damage":39,"enemies":"Slime Boss","floor":16,"turns":9},{"damage":12,"enemies":"Chosen","floor":18,"turns":6},{"damage":0,"enemies":"3 Byrds","floor":20,"turns":3},{"damage":1,"enemies":"Snake Plant","floor":24,"turns":5},{"damage":11,"enemies":"Centurion and Healer","floor":28,"turns":8},{"damage":22,"enemies":"Snecko","floor":30,"turns":9},{"damage":5,"enemies":"Snake Plant","floor":31,"turns":5},{"damage":36,"enemies":"Automaton","floor":33,"turns":9},{"damage":0,"enemies":"Orb Walker","floor":35,"turns":3},{"damage":7,"enemies":"3 Shapes","floor":36,"turns":5},{"damage":26,"enemies":"Sphere and 2 Shapes","floor":37,"turns":7},{"damage":7,"enemies":"Maw","floor":38,"turns":7},{"damage":28,"enemies":"Transient","floor":39,"turns":5},{"damage":0,"enemies":"Giant Head","floor":42,"turns":6},{"damage":10,"enemies":"Nemesis","floor":45,"turns":7},{"damage":0,"enemies":"Giant Head","floor":47,"turns":2},{"damage":0,"enemies":"Spire Growth","floor":48,"turns":3},{"damage":13,"enemies":"Time Eater","floor":50,"turns":11},{"damage":31,"enemies":"Shield and Spear","floor":54,"turns":4},{"damage":16,"enemies":"The Heart","floor":55,"turns":7}],"seed_played":"-1479445881740890299","potions_obtained":[{"floor":1,"key":"Regen Potion"},{"floor":6,"key":"SpeedPotion"},{"floor":28,"key":"FocusPotion"},{"floor":33,"key":"SkillPotion"},{"floor":38,"key":"Strength Potion"}],"is_trial":false,"path_per_floor":["M","?","M","$","?","M","R","?","T","E","R","M","$","M","R","B",null,"M","$","M","?","?","R","M","?","T","R","M","R","M","M","R","B",null,"M","M","M","M","M","R","?","E","T","?","E","?","E","M","R","B",null,"R","$","E","B",null],"character_chosen":"DEFECT","items_purchased":["Defragment","Ball Lightning","Apotheosis","Glacier","Impatience","Loop+1","Happy Flower"],"campfire_rested":1,"item_purchase_floors":[4,4,19,53,53,53,53],"current_hp_per_floor":[64,64,64,64,64,64,64,64,64,44,44,43,43,27,27,13,51,46,46,53,53,53,53,52,52,52,52,51,51,39,44,44,18,53,53,56,50,53,35,54,54,61,61,51,51,51,61,61,61,58,60,60,60,39,33],"gold":94,"neow_bonus":"THREE_ENEMY_KILL","is_prod":false,"is_daily":false,"chose_seed":false,"campfire_upgraded":3,"win_rate":0,"timestamp":1551618112,"path_taken":["M","?","M","$","?","?","R","?","T","E","R","?","$","M","R","BOSS","M","$","?","?","?","R","M","?","T","R","M","R","?","M","R","BOSS","M","M","M","M","M","R","?","E","T","?","E","?","E","M","R","BOSS","R","$","E","BOSS"],"build_version":"2019-01-23","purchased_purges":1,"victory":true,"max_hp_per_floor":[71,64,64,64,64,64,64,64,64,64,64,64,64,64,64,64,64,64,64,64,64,64,64,64,64,64,64,64,64,64,64,64,64,64,64,64,64,64,64,64,61,61,61,61,61,61,61,61,61,61,61,61,61,61,61],"card_choices":[{"not_picked":["Conserve Battery","Hologram"],"picked":"Undo","floor":1},{"not_picked":["Barrage","Go for the Eyes"],"picked":"Consume","floor":3},{"not_picked":["Beam Cell","Self Repair"],"picked":"Capacitor","floor":6},{"not_picked":["Stack","Steam Power"],"picked":"Self Repair","floor":10},{"not_picked":["Go for the Eyes","Doom and Gloom"],"picked":"Hologram","floor":12},{"not_picked":["Reprogram","Leap","Aggregate"],"picked":"SKIP","floor":14},{"not_picked":["All For One","Machine Learning"],"picked":"Seek","floor":16},{"not_picked":["Coolheaded","Hologram"],"picked":"Recycle","floor":17},{"not_picked":["Sweeping Beam","Chaos"],"picked":"Cold Snap","floor":17},{"not_picked":["Redo","Hologram"],"picked":"Reinforced Body","floor":17},{"not_picked":["Go for the Eyes","Streamline"],"picked":"Reinforced Body","floor":17},{"not_picked":["Rip and Tear","Storm"],"picked":"BootSequence","floor":17},{"not_picked":["Cold Snap","Recycle"],"picked":"Heatsinks+1","floor":18},{"not_picked":["Reinforced Body","Sunder","Steam+1"],"picked":"SKIP","floor":20},{"not_picked":["Go for the Eyes","Stack"],"picked":"Hologram","floor":24},{"not_picked":["Leap","Redo"],"picked":"Skim","floor":28},{"not_picked":["Darkness","Leap"],"picked":"Double Energy","floor":30},{"not_picked":["Sweeping Beam","Compile Driver+1"],"picked":"Reinforced Body","floor":31},{"not_picked":["All For One","Thunder Strike"],"picked":"Echo Form","floor":33},{"not_picked":["Self Repair"],"picked":"SKIP","floor":35},{"not_picked":[],"picked":"Coolheaded","floor":36},{"not_picked":[],"picked":"Storm","floor":37},{"not_picked":["Beam Cell"],"picked":"SKIP","floor":38},{"not_picked":["Static Discharge"],"picked":"SKIP","floor":39},{"not_picked":[],"picked":"Coolheaded","floor":42},{"not_picked":[],"picked":"Impatience","floor":44},{"not_picked":[],"picked":"Impatience","floor":44},{"not_picked":[],"picked":"The Bomb","floor":44},{"not_picked":["Sunder"],"picked":"SKIP","floor":45},{"not_picked":["Leap"],"picked":"SKIP","floor":47},{"not_picked":[],"picked":"Blizzard+1","floor":48},{"not_picked":[],"picked":"Redo","floor":54}],"player_experience":3285771,"relics_obtained":[{"floor":9,"key":"Bronze Scales"},{"floor":10,"key":"Peace Pipe"},{"floor":26,"key":"Bottled Lightning"},{"floor":42,"key":"Frozen Egg 2"},{"floor":45,"key":"Dodecahedron"},{"floor":47,"key":"Blue Candle"},{"floor":54,"key":"Vajra"}],"event_choices":[{"damage_healed":0,"gold_gain":0,"player_choice":"Lose Max HP","damage_taken":0,"relics_obtained":["Golden Idol"],"max_hp_gain":0,"max_hp_loss":7,"event_name":"Golden Idol","floor":2,"gold_loss":0},{"cards_removed":["Strike_B"],"damage_healed":0,"gold_gain":0,"player_choice":"Purged","damage_taken":0,"max_hp_gain":0,"max_hp_loss":0,"event_name":"Purifier","floor":5,"gold_loss":0},{"damage_healed":0,"gold_gain":0,"player_choice":"Rummage","damage_taken":0,"relics_obtained":["WarpedTongs"],"max_hp_gain":0,"max_hp_loss":0,"event_name":"Accursed Blacksmith","floor":8,"gold_loss":0,"cards_obtained":["Pain"]},{"damage_healed":0,"gold_gain":0,"cards_transformed":["Strike_B","Strike_B"],"player_choice":"Became Test Subject","damage_taken":0,"max_hp_gain":0,"max_hp_loss":0,"event_name":"Drug Dealer","floor":21,"gold_loss":0,"cards_obtained":["Creative AI","Go for the Eyes"]},{"cards_removed":["Defend_B"],"damage_healed":0,"gold_gain":0,"player_choice":"Elegance","damage_taken":0,"max_hp_gain":0,"max_hp_loss":0,"event_name":"Back to Basics","floor":22,"gold_loss":0},{"damage_healed":0,"gold_gain":0,"player_choice":"2 cards matched","damage_taken":0,"max_hp_gain":0,"max_hp_loss":0,"event_name":"Match and Keep!","floor":25,"gold_loss":0,"cards_obtained":["Doubt","Doubt"]},{"damage_healed":0,"gold_gain":0,"player_choice":"Max HP","damage_taken":0,"max_hp_gain":0,"max_hp_loss":3,"event_name":"Winding Halls","floor":41,"gold_loss":0},{"damage_healed":0,"gold_gain":0,"player_choice":"Memory 3","damage_taken":10,"max_hp_gain":0,"max_hp_loss":0,"event_name":"SensoryStone","floor":44,"gold_loss":0},{"damage_healed":0,"gold_gain":0,"player_choice":"Ignored","damage_taken":0,"max_hp_gain":0,"max_hp_loss":0,"event_name":"Tomb of Lord Red Mask","floor":46,"gold_loss":0}],"is_beta":false,"boss_relics":[{"not_picked":["Ectoplasm","Black Star"],"picked":"Orrery"},{"not_picked":["Velvet Choker","Lizard Tail"],"picked":"Busted Crown"}],"items_purged_floors":[13],"is_endless":false,"potions_floor_spawned":[1,6,10,28,33,38,42,45,47,48,54],"ascension_level":15}