{"gold_per_floor":[111,111,30,30,105,105,139,139,139,155,174,198,239,258,258,258],"floor_reached":16,"playtime":314,"items_purged":[],"score":270,"play_id":"b0f71083-2138-4f98-b813-525c767ab116","local_time":"20190228162155","is_ascension_mode":true,"campfire_choices":[{"data":"Zap","floor":6,"key":"SMITH"},{"data":"Dualcast","floor":8,"key":"SMITH"},{"data":"Ball Lightning","floor":15,"key":"SMITH"}],"neow_cost":"NONE","seed_source_timestamp":3086390923504,"circlet_count":0,"master_deck":["AscendersBane","Strike_B","Strike_B","Strike_B","Strike_B","Defend_B","Defend_B","Defend_B","Defend_B","Zap+1","Dualcast+1","Compile Driver","Loop+1","Glacier","Self Repair+1","Ball Lightning+1","Undo"],"relics":["Cracked Core","NeowsBlessing","Frozen Egg 2","Golden Idol","Mercury Hourglass","Vajra","Pen Nib"],"potions_floor_usage":[16,16],"damage_taken":[{"damage":0,"enemies":"Jaw Worm","floor":1,"turns":1},{"damage":0,"enemies":"Lagavulin","floor":7,"turns":1},{"damage":0,"enemies":"Small Slimes","floor":10,"turns":1},{"damage":1,"enemies":"2 Louse","floor":11,"turns":2},{"damage":11,"enemies":"Large Slime","floor":12,"turns":4},{"damage":10,"enemies":"3 Sentries","floor":13,"turns":7},{"damage":0,"enemies":"Blue Slaver","floor":14,"turns":3},{"damage":41,"enemies":"Hexaghost","floor":16,"turns":9}],"seed_played":"-1504245452883807865","potions_obtained":[{"floor":7,"key":"Weak Potion"},{"floor":10,"key":"Block Potion"}],"is_trial":false,"path_per_floor":["M","?","$","?","?","R","E","R","T","M","M","M","E","M","R","B"],"character_chosen":"DEFECT","items_purchased":["Loop+1"],"campfire_rested":0,"item_purchase_floors":[3],"current_hp_per_floor":[64,53,53,53,42,42,42,42,42,42,41,40,30,40,40,0],"gold":258,"neow_bonus":"THREE_ENEMY_KILL","is_prod":false,"is_daily":false,"chose_seed":false,"campfire_upgraded":3,"win_rate":0,"timestamp":1551342115,"path_taken":["M","?","$","?","?","R","E","R","T","M","M","M","E","M","R","BOSS"],"build_version":"2019-01-23","purchased_purges":0,"victory":false,"max_hp_per_floor":[71,71,71,64,64,64,64,64,64,64,64,64,64,64,64,64],"card_choices":[{"not_picked":["Beam Cell","Tempest"],"picked":"Compile Driver","floor":1},{"not_picked":["Stack","Genetic Algorithm"],"picked":"Glacier","floor":7},{"not_picked":["Rip and Tear","Gash"],"picked":"Self Repair+1","floor":10},{"not_picked":["Cold Snap","Hologram"],"picked":"Ball Lightning","floor":11},{"not_picked":["Cold Snap","Chaos"],"picked":"Undo","floor":12},{"not_picked":["Creative AI+1","Lockon","Rebound"],"picked":"SKIP","floor":13},{"not_picked":["Sweeping Beam","Stack","Compile Driver"],"picked":"SKIP","floor":14}],"player_experience":1042227,"relics_obtained":[{"floor":7,"key":"Mercury Hourglass"},{"floor":9,"key":"Vajra"},{"floor":13,"key":"Pen Nib"}],"event_choices":[{"damage_healed":0,"gold_gain":0,"player_choice":"Success","damage_taken":11,"relics_obtained":["Frozen Egg 2"],"max_hp_gain":0,"max_hp_loss":0,"event_name":"Scrap Ooze","floor":2,"gold_loss":0},{"damage_healed":0,"gold_gain":0,"player_choice":"Lose Max HP","damage_taken":0,"relics_obtained":["Golden Idol"],"max_hp_gain":0,"max_hp_loss":7,"event_name":"Golden Idol","floor":4,"gold_loss":0},{"damage_healed":0,"gold_gain":75,"player_choice":"Gather Gold","damage_taken":11,"max_hp_gain":0,"max_hp_loss":0,"event_name":"World of Goop","floor":5,"gold_loss":0}],"is_beta":false,"boss_relics":[],"items_purged_floors":[],"is_endless":false,"potions_floor_spawned":[7,10,12,13,14],"killed_by":"Hexaghost","ascension_level":20}