{"gold_per_floor":[114,132,147,166,181,181,197,197,197,197,45,120,131,131,131,227,227,240,255,76,94,111,111,111,111,111,131,131,6,6,23,23,120,120,135,55,73,84,100,100,100,100,127,127,127,127,127,127,127,127],"floor_reached":51,"playtime":3474,"items_purged":["Strike_G","Strike_G","Defend_G"],"score":739,"play_id":"6cd5fea1-7b55-4e40-abaf-1fb8ebd4e55a","local_time":"20181104123157","is_ascension_mode":false,"campfire_choices":[{"data":"Burst","floor":6,"key":"SMITH"},{"data":"Neutralize","floor":8,"key":"SMITH"},{"data":"Venomology","floor":10,"key":"SMITH"},{"data":"Deadly Poison","floor":15,"key":"SMITH"},{"data":"Well Laid Plans","floor":23,"key":"SMITH"},{"data":"Corpse Explosion","floor":25,"key":"SMITH"},{"data":"Footwork","floor":28,"key":"SMITH"},{"data":"Leg Sweep","floor":32,"key":"SMITH"},{"data":"Malaise","floor":40,"key":"SMITH"},{"data":"Tactician","floor":42,"key":"SMITH"},{"data":"Tactician","floor":44,"key":"SMITH"},{"data":"Tactician","floor":46,"key":"SMITH"},{"floor":49,"key":"REST"}],"neow_cost":"PERCENT_DAMAGE","seed_source_timestamp":6739119289464,"circlet_count":0,"master_deck":["Defend_G+1","Defend_G+1","Defend_G+1","Defend_G+1","Strike_G+1","Survivor+1","Neutralize+1","Burst+1","Backflip+1","Venomology+1","Leg Sweep+1","Backflip+1","Well Laid Plans+1","Deadly Poison+1","Corpse Explosion+1","Leg Sweep+1","Footwork+1","Well Laid Plans+1","Backflip+1","Malaise+1","Tactician+1","Tactician+1","Leg Sweep+1","Tactician+1","Purity+1"],"relics":["Ring of the Snake","Ornamental Fan","Velvet Choker","Molten Egg 2","Runic Pyramid","Centennial Puzzle","Mark of the Bloom"],"potions_floor_usage":[13,16,16,18,18,19,19,21,21,22,27,31,31,31,35,37,39,39,50],"damage_taken":[{"damage":0,"enemies":"2 Louse","floor":1,"turns":3},{"damage":0,"enemies":"Cultist","floor":2,"turns":4},{"damage":0,"enemies":"Jaw Worm","floor":3,"turns":5},{"damage":0,"enemies":"2 Fungi Beasts","floor":4,"turns":6},{"damage":10,"enemies":"Looter","floor":5,"turns":4},{"damage":13,"enemies":"Lots of Slimes","floor":7,"turns":7},{"damage":0,"enemies":"Large Slime","floor":13,"turns":12},{"damage":0,"enemies":"Hexaghost","floor":16,"turns":12},{"damage":0,"enemies":"Spheric Guardian","floor":18,"turns":3},{"damage":0,"enemies":"Chosen","floor":19,"turns":6},{"damage":0,"enemies":"Centurion and Healer","floor":21,"turns":3},{"damage":0,"enemies":"Cultist and Chosen","floor":22,"turns":7},{"damage":0,"enemies":"Snake Plant","floor":27,"turns":4},{"damage":0,"enemies":"Chosen and Byrds","floor":31,"turns":5},{"damage":4,"enemies":"Collector","floor":33,"turns":8},{"damage":0,"enemies":"3 Shapes","floor":35,"turns":3},{"damage":0,"enemies":"Orb Walker","floor":37,"turns":6},{"damage":0,"enemies":"Writhing Mass","floor":38,"turns":10},{"damage":0,"enemies":"Sphere and 2 Shapes","floor":39,"turns":6},{"damage":0,"enemies":"Time Eater","floor":50,"turns":18}],"seed_played":"8085062789374407773","potions_obtained":[{"floor":1,"key":"Ancient Potion"},{"floor":7,"key":"Dexterity Potion"},{"floor":19,"key":"GamblersBrew"},{"floor":33,"key":"Fruit Juice"}],"is_trial":false,"path_per_floor":["M","M","M","M","M","R","M","R","T","R","$","?","M","?","R","B",null,"M","M","$","M","M","R","$","R","T","M","R","$","?","M","R","B",null,"M","$","M","M","M","R","?","R","T","R","?","R","?","?","R","B",null],"character_chosen":"THE_SILENT","items_purchased":["Well Laid Plans","Footwork","Tactician"],"campfire_rested":1,"item_purchase_floors":[11,20,36],"current_hp_per_floor":[49,49,49,49,39,39,26,26,26,26,26,15,15,15,15,15,70,70,70,70,70,70,70,70,70,70,70,70,70,70,70,70,66,70,75,75,75,75,75,75,75,75,75,75,71,71,71,71,71,71],"gold":127,"neow_bonus":"THREE_RARE_CARDS","is_prod":false,"is_daily":false,"chose_seed":false,"campfire_upgraded":12,"win_rate":0,"timestamp":1541305917,"path_taken":["M","M","M","M","M","R","M","R","T","R","$","?","M","?","R","BOSS","M","?","?","M","M","R","$","R","T","M","R","$","?","M","R","BOSS","M","$","M","M","M","R","?","R","T","R","?","R","?","?","R","BOSS"],"build_version":"2018-11-01","purchased_purges":3,"victory":true,"max_hp_per_floor":[70,70,70,70,70,70,70,70,70,70,70,70,70,70,70,70,70,70,70,70,70,70,70,70,70,70,70,70,70,70,70,70,70,70,75,75,75,75,75,75,75,75,75,75,71,71,71,71,71,71],"card_choices":[{"not_picked":["Glass Knife","Adrenaline"],"picked":"Burst","floor":0},{"not_picked":["Distraction","Outmaneuver"],"picked":"Backflip","floor":1},{"not_picked":["Outmaneuver","Slice","Dagger Spray"],"picked":"SKIP","floor":2},{"not_picked":["Acrobatics","Deflect","Blade Dance"],"picked":"SKIP","floor":3},{"not_picked":["Acrobatics","Deflect","Blade Dance"],"picked":"SKIP","floor":3},{"not_picked":["Distraction","Dodge and Roll"],"picked":"Venomology","floor":4},{"not_picked":["Outmaneuver","PiercingWail"],"picked":"Leg Sweep","floor":5},{"not_picked":["Slice","Prepared"],"picked":"Backflip","floor":7},{"not_picked":["Poisoned Stab","Deflect"],"picked":"Deadly Poison","floor":13},{"not_picked":["Tools of the Trade","Malaise"],"picked":"Corpse Explosion","floor":16},{"not_picked":["Dodge and Roll+1","Blur"],"picked":"Leg Sweep","floor":18},{"not_picked":["PiercingWail","Deflect","Outmaneuver"],"picked":"SKIP","floor":19},{"not_picked":["Acrobatics","Caltrops","Choke"],"picked":"SKIP","floor":21},{"not_picked":["Flechettes","Acrobatics"],"picked":"Well Laid Plans+1","floor":22},{"not_picked":["Poisoned Stab+1","Sucker Punch+1","Bouncing Flask"],"picked":"SKIP","floor":27},{"not_picked":["Quick Slash+1","Dagger Spray+1"],"picked":"Backflip+1","floor":31},{"not_picked":["Doppelganger","Bullet Time"],"picked":"Malaise","floor":33},{"not_picked":["Acrobatics+1","PiercingWail+1"],"picked":"Tactician","floor":35},{"not_picked":["Backflip+1","Escape Plan"],"picked":"Leg Sweep+1","floor":37},{"not_picked":["Backflip","Finisher+1"],"picked":"Tactician","floor":38},{"not_picked":["Dagger Throw+1","Bane+1","Caltrops+1"],"picked":"SKIP","floor":39},{"not_picked":["Mind Blast+1","Madness"],"picked":"Purity","floor":41}],"player_experience":852686,"relics_obtained":[{"floor":9,"key":"Ornamental Fan"},{"floor":26,"key":"Molten Egg 2"},{"floor":43,"key":"Centennial Puzzle"}],"event_choices":[{"damage_healed":0,"gold_gain":75,"player_choice":"Gather Gold","damage_taken":11,"max_hp_gain":0,"max_hp_loss":0,"event_name":"World of Goop","floor":12,"gold_loss":0},{"cards_removed":["Strike_G"],"damage_healed":0,"gold_gain":0,"player_choice":"Offered Basic","damage_taken":0,"max_hp_gain":0,"max_hp_loss":0,"event_name":"Bonfire Elementals","floor":14,"gold_loss":0},{"damage_healed":0,"gold_gain":0,"player_choice":"Ignored","damage_taken":0,"max_hp_gain":0,"max_hp_loss":0,"event_name":"Vampires","floor":30,"gold_loss":0},{"damage_healed":0,"gold_gain":0,"player_choice":"Memory 1","damage_taken":0,"max_hp_gain":0,"max_hp_loss":0,"event_name":"SensoryStone","floor":41,"gold_loss":0},{"damage_healed":0,"gold_gain":0,"player_choice":"Max HP","damage_taken":0,"max_hp_gain":0,"max_hp_loss":4,"event_name":"Winding Halls","floor":45,"gold_loss":0},{"damage_healed":0,"gold_gain":0,"player_choice":"Upgrade","damage_taken":0,"relics_obtained":["Mark of the Bloom"],"max_hp_gain":0,"max_hp_loss":0,"event_name":"MindBloom","floor":47,"gold_loss":0,"cards_upgraded":["Defend_G","Defend_G","Defend_G","Defend_G","Strike_G","Strike_G","Survivor","Backflip","Leg Sweep","Backflip","Purity"]},{"cards_removed":["Strike_G"],"damage_healed":0,"gold_gain":0,"player_choice":"Removed Attack","damage_taken":0,"max_hp_gain":0,"max_hp_loss":0,"event_name":"Falling","floor":48,"gold_loss":0}],"is_beta":false,"boss_relics":[{"not_picked":["Lizard Tail","WristBlade"],"picked":"Velvet Choker"},{"not_picked":["Orrery","Pandora\u0027s Box"],"picked":"Runic Pyramid"}],"items_purged_floors":[11,20,29],"is_endless":false,"potions_floor_spawned":[1,7,13,18,19,33,38],"ascension_level":0}