{"gold_per_floor":[112,130,149,149,173,173,196,221,269,269,269,269,34,48,48,179,179,197,180,180,1,1,1,21,41,41,41,64,88,88,106,106,236,236,252,276,301,156,489,489,212,212,212,17,17,30,30,44,44,44],"floor_reached":51,"playtime":1985,"items_purged":["Strike_G","Strike_G","Defend_G","Defend_G"],"score":743,"play_id":"f2b05c1d-7d8d-4e91-81a6-0b594bbda15c","local_time":"20181021170409","is_ascension_mode":false,"campfire_choices":[{"data":"Neutralize","floor":6.0,"key":"SMITH"},{"data":"Footwork","floor":10.0,"key":"SMITH"},{"data":"Terror","floor":12.0,"key":"SMITH"},{"data":"Grand Finale","floor":15.0,"key":"SMITH"},{"data":"Well Laid Plans","floor":23.0,"key":"SMITH"},{"data":"Footwork","floor":30.0,"key":"SMITH"},{"data":"Footwork","floor":32.0,"key":"SMITH"},{"data":"Footwork","floor":40,"key":"SMITH"},{"data":"Grand Finale","floor":42,"key":"SMITH"},{"data":"Prepared","floor":47,"key":"SMITH"},{"data":"Footwork","floor":49,"key":"SMITH"}],"neow_cost":"NONE","seed_source_timestamp":30827015331651,"circlet_count":0,"master_deck":["Defend_G","Defend_G","Strike_G","Survivor","Neutralize+1","Terror+1","Footwork+1","Footwork+1","Grand Finale+1","Unload","Footwork+1","Footwork+1","Riddle With Holes","Well Laid Plans+1","Acrobatics","Acrobatics+1","Leg Sweep","Backflip","Backflip","Prepared","Grand Finale+1","Prepared+1","Footwork+1"],"special_seed":0,"relics":["Ring of the Snake","Juzu Bracelet","Cursed Key","Matryoshka","Runic Pyramid"],"potions_floor_usage":[50],"damage_taken":[{"damage":0.0,"enemies":"Small Slimes","floor":1.0,"turns":4.0},{"damage":2.0,"enemies":"Jaw Worm","floor":2.0,"turns":6.0},{"damage":0.0,"enemies":"2 Louse","floor":3.0,"turns":2.0},{"damage":4.0,"enemies":"Red Slaver","floor":5.0,"turns":5.0},{"damage":4.0,"enemies":"Looter","floor":7.0,"turns":3.0},{"damage":13.0,"enemies":"Large Slime","floor":8.0,"turns":7.0},{"damage":0.0,"enemies":"Gremlin Gang","floor":14.0,"turns":8.0},{"damage":10.0,"enemies":"The Guardian","floor":16.0,"turns":14.0},{"damage":0.0,"enemies":"Spheric Guardian","floor":18.0,"turns":3.0},{"damage":2.0,"enemies":"2 Thieves","floor":19.0,"turns":4.0},{"damage":0.0,"enemies":"Snake Plant","floor":24.0,"turns":4.0},{"damage":0.0,"enemies":"Centurion and Healer","floor":25.0,"turns":4.0},{"damage":0.0,"enemies":"Shelled Parasite and Fungi","floor":28.0,"turns":6.0},{"damage":0.0,"enemies":"Snecko","floor":29.0,"turns":8.0},{"damage":0.0,"enemies":"Centurion and Healer","floor":31.0,"turns":5.0},{"damage":0.0,"enemies":"Collector","floor":33.0,"turns":8.0},{"damage":3.0,"enemies":"3 Shapes","floor":35.0,"turns":3.0},{"damage":0.0,"enemies":"Orb Walker","floor":36.0,"turns":3.0},{"damage":0,"enemies":"Sphere and 2 Shapes","floor":37,"turns":3},{"damage":10,"enemies":"Writhing Mass","floor":46,"turns":4},{"damage":0,"enemies":"Spire Growth","floor":48,"turns":2},{"damage":14,"enemies":"Awakened One","floor":50,"turns":7}],"seed_played":"-4416022821151369297","potions_obtained":[{"floor":2.0,"key":"Ancient Potion"},{"floor":5.0,"key":"SkillPotion"},{"floor":16.0,"key":"Fire Potion"},{"floor":18.0,"key":"AttackPotion"},{"floor":25.0,"key":"SteroidPotion"},{"floor":37,"key":"SkillPotion"}],"is_trial":false,"path_per_floor":["M","M","M","?","M","R","M","M","T","R","?","R","$","M","R","B",null,"M","M","?","$","?","R","M","M","T","?","M","M","R","M","R","B",null,"M","M","M","$","?","R","$","R","T","$","?","M","R","M","R","B"],"character_chosen":"THE_SILENT","items_purchased":["Footwork","Grand Finale","Well Laid Plans","Acrobatics","Prepared","Grand Finale","Prepared"],"campfire_rested":0,"item_purchase_floors":[13,13,21,21,38,41,44],"current_hp_per_floor":[77,75,75,56,52,52,48,35,35,35,35,35,35,35,35,25,77,77,75,75,75,75,75,75,75,75,75,75,75,75,75,75,75,77,74,74,74,74,74,74,74,74,74,74,74,64,64,64,64,50],"gold":44,"neow_bonus":"TEN_PERCENT_HP_BONUS","is_prod":false,"is_daily":false,"chose_seed":false,"campfire_upgraded":11,"win_rate":0,"timestamp":1540112649,"path_taken":["M","M","M","?","M","R","?","M","T","R","?","R","?","M","R","BOSS","M","M","?","$","?","R","M","M","T","?","M","M","R","M","R","BOSS","M","M","M","$","?","R","$","R","T","$","?","M","R","M","R","BOSS"],"build_version":"2018-10-18","purchased_purges":4,"victory":true,"max_hp_per_floor":[77,77,77,77,77,77,77,77,77,77,77,77,77,77,77,77,77,77,77,77,77,77,77,77,77,77,77,77,77,77,77,77,77,77,77,77,77,77,77,77,77,77,77,77,77,77,77,77,77,77],"card_choices":[{"not_picked":["Dodge and Roll","Acrobatics"],"picked":"Dagger Throw","floor":1.0},{"not_picked":["Deflect","Sucker Punch","Dodge and Roll"],"picked":"SKIP","floor":2.0},{"not_picked":["Flying Knee","Riddle With Holes","Dagger Spray"],"picked":"SKIP","floor":3.0},{"not_picked":["Outmaneuver","Expertise"],"picked":"Terror","floor":5.0},{"not_picked":["Caltrops","Acrobatics","Expertise"],"picked":"SKIP","floor":7.0},{"not_picked":["PiercingWail","Dodge and Roll"],"picked":"Footwork","floor":8.0},{"not_picked":["Flying Knee","Choke","Underhanded Strike"],"picked":"SKIP","floor":14.0},{"not_picked":["Bullet Time","Storm of Steel"],"picked":"Unload","floor":16.0},{"not_picked":["PiercingWail","Underhanded Strike","Masterful Stab+1"],"picked":"SKIP","floor":18.0},{"not_picked":["Deadly Poison","Expertise"],"picked":"Footwork","floor":19.0},{"not_picked":["Quick Slash","Leg Sweep+1"],"picked":"Acrobatics+1","floor":24.0},{"not_picked":["Skewer","Quick Slash"],"picked":"Leg Sweep","floor":25.0},{"not_picked":["Flying Knee","Crippling Poison","Bouncing Flask+1"],"picked":"SKIP","floor":28.0},{"not_picked":["Setup+1","Cloak And Dagger+1"],"picked":"Backflip","floor":29.0},{"not_picked":["Distraction+1","Cloak And Dagger"],"picked":"Backflip","floor":31.0},{"not_picked":["Dagger Spray","Sucker Punch+1","Predator"],"picked":"SKIP","floor":35.0},{"not_picked":["Choke+1","Dodge and Roll","Underhanded Strike"],"picked":"SKIP","floor":36.0},{"not_picked":["Sucker Punch","Dodge and Roll","Endless Agony"],"picked":"SKIP","floor":37},{"not_picked":["Masterful Stab+1","All Out Attack+1","Well Laid Plans+1"],"picked":"SKIP","floor":46},{"not_picked":["Dagger Throw","Slice+1"],"picked":"Footwork","floor":48}],"player_experience":462113,"relics_obtained":[{"floor":9.0,"key":"Juzu Bracelet"}],"event_choices":[{"damage_healed":0.0,"max_hp_gain":0.0,"max_hp_loss":0.0,"gold_gain":0.0,"event_name":"Golden Idol","player_choice":"Take Damage","floor":4.0,"gold_loss":0.0,"damage_taken":19.0,"relics_obtained":["Golden Idol"]},{"damage_healed":0.0,"max_hp_gain":0.0,"max_hp_loss":0.0,"gold_gain":0.0,"event_name":"Dead Adventurer","player_choice":"Searched \u00270\u0027 times","floor":11.0,"gold_loss":0.0,"damage_taken":0.0},{"damage_healed":0.0,"max_hp_gain":0.0,"max_hp_loss":0.0,"gold_gain":0.0,"cards_transformed":["Strike_G","Strike_G"],"event_name":"Drug Dealer","player_choice":"Became Test Subject","floor":20.0,"gold_loss":0.0,"damage_taken":0.0,"cards_obtained":["Footwork","Riddle With Holes"]},{"cards_removed":["Defend_G"],"damage_healed":0.0,"max_hp_gain":0.0,"max_hp_loss":0.0,"gold_gain":0.0,"event_name":"Back to Basics","player_choice":"Elegance","floor":22.0,"gold_loss":0.0,"damage_taken":0.0},{"damage_healed":0.0,"max_hp_gain":0.0,"max_hp_loss":0.0,"gold_gain":0.0,"event_name":"The Mausoleum","player_choice":"Opened","floor":27.0,"gold_loss":0.0,"damage_taken":0.0,"relics_obtained":["Matryoshka"]},{"damage_healed":0,"gold_gain":333,"player_choice":"Gave Idol","damage_taken":0,"max_hp_gain":0,"max_hp_loss":0,"event_name":"The Moai Head","floor":39,"relics_lost":["Golden Idol"],"gold_loss":0},{"cards_removed":["Dagger Throw"],"damage_healed":0,"gold_gain":0,"player_choice":"Removed Attack","damage_taken":0,"max_hp_gain":0,"max_hp_loss":0,"event_name":"Falling","floor":45,"gold_loss":0}],"is_beta":false,"boss_relics":[{"not_picked":["Eternal Feather","Sozu"],"picked":"Cursed Key"},{"not_picked":["Calling Bell","Lizard Tail"],"picked":"Runic Pyramid"}],"items_purged_floors":[21,38,41,44],"is_endless":false,"potions_floor_spawned":[2,5,16,18,25,28,37,46],"ascension_level":0}