{"gold_per_floor":[111,125,125,139,151,151,111,111,162,191,191],"floor_reached":11,"playtime":460,"items_purged":[],"score":146,"play_id":"07d76339-99f3-48d9-a3c1-e0ca151469c3","local_time":"20190712003257","is_ascension_mode":true,"campfire_choices":[{"data":"Creative AI","floor":6,"key":"SMITH"},{"data":"Turbo","floor":8,"key":"SMITH"}],"neow_cost":"NONE","seed_source_timestamp":261910270668801,"circlet_count":0,"master_deck":["AscendersBane","Strike_B","Strike_B","Strike_B","Strike_B","Defend_B","Defend_B","Defend_B","Defend_B","Zap","Dualcast","Turbo+1","Creative AI+1","Force Field","Coolheaded","Coolheaded","Skim","Cold Snap"],"relics":["Orrery","Boot","Oddly Smooth Stone"],"potions_floor_usage":[11],"damage_taken":[{"damage":2,"enemies":"2 Louse","floor":1,"turns":3},{"damage":9,"enemies":"Cultist","floor":2,"turns":6},{"damage":11,"enemies":"Jaw Worm","floor":4,"turns":8},{"damage":4,"enemies":"Blue Slaver","floor":5,"turns":7},{"damage":4,"enemies":"Looter","floor":7,"turns":4},{"damage":19,"enemies":"3 Sentries","floor":10,"turns":11},{"damage":16,"enemies":"Gremlin Gang","floor":11,"turns":1}],"seed_played":"-637375898273531255","potions_obtained":[{"floor":10,"key":"Regen Potion"}],"is_trial":false,"path_per_floor":["M","M","?","M","M","R","M","R","T","E","M"],"character_chosen":"DEFECT","items_purchased":[],"campfire_rested":0,"item_purchase_floors":[],"current_hp_per_floor":[62,53,43,32,28,28,24,24,24,5,0],"gold":191,"neow_bonus":"BOSS_RELIC","is_prod":false,"is_daily":false,"chose_seed":false,"campfire_upgraded":2,"win_rate":0,"timestamp":1562859177,"path_taken":["M","M","?","?","M","R","M","R","T","E","M"],"build_version":"2019-07-05","purchased_purges":0,"victory":false,"max_hp_per_floor":[71,71,71,71,71,71,71,71,71,71,71],"card_choices":[{"not_picked":["Redo","Barrage"],"picked":"Turbo","floor":0},{"not_picked":["Redo","Coolheaded"],"picked":"Creative AI","floor":0},{"not_picked":["Barrage","Conserve Battery"],"picked":"Force Field","floor":0},{"not_picked":["Beam Cell","Streamline"],"picked":"Coolheaded","floor":0},{"not_picked":["Hello World","Consume","Stack"],"picked":"SKIP","floor":1},{"not_picked":["Scrape","Loop"],"picked":"Coolheaded","floor":2},{"not_picked":["Fusion","Conserve Battery"],"picked":"Skim","floor":4},{"not_picked":["Leap","Consume","Compile Driver"],"picked":"SKIP","floor":5},{"not_picked":["Sweeping Beam","Hologram"],"picked":"Cold Snap","floor":7},{"not_picked":["Leap","Doom and Gloom","Aggregate"],"picked":"SKIP","floor":10}],"player_experience":630092,"relics_obtained":[{"floor":9,"key":"Boot"},{"floor":10,"key":"Oddly Smooth Stone"}],"event_choices":[{"damage_healed":0,"gold_gain":0,"player_choice":"Damaged","damage_taken":10,"max_hp_gain":0,"max_hp_loss":0,"event_name":"Wheel of Change","floor":3,"gold_loss":0}],"is_beta":false,"boss_relics":[],"items_purged_floors":[],"is_endless":false,"potions_floor_spawned":[10],"killed_by":"Gremlin Gang","ascension_level":20}