{"gold_per_floor":[110,18,93,18,28,28,44,44,93,105,122,122,155,170,170,275,275,295,295,295,34,34,34,50,66,92,104,104,104,115,115,115,212,212,227,79,79,79,98,98,112,112,112,127,155,213,135,162,174,186],"floor_reached":51,"playtime":1997,"items_purged":["Strike_B","Strike_B"],"score":777,"play_id":"7cc4245f-0fe6-48dc-9b3b-bdb9877cb7fc","local_time":"20190616103723","is_ascension_mode":false,"campfire_choices":[{"data":"Darkness","floor":6.0,"key":"SMITH"},{"data":"Dualcast","floor":8.0,"key":"SMITH"},{"floor":12.0,"key":"REST"},{"data":"Hologram","floor":15.0,"key":"SMITH"},{"data":"Loop","floor":23.0,"key":"SMITH"},{"floor":28,"key":"REST"},{"data":"Static Discharge","floor":32,"key":"SMITH"},{"floor":40,"key":"REST"},{"data":"Lockon","floor":42,"key":"SMITH"},{"data":"1","floor":49,"key":"LIFT"}],"neow_cost":"TEN_PERCENT_HP_LOSS","seed_source_timestamp":8921560938439,"circlet_count":0,"master_deck":["Defend_B+1","Defend_B+1","Defend_B+1","Zap+1","Dualcast+1","Static Discharge+1","Gash+1","Genetic Algorithm+1","Darkness+1","Hologram+1","Core Surge+1","Loop+1","Loop+1","BootSequence+1","Genetic Algorithm+1","Multi-Cast+1","Turbo+1","Lockon+1","Redo+1"],"special_seed":0,"relics":["Cracked Core","Bag of Marbles","Omamori","Nuclear Battery","Enchiridion","Meat on the Bone","Strawberry","Runic Pyramid","Mark of the Bloom","Bottled Flame","MawBank","Girya"],"potions_floor_usage":[50,50],"damage_taken":[{"damage":0.0,"enemies":"2 Louse","floor":1.0,"turns":2.0},{"damage":14.0,"enemies":"Small Slimes","floor":5.0,"turns":3.0},{"damage":5.0,"enemies":"Jaw Worm","floor":7.0,"turns":3.0},{"damage":2.0,"enemies":"Blue Slaver","floor":10.0,"turns":2.0},{"damage":1.0,"enemies":"Red Slaver","floor":11.0,"turns":4.0},{"damage":13.0,"enemies":"Lagavulin","floor":13.0,"turns":5.0},{"damage":1.0,"enemies":"3 Louse","floor":14.0,"turns":4.0},{"damage":25.0,"enemies":"Slime Boss","floor":16.0,"turns":6.0},{"damage":15.0,"enemies":"2 Thieves","floor":18.0,"turns":4.0},{"damage":13.0,"enemies":"Colosseum Slavers","floor":20.0,"turns":3.0},{"damage":12.0,"enemies":"Spheric Guardian","floor":24.0,"turns":4.0},{"damage":12.0,"enemies":"Cultist and Chosen","floor":25.0,"turns":4.0},{"damage":34,"enemies":"Centurion and Healer","floor":27,"turns":5},{"damage":15,"enemies":"Chosen and Byrds","floor":30,"turns":2},{"damage":26,"enemies":"Champ","floor":33,"turns":8},{"damage":0,"enemies":"3 Shapes","floor":35,"turns":4},{"damage":0,"enemies":"Orb Walker","floor":39,"turns":3},{"damage":0,"enemies":"Jaw Worm Horde","floor":41,"turns":3},{"damage":0,"enemies":"Transient","floor":44,"turns":5},{"damage":0,"enemies":"Giant Head","floor":45,"turns":6},{"damage":0,"enemies":"2 Orb Walkers","floor":46,"turns":3},{"damage":0,"enemies":"3 Darklings","floor":48,"turns":3},{"damage":0,"enemies":"Time Eater","floor":50,"turns":3}],"seed_played":"4344648933622569789","potions_obtained":[{"floor":7.0,"key":"Regen Potion"},{"floor":11.0,"key":"Energy Potion"},{"floor":13.0,"key":"Poison Potion"},{"floor":14.0,"key":"FocusPotion"},{"floor":16.0,"key":"FocusPotion"},{"floor":25.0,"key":"LiquidBronze"},{"floor":30,"key":"Swift Potion"},{"floor":39,"key":"GamblersBrew"}],"is_trial":false,"path_per_floor":["M","$","?","$","M","R","M","R","T","M","M","R","E","M","R","B",null,"M","?","?","$","?","R","M","M","T","M","R","?","M","?","R","B",null,"M","$","?","?","M","R","M","R","T","M","E","?","?","M","R","B",null],"character_chosen":"DEFECT","items_purchased":["Gash","Genetic Algorithm","Meat on the Bone","Turbo"],"campfire_rested":3,"item_purchase_floors":[2,2,21,36],"current_hp_per_floor":[68,68,57,57,43,43,38,38,38,36,35,55,42,41,41,16,68,53,37,33,33,33,33,33,33,40,18,40,40,37,37,37,23,75,75,75,71,71,71,71,71,71,71,71,71,71,71,71,71,71],"gold":198,"neow_bonus":"REMOVE_TWO","is_prod":false,"is_daily":false,"chose_seed":false,"campfire_upgraded":6,"win_rate":0,"timestamp":1560652643,"path_taken":["M","$","?","$","M","R","M","R","T","M","M","R","E","M","R","BOSS","M","?","?","$","?","R","M","M","T","?","R","?","?","?","R","BOSS","M","$","?","?","M","R","M","R","T","M","E","?","?","M","R","BOSS"],"build_version":"2019-01-23","purchased_purges":2,"victory":true,"max_hp_per_floor":[68,68,68,68,68,68,68,68,68,68,68,68,68,68,68,68,68,68,68,68,68,68,68,68,68,75,75,75,75,75,75,75,75,75,75,75,71,71,71,71,71,71,71,71,71,71,71,71,71,71],"card_choices":[{"not_picked":["Compile Driver","Stack"],"picked":"Static Discharge","floor":1.0},{"not_picked":["Steam","Leap"],"picked":"Darkness","floor":5.0},{"not_picked":["Melter","Aggregate","Compile Driver"],"picked":"SKIP","floor":7.0},{"not_picked":["Cold Snap","Steam","Go for the Eyes"],"picked":"SKIP","floor":10.0},{"not_picked":["Compile Driver","BootSequence","Sweeping Beam"],"picked":"SKIP","floor":11.0},{"not_picked":["Beam Cell","Go for the Eyes","Turbo"],"picked":"SKIP","floor":13.0},{"not_picked":["Double Energy","Gash"],"picked":"Hologram","floor":14.0},{"not_picked":["Thunder Strike","All For One"],"picked":"Core Surge","floor":16.0},{"not_picked":["Go for the Eyes","Hologram+1"],"picked":"Loop","floor":18.0},{"not_picked":["Cold Snap","Double Energy","Stack"],"picked":"SKIP","floor":24.0},{"not_picked":["Steam","Lockon"],"picked":"Loop+1","floor":25.0},{"not_picked":["Steam+1","Streamline","Beam Cell"],"picked":"SKIP","floor":27},{"not_picked":["Blizzard","Leap"],"picked":"BootSequence+1","floor":30},{"not_picked":["Biased Cognition","Creative AI"],"picked":"Multi-Cast","floor":33},{"not_picked":["Chaos+1","Steam+1","Stack+1"],"picked":"SKIP","floor":35},{"not_picked":["Chaos+1","Fusion","Turbo+1"],"picked":"SKIP","floor":39},{"not_picked":["Beam Cell","Fusion"],"picked":"Lockon","floor":41},{"not_picked":["Stack","Beam Cell"],"picked":"Redo+1","floor":44},{"not_picked":["Turbo","Ball Lightning","Coolheaded"],"picked":"SKIP","floor":45},{"not_picked":["Undo","Conserve Battery","Machine Learning"],"picked":"SKIP","floor":48}],"player_experience":5290866,"relics_obtained":[{"floor":9.0,"key":"Bag of Marbles"},{"floor":13.0,"key":"Omamori"},{"floor":19.0,"key":"Enchiridion"},{"floor":26.0,"key":"Strawberry"},{"floor":43,"key":"Bottled Flame"},{"floor":45,"key":"MawBank"},{"floor":46,"key":"Girya"}],"event_choices":[{"damage_healed":0.0,"max_hp_gain":0.0,"max_hp_loss":0.0,"gold_gain":75.0,"event_name":"World of Goop","player_choice":"Gather Gold","floor":3.0,"gold_loss":0.0,"damage_taken":11.0},{"damage_healed":0.0,"max_hp_gain":0.0,"max_hp_loss":0.0,"gold_gain":0.0,"event_name":"Cursed Tome","player_choice":"Obtained Book","floor":19.0,"gold_loss":0.0,"damage_taken":16.0},{"damage_healed":0.0,"max_hp_gain":0.0,"max_hp_loss":0.0,"gold_gain":0.0,"event_name":"Colosseum","player_choice":"Fight","floor":20.0,"gold_loss":0.0,"damage_taken":0.0},{"damage_healed":0.0,"max_hp_gain":0.0,"max_hp_loss":0.0,"gold_gain":0.0,"event_name":"Colosseum","player_choice":"Fled From Nobs","floor":20.0,"gold_loss":0.0,"damage_taken":0.0},{"damage_healed":0.0,"max_hp_gain":0.0,"max_hp_loss":0.0,"gold_gain":0.0,"event_name":"Vampires","player_choice":"Ignored","floor":22.0,"gold_loss":0.0,"damage_taken":0.0},{"damage_healed":0,"gold_gain":0,"player_choice":"Ignored","damage_taken":0,"max_hp_gain":0,"max_hp_loss":0,"event_name":"NoteForYourself","floor":29,"gold_loss":0},{"damage_healed":0,"gold_gain":0,"player_choice":"Copied","damage_taken":0,"max_hp_gain":0,"max_hp_loss":0,"event_name":"Duplicator","floor":31,"gold_loss":0,"cards_obtained":["Genetic Algorithm"]},{"damage_healed":0,"gold_gain":0,"player_choice":"Max HP","damage_taken":0,"max_hp_gain":0,"max_hp_loss":4,"event_name":"Winding Halls","floor":37,"gold_loss":0},{"damage_healed":0,"gold_gain":0,"player_choice":"Upgrade","damage_taken":0,"relics_obtained":["Mark of the Bloom"],"max_hp_gain":0,"max_hp_loss":0,"event_name":"MindBloom","floor":38,"gold_loss":0,"cards_upgraded":["Strike_B","Defend_B","Defend_B","Defend_B","Zap","Gash","Genetic Algorithm","Core Surge","Genetic Algorithm","Multi-Cast","Turbo"]},{"damage_healed":0,"gold_gain":0,"player_choice":"Fight","damage_taken":0,"max_hp_gain":0,"max_hp_loss":0,"event_name":"Mysterious Sphere","floor":46,"gold_loss":0},{"cards_removed":["Strike_B"],"damage_healed":0,"gold_gain":0,"player_choice":"Removal","damage_taken":0,"max_hp_gain":0,"max_hp_loss":0,"event_name":"Designer","floor":47,"gold_loss":90}],"is_beta":false,"boss_relics":[{"not_picked":["Fusion Hammer","Lizard Tail"],"picked":"Nuclear Battery"},{"not_picked":["Busted Crown","Tiny House"],"picked":"Runic Pyramid"}],"items_purged_floors":[4,36],"is_endless":false,"potions_floor_spawned":[7,11,13,14,16,20,25,30,33,39,45,46,48],"ascension_level":0}