{"path_per_floor":["M","?","M","M","M","?","M","R","T","M","R","M","M","M","R","B",null,"M","M","M"],"character_chosen":"IRONCLAD","items_purchased":[],"gold_per_floor":[119,119,131,142,153,153,167,167,167,180,180,192,203,217,217,318,318,337,357,370,370],"floor_reached":21,"campfire_rested":0,"playtime":1921,"current_hp_per_floor":[71,57,62,65,69,62,64,64,64,63,63,67,67,72,72,51,72,44,50,41,0],"items_purged":[],"gold":370,"score":179,"play_id":"f2dfdc14-b7d7-4216-838b-099f5ebe5d1c","local_time":"20180324193105","is_prod":false,"is_daily":false,"is_ascension_mode":false,"campfire_upgraded":3,"timestamp":1521916265,"path_taken":["M","?","M","M","?","?","M","R","T","M","R","M","M","M","R","BOSS","M","M","?","M"],"build_version":"2018-03-22v2","purchased_purges":0,"victory":false,"master_deck":["Strike_R","Strike_R","Strike_R","Strike_R","Strike_R","Defend_R+1","Defend_R","Defend_R","Defend_R","Bash","Rage+1","Armaments","Rage+1","Carnage+1","Thunderclap","Shrug It Off","Barricade+1","Warcry","Ghostly Armor","Feed","Warcry+1","Anger+1","Flex"],"max_hp_per_floor":[72,72,72,72,72,72,72,72,72,72,72,72,72,72,72,72,72,72,75,75,78],"relics":["Burning Blood","Dead Branch","The Courier","Bird Faced Urn","Philosopher\u0027s Stone"],"card_choices":[{"not_picked":["Twin Strike","Headbutt"],"picked":"Rage","floor":1.0},{"not_picked":["Brutality","Headbutt"],"picked":"Armaments","floor":3.0},{"not_picked":["Perfected Strike","Iron Wave"],"picked":"Rage","floor":4.0},{"not_picked":["Armaments","Heavy Blade"],"picked":"Carnage","floor":5.0},{"not_picked":["Perfected Strike","Carnage"],"picked":"Thunderclap","floor":7.0},{"not_picked":["Second Wind","Rupture"],"picked":"Shrug It Off","floor":10.0},{"not_picked":["Bloodletting","Pommel Strike"],"picked":"Barricade","floor":12.0},{"not_picked":["Clothesline","Heavy Blade"],"picked":"Warcry","floor":13.0},{"not_picked":["Feel No Pain","Inflame"],"picked":"Ghostly Armor","floor":14.0},{"not_picked":["Immolate","Dark Embrace"],"picked":"Feed","floor":16.0},{"not_picked":["Bloodletting","Clothesline"],"picked":"Warcry","floor":18},{"not_picked":["Cleave","Seeing Red"],"picked":"Anger","floor":19},{"not_picked":["Shockwave","Twin Strike"],"picked":"Flex","floor":20}],"player_experience":182907,"potions_floor_usage":[18,19,21],"damage_taken":[{"damage":7.0,"enemies":"2 Louse","floor":1.0,"turns":3.0},{"damage":1.0,"enemies":"Cultist","floor":3.0,"turns":4.0},{"damage":3.0,"enemies":"Small Slimes","floor":4.0,"turns":4.0},{"damage":2.0,"enemies":"Looter","floor":5.0,"turns":3.0},{"damage":4.0,"enemies":"Gremlin Gang","floor":7.0,"turns":6.0},{"damage":7.0,"enemies":"Lots of Slimes","floor":10.0,"turns":4.0},{"damage":2.0,"enemies":"Blue Slaver","floor":12.0,"turns":5.0},{"damage":6.0,"enemies":"3 Louse","floor":13.0,"turns":4.0},{"damage":0.0,"enemies":"Exordium Wildlife","floor":14.0,"turns":4.0},{"damage":31.0,"enemies":"The Guardian","floor":16.0,"turns":19.0},{"damage":34,"enemies":"Spheric Guardian","floor":18,"turns":9},{"damage":3,"enemies":"Chosen","floor":19,"turns":5},{"damage":17,"enemies":"Snecko","floor":20,"turns":6},{"damage":57,"enemies":"Slaver and Parasite","floor":21,"turns":3}],"event_choices":[{"event_name":"Shining Light","player_choice":"Entered Light","floor":2.0,"damage_taken":0.0},{"event_name":"Scrap Ooze","player_choice":"success","floor":6.0,"damage_taken":7.0}],"boss_relics":[],"potions_floor_spawned":[4,5,14,18],"seed_played":"-744195867516110957","killed_by":"Slaver and Parasite","ascension_level":0,"is_trial":false}