{"path_per_floor":["M","?","M","M","?","E","M","R","T","$","R"],"character_chosen":"THE_SILENT","items_purchased":[],"gold_per_floor":[109,79,90,106,106,135,152,152,152,152,152,152],"floor_reached":12,"campfire_rested":0,"playtime":290,"item_purchase_floors":[],"current_hp_per_floor":[63,63,63,63,63,11,7,7,7,7,7,0],"items_purged":[],"gold":152,"score":113,"play_id":"cd72c3b5-0aa7-443a-9be5-5087e4e8f5d2","local_time":"20180609155151","is_prod":false,"is_daily":false,"chose_seed":false,"is_ascension_mode":true,"campfire_upgraded":2,"win_rate":0,"timestamp":1528530711,"campfire_choices":[{"data":"Neutralize","floor":8,"key":"SMITH"},{"data":"Leg Sweep","floor":11,"key":"SMITH"}],"path_taken":["M","?","M","?","?","E","M","R","T","$","R","?"],"build_version":"2018-06-08","seed_source_timestamp":19787578956101,"purchased_purges":0,"victory":false,"master_deck":["Defend_G","Defend_G","Defend_G","Defend_G","Defend_G","Strike_G","Strike_G","Strike_G","Strike_G","Strike_G","Survivor","Neutralize+1","Leg Sweep+1","Dagger Throw","Endless Agony"],"max_hp_per_floor":[70,70,70,70,70,70,70,70,70,70,70,70],"relics":["Ring of the Snake","NeowsBlessing","Calipers","The Specimen"],"card_choices":[{"not_picked":["Deadly Poison","Eviscerate"],"picked":"Leg Sweep","floor":1},{"not_picked":["Malaise","Eviscerate"],"picked":"Dagger Throw","floor":3},{"not_picked":["Outmaneuver","Catalyst","Crippling Poison"],"picked":"SKIP","floor":4},{"not_picked":["Quick Slash","Underhanded Strike","Bane"],"picked":"SKIP","floor":6},{"not_picked":["Riddle With Holes","Flying Knee"],"picked":"Endless Agony","floor":7}],"player_experience":545508,"potions_floor_usage":[6,7,12,12],"damage_taken":[{"damage":0,"enemies":"2 Louse","floor":1,"turns":1},{"damage":0,"enemies":"Cultist","floor":3,"turns":1},{"damage":0,"enemies":"Jaw Worm","floor":4,"turns":1},{"damage":52,"enemies":"Lagavulin","floor":6,"turns":12},{"damage":4,"enemies":"Gremlin Gang","floor":7,"turns":9},{"damage":7,"enemies":"Large Slime","floor":12,"turns":3}],"relics_obtained":[{"floor":6,"key":"Calipers"},{"floor":9,"key":"The Specimen"}],"event_choices":[{"event_name":"The Woman in Blue","player_choice":"Bought 2 Potions","floor":2,"damage_taken":0},{"event_name":"Liars Game","player_choice":"disagreed","floor":5,"damage_taken":0}],"boss_relics":[],"items_purged_floors":[],"potions_floor_spawned":[1,7],"seed_played":"8674302368956752972","killed_by":"Large Slime","ascension_level":9,"potions_obtained":[{"floor":1,"key":"SteroidPotion"},{"floor":2,"key":"Dexterity Potion"},{"floor":2,"key":"GhostInAJar"},{"floor":7,"key":"LiquidBronze"}],"is_trial":false}