{"gold_per_floor":[114,39,39,51,66,66,94,114,114,127,127,159,159,169,169,246,246,263,274,274,274,290,290,308,326,326,353,353,386,102,113,113,189,189,209,562,588,588,605,633,156,176,203,219,252,252,266,282,282,282,282,282,282,22,50,50],"floor_reached":57,"playtime":3031,"items_purged":["Defend_B","Strike_B","Strike_B+1"],"score":3207,"play_id":"d52be3b3-08f5-43a5-addf-d1a27a1c3e3b","local_time":"20190419011709","is_ascension_mode":true,"campfire_choices":[{"data":"Dualcast","floor":6.0,"key":"SMITH"},{"data":"Zap","floor":11.0,"key":"SMITH"},{"data":"Capacitor","floor":13.0,"key":"SMITH"},{"data":"Darkness","floor":15.0,"key":"SMITH"},{"data":"Apotheosis","floor":23.0,"key":"SMITH"},{"data":"Seek","floor":28.0,"key":"SMITH"},{"floor":32.0,"key":"RECALL"}],"neow_cost":"TEN_PERCENT_HP_LOSS","seed_source_timestamp":43255542707836,"circlet_count":0,"master_deck":["AscendersBane","Defend_B","Defend_B+1","Defend_B","Zap+1","Dualcast+1","Tempest","Ball Lightning","Ball Lightning","Self Repair","Leap","Capacitor+1","Seek+1","Darkness+1","Electrodynamics","Loop","Stack","Conserve Battery","BootSequence","Ghostly","Ghostly","Apotheosis+1","Reboot","Stack","Chill+1","Skim","Conserve Battery+1","Heatsinks","White Noise+1","Transmutation+1","Steam Power+1","White Noise+1","Thunder Strike","Turbo+1","Loop","Biased Cognition","Turbo+1","Reinforced Body+1","Defragment","Static Discharge","Defragment","Defragment","Heatsinks","Heatsinks","Hologram+1","Hologram+1","Double Energy+1","Loop","Reboot+1","White Noise+1","Stack+1","Fission+1","Storm","Seek+1","Heatsinks"],"special_seed":0,"relics":["Cracked Core","Prayer Wheel","Gremlin Horn","Mercury Hourglass","Coffee Dripper","Mummified Hand","Toxic Egg 2","Boot","Fusion Hammer","Old Coin","The Courier","Regal Pillow","Kunai","DollysMirror"],"potions_floor_usage":[56],"damage_taken":[{"damage":0.0,"enemies":"2 Louse","floor":1.0,"turns":3.0},{"damage":0.0,"enemies":"Small Slimes","floor":4.0,"turns":2.0},{"damage":0.0,"enemies":"Cultist","floor":5.0,"turns":2.0},{"damage":27.0,"enemies":"Lagavulin","floor":7.0,"turns":6.0},{"damage":2.0,"enemies":"2 Fungi Beasts","floor":8.0,"turns":3.0},{"damage":6.0,"enemies":"Exordium Thugs","floor":10.0,"turns":3.0},{"damage":8.0,"enemies":"Gremlin Nob","floor":12.0,"turns":4.0},{"damage":4.0,"enemies":"Large Slime","floor":14.0,"turns":3.0},{"damage":11.0,"enemies":"The Guardian","floor":16.0,"turns":7.0},{"damage":24.0,"enemies":"Shell Parasite","floor":18.0,"turns":4.0},{"damage":0.0,"enemies":"Spheric Guardian","floor":19.0,"turns":3.0},{"damage":7.0,"enemies":"Centurion and Healer","floor":22.0,"turns":7.0},{"damage":14.0,"enemies":"Snake Plant","floor":24.0,"turns":4.0},{"damage":3.0,"enemies":"Chosen and Byrds","floor":25.0,"turns":4.0},{"damage":5.0,"enemies":"Gremlin Leader","floor":27.0,"turns":6.0},{"damage":6.0,"enemies":"Slavers","floor":29.0,"turns":2.0},{"damage":11.0,"enemies":"Snecko","floor":31.0,"turns":5.0},{"damage":0.0,"enemies":"Collector","floor":33.0,"turns":7.0},{"damage":0.0,"enemies":"3 Darklings","floor":35.0,"turns":2.0},{"damage":0.0,"enemies":"2 Orb Walkers","floor":36.0,"turns":3.0},{"damage":2.0,"enemies":"Orb Walker","floor":39.0,"turns":3.0},{"damage":0.0,"enemies":"Reptomancer","floor":40.0,"turns":4.0},{"damage":0.0,"enemies":"Spire Growth","floor":42.0,"turns":3.0},{"damage":0.0,"enemies":"Maw","floor":44.0,"turns":3.0},{"damage":0.0,"enemies":"Nemesis","floor":45.0,"turns":3.0},{"damage":7.0,"enemies":"Transient","floor":47.0,"turns":6.0},{"damage":8.0,"enemies":"Jaw Worm Horde","floor":48.0,"turns":4.0},{"damage":24.0,"enemies":"Time Eater","floor":50.0,"turns":6.0},{"damage":0.0,"enemies":"Awakened One","floor":51.0,"turns":3.0},{"damage":0.0,"enemies":"Shield and Spear","floor":55.0,"turns":2.0},{"damage":6,"enemies":"The Heart","floor":56,"turns":5}],"seed_played":"-7800534278388132374","potions_obtained":[{"floor":7.0,"key":"FocusPotion"},{"floor":8.0,"key":"Ancient Potion"},{"floor":10.0,"key":"SkillPotion"},{"floor":12.0,"key":"Poison Potion"},{"floor":22.0,"key":"EntropicBrew"},{"floor":27.0,"key":"AttackPotion"},{"floor":42.0,"key":"Energy Potion"},{"floor":55.0,"key":"LiquidBronze"}],"is_trial":false,"path_per_floor":["M","$","?","M","M","R","E","M","T","M","R","E","R","M","R","B",null,"M","M","?","?","M","R","M","M","T","E","R","E","$","M","R","B",null,"M","?","T","?","M","E","$","M","T","M","E","?","M","M","R","B","B",null,"R","$","E","B",null],"character_chosen":"DEFECT","items_purchased":["Transmutation+1","Defragment","Static Discharge","Defragment","Defragment","Heatsinks","Heatsinks","Hologram+1","DollysMirror","SkillPotion","Weak Potion"],"campfire_rested":0,"item_purchase_floors":[30,41,41,41,41,41,41,41,54,54,54],"current_hp_per_floor":[64,64,45,45,45,45,18,23,23,24,24,23,23,19,19,15,52,35,35,32,32,32,32,25,32,32,32,32,32,32,31,31,32,32,32,32,32,32,32,32,32,32,32,32,32,30,30,29,29,12,22,28,28,28,30,30],"gold":50,"neow_bonus":"REMOVE_TWO","is_prod":false,"is_daily":false,"chose_seed":false,"campfire_upgraded":6,"win_rate":0,"timestamp":1555607829,"path_taken":["M","$","?","M","M","R","E","M","T","M","R","E","R","M","R","BOSS","M","M","?","?","M","R","M","M","T","E","R","E","$","?","R","BOSS","M","?","?","?","M","E","$","M","T","?","E","?","M","M","R","BOSS","BOSS","R","$","E","BOSS"],"build_version":"2019-01-23","purchased_purges":3,"victory":true,"max_hp_per_floor":[64,64,64,64,64,64,64,64,64,64,64,64,64,64,64,64,64,64,64,32,32,32,32,32,32,32,32,32,32,32,32,32,32,32,32,32,32,32,32,32,32,32,32,32,32,30,30,30,30,30,30,30,30,30,30,30],"card_choices":[{"not_picked":["Gash","Hologram"],"picked":"Tempest","floor":1.0},{"not_picked":["Rebound","White Noise"],"picked":"Ball Lightning","floor":4.0},{"not_picked":["Beam Cell","Stack"],"picked":"Ball Lightning","floor":5.0},{"not_picked":["Go for the Eyes","Auto Shields"],"picked":"Self Repair","floor":7.0},{"not_picked":["Go for the Eyes","Chaos"],"picked":"Ball Lightning","floor":8.0},{"not_picked":["Reprogram","Conserve Battery"],"picked":"Leap","floor":8.0},{"not_picked":["Skim","Rip and Tear"],"picked":"Capacitor","floor":10.0},{"not_picked":["Compile Driver","Beam Cell","Gash"],"picked":"SKIP","floor":10.0},{"not_picked":["Streamline","Hello World","Lockon"],"picked":"SKIP","floor":12.0},{"not_picked":["Cold Snap","Ball Lightning"],"picked":"Seek","floor":14.0},{"not_picked":["Storm","Sweeping Beam"],"picked":"Darkness","floor":14.0},{"not_picked":["Creative AI","Machine Learning"],"picked":"Electrodynamics","floor":16.0},{"not_picked":["Gash","Steam"],"picked":"Loop","floor":18.0},{"not_picked":["Rebound","Redo"],"picked":"Stack","floor":18.0},{"not_picked":["Darkness","Gash+1"],"picked":"Conserve Battery","floor":19.0},{"not_picked":["Steam","Force Field"],"picked":"BootSequence","floor":19.0},{"not_picked":["Steam","Beam Cell+1"],"picked":"Reboot","floor":22.0},{"not_picked":["Leap","Streamline","Hello World"],"picked":"SKIP","floor":22.0},{"not_picked":["Hologram","Leap"],"picked":"Stack","floor":24.0},{"not_picked":["Fusion","Melter"],"picked":"Chill+1","floor":24.0},{"not_picked":["Coolheaded+1","Reinforced Body"],"picked":"Skim","floor":25.0},{"not_picked":["Steam+1","Compile Driver"],"picked":"Conserve Battery+1","floor":25.0},{"not_picked":["Streamline","Double Energy"],"picked":"Heatsinks","floor":27.0},{"not_picked":["Force Field+1","Undo+1"],"picked":"White Noise+1","floor":29.0},{"not_picked":["Aggregate+1","Steam+1"],"picked":"Steam Power+1","floor":31.0},{"not_picked":["Compile Driver+1","Turbo+1"],"picked":"White Noise+1","floor":31.0},{"not_picked":["Machine Learning","Hyperbeam"],"picked":"Thunder Strike","floor":33.0},{"not_picked":["Self Repair","Aggregate+1"],"picked":"Turbo+1","floor":35.0},{"not_picked":["Leap+1","Steam+1","Ball Lightning+1"],"picked":"SKIP","floor":35.0},{"not_picked":["Blizzard","Leap+1"],"picked":"Loop","floor":36.0},{"not_picked":["Doom and Gloom","Sweeping Beam"],"picked":"Biased Cognition","floor":39.0},{"not_picked":["Rip and Tear+1","Rebound"],"picked":"Turbo+1","floor":39.0},{"not_picked":["Force Field+1","Gash"],"picked":"Reinforced Body+1","floor":40.0},{"not_picked":["Lockon+1","Doom and Gloom"],"picked":"Hologram+1","floor":42.0},{"not_picked":["Sweeping Beam+1","Gash"],"picked":"Double Energy+1","floor":42.0},{"not_picked":["Rebound","Tempest+1"],"picked":"Loop","floor":44.0},{"not_picked":["Turbo+1","Blizzard"],"picked":"Reboot+1","floor":44.0},{"not_picked":["Conserve Battery+1","Heatsinks"],"picked":"White Noise+1","floor":45.0},{"not_picked":["Beam Cell","Static Discharge+1"],"picked":"Stack+1","floor":47.0},{"not_picked":["Steam+1","Go for the Eyes+1"],"picked":"Fission+1","floor":47.0},{"not_picked":["Ball Lightning+1","Stack+1"],"picked":"Storm","floor":48.0},{"not_picked":["Go for the Eyes","Sweeping Beam+1","Darkness+1"],"picked":"SKIP","floor":48.0},{"not_picked":["Blizzard","Steam+1"],"picked":"Heatsinks","floor":55.0}],"player_experience":4386082,"relics_obtained":[{"floor":7.0,"key":"Prayer Wheel"},{"floor":9.0,"key":"Gremlin Horn"},{"floor":12.0,"key":"Mercury Hourglass"},{"floor":26.0,"key":"Mummified Hand"},{"floor":27.0,"key":"Toxic Egg 2"},{"floor":29.0,"key":"Boot"},{"floor":36.0,"key":"Old Coin"},{"floor":40.0,"key":"The Courier"},{"floor":43.0,"key":"Regal Pillow"},{"floor":45.0,"key":"Kunai"}],"event_choices":[{"damage_healed":0.0,"max_hp_gain":0.0,"max_hp_loss":0.0,"gold_gain":0.0,"event_name":"Shining Light","player_choice":"Entered Light","floor":3.0,"gold_loss":0.0,"damage_taken":19.0,"cards_upgraded":["Strike_B","Defend_B"]},{"damage_healed":0.0,"max_hp_gain":0.0,"max_hp_loss":32.0,"gold_gain":0.0,"event_name":"Ghosts","player_choice":"Became a Ghost","floor":20.0,"gold_loss":0.0,"damage_taken":0.0,"cards_obtained":["Ghostly","Ghostly","Ghostly"]},{"damage_healed":0.0,"max_hp_gain":0.0,"max_hp_loss":0.0,"gold_gain":0.0,"cards_transformed":["Ghostly"],"event_name":"Transmorgrifier","player_choice":"Transformed","floor":21.0,"gold_loss":0.0,"damage_taken":0.0,"cards_obtained":["Apotheosis"]},{"damage_healed":0.0,"max_hp_gain":0.0,"max_hp_loss":0.0,"gold_gain":0.0,"event_name":"Mysterious Sphere","player_choice":"Fight","floor":36.0,"gold_loss":0.0,"damage_taken":0.0},{"cards_removed":["Ball Lightning"],"damage_healed":0.0,"max_hp_gain":0.0,"max_hp_loss":0.0,"gold_gain":0.0,"event_name":"Falling","player_choice":"Removed Attack","floor":38.0,"gold_loss":0.0,"damage_taken":0.0},{"damage_healed":0.0,"max_hp_gain":0.0,"max_hp_loss":2.0,"gold_gain":0.0,"event_name":"Winding Halls","player_choice":"Max HP","floor":46.0,"gold_loss":0.0,"damage_taken":0.0}],"is_beta":false,"boss_relics":[{"not_picked":["Sozu","Runic Dome"],"picked":"Coffee Dripper"},{"not_picked":["White Beast Statue","Tiny House"],"picked":"Fusion Hammer"}],"items_purged_floors":[2,30,41],"is_endless":false,"potions_floor_spawned":[7,8,10,12,22,27,29,33,36,39,42,47,55],"ascension_level":20}