{"gold_per_floor":[115,115,72,44,44,44,72,72,140,167,179,193,193,118,118,118],"floor_reached":16,"playtime":336,"items_purged":["Strike_G"],"score":312,"play_id":"abb8f5b2-88ea-4dae-ba6e-56e7b25092d0","local_time":"20181124234001","is_ascension_mode":true,"campfire_choices":[{"data":"Acrobatics","floor":6,"key":"SMITH"},{"data":"Neutralize","floor":8,"key":"SMITH"},{"data":"Masterful Stab","floor":13,"key":"SMITH"},{"data":"Prepared","floor":15,"key":"SMITH"}],"neow_cost":"NONE","seed_source_timestamp":17099827487858,"circlet_count":0,"master_deck":["AscendersBane","Defend_G","Defend_G","Defend_G","Defend_G","Defend_G","Strike_G","Strike_G","Strike_G","Survivor","Neutralize+1","Acrobatics","Masterful Stab+1","Acrobatics+1","Prepared+1"],"relics":["Ring of the Snake","NeowsBlessing","Bottled Lightning","Pear","Ancient Tea Set"],"potions_floor_usage":[16,16],"damage_taken":[{"damage":0,"enemies":"2 Louse","floor":1,"turns":1},{"damage":0,"enemies":"Gremlin Nob","floor":7,"turns":1},{"damage":0,"enemies":"Lagavulin","floor":10,"turns":1},{"damage":0,"enemies":"Cultist","floor":11,"turns":4},{"damage":4,"enemies":"Jaw Worm","floor":12,"turns":5},{"damage":26,"enemies":"Slime Boss","floor":16,"turns":9}],"seed_played":"790222710218462926","potions_obtained":[{"floor":5,"key":"Dexterity Potion"},{"floor":5,"key":"GamblersBrew"},{"floor":10,"key":"PowerPotion"},{"floor":12,"key":"Fire Potion"}],"is_trial":false,"path_per_floor":["M","?","$","$","?","R","E","R","T","E","M","M","R","$","R","B"],"character_chosen":"THE_SILENT","items_purchased":["Masterful Stab","Acrobatics"],"campfire_rested":0,"item_purchase_floors":[3,4],"current_hp_per_floor":[59,59,59,59,59,59,59,59,69,69,69,65,65,65,65,39],"gold":118,"neow_bonus":"THREE_ENEMY_KILL","is_prod":false,"is_daily":false,"chose_seed":false,"campfire_upgraded":4,"win_rate":0,"timestamp":1543074001,"path_taken":["M","?","?","$","?","R","E","R","T","E","?","?","R","$","R","BOSS"],"build_version":"2018-11-15","purchased_purges":1,"victory":false,"max_hp_per_floor":[66,66,66,66,66,66,66,66,76,76,76,76,76,76,76,76],"card_choices":[{"not_picked":["Dagger Spray","Underhanded Strike"],"picked":"Acrobatics","floor":1},{"not_picked":["Footwork","Noxious Fumes"],"picked":"Prepared","floor":7},{"not_picked":["All Out Attack","Caltrops","Blade Dance"],"picked":"SKIP","floor":10},{"not_picked":["Deflect","PiercingWail","Skewer"],"picked":"SKIP","floor":11},{"not_picked":["Dagger Throw","Deadly Poison","Masterful Stab"],"picked":"SKIP","floor":12}],"player_experience":1154767,"relics_obtained":[{"floor":7,"key":"Bottled Lightning"},{"floor":9,"key":"Pear"},{"floor":10,"key":"Ancient Tea Set"}],"event_choices":[{"cards_removed":["Strike_G"],"damage_healed":0,"gold_gain":0,"player_choice":"Purged","damage_taken":0,"max_hp_gain":0,"max_hp_loss":0,"event_name":"Purifier","floor":2,"gold_loss":0},{"damage_healed":0,"gold_gain":0,"player_choice":"Got Potions","damage_taken":0,"max_hp_gain":0,"max_hp_loss":0,"event_name":"Lab","floor":5,"gold_loss":0}],"is_beta":true,"boss_relics":[],"items_purged_floors":[14],"is_endless":false,"potions_floor_spawned":[7,10,12],"killed_by":"Slime Boss","ascension_level":20}