{"gold_per_floor":[118,118,118,58,75,75,105,30,30,30,44,70,85,85,85,162,162,181,181,195,120,120,120,20,53,53,53,72,72,72,91,91,91],"floor_reached":33,"playtime":1030,"items_purged":["Strike_R","Defend_R"],"score":567,"play_id":"9b3c36b4-0a6e-4c80-9d10-c3350217a330","local_time":"20180924131324","is_ascension_mode":true,"campfire_choices":[{"data":"Body Slam","floor":6.0,"key":"SMITH"},{"data":"Flex","floor":10.0,"key":"SMITH"},{"floor":15.0,"key":"REST"},{"floor":23,"key":"REST"},{"data":"Body Slam","floor":30,"key":"SMITH"},{"floor":32,"key":"REST"}],"neow_cost":"NONE","seed_source_timestamp":261046719933366,"circlet_count":0,"master_deck":["Strike_R","Defend_R","Defend_R","Bash","AscendersBane","Thunderclap","Shrug It Off","Flex+1","Body Slam+1","Sword Boomerang","Shrug It Off","Body Slam+1","Immolate","Flame Barrier","Shockwave","Shame","Rampage"],"special_seed":0,"relics":["Runic Pyramid","Gremlin Horn","Mango","Darkstone Periapt","Mummified Hand","Kunai","Empty Cage","MutagenicStrength","Torii","WingedGreaves","Matryoshka"],"potions_floor_usage":[31,33],"damage_taken":[{"damage":4.0,"enemies":"Jaw Worm","floor":1.0,"turns":5.0},{"damage":0.0,"enemies":"Cultist","floor":5.0,"turns":3.0},{"damage":33.0,"enemies":"Gremlin Nob","floor":7.0,"turns":4.0},{"damage":0.0,"enemies":"2 Louse","floor":11.0,"turns":1.0},{"damage":17.0,"enemies":"Lagavulin","floor":12.0,"turns":6.0},{"damage":0.0,"enemies":"Blue Slaver","floor":13.0,"turns":4.0},{"damage":24.0,"enemies":"The Guardian","floor":16.0,"turns":10.0},{"damage":40,"enemies":"Spheric Guardian","floor":18,"turns":6},{"damage":20,"enemies":"Shell Parasite","floor":20,"turns":7},{"damage":11,"enemies":"Gremlin Leader","floor":25,"turns":4},{"damage":7,"enemies":"Centurion and Healer","floor":28,"turns":8},{"damage":12,"enemies":"Cultist and Chosen","floor":31,"turns":6},{"damage":72,"enemies":"Collector","floor":33,"turns":7}],"seed_played":"-9088764929503983427","potions_obtained":[{"floor":1.0,"key":"AttackPotion"},{"floor":12.0,"key":"Block Potion"},{"floor":28,"key":"SkillPotion"},{"floor":31,"key":"Dexterity Potion"}],"is_trial":false,"path_per_floor":["M","?","?","$","M","R","E","?","T","R","M","E","M","T","R","B",null,"M","?","M","$","?","R","$","E","T","?","M","?","R","M","R"],"character_chosen":"IRONCLAD","items_purchased":["Flex"],"campfire_rested":3,"item_purchase_floors":[4],"current_hp_per_floor":[64,64,53,53,53,53,34,34,34,34,34,17,17,17,43,19,72,32,32,12,12,12,38,38,27,27,45,38,44,44,32,60,0],"gold":91,"neow_bonus":"BOSS_RELIC","is_prod":false,"is_daily":false,"chose_seed":false,"campfire_upgraded":3,"win_rate":0,"timestamp":1537766004,"path_taken":["M","?","?","$","M","R","E","?","T","R","M","E","?","?","R","BOSS","M","?","?","$","?","R","$","E","T","?","?","?","R","M","R","BOSS"],"build_version":"2018-09-20","purchased_purges":2,"victory":false,"max_hp_per_floor":[75,75,75,75,75,75,89,89,89,89,89,89,89,89,89,89,89,89,89,89,89,89,89,89,89,89,89,89,95,95,95,95,95],"card_choices":[{"not_picked":["Clothesline","Clash"],"picked":"Thunderclap","floor":1.0},{"not_picked":["Feel No Pain","Clothesline"],"picked":"Body Slam","floor":5.0},{"not_picked":["Armaments","Clothesline"],"picked":"Sword Boomerang","floor":7.0},{"not_picked":["Blood for Blood","Dual Wield","Iron Wave"],"picked":"SKIP","floor":11.0},{"not_picked":["Carnage","Fire Breathing"],"picked":"Shrug It Off","floor":12.0},{"not_picked":["Feel No Pain","Clothesline"],"picked":"Body Slam","floor":13.0},{"not_picked":["Brutality","Fiend Fire"],"picked":"Immolate","floor":16.0},{"not_picked":["Wild Strike","Twin Strike"],"picked":"Flame Barrier","floor":18},{"not_picked":["Wild Strike","Warcry"],"picked":"Shockwave","floor":20},{"not_picked":["Entrench","Corruption","Warcry"],"picked":"SKIP","floor":25},{"not_picked":["True Grit","Flex","Pommel Strike"],"picked":"SKIP","floor":28},{"not_picked":["Seeing Red","Clash"],"picked":"Rampage","floor":31}],"player_experience":122026,"relics_obtained":[{"floor":7.0,"key":"Mango"},{"floor":9.0,"key":"Darkstone Periapt"},{"floor":12.0,"key":"Mummified Hand"},{"floor":14.0,"key":"Kunai"},{"floor":25,"key":"Torii"},{"floor":26,"key":"WingedGreaves"}],"event_choices":[{"event_name":"Transmorgrifier","player_choice":"Transform","floor":2.0,"damage_taken":0.0},{"event_name":"Scrap Ooze","player_choice":"success","floor":3.0,"damage_taken":11.0},{"event_name":"The Cleric","player_choice":"Card Removal","floor":8.0,"damage_taken":0.0},{"event_name":"Cursed Tome","player_choice":"Ignored","floor":19,"damage_taken":0},{"event_name":"Drug Dealer","player_choice":"Inject Mutagens","floor":22,"damage_taken":0},{"event_name":"The Library","player_choice":"Heal","floor":27,"damage_taken":0},{"event_name":"Addict","player_choice":"Stole Relic","floor":29,"damage_taken":0}],"is_beta":false,"boss_relics":[{"not_picked":["Pandora\u0027s Box","Lizard Tail"],"picked":"Empty Cage"}],"items_purged_floors":[21,24],"is_endless":false,"potions_floor_spawned":[1,12,28,31],"killed_by":"Collector","ascension_level":20}