{"gold_per_floor":[109,119,119,33,33,49,81,81,81,114,114,124,142,157,157,229,229,248,173,73,73,73,107,28,28],"floor_reached":25,"playtime":914,"items_purged":["Strike_B","Strike_B"],"score":558,"play_id":"b5302705-6613-4415-8774-475af088f9bc","local_time":"20181119173511","is_ascension_mode":true,"campfire_choices":[{"data":"Consume","floor":8,"key":"SMITH"},{"data":"Buffer","floor":11,"key":"SMITH"},{"data":"Capacitor","floor":15,"key":"SMITH"}],"neow_cost":"NONE","seed_source_timestamp":1665167183746216,"circlet_count":0,"master_deck":["AscendersBane","Defend_B","Defend_B","Defend_B","Zap","Dualcast","Buffer+1","Coolheaded","Capacitor+1","Consume+1","Defragment","Creative AI","Fission","Beam Cell","Blizzard","Defragment"],"relics":["Cracked Core","Bird Faced Urn","Pocketwatch","Shuriken","Incense Burner","Sozu","Singing Bowl"],"potions_floor_usage":[23,23],"damage_taken":[{"damage":8,"enemies":"2 Louse","floor":1,"turns":3},{"damage":5,"enemies":"Jaw Worm","floor":2,"turns":5},{"damage":1,"enemies":"Cultist","floor":6,"turns":4},{"damage":16,"enemies":"Lagavulin","floor":7,"turns":10},{"damage":8,"enemies":"Gremlin Nob","floor":10,"turns":4},{"damage":10,"enemies":"2 Fungi Beasts","floor":12,"turns":5},{"damage":1,"enemies":"Large Slime","floor":13,"turns":5},{"damage":14,"enemies":"Exordium Wildlife","floor":14,"turns":6},{"damage":0,"enemies":"The Guardian","floor":16,"turns":11},{"damage":0,"enemies":"Chosen","floor":18,"turns":5},{"damage":33,"enemies":"Book of Stabbing","floor":23,"turns":7},{"damage":34,"enemies":"Slavers","floor":25,"turns":1}],"seed_played":"200111358396361980","potions_obtained":[{"floor":7,"key":"Weak Potion"},{"floor":10,"key":"Weak Potion"}],"is_trial":false,"path_per_floor":["M","M","?","$","?","M","E","R","T","E","R","M","M","M","R","B",null,"M","$","$","?","?","E","$","E"],"character_chosen":"DEFECT","items_purchased":["Capacitor","Defragment"],"campfire_rested":0,"item_purchase_floors":[4,24],"current_hp_per_floor":[56,51,40,40,40,41,29,29,29,25,25,19,24,16,16,22,59,67,67,67,67,47,32,32,0],"gold":28,"neow_bonus":"ONE_RANDOM_RARE_CARD","is_prod":false,"is_daily":false,"chose_seed":false,"campfire_upgraded":3,"win_rate":0,"timestamp":1542620111,"path_taken":["M","M","?","$","?","M","E","R","T","E","R","M","M","M","R","BOSS","M","?","$","?","?","E","$","E"],"build_version":"2018-11-15","purchased_purges":2,"victory":false,"max_hp_per_floor":[71,71,71,71,71,71,71,71,71,71,71,71,71,71,71,71,71,71,71,71,71,76,76,76,76],"card_choices":[{"not_picked":["Conserve Battery","Chaos"],"picked":"Coolheaded","floor":1},{"not_picked":["Genetic Algorithm","Go for the Eyes","Stack"],"picked":"SKIP","floor":2},{"not_picked":["Ball Lightning","Undo"],"picked":"Consume","floor":6},{"not_picked":["Rebound","Coolheaded","Melter"],"picked":"SKIP","floor":7},{"not_picked":["Barrage","Scrape","Force Field"],"picked":"SKIP","floor":10},{"not_picked":["Redo","Static Discharge"],"picked":"Defragment","floor":12},{"not_picked":["Go for the Eyes","Auto Shields","Fusion"],"picked":"SKIP","floor":13},{"not_picked":["White Noise","Reinforced Body","Stack"],"picked":"SKIP","floor":14},{"not_picked":["Machine Learning","Buffer"],"picked":"Creative AI","floor":16},{"not_picked":["Beam Cell","Static Discharge","Sweeping Beam"],"picked":"SKIP","floor":18},{"not_picked":["Defragment","Rebound"],"picked":"Blizzard","floor":23}],"player_experience":556820,"relics_obtained":[{"floor":7,"key":"Pocketwatch"},{"floor":9,"key":"Shuriken"},{"floor":10,"key":"Incense Burner"},{"floor":23,"key":"Singing Bowl"}],"event_choices":[{"damage_healed":0,"gold_gain":0,"player_choice":"Success","damage_taken":11,"relics_obtained":["Bird Faced Urn"],"max_hp_gain":0,"max_hp_loss":0,"event_name":"Scrap Ooze","floor":3,"gold_loss":0},{"cards_removed":["Strike_B"],"damage_healed":0,"gold_gain":0,"player_choice":"Offered Basic","damage_taken":0,"max_hp_gain":0,"max_hp_loss":0,"event_name":"Bonfire Elementals","floor":5,"gold_loss":0},{"damage_healed":0,"gold_gain":0,"cards_transformed":["Defend_B","Strike_B"],"player_choice":"Became Test Subject","damage_taken":0,"max_hp_gain":0,"max_hp_loss":0,"event_name":"Drug Dealer","floor":21,"gold_loss":0,"cards_obtained":["Fission","Beam Cell"]},{"damage_healed":0,"gold_gain":0,"player_choice":"Shed Blood","damage_taken":25,"max_hp_gain":5,"max_hp_loss":0,"event_name":"Forgotten Altar","floor":22,"gold_loss":0}],"is_beta":true,"boss_relics":[{"not_picked":["Runic Dome","Philosopher\u0027s Stone"],"picked":"Sozu"}],"items_purged_floors":[19,20],"is_endless":false,"potions_floor_spawned":[7,10,12,13,16,18],"killed_by":"Slavers","ascension_level":20}