{"gold_per_floor":[117,131,131,206,218,218,247,247,247,262,262,287,287,298,298,376,376,396,412,86,11,28,28,28,28,28,28,28,28,42,3,3,81,81,92,104,104,121,137,137,137,137,137,153,153,53,53,63,63,63,63,63,63,63,93,93],"floor_reached":56,"playtime":3763,"items_purged":["Strike_B","Decay"],"score":2135,"play_id":"a1dbba58-fe7e-49f5-aa47-855c548cb818","local_time":"20190107000746","is_ascension_mode":true,"campfire_choices":[{"data":"Defragment","floor":6.0,"key":"SMITH"},{"data":"Coolheaded","floor":8.0,"key":"SMITH"},{"data":"Hologram","floor":11.0,"key":"SMITH"},{"floor":13.0,"key":"REST"},{"data":"Streamline","floor":15.0,"key":"SMITH"},{"data":"Defragment","floor":23.0,"key":"SMITH"},{"data":"Loop","floor":29.0,"key":"SMITH"},{"data":"Defragment","floor":32.0,"key":"SMITH"},{"data":"Capacitor","floor":40.0,"key":"SMITH"},{"data":"Hologram","floor":42.0,"key":"SMITH"},{"floor":49.0,"key":"RECALL"},{"data":"Coolheaded","floor":53.0,"key":"SMITH"}],"neow_cost":"NONE","seed_source_timestamp":41805714037609,"circlet_count":0,"master_deck":["AscendersBane","Strike_B","Defend_B","Defend_B","Defend_B","Defend_B","Zap","Dualcast","Coolheaded+1","Defragment+1","Ball Lightning","Reboot","Hologram+1","Streamline+1","Genetic Algorithm","Core Surge","Loop+1","Coolheaded+1","Capacitor+1","Defragment+1","Ghostly","Ghostly","Ghostly","Defragment+1","Defragment+1","Core Surge","Hologram+1","Stack+1","Parasite","Coolheaded","Glacier","Echo Form","Undo+1"],"special_seed":0,"relics":["Cracked Core","NeowsBlessing","Question Card","Potion Belt","FossilizedHelix","Sozu","DataDisk","Coffee Dripper","Ginger","Toxic Egg 2","Letter Opener"],"potions_floor_usage":[56,56],"damage_taken":[{"damage":0.0,"enemies":"2 Louse","floor":1.0,"turns":1.0},{"damage":0.0,"enemies":"Jaw Worm","floor":2.0,"turns":1.0},{"damage":0.0,"enemies":"Small Slimes","floor":5.0,"turns":1.0},{"damage":12.0,"enemies":"Lagavulin","floor":7.0,"turns":5.0},{"damage":2.0,"enemies":"2 Fungi Beasts","floor":10.0,"turns":3.0},{"damage":28.0,"enemies":"Gremlin Nob","floor":12.0,"turns":4.0},{"damage":0.0,"enemies":"Blue Slaver","floor":14.0,"turns":4.0},{"damage":0.0,"enemies":"Slime Boss","floor":16.0,"turns":4.0},{"damage":0.0,"enemies":"Chosen","floor":18.0,"turns":6.0},{"damage":0.0,"enemies":"Spheric Guardian","floor":19.0,"turns":6.0},{"damage":25.0,"enemies":"3 Cultists","floor":22.0,"turns":5.0},{"damage":0.0,"enemies":"Snecko","floor":30.0,"turns":5.0},{"damage":0.0,"enemies":"Collector","floor":33.0,"turns":9.0},{"damage":0.0,"enemies":"Orb Walker","floor":35.0,"turns":3.0},{"damage":0.0,"enemies":"3 Shapes","floor":36.0,"turns":5.0},{"damage":0.0,"enemies":"Writhing Mass","floor":38.0,"turns":6.0},{"damage":0.0,"enemies":"Transient","floor":39.0,"turns":6.0},{"damage":0.0,"enemies":"Sphere and 2 Shapes","floor":44.0,"turns":6.0},{"damage":0.0,"enemies":"Jaw Worm Horde","floor":48.0,"turns":6.0},{"damage":21.0,"enemies":"Awakened One","floor":50.0,"turns":20.0},{"damage":0.0,"enemies":"Time Eater","floor":51.0,"turns":14.0},{"damage":0.0,"enemies":"Shield and Spear","floor":55.0,"turns":20.0},{"damage":4,"enemies":"The Heart","floor":56,"turns":15}],"seed_played":"-565340901866451979","potions_obtained":[{"floor":2.0,"key":"SpeedPotion"},{"floor":5.0,"key":"LiquidBronze"},{"floor":12.0,"key":"GamblersBrew"},{"floor":14.0,"key":"Fire Potion"}],"is_trial":false,"path_per_floor":["M","M","?","?","M","R","E","R","T","M","R","E","R","M","R","B",null,"M","M","$","?","M","R","?","?","T","$","?","R","M","$","R","B",null,"M","M","?","M","M","R","T","R","T","M","?","$","?","M","R","B","B",null,"R","$","E","B"],"character_chosen":"DEFECT","items_purchased":["DataDisk","Capacitor","Defragment"],"campfire_rested":1,"item_purchase_floors":[20,20,31],"current_hp_per_floor":[64,64,57,46,46,46,34,34,34,32,32,4,25,25,25,25,60,60,60,60,60,35,35,35,35,35,35,35,35,35,35,35,35,35,35,35,35,35,35,35,35,35,35,35,35,35,35,35,35,14,14,30,30,30,30,26],"gold":93,"neow_bonus":"THREE_ENEMY_KILL","is_prod":false,"is_daily":false,"chose_seed":false,"campfire_upgraded":10,"win_rate":0,"timestamp":1546790866,"path_taken":["M","M","?","?","M","R","E","R","T","M","R","E","R","M","R","BOSS","M","M","$","?","M","R","?","?","T","?","?","R","?","$","R","BOSS","M","M","?","?","M","R","?","R","T","?","?","$","?","M","R","BOSS","BOSS","R","$","E","BOSS"],"build_version":"2019-01-03v4","purchased_purges":2,"victory":false,"max_hp_per_floor":[71,71,71,71,71,71,71,71,71,71,71,71,71,71,71,71,71,71,71,71,71,71,71,71,35,35,35,35,35,35,35,35,35,35,35,35,35,35,35,35,35,35,35,35,35,35,35,35,35,35,35,35,35,35,35,35],"card_choices":[{"not_picked":["Reprogram","Heatsinks"],"picked":"Coolheaded","floor":1.0},{"not_picked":["Genetic Algorithm","Turbo"],"picked":"Defragment","floor":2.0},{"not_picked":["Force Field","Steam"],"picked":"Ball Lightning","floor":5.0},{"not_picked":["Doom and Gloom","Hologram"],"picked":"Reboot","floor":7.0},{"not_picked":["Leap","Beam Cell","Go for the Eyes"],"picked":"Hologram","floor":10.0},{"not_picked":["Rebound","Beam Cell","Stack"],"picked":"Streamline","floor":12.0},{"not_picked":["Melter","Beam Cell","Thunder Strike"],"picked":"Genetic Algorithm","floor":14.0},{"not_picked":["All For One","Creative AI","Thunder Strike"],"picked":"Core Surge","floor":16.0},{"not_picked":["Consume","BootSequence","Blizzard"],"picked":"Loop","floor":18.0},{"not_picked":["Sweeping Beam","Cold Snap","Rebound"],"picked":"Coolheaded","floor":19.0},{"not_picked":["Compile Driver","White Noise","Blizzard"],"picked":"Defragment","floor":22.0},{"not_picked":["Barrage","Coolheaded","Rebound"],"picked":"Defragment","floor":30.0},{"not_picked":["Machine Learning","Multi-Cast","Seek"],"picked":"Core Surge","floor":33.0},{"not_picked":["Compile Driver+1","Leap","Stack"],"picked":"Hologram","floor":35.0},{"not_picked":["Hyperbeam","Redo+1","Stack+1","Gash"],"picked":"SKIP","floor":36.0},{"not_picked":["Hyperbeam","Redo+1","Gash"],"picked":"Stack+1","floor":36.0},{"not_picked":["Scrape","Gash","Leap"],"picked":"Coolheaded","floor":38.0},{"not_picked":["Sweeping Beam","Turbo","White Noise"],"picked":"Glacier","floor":39.0},{"not_picked":["FTL","Ball Lightning","Turbo+1","Streamline"],"picked":"SKIP","floor":44.0},{"not_picked":["Turbo+1","Double Energy+1","Streamline"],"picked":"Undo+1","floor":48.0},{"not_picked":["Lockon","FTL+1","Beam Cell","Chill+1"],"picked":"SKIP","floor":55.0}],"player_experience":1801012,"relics_obtained":[{"floor":7.0,"key":"Question Card"},{"floor":9.0,"key":"Potion Belt"},{"floor":12.0,"key":"FossilizedHelix"},{"floor":41.0,"key":"Ginger"},{"floor":43.0,"key":"Toxic Egg 2"},{"floor":55.0,"key":"Letter Opener"}],"event_choices":[{"cards_removed":["Strike_B"],"damage_healed":0.0,"max_hp_gain":0.0,"max_hp_loss":0.0,"gold_gain":0.0,"event_name":"Golden Wing","player_choice":"Card Removal","floor":3.0,"gold_loss":0.0,"damage_taken":7.0},{"damage_healed":0.0,"max_hp_gain":0.0,"max_hp_loss":0.0,"gold_gain":75.0,"event_name":"World of Goop","player_choice":"Gather Gold","floor":4.0,"gold_loss":0.0,"damage_taken":11.0},{"cards_removed":["Strike_B"],"damage_healed":0.0,"max_hp_gain":0.0,"max_hp_loss":0.0,"gold_gain":0.0,"event_name":"Beggar","player_choice":"Gave Gold","floor":21.0,"gold_loss":75.0,"damage_taken":0.0},{"damage_healed":0.0,"max_hp_gain":0.0,"max_hp_loss":0.0,"gold_gain":0.0,"event_name":"Forgotten Altar","player_choice":"Smashed Altar","floor":24.0,"gold_loss":0.0,"damage_taken":0.0,"cards_obtained":["Decay"]},{"damage_healed":0.0,"max_hp_gain":0.0,"max_hp_loss":36.0,"gold_gain":0.0,"event_name":"Ghosts","player_choice":"Became a Ghost","floor":25.0,"gold_loss":0.0,"damage_taken":0.0,"cards_obtained":["Ghostly","Ghostly","Ghostly"]},{"damage_healed":0.0,"max_hp_gain":0.0,"max_hp_loss":0.0,"gold_gain":0.0,"event_name":"Vampires","player_choice":"Ignored","floor":28.0,"gold_loss":0.0,"damage_taken":0.0},{"damage_healed":0.0,"max_hp_gain":0.0,"max_hp_loss":0.0,"gold_gain":0.0,"event_name":"Accursed Blacksmith","player_choice":"Forge","floor":37.0,"gold_loss":0.0,"damage_taken":0.0,"cards_upgraded":["Defragment"]},{"damage_healed":0.0,"max_hp_gain":0.0,"max_hp_loss":0.0,"gold_gain":0.0,"event_name":"Tomb of Lord Red Mask","player_choice":"Ignored","floor":45.0,"gold_loss":0.0,"damage_taken":0.0},{"damage_healed":0.0,"max_hp_gain":0.0,"max_hp_loss":0.0,"gold_gain":0.0,"event_name":"Match and Keep!","player_choice":"1 cards matched","floor":47.0,"gold_loss":0.0,"damage_taken":0.0,"cards_obtained":["Echo Form"]}],"is_beta":false,"boss_relics":[{"not_picked":["Black Star","FrozenCore"],"picked":"Sozu"},{"not_picked":["Velvet Choker","White Beast Statue"],"picked":"Coffee Dripper"}],"items_purged_floors":[20,46],"is_endless":false,"potions_floor_spawned":[2,5,12,14,19,33,35,36,44],"killed_by":"The Heart","ascension_level":20}