{"gold_per_floor":[115,127,127,137,63,63,83,83,83,116,116,133,145,163,163,267,267,277,327,340,350,126,151,167,167,167,80,130,130,142,158,158,260,260,278,178,228,243,312,312,322,332,359,375,250,300,300,360,360,360],"floor_reached":51,"playtime":3279,"items_purged":["Strike_G","Outmaneuver","Bane+1"],"score":650,"play_id":"bf3bb1e0-a602-480e-9c4b-34519fb1c342","local_time":"20181022170056","is_ascension_mode":false,"campfire_choices":[{"data":"Deadly Poison","floor":6.0,"key":"SMITH"},{"data":"Neutralize","floor":8.0,"key":"SMITH"},{"data":"Poisoned Stab","floor":11.0,"key":"SMITH"},{"data":"Night Terror","floor":15.0,"key":"SMITH"},{"data":"Setup","floor":25,"key":"SMITH"},{"data":"Forethought","floor":29,"key":"SMITH"},{"data":"Night Terror","floor":32,"key":"SMITH"},{"data":"Night Terror","floor":40,"key":"SMITH"},{"data":"Purity","floor":47,"key":"SMITH"},{"floor":49,"key":"REST"}],"neow_cost":"TEN_PERCENT_HP_LOSS","seed_source_timestamp":30405782233110,"circlet_count":0,"master_deck":["Survivor","Neutralize+1","Poisoned Stab+1","Deadly Poison+1","Dash","Footwork","Night Terror+1","Dodge and Roll","Backstab","Wraith Form v2","Setup+1","Night Terror+1","Corpse Explosion","Deflect+1","Forethought+1","Night Terror+1","Footwork","Escape Plan","Footwork","Quick Slash+1","Deadly Poison","Quick Slash+1","Poisoned Stab","Purity+1","Enlightenment","Forethought"],"special_seed":0,"relics":["Ring of the Snake","Bird Faced Urn","SsserpentHead","Meat on the Bone","Boot","Runic Pyramid","Sundial","Omamori","Pandora\u0027s Box","Strawberry"],"potions_floor_usage":[35,50,50,50],"damage_taken":[{"damage":3.0,"enemies":"Jaw Worm","floor":1.0,"turns":6.0},{"damage":0.0,"enemies":"Cultist","floor":2.0,"turns":3.0},{"damage":2.0,"enemies":"Small Slimes","floor":4.0,"turns":4.0},{"damage":0.0,"enemies":"Blue Slaver","floor":7.0,"turns":5.0},{"damage":15.0,"enemies":"3 Sentries","floor":10.0,"turns":9.0},{"damage":4.0,"enemies":"Exordium Wildlife","floor":12.0,"turns":4.0},{"damage":1.0,"enemies":"3 Louse","floor":13.0,"turns":3.0},{"damage":0.0,"enemies":"Looter","floor":14.0,"turns":3.0},{"damage":33.0,"enemies":"The Guardian","floor":16.0,"turns":10.0},{"damage":2.0,"enemies":"Spheric Guardian","floor":18.0,"turns":7.0},{"damage":33,"enemies":"Colosseum Slavers","floor":19,"turns":9},{"damage":0,"enemies":"Shell Parasite","floor":20,"turns":8},{"damage":25,"enemies":"3 Cultists","floor":21,"turns":13},{"damage":48,"enemies":"Gremlin Leader","floor":23,"turns":17},{"damage":6,"enemies":"Centurion and Healer","floor":24,"turns":18},{"damage":17,"enemies":"Sentry and Sphere","floor":30,"turns":12},{"damage":2,"enemies":"3 Cultists","floor":31,"turns":4},{"damage":60,"enemies":"Collector","floor":33,"turns":15},{"damage":0,"enemies":"3 Darklings","floor":35,"turns":2},{"damage":9,"enemies":"Orb Walker","floor":38,"turns":5},{"damage":20,"enemies":"Jaw Worm Horde","floor":39,"turns":6},{"damage":11,"enemies":"Transient","floor":41,"turns":5},{"damage":45,"enemies":"Spire Growth","floor":42,"turns":9},{"damage":27,"enemies":"Writhing Mass","floor":44,"turns":12},{"damage":10,"enemies":"3 Darklings","floor":48,"turns":3},{"damage":42,"enemies":"Time Eater","floor":50,"turns":23}],"seed_played":"-1668860358697039080","potions_obtained":[{"floor":2.0,"key":"PowerPotion"},{"floor":10.0,"key":"Ancient Potion"},{"floor":12.0,"key":"SteroidPotion"},{"floor":38,"key":"LiquidBronze"}],"is_trial":false,"path_per_floor":["M","M","?","M","$","R","M","R","T","E","R","M","M","M","R","B",null,"M","?","M","M","$","E","M","R","T","$","?","R","M","M","R","B",null,"M","$","?","M","M","R","M","M","T","M","$","?","R","M","R","B"],"character_chosen":"THE_SILENT","items_purchased":["Footwork","Night Terror","Forethought"],"campfire_rested":1,"item_purchase_floors":[5,22,27],"current_hp_per_floor":[60,60,60,58,58,58,60,60,60,47,47,45,46,48,48,35,63,61,42,44,41,41,19,47,47,47,47,36,36,68,66,66,66,68,68,68,65,56,44,44,45,28,35,54,54,44,44,40,61,67],"gold":360,"neow_bonus":"ONE_RARE_RELIC","is_prod":false,"is_daily":false,"chose_seed":false,"campfire_upgraded":9,"win_rate":0,"timestamp":1540198856,"path_taken":["M","M","?","M","$","R","M","R","T","E","R","M","M","M","R","BOSS","M","?","M","M","$","E","M","R","T","$","?","R","M","M","R","BOSS","M","$","?","M","?","R","M","M","T","M","$","?","R","?","R","BOSS"],"build_version":"2018-10-18","purchased_purges":3,"victory":true,"max_hp_per_floor":[63,63,63,63,63,63,63,63,63,63,63,63,63,63,63,63,63,63,63,63,63,63,63,63,63,63,63,68,68,68,68,68,68,68,68,68,65,65,65,65,65,65,72,72,72,72,72,72,72,72],"card_choices":[{"not_picked":["Underhanded Strike","Riddle With Holes"],"picked":"Poisoned Stab","floor":1.0},{"not_picked":["Skewer","Heel Hook"],"picked":"Deadly Poison","floor":2.0},{"not_picked":["Cloak And Dagger","Dagger Spray"],"picked":"Dash","floor":4.0},{"not_picked":["Concentrate","Deflect","Acrobatics"],"picked":"SKIP","floor":7.0},{"not_picked":["Caltrops","Sucker Punch","Deflect"],"picked":"SKIP","floor":10.0},{"not_picked":["Sucker Punch","Acrobatics"],"picked":"Night Terror","floor":12.0},{"not_picked":["Dagger Spray","Distraction"],"picked":"Dodge and Roll","floor":13.0},{"not_picked":["Cloak And Dagger","Quick Slash"],"picked":"Backstab","floor":14.0},{"not_picked":["Venomology","Doppelganger"],"picked":"Wraith Form v2","floor":16.0},{"not_picked":["Cloak And Dagger+1","Expertise","Crippling Poison"],"picked":"SKIP","floor":18.0},{"not_picked":["Bane","Expertise","Sucker Punch"],"picked":"SKIP","floor":20},{"not_picked":["Poisoned Stab","Dodge and Roll"],"picked":"Setup","floor":21},{"not_picked":["Deadly Poison","Accuracy"],"picked":"Corpse Explosion","floor":23},{"not_picked":["Slice","Poisoned Stab"],"picked":"Deflect+1","floor":24},{"not_picked":["Flying Knee","Dagger Throw","Backflip"],"picked":"SKIP","floor":30},{"not_picked":["Underhanded Strike","Predator","Deadly Poison"],"picked":"SKIP","floor":31},{"not_picked":["Envenom","Venomology"],"picked":"Night Terror","floor":33},{"not_picked":["Outmaneuver+1","Escape Plan+1","Dodge and Roll"],"picked":"SKIP","floor":35},{"not_picked":["Dagger Throw+1","Dodge and Roll","Deflect+1"],"picked":"SKIP","floor":38},{"not_picked":["Outmaneuver+1","Escape Plan+1","Sucker Punch"],"picked":"SKIP","floor":39},{"not_picked":["Well Laid Plans","Tactician","Deflect"],"picked":"SKIP","floor":41},{"not_picked":["Sucker Punch+1","Poisoned Stab+1","Bane+1"],"picked":"SKIP","floor":42},{"not_picked":["Dagger Spray+1","Underhanded Strike","Blade Dance+1"],"picked":"SKIP","floor":44},{"not_picked":["Swift Strike","PanicButton"],"picked":"Purity","floor":46},{"not_picked":["Dramatic Entrance","Jack Of All Trades"],"picked":"Enlightenment","floor":46},{"not_picked":["Flash of Steel","Panacea"],"picked":"Forethought","floor":46},{"not_picked":["Flechettes+1","Storm of Steel","Dagger Throw+1"],"picked":"SKIP","floor":48}],"player_experience":514261,"relics_obtained":[{"floor":9.0,"key":"Meat on the Bone"},{"floor":10.0,"key":"Boot"},{"floor":23,"key":"Sundial"},{"floor":26,"key":"Omamori"},{"floor":43,"key":"Strawberry"}],"event_choices":[{"damage_healed":0.0,"max_hp_gain":0.0,"max_hp_loss":0.0,"gold_gain":0.0,"event_name":"FaceTrader","player_choice":"Trade","floor":3.0,"gold_loss":0.0,"damage_taken":0.0,"relics_obtained":["SsserpentHead"]},{"damage_healed":0,"gold_gain":0,"player_choice":"Fight","damage_taken":0,"max_hp_gain":0,"max_hp_loss":0,"event_name":"Colosseum","floor":19,"gold_loss":0},{"damage_healed":0,"gold_gain":0,"player_choice":"Fled From Nobs","damage_taken":0,"max_hp_gain":0,"max_hp_loss":0,"event_name":"Colosseum","floor":19,"gold_loss":0},{"damage_healed":0,"gold_gain":0,"player_choice":"Shed Blood","damage_taken":16,"max_hp_gain":5,"max_hp_loss":0,"event_name":"Forgotten Altar","floor":28,"gold_loss":0},{"damage_healed":0,"gold_gain":0,"player_choice":"Max HP","damage_taken":0,"max_hp_gain":0,"max_hp_loss":3,"event_name":"Winding Halls","floor":37,"gold_loss":0},{"damage_healed":0,"gold_gain":0,"player_choice":"Memory 3","damage_taken":10,"max_hp_gain":0,"max_hp_loss":0,"event_name":"SensoryStone","floor":46,"gold_loss":0}],"is_beta":false,"boss_relics":[{"not_picked":["Philosopher\u0027s Stone","Black Star"],"picked":"Runic Pyramid"},{"not_picked":["Empty Cage","Orrery"],"picked":"Pandora\u0027s Box"}],"items_purged_floors":[22,36,45],"is_endless":false,"potions_floor_spawned":[2,10,12,13,19,20,21,38,39],"ascension_level":0}