{"gold_per_floor":[116,116,128,139,159,159,172,172,250,267,9,9,19,36,36,36],"floor_reached":16,"playtime":1677,"items_purged":[],"score":192,"play_id":"d04b5d63-bed0-4a86-a097-1de5c2de339c","local_time":"20190122175844","is_ascension_mode":true,"campfire_choices":[{"data":"True Grit","floor":6,"key":"SMITH"},{"data":"Bash","floor":8,"key":"SMITH"},{"data":"Spot Weakness","floor":15,"key":"SMITH"}],"neow_cost":"TEN_PERCENT_HP_LOSS","seed_source_timestamp":26283573098602,"circlet_count":0,"master_deck":["AscendersBane","Strike_R","Strike_R","Defend_R","Defend_R","Defend_R","Defend_R","Bash+1","Feed","Brutality","Flex","True Grit+1","Exhume","Reaper","Flash of Steel","Corruption","Spot Weakness+1"],"relics":["Burning Blood","Singing Bowl"],"potions_floor_usage":[10,16],"damage_taken":[{"damage":8,"enemies":"Small Slimes","floor":1,"turns":5},{"damage":1,"enemies":"Cultist","floor":3,"turns":3},{"damage":17,"enemies":"Jaw Worm","floor":4,"turns":5},{"damage":6,"enemies":"2 Fungi Beasts","floor":5,"turns":3},{"damage":21,"enemies":"3 Louse","floor":7,"turns":6},{"damage":32,"enemies":"Large Slime","floor":10,"turns":7},{"damage":16,"enemies":"Blue Slaver","floor":13,"turns":5},{"damage":11,"enemies":"2 Fungi Beasts","floor":14,"turns":4},{"damage":0,"enemies":"The Guardian","floor":16,"turns":2}],"seed_played":"-1918704277455588171","potions_obtained":[{"floor":1,"key":"Regen Potion"},{"floor":4,"key":"LiquidBronze"},{"floor":13,"key":"Swift Potion"}],"is_trial":false,"path_per_floor":["M","?","M","M","M","R","M","R","T","M","$","?","M","M","R","B"],"character_chosen":"IRONCLAD","items_purchased":["Reaper","Flash of Steel"],"campfire_rested":0,"item_purchase_floors":[11,11],"current_hp_per_floor":[69,69,74,66,69,69,57,57,57,49,49,49,48,55,55,55],"gold":36,"neow_bonus":"TRANSFORM_TWO_CARDS","is_prod":false,"is_daily":false,"chose_seed":false,"campfire_upgraded":3,"win_rate":0,"timestamp":1548151124,"path_taken":["M","?","M","?","M","R","M","R","T","?","$","?","M","M","R","BOSS"],"build_version":"2019-01-17v2","purchased_purges":0,"victory":false,"max_hp_per_floor":[71,71,74,77,80,80,83,83,83,86,86,86,89,94,94,94],"card_choices":[{"not_picked":["Body Slam","Flame Barrier"],"picked":"Flex","floor":1},{"not_picked":["Headbutt","Havoc","Perfected Strike"],"picked":"SKIP","floor":3},{"not_picked":["Body Slam","Wild Strike","Searing Blow"],"picked":"SKIP","floor":4},{"not_picked":["Headbutt","Flex"],"picked":"True Grit","floor":5},{"not_picked":["Feel No Pain","Warcry","Headbutt"],"picked":"SKIP","floor":7},{"not_picked":["Shrug It Off","Battle Trance"],"picked":"Exhume","floor":10},{"not_picked":["Body Slam","Shrug It Off"],"picked":"Spot Weakness","floor":13},{"not_picked":["Shrug It Off","True Grit","Reckless Charge"],"picked":"Singing Bowl","floor":14}],"player_experience":2142711,"relics_obtained":[{"floor":9,"key":"Singing Bowl"}],"event_choices":[{"damage_healed":0,"gold_gain":0,"player_choice":"0 cards matched","damage_taken":0,"max_hp_gain":0,"max_hp_loss":0,"event_name":"Match and Keep!","floor":2,"gold_loss":0,"cards_obtained":[]},{"damage_healed":0,"gold_gain":0,"cards_transformed":["Strike_R"],"player_choice":"Change","damage_taken":0,"max_hp_gain":0,"max_hp_loss":0,"event_name":"Living Wall","floor":12,"gold_loss":0,"cards_obtained":["Corruption"]}],"is_beta":false,"boss_relics":[],"items_purged_floors":[],"is_endless":false,"potions_floor_spawned":[1,4,7,13],"killed_by":"The Guardian","ascension_level":20}