{"gold_per_floor":[325,342,25,42,51,51,77,77,77,77,77,101,101,127,127,188,188,197,197,97,110,110,135,135,135,135,157,174,182,182,209,209,270,270,285,332,332,207,221,221,233,233,233,244,256,268,59,88,88,88,88,88,88,8,8],"floor_reached":55,"playtime":3157,"items_purged":["Phantasmal Killer","Storm of Steel+1"],"score":2358,"play_id":"d8e7b290-2567-487a-b5c9-08ebfd34951f","local_time":"20190129155337","is_ascension_mode":true,"campfire_choices":[{"data":"Apotheosis","floor":6.0,"key":"SMITH"},{"floor":8.0,"key":"REST"},{"floor":13.0,"key":"REST"},{"floor":15.0,"key":"RECALL"},{"data":"Calculated Gamble","floor":25.0,"key":"SMITH"},{"data":"Well Laid Plans","floor":30.0,"key":"SMITH"},{"floor":32.0,"key":"REST"},{"floor":40.0,"key":"REST"},{"floor":42.0,"key":"REST"},{"floor":49.0,"key":"REST"},{"floor":53.0,"key":"REST"}],"neow_cost":"TEN_PERCENT_HP_LOSS","seed_source_timestamp":16185569387204,"circlet_count":0,"master_deck":["AscendersBane","Neutralize","Acrobatics","Deadly Poison","Well Laid Plans+1","Apotheosis+1","Concentrate+1","Glass Knife","Acrobatics","Glass Knife","Die Die Die","PiercingWail","PiercingWail","Reflex","Glass Knife","Night Terror","Footwork","AscendersBane","Calculated Gamble+1","Catalyst","Venomology","Venomology","Flechettes+1","A Thousand Cuts+1","Well Laid Plans+1","After Image"],"special_seed":0,"relics":["Ring of the Snake","AscMod:CursedBank","AscMod:StarOfAscension","Ice Cream","Bottled Lightning","Bottled Flame","Pandora\u0027s Box","Du-Vu Doll","Bottled Tornado","Boot","Blood Vial","Astrolabe","Incense Burner","Ornamental Fan","MealTicket","Toxic Egg 2"],"potions_floor_usage":[55],"damage_taken":[{"damage":2.0,"enemies":"Jaw Worm","floor":1.0,"turns":5.0},{"damage":8.0,"enemies":"Small Slimes","floor":2.0,"turns":7.0},{"damage":0.0,"enemies":"Cultist","floor":4.0,"turns":2.0},{"damage":3.0,"enemies":"Looter","floor":5.0,"turns":4.0},{"damage":30.0,"enemies":"Gremlin Nob","floor":7.0,"turns":4.0},{"damage":0.0,"enemies":"Lagavulin","floor":12.0,"turns":6.0},{"damage":8.0,"enemies":"Gremlin Nob","floor":14.0,"turns":3.0},{"damage":0.0,"enemies":"Hexaghost","floor":16.0,"turns":8.0},{"damage":0.0,"enemies":"Spheric Guardian","floor":18.0,"turns":2.0},{"damage":0.0,"enemies":"Shell Parasite","floor":21.0,"turns":5.0},{"damage":1.0,"enemies":"Gremlin Leader","floor":23.0,"turns":5.0},{"damage":0.0,"enemies":"Book of Stabbing","floor":27.0,"turns":5.0},{"damage":0.0,"enemies":"Centurion and Healer","floor":28.0,"turns":4.0},{"damage":0.0,"enemies":"Cultist and Chosen","floor":29.0,"turns":3.0},{"damage":37.0,"enemies":"Slavers","floor":31.0,"turns":6.0},{"damage":0.0,"enemies":"Automaton","floor":33.0,"turns":5.0},{"damage":12.0,"enemies":"3 Darklings","floor":35.0,"turns":3.0},{"damage":31.0,"enemies":"2 Orb Walkers","floor":36.0,"turns":3.0},{"damage":0.0,"enemies":"3 Shapes","floor":39.0,"turns":3.0},{"damage":7.0,"enemies":"Writhing Mass","floor":41.0,"turns":4.0},{"damage":14.0,"enemies":"Jaw Worm Horde","floor":44.0,"turns":3.0},{"damage":10.0,"enemies":"3 Darklings","floor":45.0,"turns":4.0},{"damage":0.0,"enemies":"Spire Growth","floor":46.0,"turns":3.0},{"damage":3.0,"enemies":"Nemesis","floor":48.0,"turns":3.0},{"damage":4.0,"enemies":"Time Eater","floor":50.0,"turns":5.0},{"damage":38.0,"enemies":"Awakened One","floor":51.0,"turns":4.0},{"damage":0,"enemies":"Shield and Spear","floor":55,"turns":2}],"seed_played":"1969472679777865038","potions_obtained":[{"floor":5.0,"key":"PowerPotion"},{"floor":7.0,"key":"SneckoOil"},{"floor":14.0,"key":"LiquidBronze"},{"floor":16.0,"key":"Poison Potion"},{"floor":18.0,"key":"Poison Potion"},{"floor":31.0,"key":"Regen Potion"},{"floor":48.0,"key":"GhostInAJar"}],"is_trial":false,"path_per_floor":["M","M","$","M","M","R","E","R","T","$","?","E","R","E","R","B",null,"M","?","$","M","$","E","?","R","T","E","M","M","R","E","R","B",null,"M","?","?","$","M","R","M","R","T","M","M","M","$","E","R","B","B",null,"R","$","E"],"character_chosen":"THE_SILENT","items_purchased":["Well Laid Plans","Apotheosis","Concentrate","MealTicket","After Image"],"campfire_rested":7,"item_purchase_floors":[3,3,3,47,54],"current_hp_per_floor":[57,49,49,49,46,46,16,34,34,34,16,16,34,26,26,26,52,52,52,52,52,52,51,51,51,51,51,51,51,51,14,32,49,57,47,18,18,18,20,37,32,49,49,37,29,31,31,30,47,45,9,45,57,57,57],"gold":8,"neow_bonus":"TWO_FIFTY_GOLD","is_prod":false,"is_daily":false,"chose_seed":false,"campfire_upgraded":3,"win_rate":0,"timestamp":1548748417,"path_taken":["M","M","$","M","M","R","E","R","T","$","?","E","R","E","R","BOSS","M","?","$","?","$","E","?","R","T","E","?","M","R","E","R","BOSS","M","?","?","$","?","R","M","R","T","?","?","M","$","E","R","BOSS","BOSS","R","$","E"],"build_version":"2019-01-23","purchased_purges":2,"victory":false,"max_hp_per_floor":[60,60,60,60,60,60,60,60,60,60,60,60,60,60,60,60,60,60,60,60,60,60,60,60,60,60,60,60,60,60,60,60,60,60,60,60,57,57,57,57,57,57,57,57,57,57,57,57,57,57,57,57,57,57,57],"card_choices":[{"not_picked":["Prepared","Quick Slash"],"picked":"Acrobatics","floor":1.0},{"not_picked":["Choke","Dagger Spray"],"picked":"Deadly Poison","floor":2.0},{"not_picked":["Dagger Spray","Underhanded Strike"],"picked":"Glass Knife","floor":4.0},{"not_picked":["Slice","Blade Dance"],"picked":"Acrobatics","floor":5.0},{"not_picked":["Dagger Spray","Predator","Escape Plan"],"picked":"SKIP","floor":7.0},{"not_picked":["Footwork","Deflect","Choke"],"picked":"SKIP","floor":12.0},{"not_picked":["Dagger Spray","Dagger Throw"],"picked":"Glass Knife","floor":14.0},{"not_picked":["Flying Knee","Backflip","Masterful Stab"],"picked":"SKIP","floor":18.0},{"not_picked":["Sucker Punch","Predator","Deadly Poison"],"picked":"SKIP","floor":21.0},{"not_picked":["PiercingWail+1","Dagger Throw"],"picked":"Calculated Gamble","floor":23.0},{"not_picked":["Dagger Throw","Blade Dance","Acrobatics"],"picked":"SKIP","floor":27.0},{"not_picked":["Deadly Poison","Dodge and Roll","Blade Dance"],"picked":"SKIP","floor":28.0},{"not_picked":["Sucker Punch","Acrobatics"],"picked":"Catalyst","floor":29.0},{"not_picked":["Expertise","Dash"],"picked":"Venomology","floor":31.0},{"not_picked":["A Thousand Cuts","Phantasmal Killer"],"picked":"Venomology","floor":33.0},{"not_picked":["Blade Dance","Eviscerate","Slice"],"picked":"SKIP","floor":35.0},{"not_picked":["Skewer","Choke","Acrobatics"],"picked":"SKIP","floor":39.0},{"not_picked":["Underhanded Strike","PiercingWail","Backflip"],"picked":"SKIP","floor":41.0},{"not_picked":["Deflect","Expertise+1","Choke+1"],"picked":"SKIP","floor":44.0},{"not_picked":["Dagger Spray+1","All Out Attack+1","Escape Plan"],"picked":"SKIP","floor":45.0},{"not_picked":["Cloak And Dagger","Backflip","Catalyst"],"picked":"SKIP","floor":46.0},{"not_picked":["Dagger Throw","Bane"],"picked":"Well Laid Plans+1","floor":48.0}],"player_experience":2371836,"relics_obtained":[{"floor":7.0,"key":"Ice Cream"},{"floor":12.0,"key":"Bottled Lightning"},{"floor":14.0,"key":"Bottled Flame"},{"floor":23.0,"key":"Du-Vu Doll"},{"floor":26.0,"key":"Bottled Tornado"},{"floor":27.0,"key":"Boot"},{"floor":31.0,"key":"Blood Vial"},{"floor":36.0,"key":"Incense Burner"},{"floor":43.0,"key":"Ornamental Fan"},{"floor":48.0,"key":"Toxic Egg 2"}],"event_choices":[{"damage_healed":0.0,"max_hp_gain":0.0,"max_hp_loss":0.0,"gold_gain":0.0,"event_name":"Shining Light","player_choice":"Entered Light","floor":11.0,"gold_loss":0.0,"damage_taken":18.0,"cards_upgraded":["Defend_G","Concentrate"]},{"damage_healed":0.0,"max_hp_gain":0.0,"max_hp_loss":0.0,"gold_gain":0.0,"event_name":"Duplicator","player_choice":"Copied","floor":19.0,"gold_loss":0.0,"damage_taken":0.0,"cards_obtained":["AscendersBane"]},{"damage_healed":0.0,"max_hp_gain":0.0,"max_hp_loss":0.0,"gold_gain":0.0,"event_name":"Match and Keep!","player_choice":"0 cards matched","floor":24.0,"gold_loss":0.0,"damage_taken":0.0,"cards_obtained":[]},{"damage_healed":0.0,"max_hp_gain":0.0,"max_hp_loss":0.0,"gold_gain":0.0,"event_name":"Mysterious Sphere","player_choice":"Fight","floor":36.0,"gold_loss":0.0,"damage_taken":0.0},{"damage_healed":0.0,"max_hp_gain":0.0,"max_hp_loss":3.0,"gold_gain":0.0,"event_name":"Winding Halls","player_choice":"Max HP","floor":37.0,"gold_loss":0.0,"damage_taken":0.0}],"is_beta":false,"boss_relics":[{"not_picked":["Orrery","Snecko Eye"],"picked":"Pandora\u0027s Box"},{"not_picked":["Coffee Dripper","Runic Pyramid"],"picked":"Astrolabe"}],"items_purged_floors":[20,38],"is_endless":false,"potions_floor_spawned":[5,7,14,16,18,21,29,31,35,45,48],"killed_by":"Shield and Spear","ascension_level":22}