{"gold_per_floor":[17,34,34,184,31,31,58,58,84,84,95,18,38,57,57,131,131,146,146,122,22,34,68,68,79,105,125,125,125,125,145,145,218,218,236,22,22,35,35,60,60,60,60,60,60,60,71,84,84,84,84,84,84,5,33,33],"floor_reached":57,"playtime":3614,"items_purged":["Doubt","Strike_B","Defend_B"],"score":3071,"play_id":"22830a88-3948-4af2-b375-50fa4142dea4","local_time":"20190222234014","is_ascension_mode":true,"campfire_choices":[{"data":"Biased Cognition","floor":6.0,"key":"SMITH"},{"data":"Dualcast","floor":10.0,"key":"SMITH"},{"data":"Fission","floor":15.0,"key":"SMITH"},{"data":"Redo","floor":24.0,"key":"SMITH"},{"data":"Turbo","floor":28.0,"key":"SMITH"},{"data":"Consume","floor":32.0,"key":"SMITH"},{"data":"Multi-Cast","floor":41.0,"key":"SMITH"},{"floor":45.0,"key":"RECALL"},{"data":"Recycle","floor":49.0,"key":"SMITH"},{"floor":53.0,"key":"DIG"}],"neow_cost":"NO_GOLD","seed_source_timestamp":44060094125360,"circlet_count":0,"master_deck":["AscendersBane","Defend_B+1","Defend_B+1","Zap+1","Dualcast+1","White Noise+1","Genetic Algorithm+1","Biased Cognition+1","Rainbow+1","Redo+1","Fission+1","Skim+1","Undo+1","Creative AI+1","Defragment+1","Glacier+1","Consume+1","Glacier+1","Double Energy+1","Turbo+1","BootSequence+1","Seek+1","Seek+1","Self Repair+1","Panacea+1","Multi-Cast+1","Dark Shackles","Panacea+1","Recycle+1","Heatsinks+1","Meteor Strike"],"special_seed":0,"relics":["Cracked Core","Shovel","Bag of Preparation","Odd Mushroom","Runic Pyramid","Centennial Puzzle","Oddly Smooth Stone","Vajra","Cursed Key","Mark of the Bloom","Gremlin Horn","Bottled Lightning","Bronze Scales"],"potions_floor_usage":[56],"damage_taken":[{"damage":0.0,"enemies":"2 Louse","floor":1.0,"turns":2.0},{"damage":5.0,"enemies":"Small Slimes","floor":2.0,"turns":4.0},{"damage":5.0,"enemies":"Lagavulin","floor":7.0,"turns":6.0},{"damage":0.0,"enemies":"Jaw Worm","floor":11.0,"turns":4.0},{"damage":10.0,"enemies":"The Mushroom Lair","floor":13.0,"turns":4.0},{"damage":1.0,"enemies":"Looter","floor":14.0,"turns":4.0},{"damage":21.0,"enemies":"Slime Boss","floor":16.0,"turns":5.0},{"damage":2.0,"enemies":"Spheric Guardian","floor":18.0,"turns":5.0},{"damage":0.0,"enemies":"2 Thieves","floor":20.0,"turns":4.0},{"damage":3.0,"enemies":"Chosen and Byrds","floor":22.0,"turns":6.0},{"damage":17.0,"enemies":"Slavers","floor":23.0,"turns":10.0},{"damage":3.0,"enemies":"Shelled Parasite and Fungi","floor":25.0,"turns":6.0},{"damage":1.0,"enemies":"Snake Plant","floor":27.0,"turns":5.0},{"damage":0.0,"enemies":"Sentry and Sphere","floor":31.0,"turns":8.0},{"damage":0.0,"enemies":"Automaton","floor":33.0,"turns":11.0},{"damage":0.0,"enemies":"3 Shapes","floor":35.0,"turns":4.0},{"damage":0.0,"enemies":"Orb Walker","floor":38.0,"turns":4.0},{"damage":0.0,"enemies":"Giant Head","floor":40.0,"turns":9.0},{"damage":0.0,"enemies":"4 Shapes","floor":47.0,"turns":2.0},{"damage":0.0,"enemies":"Maw","floor":48.0,"turns":5.0},{"damage":0.0,"enemies":"Time Eater","floor":50.0,"turns":10.0},{"damage":0.0,"enemies":"Donu and Deca","floor":51.0,"turns":6.0},{"damage":0.0,"enemies":"Shield and Spear","floor":55.0,"turns":3.0},{"damage":0,"enemies":"The Heart","floor":56,"turns":8}],"seed_played":"837996513716704488","potions_obtained":[{"floor":1.0,"key":"GamblersBrew"},{"floor":2.0,"key":"FearPotion"},{"floor":25.0,"key":"Block Potion"},{"floor":27.0,"key":"FocusPotion"},{"floor":47.0,"key":"Ancient Potion"}],"is_trial":false,"path_per_floor":["M","M","?","?","$","R","E","?","T","R","M","$","?","M","R","B",null,"M","?","M","$","M","E","R","M","T","M","R","?","T","M","R","B",null,"M","$","?","M","?","E","R","?","T","T","R","?","M","M","R","B","B",null,"R","$","E","B",null],"character_chosen":"DEFECT","items_purchased":["Biased Cognition","Fission","Panacea","Meteor Strike"],"campfire_rested":0,"item_purchase_floors":[5,12,36,54],"current_hp_per_floor":[64,59,38,38,38,38,33,33,33,33,33,33,23,22,22,1,54,52,52,52,52,49,32,32,29,29,28,28,28,28,28,28,28,60,60,60,60,60,60,60,60,55,55,55,55,55,55,55,55,55,55,55,55,55,55,55],"gold":33,"neow_bonus":"ONE_RARE_RELIC","is_prod":false,"is_daily":false,"chose_seed":false,"campfire_upgraded":8,"win_rate":0,"timestamp":1550850014,"path_taken":["M","M","?","?","?","R","E","?","T","R","?","$","?","M","R","BOSS","M","?","M","$","M","E","R","M","T","?","R","?","?","?","R","BOSS","M","?","?","M","?","E","R","?","T","?","R","?","?","M","R","BOSS","BOSS","R","$","E","BOSS"],"build_version":"2019-01-23","purchased_purges":3,"victory":true,"max_hp_per_floor":[71,71,71,71,71,71,71,71,71,71,71,71,71,71,71,71,71,71,71,71,71,71,71,71,71,71,71,71,71,71,71,71,71,71,71,71,71,71,71,71,71,71,71,71,71,71,71,71,71,71,71,71,71,71,71,71],"card_choices":[{"not_picked":["Ball Lightning","Leap"],"picked":"White Noise","floor":1.0},{"not_picked":["Scrape","Rebound"],"picked":"Genetic Algorithm","floor":2.0},{"not_picked":["Tempest","Chill"],"picked":"Rainbow","floor":7.0},{"not_picked":["Go for the Eyes","Sweeping Beam"],"picked":"Redo","floor":11.0},{"not_picked":["Steam","Turbo"],"picked":"Skim","floor":13.0},{"not_picked":["Hologram","Chill"],"picked":"Undo","floor":14.0},{"not_picked":["Reboot","All For One"],"picked":"Creative AI","floor":16.0},{"not_picked":["Redo","Heatsinks"],"picked":"Defragment","floor":18.0},{"not_picked":["Go for the Eyes","Beam Cell"],"picked":"Consume","floor":20.0},{"not_picked":["Scrape","Turbo"],"picked":"Glacier","floor":22.0},{"not_picked":["Consume","Ball Lightning"],"picked":"Double Energy","floor":23.0},{"not_picked":["Rebound","Cold Snap"],"picked":"Turbo","floor":25.0},{"not_picked":["Scrape","Sweeping Beam","Fusion"],"picked":"SKIP","floor":27.0},{"not_picked":["Scrape","Sweeping Beam","Fusion"],"picked":"SKIP","floor":27.0},{"not_picked":["Conserve Battery+1","Sunder"],"picked":"Seek","floor":31.0},{"not_picked":["Multi-Cast","Thunder Strike"],"picked":"Seek","floor":33.0},{"not_picked":["Coolheaded+1","Cold Snap"],"picked":"Self Repair+1","floor":35.0},{"not_picked":["Leap","Redo","Sunder+1"],"picked":"SKIP","floor":38.0},{"not_picked":["Steam","Redo"],"picked":"Multi-Cast","floor":40.0},{"not_picked":["Dramatic Entrance","Impatience"],"picked":"Dark Shackles","floor":42.0},{"not_picked":["Conserve Battery+1","Steam"],"picked":"Recycle","floor":47.0},{"not_picked":["Sweeping Beam","Beam Cell+1"],"picked":"Heatsinks+1","floor":48.0},{"not_picked":["Hello World","Cold Snap+1","Hyperbeam"],"picked":"SKIP","floor":55.0}],"player_experience":3060175,"relics_obtained":[{"floor":7.0,"key":"Bag of Preparation"},{"floor":13.0,"key":"Odd Mushroom"},{"floor":23.0,"key":"Centennial Puzzle"},{"floor":26.0,"key":"Oddly Smooth Stone"},{"floor":30.0,"key":"Vajra"},{"floor":40.0,"key":"Gremlin Horn"},{"floor":53.0,"key":"Bottled Lightning"},{"floor":55.0,"key":"Bronze Scales"}],"event_choices":[{"damage_healed":0.0,"max_hp_gain":0.0,"max_hp_loss":0.0,"gold_gain":0.0,"event_name":"Shining Light","player_choice":"Entered Light","floor":3.0,"gold_loss":0.0,"damage_taken":21.0,"cards_upgraded":["Defend_B","Zap"]},{"damage_healed":0.0,"max_hp_gain":0.0,"max_hp_loss":0.0,"gold_gain":150.0,"event_name":"Liars Game","player_choice":"AGREE","floor":4.0,"gold_loss":0.0,"damage_taken":0.0,"cards_obtained":["Doubt"]},{"cards_removed":["Strike_B"],"damage_healed":0.0,"max_hp_gain":0.0,"max_hp_loss":0.0,"gold_gain":0.0,"event_name":"Living Wall","player_choice":"Forget","floor":8.0,"gold_loss":0.0,"damage_taken":0.0},{"damage_healed":0.0,"max_hp_gain":0.0,"max_hp_loss":0.0,"gold_gain":0.0,"event_name":"Mushrooms","player_choice":"Fought Mushrooms","floor":13.0,"gold_loss":0.0,"damage_taken":0.0},{"damage_healed":0.0,"max_hp_gain":0.0,"max_hp_loss":0.0,"gold_gain":0.0,"cards_transformed":["Strike_B"],"event_name":"Transmorgrifier","player_choice":"Transformed","floor":19.0,"gold_loss":0.0,"damage_taken":0.0,"cards_obtained":["Glacier"]},{"damage_healed":0.0,"max_hp_gain":0.0,"max_hp_loss":0.0,"gold_gain":0.0,"cards_transformed":["Strike_B","Defend_B"],"event_name":"Drug Dealer","player_choice":"Became Test Subject","floor":29.0,"gold_loss":0.0,"damage_taken":0.0,"cards_obtained":["BootSequence","Barrage"]},{"damage_healed":0.0,"max_hp_gain":0.0,"max_hp_loss":0.0,"gold_gain":0.0,"event_name":"MindBloom","player_choice":"Upgrade","floor":37.0,"gold_loss":0.0,"damage_taken":0.0,"cards_upgraded":["Defend_B","White Noise","Genetic Algorithm","Rainbow","Skim","Undo","Creative AI","Defragment","Glacier","Glacier","Double Energy","BootSequence","Barrage","Seek","Seek","Panacea"],"relics_obtained":["Mark of the Bloom"]},{"cards_removed":["Barrage"],"damage_healed":0.0,"max_hp_gain":0.0,"max_hp_loss":0.0,"gold_gain":0.0,"event_name":"Falling","player_choice":"Removed Attack","floor":39.0,"gold_loss":0.0,"damage_taken":0.0},{"damage_healed":0.0,"max_hp_gain":0.0,"max_hp_loss":0.0,"gold_gain":0.0,"event_name":"SensoryStone","player_choice":"Memory 2","floor":42.0,"gold_loss":0.0,"damage_taken":5.0},{"damage_healed":0.0,"max_hp_gain":0.0,"max_hp_loss":0.0,"gold_gain":0.0,"event_name":"Duplicator","player_choice":"Copied","floor":46.0,"gold_loss":0.0,"damage_taken":0.0,"cards_obtained":["Panacea"]}],"is_beta":false,"boss_relics":[{"not_picked":["Lizard Tail","FrozenCore"],"picked":"Runic Pyramid"},{"not_picked":["Inserter","Sozu"],"picked":"Cursed Key"}],"items_purged_floors":[5,21,36],"is_endless":false,"potions_floor_spawned":[1,2,16,23,25,27,33,38,40,47,55],"ascension_level":20}