{"gold_per_floor":[110,126,53,128,143,143,155,155,155,155,175,195,145,65,65,166,166,183,108,124,39,39,39,39,39,39,39,68,68,93,113,113,216,216,234,246,262,262,262,262,295,295,322,322,30,48,48,48,48,48],"floor_reached":51,"playtime":1254,"items_purged":["Defend_G","Defend_G"],"score":876,"play_id":"f42d7d89-d2ac-4ec3-bf32-3c04036db696","local_time":"20181027112833","is_ascension_mode":false,"campfire_choices":[{"data":"Noxious Fumes","floor":6,"key":"SMITH"},{"data":"Catalyst","floor":8,"key":"SMITH"},{"data":"Neutralize","floor":10,"key":"SMITH"},{"data":"Catalyst","floor":15,"key":"SMITH"},{"data":"Leg Sweep","floor":24,"key":"SMITH"},{"data":"Footwork","floor":27,"key":"SMITH"},{"data":"Adrenaline","floor":29,"key":"SMITH"},{"data":"Backflip","floor":32,"key":"SMITH"},{"data":"Burst","floor":40,"key":"SMITH"},{"data":"Survivor","floor":42,"key":"SMITH"},{"data":"Defend_G","floor":44,"key":"SMITH"},{"data":"Burst","floor":49,"key":"SMITH"}],"neow_cost":"NONE","seed_source_timestamp":3157664922480,"circlet_count":0,"master_deck":["Defend_G+1","Defend_G","Strike_G+1","Strike_G+1","Survivor+1","Neutralize+1","Catalyst+1","Backflip+1","Noxious Fumes+1","Noxious Fumes+1","Catalyst+1","Adrenaline+1","Backflip+1","Leg Sweep+1","Outmaneuver","Quick Slash","Footwork+1","Footwork+1","Burst+1","Backflip+1","Sucker Punch+1","Prepared+1","Catalyst+1","Concentrate","Burst+1"],"relics":["Ring of the Snake","Paper Crane","Coffee Dripper","Bronze Scales","Mercury Hourglass","Pen Nib","Bag of Preparation","Runic Pyramid","Whetstone","Oddly Smooth Stone","DollysMirror"],"potions_floor_usage":[18,18,46,50,50,50],"damage_taken":[{"damage":0,"enemies":"Jaw Worm","floor":1,"turns":7},{"damage":0,"enemies":"Small Slimes","floor":2,"turns":4},{"damage":1,"enemies":"2 Louse","floor":5,"turns":4},{"damage":14,"enemies":"Lots of Slimes","floor":7,"turns":3},{"damage":2,"enemies":"Blue Slaver","floor":11,"turns":4},{"damage":2,"enemies":"3 Louse","floor":12,"turns":3},{"damage":9,"enemies":"The Guardian","floor":16,"turns":6},{"damage":0,"enemies":"Spheric Guardian","floor":18,"turns":3},{"damage":0,"enemies":"Chosen","floor":20,"turns":4},{"damage":14,"enemies":"Slavers","floor":28,"turns":4},{"damage":0,"enemies":"Gremlin Leader","floor":30,"turns":4},{"damage":0,"enemies":"Snecko","floor":31,"turns":4},{"damage":0,"enemies":"Automaton","floor":33,"turns":7},{"damage":0,"enemies":"3 Darklings","floor":35,"turns":4},{"damage":0,"enemies":"3 Shapes","floor":36,"turns":4},{"damage":0,"enemies":"Spire Growth","floor":37,"turns":5},{"damage":0,"enemies":"Giant Head","floor":41,"turns":3},{"damage":0,"enemies":"4 Shapes","floor":46,"turns":3},{"damage":0,"enemies":"Awakened One","floor":50,"turns":6}],"seed_played":"2001984828779288218","potions_obtained":[{"floor":2,"key":"Poison Potion"},{"floor":7,"key":"Swift Potion"},{"floor":12,"key":"Dexterity Potion"},{"floor":28,"key":"Poison Potion"},{"floor":31,"key":"Fire Potion"},{"floor":46,"key":"Energy Potion"}],"is_trial":false,"path_per_floor":["M","M","$","?","M","R","M","R","T","R","M","M","?","$","R","B",null,"M","$","M","?","?","?","R","?","T","R","E","R","E","M","R","B",null,"M","M","M","?","?","R","E","R","T","R","$","M","?","$","R","B"],"character_chosen":"THE_SILENT","items_purchased":["Noxious Fumes","Catalyst","DollysMirror"],"campfire_rested":0,"item_purchase_floors":[3,14,45],"current_hp_per_floor":[70,70,70,59,58,58,44,44,44,44,42,40,40,40,40,31,70,70,70,70,70,70,70,70,70,70,70,56,56,56,56,56,56,70,70,70,70,66,66,66,66,66,66,66,66,66,66,66,66,66],"gold":48,"neow_bonus":"REMOVE_CARD","is_prod":false,"is_daily":false,"chose_seed":false,"campfire_upgraded":12,"win_rate":0,"timestamp":1540610913,"path_taken":["M","M","$","?","M","R","M","R","T","R","M","?","?","$","R","BOSS","M","$","M","?","?","?","R","?","T","R","E","R","E","M","R","BOSS","M","?","M","?","?","R","E","R","T","R","$","M","?","?","R","BOSS"],"build_version":"2018-10-25v2","purchased_purges":2,"victory":true,"max_hp_per_floor":[70,70,70,70,70,70,70,70,70,70,70,70,70,70,70,70,70,70,70,70,70,70,70,70,70,70,70,70,70,70,70,70,70,70,70,70,70,66,66,66,66,66,66,66,66,66,66,66,66,66],"card_choices":[{"not_picked":["Deadly Poison","Backflip"],"picked":"Catalyst","floor":1},{"not_picked":["Outmaneuver","Slice"],"picked":"Backflip","floor":2},{"not_picked":["Tactician","Distraction","Deflect"],"picked":"SKIP","floor":5},{"not_picked":["Dagger Throw","Bane","Infinite Blades"],"picked":"SKIP","floor":7},{"not_picked":["Infinite Blades","Cloak And Dagger"],"picked":"Noxious Fumes","floor":11},{"not_picked":["Cloak And Dagger","Bane","Underhanded Strike"],"picked":"SKIP","floor":12},{"not_picked":["Unload","Phantasmal Killer"],"picked":"Adrenaline","floor":16},{"not_picked":["Caltrops","Terror"],"picked":"Backflip+1","floor":18},{"not_picked":["Dagger Throw","Outmaneuver"],"picked":"Leg Sweep","floor":20},{"not_picked":["Blade Dance","Accuracy","Tactician"],"picked":"SKIP","floor":28},{"not_picked":["Flying Knee+1","Dagger Spray","Flechettes"],"picked":"SKIP","floor":30},{"not_picked":["Dagger Spray","Phantasmal Killer"],"picked":"Footwork+1","floor":31},{"not_picked":["Storm of Steel","Malaise"],"picked":"Burst","floor":33},{"not_picked":["Bouncing Flask+1","All Out Attack+1"],"picked":"Backflip+1","floor":35},{"not_picked":["Calculated Gamble","Cloak And Dagger+1"],"picked":"Sucker Punch+1","floor":36},{"not_picked":["Bane+1","Deflect+1"],"picked":"Prepared+1","floor":37},{"not_picked":["Flying Knee","Cloak And Dagger+1","Blade Dance"],"picked":"SKIP","floor":41},{"not_picked":["Deflect+1","Caltrops+1"],"picked":"Concentrate","floor":46}],"player_experience":664969,"relics_obtained":[{"floor":9,"key":"Paper Crane"},{"floor":26,"key":"Mercury Hourglass"},{"floor":28,"key":"Pen Nib"},{"floor":30,"key":"Bag of Preparation"},{"floor":41,"key":"Whetstone"},{"floor":43,"key":"Oddly Smooth Stone"}],"event_choices":[{"damage_healed":0,"gold_gain":75,"player_choice":"Gather Gold","damage_taken":11,"max_hp_gain":0,"max_hp_loss":0,"event_name":"World of Goop","floor":4,"gold_loss":0},{"cards_removed":["Strike_G"],"damage_healed":0,"gold_gain":0,"player_choice":"Card Removal","damage_taken":0,"max_hp_gain":0,"max_hp_loss":0,"event_name":"The Cleric","floor":13,"gold_loss":50},{"damage_healed":0,"gold_gain":0,"player_choice":"Obtained Relic","damage_taken":0,"relics_obtained":["Bronze Scales"],"max_hp_gain":0,"max_hp_loss":0,"event_name":"Addict","floor":21,"gold_loss":85},{"damage_healed":0,"gold_gain":0,"cards_transformed":["Strike_G","Defend_G"],"player_choice":"Became Test Subject","damage_taken":0,"max_hp_gain":0,"max_hp_loss":0,"event_name":"Drug Dealer","floor":22,"gold_loss":0,"cards_obtained":["Outmaneuver","Quick Slash"]},{"damage_healed":0,"gold_gain":0,"player_choice":"Forge","damage_taken":0,"max_hp_gain":0,"max_hp_loss":0,"event_name":"Accursed Blacksmith","floor":23,"gold_loss":0,"cards_upgraded":["Noxious Fumes"]},{"damage_healed":0,"gold_gain":0,"player_choice":"Read","damage_taken":0,"max_hp_gain":0,"max_hp_loss":0,"event_name":"The Library","floor":25,"gold_loss":0,"cards_obtained":["Footwork"]},{"damage_healed":0,"gold_gain":0,"player_choice":"Max HP","damage_taken":0,"max_hp_gain":0,"max_hp_loss":4,"event_name":"Winding Halls","floor":38,"gold_loss":0},{"damage_healed":0,"gold_gain":0,"player_choice":"Ignored","damage_taken":0,"max_hp_gain":0,"max_hp_loss":0,"event_name":"Tomb of Lord Red Mask","floor":39,"gold_loss":0},{"damage_healed":0,"gold_gain":0,"player_choice":"1 cards matched","damage_taken":0,"max_hp_gain":0,"max_hp_loss":0,"event_name":"Match and Keep!","floor":47,"gold_loss":0,"cards_obtained":["Burst"]}],"is_beta":false,"boss_relics":[{"not_picked":["Astrolabe","Calling Bell"],"picked":"Coffee Dripper"},{"not_picked":["Fusion Hammer","White Beast Statue"],"picked":"Runic Pyramid"}],"items_purged_floors":[19,45],"is_endless":false,"potions_floor_spawned":[2,7,12,28,31,46],"ascension_level":0}