{"gold_per_floor":[115,115,115,139,64,99,99,117,117,152,152,214,214,289,289,366,366,384,384,364,380,82,82,93,126,126,226,226,261,261,287,287,361,361,372,372,247,267,285,317,368,468,468,468,494,494,494,526,526,526,526,526,526,17,47,47],"floor_reached":57,"playtime":3202,"items_purged":["Strike_G","Strike_G","Strike_G+1","Acrobatics+1"],"score":3581,"play_id":"56143a0e-3484-42cc-969b-084cf029f148","local_time":"20190408205916","is_ascension_mode":true,"campfire_choices":[{"data":"Bouncing Flask","floor":7.0,"key":"SMITH"},{"data":"Poisoned Stab","floor":11.0,"key":"SMITH"},{"data":"Well Laid Plans","floor":13.0,"key":"SMITH"},{"data":"Neutralize","floor":15.0,"key":"SMITH"},{"floor":23.0,"key":"REST"},{"floor":28.0,"key":"REST"},{"floor":30.0,"key":"REST"},{"floor":32,"key":"RECALL"},{"data":"Defend_G","floor":44,"key":"PURGE"},{"data":"Defend_G","floor":46,"key":"PURGE"},{"data":"Defend_G","floor":49,"key":"PURGE"},{"data":"Defend_G","floor":53,"key":"PURGE"}],"neow_cost":"NONE","seed_source_timestamp":29944388560521,"circlet_count":0,"master_deck":["AscendersBane","Survivor","Neutralize+1","Poisoned Stab+1","Well Laid Plans+1","Bouncing Flask+1","Burst+1","Tactician+1","Apotheosis+1","Catalyst+1","Acrobatics+1","Grand Finale","Backflip+1"],"special_seed":0,"relics":["Ring of the Snake","NeowsBlessing","Juzu Bracelet","Question Card","Frozen Egg 2","Sundial","Toxic Egg 2","Fusion Hammer","FossilizedHelix","Turnip","Shuriken","Red Mask","Bronze Scales","Busted Crown","Peace Pipe","Prayer Wheel","StoneCalendar","Molten Egg 2","Orichalcum","Membership Card","Ornamental Fan","Oddly Smooth Stone","Anchor"],"potions_floor_usage":[31,56,56],"damage_taken":[{"damage":0.0,"enemies":"2 Louse","floor":1.0,"turns":1.0},{"damage":0.0,"enemies":"Gremlin Nob","floor":6.0,"turns":1.0},{"damage":0.0,"enemies":"Jaw Worm","floor":8.0,"turns":1.0},{"damage":10.0,"enemies":"Lagavulin","floor":10.0,"turns":7.0},{"damage":6.0,"enemies":"Gremlin Nob","floor":12.0,"turns":3.0},{"damage":0.0,"enemies":"Hexaghost","floor":16.0,"turns":7.0},{"damage":1.0,"enemies":"Spheric Guardian","floor":18.0,"turns":3.0},{"damage":0.0,"enemies":"2 Thieves","floor":19.0,"turns":1.0},{"damage":37.0,"enemies":"Cultist and Chosen","floor":21.0,"turns":7.0},{"damage":10.0,"enemies":"Sentry and Sphere","floor":24.0,"turns":5.0},{"damage":0.0,"enemies":"Book of Stabbing","floor":25.0,"turns":5.0},{"damage":0.0,"enemies":"Colosseum Slavers","floor":27.0,"turns":4.0},{"damage":0.0,"enemies":"Colosseum Nobs","floor":27.0,"turns":5.0},{"damage":0.0,"enemies":"Masked Bandits","floor":29.0,"turns":4.0},{"damage":18,"enemies":"Slavers","floor":31,"turns":6},{"damage":0,"enemies":"Automaton","floor":33,"turns":7},{"damage":0,"enemies":"Orb Walker","floor":35,"turns":3},{"damage":0,"enemies":"3 Darklings","floor":38,"turns":2},{"damage":0,"enemies":"Spire Growth","floor":39,"turns":3},{"damage":0,"enemies":"Giant Head","floor":40,"turns":3},{"damage":0,"enemies":"2 Orb Walkers","floor":41,"turns":3},{"damage":0,"enemies":"Mind Bloom Boss Battle","floor":42,"turns":3},{"damage":0,"enemies":"Reptomancer","floor":45,"turns":4},{"damage":0,"enemies":"Nemesis","floor":48,"turns":3},{"damage":0,"enemies":"Awakened One","floor":50,"turns":3},{"damage":0,"enemies":"Donu and Deca","floor":51,"turns":1},{"damage":0,"enemies":"Shield and Spear","floor":55,"turns":1},{"damage":0,"enemies":"The Heart","floor":56,"turns":5}],"seed_played":"5860956787168002404","potions_obtained":[{"floor":8.0,"key":"Swift Potion"},{"floor":12.0,"key":"SmokeBomb"},{"floor":20.0,"key":"Poison Potion"},{"floor":21.0,"key":"Energy Potion"},{"floor":27.0,"key":"Explosive Potion"},{"floor":29.0,"key":"Block Potion"},{"floor":39,"key":"Weak Potion"}],"is_trial":false,"path_per_floor":["M","?","?","T","$","E","R","M","T","E","R","?","R","?","R","B",null,"M","M","?","M","$","R","M","E","T","?","R","?","R","E","R","B",null,"M","?","$","M","M","E","?","?","T","R","E","R","?","E","R","B","B",null,"R","$","E","B",null],"character_chosen":"THE_SILENT","items_purchased":["Apotheosis+1","Membership Card","Ornamental Fan","Oddly Smooth Stone"],"campfire_rested":3,"item_purchase_floors":[22,54,54,54],"current_hp_per_floor":[59,39,39,39,39,39,39,39,39,29,29,23,23,12,12,12,53,52,52,52,15,15,34,24,24,24,24,43,43,62,44,44,44,61,61,61,61,61,61,61,61,61,61,61,61,61,61,61,61,61,61,65,65,65,65,65],"gold":47,"neow_bonus":"THREE_ENEMY_KILL","is_prod":false,"is_daily":false,"chose_seed":false,"campfire_upgraded":4,"win_rate":0,"timestamp":1554728356,"path_taken":["M","?","?","?","$","E","R","M","T","E","R","?","R","?","R","BOSS","M","M","?","M","$","R","M","E","T","?","R","?","R","E","R","BOSS","M","?","$","M","M","E","?","?","T","R","E","R","?","E","R","BOSS","BOSS","R","$","E","BOSS"],"build_version":"2019-01-23","purchased_purges":4,"victory":true,"max_hp_per_floor":[66,66,66,66,66,66,66,66,66,66,66,66,66,66,66,66,66,66,66,66,66,66,66,66,66,66,66,66,66,66,66,66,66,66,66,66,66,66,66,66,66,66,66,66,66,66,66,66,66,66,66,66,66,66,66,66],"card_choices":[{"not_picked":["Slice","Heel Hook"],"picked":"Poisoned Stab","floor":1.0},{"not_picked":["Bane","Blur"],"picked":"Bouncing Flask","floor":6.0},{"not_picked":["Terror","Flechettes","Outmaneuver","Blade Dance"],"picked":"SKIP","floor":8.0},{"not_picked":["Underhanded Strike","Reflex","Dagger Throw","Slice"],"picked":"SKIP","floor":10.0},{"not_picked":["Malaise+1","Grand Finale","Die Die Die"],"picked":"Burst+1","floor":16.0},{"not_picked":["Deflect+1","Skewer","Eviscerate"],"picked":"Acrobatics+1","floor":18.0},{"not_picked":["Endless Agony","Blade Dance+1","Bane"],"picked":"Tactician+1","floor":21.0},{"not_picked":["Heel Hook","Distraction+1","Endless Agony"],"picked":"Catalyst+1","floor":24.0},{"not_picked":["Noxious Fumes+1","Masterful Stab","Sucker Punch","Flying Knee+1"],"picked":"SKIP","floor":25.0},{"not_picked":["Noxious Fumes+1","Deflect+1","A Thousand Cuts+1"],"picked":"Acrobatics+1","floor":27.0},{"not_picked":["Dash","Riddle With Holes","Tactician+1","Accuracy+1"],"picked":"SKIP","floor":31},{"not_picked":["A Thousand Cuts+1","Die Die Die","Unload"],"picked":"Grand Finale","floor":33},{"not_picked":["Predator+1"],"picked":"Backflip+1","floor":35},{"not_picked":["Eviscerate","Flechettes"],"picked":"SKIP","floor":38},{"not_picked":["Reflex+1","Flying Knee"],"picked":"SKIP","floor":39},{"not_picked":["Bane","Flying Knee+1"],"picked":"SKIP","floor":40},{"not_picked":["PiercingWail+1","Slice"],"picked":"SKIP","floor":45},{"not_picked":["Backflip+1","Envenom+1"],"picked":"SKIP","floor":48},{"not_picked":["Dagger Spray+1","Dodge and Roll+1"],"picked":"SKIP","floor":55}],"player_experience":4166493,"relics_obtained":[{"floor":4.0,"key":"Juzu Bracelet"},{"floor":6.0,"key":"Question Card"},{"floor":9.0,"key":"Frozen Egg 2"},{"floor":10.0,"key":"Sundial"},{"floor":12.0,"key":"Toxic Egg 2"},{"floor":25.0,"key":"FossilizedHelix"},{"floor":27.0,"key":"Turnip"},{"floor":27.0,"key":"Shuriken"},{"floor":29.0,"key":"Red Mask"},{"floor":31,"key":"Bronze Scales"},{"floor":40,"key":"Peace Pipe"},{"floor":42,"key":"Prayer Wheel"},{"floor":43,"key":"StoneCalendar"},{"floor":45,"key":"Molten Egg 2"},{"floor":48,"key":"Orichalcum"},{"floor":55,"key":"Anchor"}],"event_choices":[{"damage_healed":0.0,"max_hp_gain":0.0,"max_hp_loss":0.0,"gold_gain":0.0,"event_name":"Shining Light","player_choice":"Entered Light","floor":2.0,"gold_loss":0.0,"damage_taken":20.0,"cards_upgraded":["Strike_G","Strike_G"]},{"damage_healed":0.0,"max_hp_gain":0.0,"max_hp_loss":0.0,"gold_gain":0.0,"cards_transformed":["Strike_G"],"event_name":"Living Wall","player_choice":"Change","floor":3.0,"gold_loss":0.0,"damage_taken":0.0,"cards_obtained":["Well Laid Plans"]},{"damage_healed":0.0,"max_hp_gain":0.0,"max_hp_loss":0.0,"gold_gain":0.0,"event_name":"Dead Adventurer","player_choice":"Searched \u00271\u0027 times","floor":12.0,"gold_loss":0.0,"damage_taken":0.0},{"damage_healed":0.0,"max_hp_gain":0.0,"max_hp_loss":0.0,"gold_gain":75.0,"event_name":"World of Goop","player_choice":"Gather Gold","floor":14.0,"gold_loss":0.0,"damage_taken":11.0},{"damage_healed":0.0,"max_hp_gain":0.0,"max_hp_loss":0.0,"gold_gain":0.0,"event_name":"The Woman in Blue","player_choice":"Bought 1 Potion","floor":20.0,"gold_loss":0.0,"damage_taken":0.0},{"damage_healed":0.0,"max_hp_gain":0.0,"max_hp_loss":0.0,"gold_gain":0.0,"event_name":"Colosseum","player_choice":"Fight","floor":27.0,"gold_loss":0.0,"damage_taken":0.0},{"damage_healed":0.0,"max_hp_gain":0.0,"max_hp_loss":0.0,"gold_gain":0.0,"event_name":"Colosseum","player_choice":"Fought Nobs","floor":27.0,"gold_loss":0.0,"damage_taken":0.0},{"damage_healed":0.0,"max_hp_gain":0.0,"max_hp_loss":0.0,"gold_gain":0.0,"event_name":"Masked Bandits","player_choice":"Fought Bandits","floor":29.0,"gold_loss":0.0,"damage_taken":0.0},{"cards_removed":["Strike_G"],"damage_healed":0,"gold_gain":0,"player_choice":"Removed Attack","damage_taken":0,"max_hp_gain":0,"max_hp_loss":0,"event_name":"Falling","floor":36,"gold_loss":0},{"damage_healed":0,"gold_gain":0,"player_choice":"Fight","damage_taken":0,"max_hp_gain":0,"max_hp_loss":0,"event_name":"Mysterious Sphere","floor":41,"gold_loss":0},{"damage_healed":0,"gold_gain":0,"player_choice":"Fight","damage_taken":0,"max_hp_gain":0,"max_hp_loss":0,"event_name":"MindBloom","floor":42,"gold_loss":0},{"cards_removed":["Defend_G"],"damage_healed":0,"gold_gain":0,"player_choice":"Offered Basic","damage_taken":0,"max_hp_gain":0,"max_hp_loss":0,"event_name":"Bonfire Elementals","floor":47,"gold_loss":0}],"is_beta":false,"boss_relics":[{"not_picked":["HoveringKite","Runic Dome"],"picked":"Fusion Hammer"},{"not_picked":["Philosopher\u0027s Stone","Velvet Choker"],"picked":"Busted Crown"}],"items_purged_floors":[5,22,37,54],"is_endless":false,"potions_floor_spawned":[8,12,21,27,27,29,39,42,48],"ascension_level":20}