{"gold_per_floor":[109,122,135,154,168,168,201,201,252,252,252,290,290,324,324,415,415,433,263,313,213,213,253,276,276,276,191,191,191,191,216,216,311,311,336,356,0,999,241,241,241,574,574,574,196,196,196,206,206,206,206,206,206,0,31,31],"floor_reached":56,"playtime":4317,"items_purged":["Strike_G","Strike_G","Shame","Normality","Normality","Strike_G"],"score":2014,"play_id":"8843c543-a4a9-4e06-84d9-50ed9bd1b498","local_time":"20190210154537","is_ascension_mode":true,"campfire_choices":[{"data":"Glass Knife","floor":6.0,"key":"SMITH"},{"data":"Bouncing Flask","floor":8.0,"key":"SMITH"},{"data":"Neutralize","floor":13.0,"key":"SMITH"},{"data":"Wraith Form v2","floor":15.0,"key":"SMITH"},{"data":"Footwork","floor":25.0,"key":"SMITH"},{"data":"Footwork","floor":28.0,"key":"SMITH"},{"data":"Malaise","floor":30.0,"key":"SMITH"},{"data":"Leg Sweep","floor":32.0,"key":"SMITH"},{"data":"Well Laid Plans","floor":41.0,"key":"SMITH"},{"floor":47.0,"key":"RECALL"},{"data":"Purity","floor":49.0,"key":"SMITH"},{"data":"Grand Finale","floor":53.0,"key":"SMITH"}],"neow_cost":"TEN_PERCENT_HP_LOSS","seed_source_timestamp":20518804312843,"circlet_count":0,"master_deck":["AscendersBane","Defend_G","Defend_G","Defend_G","Defend_G","Survivor","Neutralize+1","Glass Knife+1","Heel Hook","Footwork+1","Bouncing Flask+1","Wraith Form v2+1","Footwork+1","After Image","Purity+1","Malaise+1","Leg Sweep+1","Ghostly+1","Ghostly+1","Ghostly+1","Leg Sweep+1","Adrenaline+1","Well Laid Plans+1","Grand Finale+1","Finesse+1","Escape Plan+1","Decay","Adrenaline+1","Wraith Form v2+1","Terror+1"],"special_seed":0,"relics":["Ring of the Snake","Bag of Marbles","Oddly Smooth Stone","Bottled Flame","Strawberry","Cursed Key","Bottled Tornado","Toxic Egg 2","Bag of Preparation","Runic Dome","Medical Kit","Membership Card","WingedGreaves","Dodecahedron","DollysMirror","Bottled Lightning","OrangePellets","Happy Flower"],"potions_floor_usage":[],"damage_taken":[{"damage":1.0,"enemies":"Jaw Worm","floor":1.0,"turns":4.0},{"damage":0.0,"enemies":"Small Slimes","floor":2.0,"turns":2.0},{"damage":0.0,"enemies":"Cultist","floor":3.0,"turns":3.0},{"damage":0.0,"enemies":"Exordium Wildlife","floor":4.0,"turns":4.0},{"damage":12.0,"enemies":"Red Slaver","floor":5.0,"turns":5.0},{"damage":2.0,"enemies":"Gremlin Nob","floor":7.0,"turns":4.0},{"damage":5.0,"enemies":"Lagavulin","floor":12.0,"turns":5.0},{"damage":6.0,"enemies":"Gremlin Nob","floor":14.0,"turns":3.0},{"damage":23.0,"enemies":"The Guardian","floor":16.0,"turns":11.0},{"damage":0.0,"enemies":"Spheric Guardian","floor":18.0,"turns":3.0},{"damage":0.0,"enemies":"Book of Stabbing","floor":23.0,"turns":7.0},{"damage":0.0,"enemies":"2 Thieves","floor":24.0,"turns":5.0},{"damage":0.0,"enemies":"3 Cultists","floor":31.0,"turns":7.0},{"damage":0.0,"enemies":"Champ","floor":33.0,"turns":21.0},{"damage":0.0,"enemies":"3 Shapes","floor":35.0,"turns":6.0},{"damage":0.0,"enemies":"3 Darklings","floor":36.0,"turns":7.0},{"damage":0.0,"enemies":"Reptomancer","floor":40.0,"turns":1.0},{"damage":0.0,"enemies":"4 Shapes","floor":48.0,"turns":7.0},{"damage":5.0,"enemies":"Awakened One","floor":50.0,"turns":26.0},{"damage":2.0,"enemies":"Time Eater","floor":51.0,"turns":23.0},{"damage":0.0,"enemies":"Shield and Spear","floor":55.0,"turns":10.0},{"damage":28,"enemies":"The Heart","floor":56,"turns":12}],"seed_played":"-7890657679067570498","potions_obtained":[{"floor":1.0,"key":"SneckoOil"},{"floor":2.0,"key":"EssenceOfSteel"},{"floor":7.0,"key":"Weak Potion"},{"floor":18.0,"key":"Poison Potion"},{"floor":33.0,"key":"PowerPotion"},{"floor":35.0,"key":"SmokeBomb"},{"floor":55.0,"key":"Fire Potion"}],"is_trial":false,"path_per_floor":["M","M","M","M","M","R","E","R","T","?","?","E","R","E","R","B",null,"M","$","?","$","?","E","M","R","T","?","R","?","R","M","R","B",null,"M","M","$","?","$","E","R","?","T","?","$","?","R","M","R","B","B",null,"R","$","E","B"],"character_chosen":"THE_SILENT","items_purchased":["Purity","Medical Kit","Membership Card","WingedGreaves","Well Laid Plans","Grand Finale","Dodecahedron","Finesse+1","Escape Plan+1","Adrenaline+1","DollysMirror","Bottled Lightning","OrangePellets"],"campfire_rested":0,"item_purchase_floors":[19,37,39,39,39,39,39,39,39,45,45,45,54],"current_hp_per_floor":[58,58,58,58,46,46,44,44,44,44,41,36,36,37,37,14,49,49,49,49,49,49,49,49,49,49,49,49,30,30,30,30,30,30,30,30,30,30,30,30,30,30,30,30,30,28,28,28,28,23,21,26,26,26,26,0],"gold":31,"neow_bonus":"TRANSFORM_TWO_CARDS","is_prod":false,"is_daily":false,"chose_seed":false,"campfire_upgraded":11,"win_rate":0,"timestamp":1549784737,"path_taken":["M","M","M","M","M","R","E","R","T","?","?","E","R","E","R","BOSS","M","$","?","$","?","E","?","R","T","?","R","?","R","M","R","BOSS","M","M","$","?","$","E","R","?","T","?","?","?","R","?","R","BOSS","BOSS","R","$","E","BOSS"],"build_version":"2019-01-23","purchased_purges":6,"victory":false,"max_hp_per_floor":[60,60,60,60,60,60,60,60,60,54,54,54,54,61,61,61,61,61,61,61,61,61,61,61,61,61,61,61,30,30,30,30,30,30,30,30,30,30,30,30,30,30,30,30,30,28,28,28,28,28,28,28,28,28,28,28],"card_choices":[{"not_picked":["Flying Knee","Dagger Throw","Deflect"],"picked":"SKIP","floor":1.0},{"not_picked":["Bane","Acrobatics"],"picked":"Footwork","floor":2.0},{"not_picked":["Masterful Stab","Heel Hook"],"picked":"Bouncing Flask","floor":3.0},{"not_picked":["PiercingWail","Infinite Blades"],"picked":"Wraith Form v2","floor":4.0},{"not_picked":["Dagger Throw","Blade Dance","Deflect"],"picked":"SKIP","floor":5.0},{"not_picked":["PiercingWail","Deadly Poison"],"picked":"Footwork","floor":7.0},{"not_picked":["Poisoned Stab","Dagger Throw","Outmaneuver"],"picked":"SKIP","floor":12.0},{"not_picked":["Accuracy","Backstab","Poisoned Stab"],"picked":"SKIP","floor":14.0},{"not_picked":["Venomology","Malaise"],"picked":"After Image","floor":16.0},{"not_picked":["Slice","Dagger Throw","Dagger Spray"],"picked":"SKIP","floor":18.0},{"not_picked":["Dash","Riddle With Holes"],"picked":"Leg Sweep","floor":23.0},{"not_picked":["Flying Knee","Footwork","Deadly Poison"],"picked":"SKIP","floor":24.0},{"not_picked":["Die Die Die","Cloak And Dagger+1"],"picked":"Leg Sweep+1","floor":31.0},{"not_picked":["Malaise+1","Phantasmal Killer+1"],"picked":"Adrenaline+1","floor":33.0},{"not_picked":["Dodge and Roll+1","Choke+1","Poisoned Stab"],"picked":"SKIP","floor":35.0},{"not_picked":["Slice+1","Footwork","Cloak And Dagger+1"],"picked":"SKIP","floor":36.0},{"not_picked":["Predator","Footwork","Finisher"],"picked":"SKIP","floor":48.0},{"not_picked":["Predator","Footwork","Finisher"],"picked":"SKIP","floor":48.0},{"not_picked":["Cloak And Dagger+1","Accuracy"],"picked":"Terror+1","floor":55.0}],"player_experience":2572811,"relics_obtained":[{"floor":7.0,"key":"Bag of Marbles"},{"floor":9.0,"key":"Oddly Smooth Stone"},{"floor":12.0,"key":"Bottled Flame"},{"floor":14.0,"key":"Strawberry"},{"floor":23.0,"key":"Bottled Tornado"},{"floor":26.0,"key":"Toxic Egg 2"},{"floor":55.0,"key":"Happy Flower"}],"event_choices":[{"damage_healed":0.0,"max_hp_gain":0.0,"max_hp_loss":6.0,"gold_gain":0.0,"event_name":"Golden Idol","player_choice":"Lose Max HP","floor":10.0,"gold_loss":0.0,"damage_taken":0.0,"relics_obtained":["Golden Idol"]},{"damage_healed":0.0,"max_hp_gain":0.0,"max_hp_loss":0.0,"gold_gain":0.0,"event_name":"The Woman in Blue","player_choice":"Bought 0 Potions","floor":11.0,"gold_loss":0.0,"damage_taken":0.0},{"damage_healed":0.0,"max_hp_gain":0.0,"max_hp_loss":0.0,"gold_gain":50.0,"event_name":"Nest","player_choice":"Stole From Cult","floor":20.0,"gold_loss":0.0,"damage_taken":0.0},{"damage_healed":0.0,"max_hp_gain":0.0,"max_hp_loss":0.0,"gold_gain":0.0,"cards_transformed":["Strike_G"],"event_name":"Transmorgrifier","player_choice":"Transformed","floor":22.0,"gold_loss":0.0,"damage_taken":0.0,"cards_obtained":["Malaise"]},{"damage_healed":0.0,"max_hp_gain":0.0,"max_hp_loss":0.0,"gold_gain":0.0,"event_name":"Addict","player_choice":"Obtained Relic","floor":27.0,"gold_loss":85.0,"damage_taken":0.0,"relics_obtained":["Bag of Preparation"]},{"damage_healed":0.0,"max_hp_gain":0.0,"max_hp_loss":31.0,"gold_gain":0.0,"event_name":"Ghosts","player_choice":"Became a Ghost","floor":29.0,"gold_loss":0.0,"damage_taken":0.0,"cards_obtained":["Ghostly","Ghostly","Ghostly"]},{"damage_healed":0.0,"max_hp_gain":0.0,"max_hp_loss":0.0,"gold_gain":999.0,"event_name":"MindBloom","player_choice":"Gold","floor":38.0,"gold_loss":0.0,"damage_taken":0.0,"cards_obtained":["Normality","Normality"]},{"damage_healed":0.0,"max_hp_gain":0.0,"max_hp_loss":0.0,"gold_gain":333.0,"event_name":"The Moai Head","player_choice":"Gave Idol","floor":42.0,"relics_lost":["Golden Idol"],"gold_loss":0.0,"damage_taken":0.0},{"damage_healed":0.0,"max_hp_gain":0.0,"max_hp_loss":0.0,"gold_gain":0.0,"event_name":"Mysterious Sphere","player_choice":"Ignored","floor":44.0,"gold_loss":0.0,"damage_taken":0.0},{"damage_healed":0.0,"max_hp_gain":0.0,"max_hp_loss":2.0,"gold_gain":0.0,"event_name":"Winding Halls","player_choice":"Max HP","floor":46.0,"gold_loss":0.0,"damage_taken":0.0}],"is_beta":false,"boss_relics":[{"not_picked":["White Beast Statue","Pandora\u0027s Box"],"picked":"Cursed Key"},{"not_picked":["Ring of the Serpent","WristBlade"],"picked":"Runic Dome"}],"items_purged_floors":[19,21,37,39,45,54],"is_endless":false,"potions_floor_spawned":[1,2,7,18,24,33,35,36,55],"killed_by":"The Heart","ascension_level":20}