{"gold_per_floor":[113,113,113,29,29,29,29,29,29,129,147,481,496,514,514,586,586,562,575,591,506,506],"floor_reached":22,"playtime":542,"items_purged":[],"score":418,"play_id":"9b3fd995-4d95-4cdc-ae0f-f2029808e8e7","local_time":"20181119200948","is_ascension_mode":true,"campfire_choices":[{"data":"Zap","floor":6,"key":"SMITH"},{"data":"Blizzard","floor":8,"key":"SMITH"},{"data":"Buffer","floor":15,"key":"SMITH"}],"neow_cost":"NONE","seed_source_timestamp":1674816964395204,"circlet_count":0,"master_deck":["AscendersBane","Strike_B+1","Defend_B","Defend_B+1","Defend_B","Zap+1","Dualcast","Blizzard+1","Buffer+1","Self Repair","Echo Form","Go for the Eyes+1","Force Field+1","Rip and Tear+1","Turbo","Coolheaded+1"],"relics":["Cracked Core","NeowsBlessing","Bag of Preparation","Old Coin","Astrolabe","Question Card"],"potions_floor_usage":[16,16],"damage_taken":[{"damage":0,"enemies":"Small Slimes","floor":1,"turns":1},{"damage":0,"enemies":"2 Louse","floor":11,"turns":1},{"damage":0,"enemies":"Lagavulin","floor":12,"turns":1},{"damage":0,"enemies":"Cultist","floor":13,"turns":4},{"damage":30,"enemies":"Lots of Slimes","floor":14,"turns":4},{"damage":27,"enemies":"The Guardian","floor":16,"turns":12},{"damage":19,"enemies":"2 Thieves","floor":18,"turns":4},{"damage":0,"enemies":"Shell Parasite","floor":19,"turns":9},{"damage":34,"enemies":"Snake Plant","floor":20,"turns":5},{"damage":0,"enemies":"Centurion and Healer","floor":22,"turns":1}],"seed_played":"2635401636990795165","potions_obtained":[{"floor":12,"key":"FocusPotion"},{"floor":13,"key":"Regen Potion"},{"floor":16,"key":"FearPotion"},{"floor":18,"key":"Poison Potion"}],"is_trial":false,"path_per_floor":["M","?","?","$","?","R","$","R","T","?","M","E","M","M","R","B",null,"M","M","M","?","M"],"character_chosen":"DEFECT","items_purchased":["Blizzard"],"campfire_rested":0,"item_purchase_floors":[4],"current_hp_per_floor":[64,43,48,48,41,41,41,41,41,41,41,41,41,18,18,13,60,55,62,35,35,35],"gold":506,"neow_bonus":"THREE_ENEMY_KILL","is_prod":false,"is_daily":false,"chose_seed":false,"campfire_upgraded":3,"win_rate":0,"timestamp":1542629388,"path_taken":["M","?","?","$","?","R","$","R","T","?","?","E","M","M","R","BOSS","M","?","?","?","M"],"build_version":"2018-11-15","purchased_purges":0,"victory":false,"max_hp_per_floor":[71,71,76,76,76,76,76,76,76,76,76,76,76,76,76,76,76,76,76,76,76,76],"card_choices":[{"not_picked":["Streamline","Stack","Force Field"],"picked":"SKIP","floor":1},{"not_picked":["Gash","Cold Snap"],"picked":"Buffer","floor":11},{"not_picked":["Stack","Sunder","Conserve Battery"],"picked":"SKIP","floor":12},{"not_picked":["Darkness","Reprogram"],"picked":"Self Repair","floor":13},{"not_picked":["Sweeping Beam","Go for the Eyes","Double Energy"],"picked":"SKIP","floor":14},{"not_picked":["Amplify","Fission"],"picked":"Echo Form","floor":16},{"not_picked":["Stack","Sweeping Beam"],"picked":"Turbo","floor":18},{"not_picked":["Reinforced Body","Rebound"],"picked":"Coolheaded+1","floor":19},{"not_picked":["Heatsinks+1","Steam","Fusion"],"picked":"SKIP","floor":20}],"player_experience":565035,"relics_obtained":[{"floor":9,"key":"Bag of Preparation"},{"floor":12,"key":"Old Coin"}],"event_choices":[{"damage_healed":0,"gold_gain":0,"player_choice":"Entered Light","damage_taken":21,"max_hp_gain":0,"max_hp_loss":0,"event_name":"Shining Light","floor":2,"gold_loss":0,"cards_upgraded":["Strike_B","Defend_B"]},{"damage_healed":0,"gold_gain":0,"player_choice":"Donut","damage_taken":0,"max_hp_gain":5,"max_hp_loss":0,"event_name":"Big Fish","floor":3,"gold_loss":0},{"cards_removed":["Strike_B"],"damage_healed":0,"gold_gain":0,"player_choice":"Card Removal","damage_taken":7,"max_hp_gain":0,"max_hp_loss":0,"event_name":"Golden Wing","floor":5,"gold_loss":0},{"damage_healed":0,"gold_gain":100,"player_choice":"Gold","damage_taken":0,"max_hp_gain":0,"max_hp_loss":0,"event_name":"Wheel of Change","floor":10,"gold_loss":0},{"damage_healed":0,"gold_gain":0,"player_choice":"Obtained Relic","damage_taken":0,"relics_obtained":["Question Card"],"max_hp_gain":0,"max_hp_loss":0,"event_name":"Addict","floor":21,"gold_loss":85}],"is_beta":true,"boss_relics":[{"not_picked":["Black Star","Nuclear Battery"],"picked":"Astrolabe"}],"items_purged_floors":[],"is_endless":false,"potions_floor_spawned":[12,13,16,18],"killed_by":"Centurion and Healer","ascension_level":20}