{"gold_per_floor":[111,111,261,336,353,353,378,378,431,444,478,478,31,54,54,126,126,137,137,137,152,152,217,233,268,268,303,323,352,363,57,57,132,132,146,165,65,79,79,112,122,155,155,175,195,229,243,263,263,263,263],"floor_reached":52,"playtime":2578,"items_purged":["Doubt","Strike_G","Strike_G"],"score":2114,"play_id":"3d6edc05-d7c7-4e48-8709-5c8efab944c2","local_time":"20181031180758","is_ascension_mode":true,"campfire_choices":[{"data":"Neutralize","floor":6,"key":"SMITH"},{"data":"Blade Dance","floor":8,"key":"SMITH"},{"data":"A Thousand Cuts","floor":12,"key":"SMITH"},{"data":"BloodShelter","floor":15,"key":"SMITH"},{"data":"Adrenaline","floor":32,"key":"SMITH"},{"data":"AutoReboundSystem","floor":49,"key":"SMITH"}],"neow_cost":"NONE","seed_source_timestamp":23842994618248,"circlet_count":0,"master_deck":["Defend_G","Defend_G","Defend_G","Defend_G+1","Defend_G","Strike_G","Strike_G","Strike_G","Survivor","Neutralize+1","AscendersBane","PulseDistributor","Finisher","Backflip+1","Blade Dance+1","A Thousand Cuts+1","Infinite Blades","BloodShelter+1","Adrenaline+1","Blade Dance","Accuracy","Accuracy+1","Cloak And Dagger","Footwork","Deflect","Well Laid Plans+1","AutoReboundSystem+1","Malaise","Cloak And Dagger+1","Blade Dance+1","Blade Dance+1","Burst+1","Cloak And Dagger+1"],"relics":["NoteOfAlchemist","Register","Molten Egg 2","Darkstone Periapt","Kunai","Toxic Egg 2","Gremlin Horn","Pantograph","OneHitWonder","Dodecahedron","Matryoshka","Meat on the Bone","Paper Crane","Pear","The Courier","Shuriken","War Paint","Ancient Tea Set","Letter Opener","PreservedInsect","Bag of Marbles","Ninja Scroll","Ornamental Fan"],"potions_floor_usage":[16,16,25,27,46,50,50,51],"damage_taken":[{"damage":0,"enemies":"Small Slimes","floor":1,"turns":1},{"damage":0,"enemies":"Cultist","floor":5,"turns":1},{"damage":0,"enemies":"Lagavulin","floor":7,"turns":1},{"damage":13,"enemies":"Jaw Worm","floor":10,"turns":4},{"damage":70,"enemies":"Gremlin Nob","floor":11,"turns":6},{"damage":30,"enemies":"The Guardian","floor":16,"turns":10},{"damage":34,"enemies":"Chosen","floor":18,"turns":5},{"damage":3,"enemies":"3 Byrds","floor":21,"turns":4},{"damage":139,"enemies":"Book of Stabbing","floor":23,"turns":6},{"damage":24,"enemies":"3 Cultists","floor":24,"turns":5},{"damage":64,"enemies":"Slavers","floor":25,"turns":6},{"damage":68,"enemies":"Book of Stabbing","floor":27,"turns":5},{"damage":11,"enemies":"Shelled Parasite and Fungi","floor":28,"turns":3},{"damage":79,"enemies":"Slavers","floor":29,"turns":6},{"damage":8,"enemies":"Chosen and Byrds","floor":30,"turns":4},{"damage":70,"enemies":"Automaton","floor":33,"turns":7},{"damage":47,"enemies":"Orb Walker","floor":35,"turns":5},{"damage":109,"enemies":"3 Darklings","floor":36,"turns":6},{"damage":0,"enemies":"4 Shapes","floor":38,"turns":4},{"damage":71,"enemies":"Nemesis","floor":40,"turns":6},{"damage":1,"enemies":"Sphere and 2 Shapes","floor":41,"turns":3},{"damage":121,"enemies":"Giant Head","floor":42,"turns":7},{"damage":0,"enemies":"3 Darklings","floor":44,"turns":1},{"damage":71,"enemies":"Writhing Mass","floor":45,"turns":6},{"damage":17,"enemies":"Nemesis","floor":46,"turns":3},{"damage":28,"enemies":"Transient","floor":47,"turns":6},{"damage":10,"enemies":"4 Shapes","floor":48,"turns":4},{"damage":9,"enemies":"Awakened One","floor":50,"turns":7},{"damage":60,"enemies":"Time Eater","floor":51,"turns":8}],"seed_played":"-243324938452637901","potions_obtained":[{"floor":2,"key":"Explosive Potion"},{"floor":2,"key":"Block Potion"},{"floor":16,"key":"Fire Potion"},{"floor":18,"key":"Ancient Potion"},{"floor":23,"key":"Strength Potion"},{"floor":24,"key":"AttackPotion"},{"floor":27,"key":"Poison Potion"},{"floor":36,"key":"AttackPotion"},{"floor":40,"key":"Energy Potion"},{"floor":46,"key":"Fruit Juice"},{"floor":47,"key":"SteroidPotion"}],"is_trial":false,"path_per_floor":["M","?","?","?","M","R","E","R","T","M","E","R","$","T","R","B",null,"M","?","?","M","?","E","M","E","T","E","M","E","M","$","R","B",null,"M","M","$","M","?","E","M","E","T","M","M","E","M","M","R","B","B"],"character_chosen":"THE_SILENT","items_purchased":["Lantern","BloodShelter","AutoReboundSystem"],"campfire_rested":0,"item_purchase_floors":[13,13,31],"current_hp_per_floor":[59,59,59,48,48,48,48,48,48,47,37,37,37,37,37,46,61,56,56,56,53,53,1,42,49,49,44,55,30,58,58,58,48,72,65,47,47,73,73,52,75,64,64,64,46,46,53,77,77,72,48],"gold":263,"neow_bonus":"THREE_ENEMY_KILL","is_prod":false,"is_daily":false,"chose_seed":false,"campfire_upgraded":6,"win_rate":0,"timestamp":1540980478,"path_taken":["M","?","?","?","?","R","E","R","T","M","E","R","$","?","R","BOSS","M","?","?","M","?","E","M","E","T","E","M","E","M","$","R","BOSS","M","?","$","M","?","E","M","E","T","M","M","E","?","M","R","BOSS","BOSS"],"build_version":"2018-10-25v2","purchased_purges":3,"victory":true,"max_hp_per_floor":[66,66,66,66,66,66,66,66,66,66,66,66,66,66,66,66,66,66,66,66,66,66,66,66,66,66,66,66,66,66,66,66,66,76,76,76,76,76,76,76,76,76,76,76,76,81,81,81,81,81,81],"card_choices":[{"not_picked":["Deflect","Sucker Punch"],"picked":"Finisher","floor":1},{"not_picked":["Underhanded Strike","Dagger Spray"],"picked":"Backflip","floor":5},{"not_picked":["Flechettes","Slice"],"picked":"Blade Dance","floor":7},{"not_picked":["Underhanded Strike","Bane"],"picked":"A Thousand Cuts","floor":10},{"not_picked":["Calculated Gamble","Finisher"],"picked":"Infinite Blades","floor":11},{"not_picked":["Die Die Die","Corpse Explosion"],"picked":"Adrenaline","floor":16},{"not_picked":["Calculated Gamble","Flying Knee"],"picked":"Blade Dance","floor":18},{"not_picked":["Footwork","Slice"],"picked":"Accuracy","floor":21},{"not_picked":["Bane","Poisoned Stab"],"picked":"Accuracy+1","floor":23},{"not_picked":["Setup","Dodge and Roll"],"picked":"Cloak And Dagger","floor":24},{"not_picked":["Reflex","Deadly Poison"],"picked":"Footwork","floor":25},{"not_picked":["Sucker Punch+1","Acrobatics","Skewer"],"picked":"SKIP","floor":27},{"not_picked":["Choke","Acrobatics"],"picked":"Deflect","floor":28},{"not_picked":["Flying Knee","Prepared"],"picked":"Well Laid Plans+1","floor":29},{"not_picked":["Dodge and Roll","Prepared","Quick Slash+1"],"picked":"SKIP","floor":30},{"not_picked":["Grand Finale","Venomology"],"picked":"Malaise","floor":33},{"not_picked":["Reflex+1","Poisoned Stab+1","Prepared+1"],"picked":"SKIP","floor":35},{"not_picked":["Slice+1","Sucker Punch+1"],"picked":"Cloak And Dagger+1","floor":36},{"not_picked":["Sucker Punch+1","Bane+1","Calculated Gamble+1"],"picked":"SKIP","floor":38},{"not_picked":["Escape Plan+1","Doppelganger+1"],"picked":"Blade Dance+1","floor":40},{"not_picked":["Calculated Gamble+1","Deadly Poison+1","Expertise+1"],"picked":"SKIP","floor":41},{"not_picked":["Dagger Throw+1","Deadly Poison+1","Leg Sweep+1"],"picked":"SKIP","floor":42},{"not_picked":["Dagger Throw+1","Deflect+1","Quick Slash+1"],"picked":"SKIP","floor":44},{"not_picked":["Slice+1","Escape Plan+1"],"picked":"Blade Dance+1","floor":45},{"not_picked":["Distraction+1","Reflex+1","Heel Hook+1"],"picked":"SKIP","floor":46},{"not_picked":["Deflect+1","Heel Hook+1"],"picked":"Burst+1","floor":47},{"not_picked":["Deflect+1","Concentrate+1"],"picked":"Cloak And Dagger+1","floor":48}],"player_experience":427657,"relics_obtained":[{"floor":7,"key":"Juzu Bracelet"},{"floor":9,"key":"Centennial Puzzle"},{"floor":11,"key":"IndustrialRevolution"},{"floor":14,"key":"Potion Belt"},{"floor":23,"key":"Regal Pillow"},{"floor":23,"key":"Tiny Chest"},{"floor":25,"key":"Pen Nib"},{"floor":25,"key":"Dream Catcher"},{"floor":26,"key":"Boot"},{"floor":27,"key":"Happy Flower"},{"floor":27,"key":"Omamori"},{"floor":29,"key":"Orichalcum"},{"floor":29,"key":"Bronze Scales"},{"floor":34,"key":"Register"},{"floor":34,"key":"Molten Egg 2"},{"floor":34,"key":"Darkstone Periapt"},{"floor":34,"key":"Kunai"},{"floor":34,"key":"Toxic Egg 2"},{"floor":34,"key":"Gremlin Horn"},{"floor":34,"key":"Pantograph"},{"floor":34,"key":"OneHitWonder"},{"floor":34,"key":"Dodecahedron"},{"floor":34,"key":"Matryoshka"},{"floor":34,"key":"Meat on the Bone"},{"floor":34,"key":"Paper Crane"},{"floor":34,"key":"Pear"},{"floor":34,"key":"The Courier"},{"floor":34,"key":"Shuriken"},{"floor":34,"key":"War Paint"},{"floor":40,"key":"Letter Opener"},{"floor":42,"key":"PreservedInsect"},{"floor":43,"key":"Bag of Marbles"},{"floor":43,"key":"Ninja Scroll"},{"floor":46,"key":"Ornamental Fan"}],"event_choices":[{"damage_healed":0,"gold_gain":0,"player_choice":"Got Potions","damage_taken":0,"max_hp_gain":0,"max_hp_loss":0,"event_name":"The Lab","floor":2,"gold_loss":0},{"damage_healed":0,"gold_gain":150,"player_choice":"AGREE","damage_taken":0,"max_hp_gain":0,"max_hp_loss":0,"event_name":"Liars Game","floor":3,"gold_loss":0,"cards_obtained":["Doubt"]},{"damage_healed":0,"gold_gain":75,"player_choice":"Gather Gold","damage_taken":11,"max_hp_gain":0,"max_hp_loss":0,"event_name":"World of Goop","floor":4,"gold_loss":0},{"damage_healed":0,"gold_gain":0,"player_choice":"Ignored","damage_taken":0,"max_hp_gain":0,"max_hp_loss":0,"event_name":"Cursed Tome","floor":19,"gold_loss":0},{"damage_healed":0,"gold_gain":0,"player_choice":"Ignored","damage_taken":0,"max_hp_gain":0,"max_hp_loss":0,"event_name":"Ghosts","floor":20,"gold_loss":0},{"damage_healed":0,"gold_gain":0,"player_choice":"Ignored","damage_taken":0,"max_hp_gain":0,"max_hp_loss":0,"event_name":"Vampires","floor":22,"gold_loss":0},{"damage_healed":0,"gold_gain":0,"player_choice":"Gave Potion","damage_taken":0,"relics_obtained":["Ancient Tea Set"],"max_hp_gain":0,"max_hp_loss":0,"event_name":"WeMeetAgain","floor":39,"gold_loss":0}],"is_beta":false,"boss_relics":[{"not_picked":["CardMagician","Eternal Feather"],"picked":"Black Star"},{"not_picked":["Fusion Hammer","BatchProcessingSystem"],"picked":"NoteOfAlchemist"}],"items_purged_floors":[13,31,37],"is_endless":false,"potions_floor_spawned":[7,10,16,18,23,24,27,36,40,45,46,47],"ascension_level":20}