{"gold_per_floor":[361,361,361,373,5,33,33,52,52,52,67,47,67,97,97,97],"floor_reached":16,"playtime":546,"items_purged":[],"score":295,"play_id":"e063ff73-60f1-44b1-a7f2-2d7e7e777c0f","local_time":"20190204192146","is_ascension_mode":true,"campfire_choices":[{"data":"Neutralize","floor":7.0,"key":"SMITH"},{"data":"Cloak And Dagger","floor":10,"key":"SMITH"},{"data":"Grand Finale","floor":15,"key":"SMITH"}],"neow_cost":"TEN_PERCENT_HP_LOSS","seed_source_timestamp":36455269048632,"circlet_count":0,"master_deck":["AscendersBane","Defend_G","Defend_G","Defend_G","Defend_G","Defend_G","Strike_G","Strike_G","Strike_G","Strike_G","Strike_G","Survivor","Neutralize+1","Acrobatics","Cloak And Dagger+1","Cloak And Dagger+1","Acrobatics+1","Cloak And Dagger+1","Tactician+1","Grand Finale+1","Cloak And Dagger+1"],"special_seed":0,"relics":["Ring of the Snake","Toxic Egg 2","StoneCalendar","Turnip","Meat on the Bone"],"potions_floor_usage":[13,14,16],"damage_taken":[{"damage":0.0,"enemies":"2 Louse","floor":1.0,"turns":2.0},{"damage":4.0,"enemies":"Small Slimes","floor":4.0,"turns":5.0},{"damage":27.0,"enemies":"Gremlin Nob","floor":6.0,"turns":4.0},{"damage":1,"enemies":"Jaw Worm","floor":8,"turns":4},{"damage":0,"enemies":"Looter","floor":11,"turns":4},{"damage":1,"enemies":"Red Slaver","floor":13,"turns":5},{"damage":0,"enemies":"3 Sentries","floor":14,"turns":2},{"damage":31,"enemies":"Hexaghost","floor":16,"turns":9}],"seed_played":"693983288791594623","potions_obtained":[{"floor":4.0,"key":"Weak Potion"},{"floor":8,"key":"SpeedPotion"},{"floor":12,"key":"Swift Potion"},{"floor":14,"key":"LiquidBronze"}],"is_trial":false,"path_per_floor":["M","?","?","M","$","E","R","M","T","R","M","?","M","E","R","B"],"character_chosen":"THE_SILENT","items_purchased":["Toxic Egg 2","Fire Potion","Cloak And Dagger+1"],"campfire_rested":0,"item_purchase_floors":[5,5,5],"current_hp_per_floor":[59,59,64,60,60,33,33,32,32,32,32,32,31,31,31,0],"gold":97,"neow_bonus":"TWO_FIFTY_GOLD","is_prod":false,"is_daily":false,"chose_seed":false,"campfire_upgraded":3,"win_rate":0,"timestamp":1549279306,"path_taken":["M","?","?","M","$","E","R","M","T","R","?","?","M","E","R","BOSS"],"build_version":"2019-01-23","purchased_purges":0,"victory":false,"max_hp_per_floor":[60,60,65,65,65,65,65,65,65,65,65,65,65,65,65,65],"card_choices":[{"not_picked":["Underhanded Strike","All Out Attack"],"picked":"Acrobatics","floor":1.0},{"not_picked":["Dagger Throw","Outmaneuver"],"picked":"Cloak And Dagger","floor":4.0},{"not_picked":["Crippling Poison+1","Riddle With Holes"],"picked":"Acrobatics+1","floor":6.0},{"not_picked":["Outmaneuver+1","Dagger Spray"],"picked":"Cloak And Dagger+1","floor":8},{"not_picked":["Cloak And Dagger+1","Crippling Poison+1"],"picked":"Tactician+1","floor":11},{"not_picked":["All Out Attack","Terror+1"],"picked":"Grand Finale","floor":13},{"not_picked":["Quick Slash","Flying Knee"],"picked":"Cloak And Dagger+1","floor":14}],"player_experience":2518557,"relics_obtained":[{"floor":6.0,"key":"StoneCalendar"},{"floor":9,"key":"Turnip"},{"floor":14,"key":"Meat on the Bone"}],"event_choices":[{"damage_healed":0.0,"max_hp_gain":0.0,"max_hp_loss":0.0,"gold_gain":0.0,"event_name":"Scrap Ooze","player_choice":"Fled","floor":2.0,"gold_loss":0.0,"damage_taken":0.0},{"damage_healed":0.0,"max_hp_gain":5.0,"max_hp_loss":0.0,"gold_gain":0.0,"event_name":"Big Fish","player_choice":"Donut","floor":3.0,"gold_loss":0.0,"damage_taken":0.0},{"damage_healed":0,"gold_gain":0,"player_choice":"Bought 1 Potion","damage_taken":0,"max_hp_gain":0,"max_hp_loss":0,"event_name":"The Woman in Blue","floor":12,"gold_loss":0}],"is_beta":false,"boss_relics":[],"items_purged_floors":[],"is_endless":false,"potions_floor_spawned":[4,8,14],"killed_by":"Hexaghost","ascension_level":20}