{"gold_per_floor":[117,117,39,55,65,65,99,99,99,99,124,124,124,199,199,275,275,286,297,297,297],"floor_reached":21,"playtime":592,"items_purged":[],"score":520,"play_id":"0460e33f-d22a-4311-a8b1-7aa2b3d2f060","local_time":"20181231171403","is_ascension_mode":true,"campfire_choices":[{"data":"Sunder","floor":6.0,"key":"SMITH"},{"data":"Defragment","floor":8.0,"key":"SMITH"},{"data":"Buffer","floor":10.0,"key":"SMITH"},{"data":"Hologram","floor":15.0,"key":"SMITH"}],"neow_cost":"NONE","seed_source_timestamp":21818785069619,"circlet_count":0,"master_deck":["AscendersBane","Strike_B","Defend_B","Defend_B","Zap","Dualcast","Defragment+1","Buffer+1","Self Repair","Sunder+1","Hologram+1","Echo Form","Seek","BootSequence+1","Multi-Cast+1","Multi-Cast+1","White Noise","Defragment"],"special_seed":0,"relics":["Cracked Core","NeowsBlessing","Pear","Singing Bowl","Kunai","Astrolabe","Potion Belt"],"potions_floor_usage":[],"damage_taken":[{"damage":0.0,"enemies":"Cultist","floor":1.0,"turns":1.0},{"damage":0.0,"enemies":"Jaw Worm","floor":4.0,"turns":1.0},{"damage":0.0,"enemies":"2 Louse","floor":5.0,"turns":1.0},{"damage":30.0,"enemies":"3 Sentries","floor":7.0,"turns":6.0},{"damage":0.0,"enemies":"Lagavulin","floor":11.0,"turns":6.0},{"damage":0.0,"enemies":"Slime Boss","floor":16.0,"turns":7.0},{"damage":0,"enemies":"Chosen","floor":18,"turns":5},{"damage":51,"enemies":"3 Byrds","floor":19,"turns":5},{"damage":24,"enemies":"Snake Plant","floor":21,"turns":5}],"seed_played":"-7062403509377851859","potions_obtained":[{"floor":5.0,"key":"FocusPotion"},{"floor":11.0,"key":"Energy Potion"},{"floor":18,"key":"Strength Potion"}],"is_trial":false,"path_per_floor":["M","?","$","M","M","R","E","R","T","R","E","?","?","?","R","B",null,"M","M","?","M"],"character_chosen":"DEFECT","items_purchased":["Self Repair"],"campfire_rested":0,"item_purchase_floors":[3],"current_hp_per_floor":[64,64,64,64,64,64,51,51,51,51,58,51,51,40,40,47,73,80,36,36,12],"gold":297,"neow_bonus":"THREE_ENEMY_KILL","is_prod":false,"is_daily":false,"chose_seed":false,"campfire_upgraded":4,"win_rate":0,"timestamp":1546247643,"path_taken":["M","?","$","M","M","R","E","R","T","R","E","?","?","?","R","BOSS","M","M","?","M"],"build_version":"2018-12-20","purchased_purges":0,"victory":false,"max_hp_per_floor":[71,71,71,71,71,71,81,81,81,81,81,81,81,81,81,81,81,81,81,81,81],"card_choices":[{"not_picked":["Barrage","Aggregate"],"picked":"Defragment","floor":1.0},{"not_picked":["Steam","Fusion"],"picked":"Sunder","floor":4.0},{"not_picked":["Compile Driver","Turbo"],"picked":"Ball Lightning","floor":5.0},{"not_picked":["Rip and Tear","Reprogram"],"picked":"Hologram","floor":7.0},{"not_picked":["Conserve Battery","Barrage"],"picked":"Echo Form","floor":11.0},{"not_picked":["Rainbow","Multi-Cast"],"picked":"Seek","floor":16.0},{"not_picked":["Leap","Steam"],"picked":"White Noise","floor":18},{"not_picked":["Heatsinks","Glacier"],"picked":"Defragment","floor":19}],"player_experience":1626823,"relics_obtained":[{"floor":7.0,"key":"Pear"},{"floor":9.0,"key":"Singing Bowl"},{"floor":11.0,"key":"Kunai"}],"event_choices":[{"damage_healed":0.0,"max_hp_gain":0.0,"max_hp_loss":0.0,"gold_gain":0.0,"cards_transformed":["Strike_B"],"event_name":"Living Wall","player_choice":"Change","floor":2.0,"gold_loss":0.0,"damage_taken":0.0,"cards_obtained":["Buffer"]},{"cards_removed":["Strike_B"],"damage_healed":0.0,"max_hp_gain":0.0,"max_hp_loss":0.0,"gold_gain":0.0,"event_name":"Golden Wing","player_choice":"Card Removal","floor":12.0,"gold_loss":0.0,"damage_taken":7.0},{"damage_healed":0.0,"max_hp_gain":0.0,"max_hp_loss":0.0,"gold_gain":0.0,"event_name":"Liars Game","player_choice":"Ignored","floor":13.0,"gold_loss":0.0,"damage_taken":0.0},{"damage_healed":0.0,"max_hp_gain":0.0,"max_hp_loss":0.0,"gold_gain":75.0,"event_name":"World of Goop","player_choice":"Gather Gold","floor":14.0,"gold_loss":0.0,"damage_taken":11.0},{"cards_removed":["Ball Lightning"],"damage_healed":0,"gold_gain":0,"player_choice":"Gave Card","damage_taken":0,"relics_obtained":["Potion Belt"],"max_hp_gain":0,"max_hp_loss":0,"event_name":"WeMeetAgain","floor":20,"gold_loss":0}],"is_beta":false,"boss_relics":[{"not_picked":["Pandora\u0027s Box","Ectoplasm"],"picked":"Astrolabe"}],"items_purged_floors":[],"is_endless":false,"potions_floor_spawned":[5,11,18,19],"killed_by":"Snake Plant","ascension_level":20}