{"gold_per_floor":[368,379,379,389,18,18,45,45,116,116,129,129,148,161,161,266,266,276,293,309,327,327,327,227,227,227,227,242,242,257,269,269,369,369,386,296,171,171,1170,1170,1190,1190,1190,1206,1206,755,755,39,39,39],"floor_reached":51,"playtime":3420,"items_purged":["Strike_G","Strike_G","Defend_G","Normality","Normality"],"score":797,"play_id":"a9e66e4b-67bf-45d4-9097-60cf685bd2d2","local_time":"20181029122654","is_ascension_mode":false,"campfire_choices":[{"data":"Deadly Poison","floor":6.0,"key":"SMITH"},{"data":"Well Laid Plans","floor":8.0,"key":"SMITH"},{"data":"Neutralize","floor":10.0,"key":"SMITH"},{"data":"Armaments","floor":15.0,"key":"SMITH"},{"data":"Demon Form","floor":23.0,"key":"SMITH"},{"data":"Footwork","floor":27.0,"key":"SMITH"},{"data":"Secret Weapon","floor":32.0,"key":"SMITH"},{"data":"Defend_G","floor":40.0,"key":"SMITH"},{"data":"Disarm","floor":42.0,"key":"SMITH"},{"data":"Trip","floor":45.0,"key":"SMITH"},{"data":"Defend_G","floor":49.0,"key":"SMITH"}],"neow_cost":"PERCENT_DAMAGE","seed_source_timestamp":3237508673811,"circlet_count":0,"master_deck":["Defend_G+1","Defend_G+1","Defend_G+1","Strike_G+1","Strike_G+1","Survivor+1","Neutralize+1","Footwork+1","Well Laid Plans+1","Deadly Poison+1","Demon Form+1","Armaments+1","Ball Lightning","Shrug It Off+1","Secret Weapon+1","Go for the Eyes+1","Prepared+1","Dual Wield+1","Leap","Dagger Spray","Fusion+1","Crippling Poison+1","Bullet Time","Conserve Battery+1","Disarm+1","Trip+1","Burst"],"special_seed":0,"relics":["Ring of the Snake","PrismaticShard","Whetstone","Dodecahedron","Runic Pyramid","Letter Opener","White Beast Statue","Ninja Scroll","Bottled Tornado","War Paint","Bag of Marbles","Anchor","Toolbox"],"potions_floor_usage":[50,50,50],"damage_taken":[{"damage":4.0,"enemies":"Jaw Worm","floor":1.0,"turns":8.0},{"damage":1.0,"enemies":"2 Louse","floor":2.0,"turns":4.0},{"damage":0.0,"enemies":"Cultist","floor":4.0,"turns":4.0},{"damage":13.0,"enemies":"Gremlin Nob","floor":7.0,"turns":3.0},{"damage":6.0,"enemies":"Exordium Wildlife","floor":11.0,"turns":5.0},{"damage":1.0,"enemies":"Lots of Slimes","floor":13.0,"turns":6.0},{"damage":3.0,"enemies":"Large Slime","floor":14.0,"turns":4.0},{"damage":2.0,"enemies":"Slime Boss","floor":16.0,"turns":9.0},{"damage":0.0,"enemies":"Shell Parasite","floor":18.0,"turns":5.0},{"damage":0.0,"enemies":"Spheric Guardian","floor":19.0,"turns":5.0},{"damage":0.0,"enemies":"Centurion and Healer","floor":20.0,"turns":6.0},{"damage":0.0,"enemies":"Snecko","floor":21.0,"turns":5.0},{"damage":0.0,"enemies":"Snake Plant","floor":28.0,"turns":5.0},{"damage":1.0,"enemies":"Shelled Parasite and Fungi","floor":30.0,"turns":6.0},{"damage":6.0,"enemies":"Centurion and Healer","floor":31.0,"turns":6.0},{"damage":0.0,"enemies":"Automaton","floor":33.0,"turns":8.0},{"damage":0.0,"enemies":"3 Shapes","floor":35.0,"turns":5.0},{"damage":0.0,"enemies":"3 Darklings","floor":41.0,"turns":2.0},{"damage":0.0,"enemies":"Sphere and 2 Shapes","floor":44.0,"turns":5.0},{"damage":27,"enemies":"Donu and Deca","floor":50,"turns":8}],"seed_played":"4508444516846044880","potions_obtained":[{"floor":1.0,"key":"GamblersBrew"},{"floor":14.0,"key":"Explosive Potion"},{"floor":16.0,"key":"Explosive Potion"},{"floor":20.0,"key":"GamblersBrew"},{"floor":41.0,"key":"Weak Potion"},{"floor":44.0,"key":"SmokeBomb"}],"is_trial":false,"path_per_floor":["M","M","?","M","$","R","E","R","T","R","M","?","M","M","R","B",null,"M","M","M","M","?","R","$","?","T","R","M","?","M","M","R","B",null,"M","?","$","T","?","R","M","R","T","M","R","$","?","$","R","B"],"character_chosen":"THE_SILENT","items_purchased":["Well Laid Plans","PrismaticShard","Deadly Poison","Burst","War Paint","Bag of Marbles","Anchor","Toolbox","Dexterity Potion"],"campfire_rested":0,"item_purchase_floors":[5,5,5,46,46,48,48,48,48],"current_hp_per_floor":[45,44,44,44,44,44,31,31,31,31,25,70,69,66,66,64,70,70,70,70,70,70,70,70,70,70,70,70,57,56,50,50,50,75,75,75,75,75,75,75,75,75,75,75,75,75,75,75,75,48],"gold":39,"neow_bonus":"TWO_FIFTY_GOLD","is_prod":false,"is_daily":false,"chose_seed":false,"campfire_upgraded":11,"win_rate":0,"timestamp":1540787214,"path_taken":["M","M","?","M","$","R","E","R","T","R","M","?","?","?","R","BOSS","M","M","M","M","?","R","$","?","T","R","M","?","M","M","R","BOSS","M","?","?","?","?","R","M","R","T","M","R","$","?","$","R","BOSS"],"build_version":"2018-10-25v2","purchased_purges":5,"victory":true,"max_hp_per_floor":[70,70,70,70,70,70,70,70,70,70,70,70,70,70,70,70,70,70,70,70,70,70,70,70,70,70,70,70,75,75,75,75,75,75,75,75,75,75,75,75,75,75,75,75,75,75,75,75,75,75],"card_choices":[{"not_picked":["Calculated Gamble","Dodge and Roll","Blade Dance"],"picked":"SKIP","floor":1.0},{"not_picked":["Acrobatics","Caltrops"],"picked":"Bouncing Flask","floor":2.0},{"not_picked":["Deflect","Infinite Blades"],"picked":"Footwork","floor":4.0},{"not_picked":["Skim","Recycle"],"picked":"Demon Form","floor":7.0},{"not_picked":["Bane","Body Slam"],"picked":"Armaments","floor":11.0},{"not_picked":["Outmaneuver","Havoc"],"picked":"Ball Lightning","floor":13.0},{"not_picked":["Body Slam","Wild Strike"],"picked":"Shrug It Off","floor":14.0},{"not_picked":["Thunder Strike","Thunder Strike"],"picked":"Secret Weapon","floor":16.0},{"not_picked":["Slice","Perfected Strike+1"],"picked":"Go for the Eyes+1","floor":18.0},{"not_picked":["Dropkick","Anger"],"picked":"Prepared+1","floor":19.0},{"not_picked":["Cleave","Cloak And Dagger"],"picked":"Dual Wield+1","floor":20.0},{"not_picked":["Quick Slash","Acrobatics"],"picked":"Leap","floor":21.0},{"not_picked":["Rage","Go for the Eyes"],"picked":"Dagger Spray","floor":28.0},{"not_picked":["Doom and Gloom+1","Compile Driver+1"],"picked":"Fusion+1","floor":30.0},{"not_picked":["Thunderclap","Impatience"],"picked":"Crippling Poison+1","floor":31.0},{"not_picked":["Fission","Feed"],"picked":"Bullet Time","floor":33.0},{"not_picked":["Twin Strike+1","Hemokinesis+1"],"picked":"Conserve Battery+1","floor":35.0},{"not_picked":["Clash+1","Cold Snap+1"],"picked":"Disarm","floor":41.0},{"not_picked":["Fusion","Eviscerate+1"],"picked":"Trip","floor":44.0}],"player_experience":705323,"relics_obtained":[{"floor":7.0,"key":"Whetstone"},{"floor":9.0,"key":"Dodecahedron"},{"floor":26.0,"key":"Letter Opener"},{"floor":38.0,"key":"Ninja Scroll"},{"floor":43.0,"key":"Bottled Tornado"}],"event_choices":[{"damage_healed":0.0,"max_hp_gain":0.0,"max_hp_loss":0.0,"gold_gain":0.0,"event_name":"Liars Game","player_choice":"Ignored","floor":3.0,"gold_loss":0.0,"damage_taken":0.0},{"cards_removed":["Bouncing Flask"],"damage_healed":45.0,"max_hp_gain":0.0,"max_hp_loss":0.0,"gold_gain":0.0,"event_name":"Bonfire Elementals","player_choice":"Offered Uncommon","floor":12.0,"gold_loss":0.0,"damage_taken":0.0},{"cards_removed":["Defend_G"],"damage_healed":0.0,"max_hp_gain":0.0,"max_hp_loss":0.0,"gold_gain":0.0,"event_name":"Back to Basics","player_choice":"Elegance","floor":22.0,"gold_loss":0.0,"damage_taken":0.0},{"damage_healed":0.0,"max_hp_gain":0.0,"max_hp_loss":0.0,"gold_gain":0.0,"event_name":"Vampires","player_choice":"Ignored","floor":25.0,"gold_loss":0.0,"damage_taken":0.0},{"damage_healed":0.0,"max_hp_gain":5.0,"max_hp_loss":0.0,"gold_gain":0.0,"event_name":"Forgotten Altar","player_choice":"Shed Blood","floor":29.0,"gold_loss":0.0,"damage_taken":18.0},{"cards_removed":["Strike_G"],"damage_healed":0.0,"max_hp_gain":0.0,"max_hp_loss":0.0,"gold_gain":0.0,"event_name":"Designer","player_choice":"Upgrade and Remove","floor":36.0,"gold_loss":90.0,"damage_taken":0.0,"cards_upgraded":["Defend_G"]},{"damage_healed":0.0,"max_hp_gain":0.0,"max_hp_loss":0.0,"gold_gain":999.0,"event_name":"MindBloom","player_choice":"Gold","floor":39.0,"gold_loss":0.0,"damage_taken":0.0,"cards_obtained":["Normality","Normality"]},{"damage_healed":0.0,"max_hp_gain":0.0,"max_hp_loss":0.0,"gold_gain":0.0,"event_name":"The Woman in Blue","player_choice":"Bought 0 Potions","floor":47.0,"gold_loss":0.0,"damage_taken":0.0}],"is_beta":false,"boss_relics":[{"not_picked":["WristBlade","Sozu"],"picked":"Runic Pyramid"},{"not_picked":["Calling Bell","Busted Crown"],"picked":"White Beast Statue"}],"items_purged_floors":[5,24,37,46,48],"is_endless":false,"potions_floor_spawned":[1,14,16,20,21,30,31,35,41,44],"ascension_level":0}