{"gold_per_floor":[112,112,129,148,148,148,165,165,190,206,219,236,249,122,122,200,200,211,160,170,190,209,209,227,227],"floor_reached":25,"playtime":903,"items_purged":[],"score":427,"play_id":"1761b29e-04aa-46ea-af09-6a4cdbb35774","local_time":"20190130220156","is_ascension_mode":true,"campfire_choices":[{"data":"Footwork","floor":6.0,"key":"SMITH"},{"data":"Calculated Gamble","floor":8.0,"key":"SMITH"},{"floor":15.0,"key":"REST"},{"floor":23.0,"key":"REST"}],"neow_cost":"NONE","seed_source_timestamp":44934529065125,"circlet_count":0,"master_deck":["AscendersBane","Defend_G","Defend_G","Defend_G","Defend_G","Defend_G","Strike_G+1","Strike_G","Strike_G","Strike_G","Strike_G","Survivor","Neutralize+1","Predator","Acrobatics","Flying Knee","Heel Hook","Footwork+1","Calculated Gamble+1","Deflect","Leg Sweep","Outmaneuver","Dodge and Roll","Deflect","Caltrops","Acrobatics","PiercingWail","Choke","Deflect","Well Laid Plans","Dagger Spray","Corpse Explosion","Blade Dance","Dagger Spray","Cloak And Dagger","Outmaneuver","Backflip","Outmaneuver","Underhanded Strike+1","Underhanded Strike","Leg Sweep","Blade Dance+1","Blade Dance"],"special_seed":0,"relics":["Calling Bell","Centennial Puzzle","Kunai","Prayer Wheel","Anchor","Philosopher\u0027s Stone"],"potions_floor_usage":[],"damage_taken":[{"damage":5.0,"enemies":"Cultist","floor":1.0,"turns":5.0},{"damage":12.0,"enemies":"Jaw Worm","floor":3.0,"turns":4.0},{"damage":0.0,"enemies":"2 Louse","floor":4.0,"turns":2.0},{"damage":8.0,"enemies":"Looter","floor":7.0,"turns":3.0},{"damage":2.0,"enemies":"Exordium Wildlife","floor":10.0,"turns":4.0},{"damage":1.0,"enemies":"2 Fungi Beasts","floor":11.0,"turns":4.0},{"damage":0.0,"enemies":"Lots of Slimes","floor":12.0,"turns":5.0},{"damage":1.0,"enemies":"3 Louse","floor":13.0,"turns":4.0},{"damage":32.0,"enemies":"Slime Boss","floor":16.0,"turns":17.0},{"damage":14.0,"enemies":"2 Thieves","floor":18.0,"turns":4.0},{"damage":11.0,"enemies":"Spheric Guardian","floor":20.0,"turns":6.0},{"damage":14.0,"enemies":"Chosen and Byrds","floor":21.0,"turns":4.0},{"damage":2.0,"enemies":"Snake Plant","floor":22.0,"turns":6.0},{"damage":7.0,"enemies":"3 Cultists","floor":24.0,"turns":4.0},{"damage":53,"enemies":"Cultist and Chosen","floor":25,"turns":7}],"seed_played":"-1484264717026101582","potions_obtained":[{"floor":3.0,"key":"Weak Potion"},{"floor":7.0,"key":"Fruit Juice"},{"floor":10.0,"key":"Explosive Potion"},{"floor":16.0,"key":"Energy Potion"},{"floor":18.0,"key":"SkillPotion"},{"floor":21.0,"key":"Dexterity Potion"},{"floor":22.0,"key":"Fire Potion"}],"is_trial":false,"path_per_floor":["M","?","M","M","?","R","M","R","T","M","M","M","M","$","R","B",null,"M","$","M","M","M","R","M","M"],"character_chosen":"THE_SILENT","items_purchased":["Well Laid Plans","Dagger Spray","Cloak And Dagger"],"campfire_rested":2,"item_purchase_floors":[14,14,19],"current_hp_per_floor":[54,34,22,22,22,22,19,19,19,17,16,16,15,15,36,4,54,40,40,29,15,13,34,27,0],"gold":227,"neow_bonus":"BOSS_RELIC","is_prod":false,"is_daily":false,"chose_seed":false,"campfire_upgraded":2,"win_rate":0,"timestamp":1548856916,"path_taken":["M","?","M","M","?","R","?","R","T","M","M","M","M","?","R","BOSS","M","$","M","?","M","R","M","M"],"build_version":"2019-01-23","purchased_purges":0,"victory":false,"max_hp_per_floor":[66,66,66,66,66,66,71,71,71,71,71,71,71,71,71,71,71,71,71,71,71,71,71,71,71],"card_choices":[{"not_picked":["Distraction","Underhanded Strike"],"picked":"Predator","floor":1.0},{"not_picked":["Slice","Expertise"],"picked":"Acrobatics","floor":1.0},{"not_picked":["Dodge and Roll","Backflip"],"picked":"Flying Knee","floor":3.0},{"not_picked":["Dagger Spray","Deadly Poison"],"picked":"Heel Hook","floor":3.0},{"not_picked":["Catalyst","Blade Dance"],"picked":"Footwork","floor":4.0},{"not_picked":["Setup","Sucker Punch"],"picked":"Calculated Gamble","floor":4.0},{"not_picked":["Sucker Punch","Reflex"],"picked":"Deflect","floor":7.0},{"not_picked":["Phantasmal Killer","Infinite Blades"],"picked":"Leg Sweep","floor":7.0},{"not_picked":["Cloak And Dagger","Catalyst"],"picked":"Outmaneuver","floor":10.0},{"not_picked":["Tactician","Quick Slash"],"picked":"Dodge and Roll","floor":10.0},{"not_picked":["Dagger Spray","Prepared"],"picked":"Deflect","floor":11.0},{"not_picked":["Blade Dance","Bane"],"picked":"Caltrops","floor":11.0},{"not_picked":["Outmaneuver","Wraith Form v2"],"picked":"Acrobatics","floor":12.0},{"not_picked":["Dagger Spray","Blade Dance"],"picked":"PiercingWail","floor":12.0},{"not_picked":["Blade Dance","Concentrate"],"picked":"Choke","floor":13.0},{"not_picked":["Blade Dance","Dagger Throw"],"picked":"Deflect","floor":13.0},{"not_picked":["Venomology","Envenom"],"picked":"Corpse Explosion","floor":16.0},{"not_picked":["PiercingWail","Eviscerate"],"picked":"Blade Dance","floor":18.0},{"not_picked":["Terror","Deadly Poison"],"picked":"Dagger Spray","floor":18.0},{"not_picked":["Concentrate","Envenom"],"picked":"Outmaneuver","floor":20.0},{"not_picked":["Poisoned Stab","Slice"],"picked":"Backflip","floor":20.0},{"not_picked":["Poisoned Stab","Bane"],"picked":"Outmaneuver","floor":21.0},{"not_picked":["PiercingWail","Flechettes"],"picked":"Underhanded Strike+1","floor":21.0},{"not_picked":["Bane","Quick Slash"],"picked":"Underhanded Strike","floor":22.0},{"not_picked":["Poisoned Stab","Endless Agony"],"picked":"Leg Sweep","floor":22.0},{"not_picked":["Night Terror","Catalyst"],"picked":"Blade Dance+1","floor":24.0},{"not_picked":["Backflip","Eviscerate"],"picked":"Blade Dance","floor":24.0}],"player_experience":1395302,"relics_obtained":[{"floor":0.0,"key":"Centennial Puzzle"},{"floor":0.0,"key":"Kunai"},{"floor":0.0,"key":"Prayer Wheel"},{"floor":9.0,"key":"Anchor"}],"event_choices":[{"damage_healed":0.0,"max_hp_gain":0.0,"max_hp_loss":0.0,"gold_gain":0.0,"event_name":"Shining Light","player_choice":"Entered Light","floor":2.0,"gold_loss":0.0,"damage_taken":20.0,"cards_upgraded":["Strike_G","Neutralize"]},{"cards_removed":["Decay","Clumsy","Shame"],"damage_healed":0.0,"max_hp_gain":0.0,"max_hp_loss":0.0,"gold_gain":0.0,"event_name":"Fountain of Cleansing","player_choice":"Removed Curses","floor":5.0,"gold_loss":0.0,"damage_taken":0.0}],"is_beta":true,"boss_relics":[{"not_picked":["HoveringKite","White Beast Statue"],"picked":"Philosopher\u0027s Stone"}],"items_purged_floors":[],"is_endless":false,"potions_floor_spawned":[3,7,10,11,16,18,21,22],"killed_by":"Cultist and Chosen","ascension_level":20}