{"gold_per_floor":[116,116,129,129,149,149,176,176,251,83,83,102,115,145,145,248,248,258,258,158,177,191,191,208,208,235,247,83,483,496,496,496,601,601,617,617,627,627,677,708,708,726,726,741,741,741,297,317,317,317],"floor_reached":51,"playtime":2941,"items_purged":["Strike_R","Defend_R","Defend_R","Bash+1"],"score":812,"play_id":"a2c5495a-cd44-442d-9abf-bf3685a1716c","local_time":"20190807200409","is_ascension_mode":false,"campfire_choices":[{"data":"Bludgeon","floor":6.0,"key":"SMITH"},{"data":"True Grit","floor":8.0,"key":"SMITH"},{"data":"Bash","floor":15.0,"key":"SMITH"},{"data":"Double Tap","floor":23.0,"key":"SMITH"},{"data":"Power Through","floor":25.0,"key":"SMITH"},{"data":"Body Slam","floor":32.0,"key":"SMITH"},{"data":"Madness","floor":41.0,"key":"SMITH"},{"data":"Second Wind","floor":45.0,"key":"SMITH"},{"floor":49,"key":"RECALL"}],"neow_cost":"PERCENT_DAMAGE","seed_source_timestamp":3542767816688,"circlet_count":0,"master_deck":["Defend_R+1","Bludgeon+1","True Grit+1","Power Through+1","Madness+1","Double Tap+1","Inflame+1","Blood for Blood+1","Pommel Strike+1","Burning Pact+1","Shrug It Off+1","Evolve+1","Sentinel+1","Body Slam+1","Impervious+1","Seeing Red+1","Madness+1","Madness+1","Second Wind+1"],"special_seed":0,"relics":["Burning Blood","Bag of Preparation","Ornamental Fan","Ancient Tea Set","Astrolabe","Dream Catcher","Old Coin","Kunai","MutagenicStrength","Runic Pyramid","Happy Flower","Dodecahedron","Pantograph","Mark of the Bloom","Orichalcum","Regal Pillow"],"potions_floor_usage":[50],"damage_taken":[{"damage":0.0,"enemies":"Cultist","floor":1.0,"turns":2.0},{"damage":5.0,"enemies":"2 Louse","floor":3.0,"turns":3.0},{"damage":6.0,"enemies":"Jaw Worm","floor":5.0,"turns":3.0},{"damage":30.0,"enemies":"3 Sentries","floor":7.0,"turns":9.0},{"damage":0.0,"enemies":"Red Slaver","floor":12.0,"turns":5.0},{"damage":0.0,"enemies":"Large Slime","floor":13.0,"turns":2.0},{"damage":0.0,"enemies":"Lagavulin","floor":14.0,"turns":6.0},{"damage":26.0,"enemies":"The Guardian","floor":16.0,"turns":11.0},{"damage":7.0,"enemies":"3 Byrds","floor":18.0,"turns":6.0},{"damage":7.0,"enemies":"Shell Parasite","floor":21.0,"turns":7.0},{"damage":20.0,"enemies":"3 Cultists","floor":22.0,"turns":5.0},{"damage":0.0,"enemies":"Snake Plant","floor":24.0,"turns":1.0},{"damage":1.0,"enemies":"Chosen and Byrds","floor":27.0,"turns":6.0},{"damage":15.0,"enemies":"Colosseum Slavers","floor":29.0,"turns":7.0},{"damage":7.0,"enemies":"Colosseum Nobs","floor":29.0,"turns":5.0},{"damage":0.0,"enemies":"Shelled Parasite and Fungi","floor":30.0,"turns":3.0},{"damage":32.0,"enemies":"Collector","floor":33.0,"turns":4.0},{"damage":0.0,"enemies":"3 Shapes","floor":35.0,"turns":3.0},{"damage":0.0,"enemies":"Orb Walker","floor":37.0,"turns":2.0},{"damage":0.0,"enemies":"Nemesis","floor":40.0,"turns":3.0},{"damage":0.0,"enemies":"Writhing Mass","floor":42.0,"turns":3.0},{"damage":0.0,"enemies":"Jaw Worm Horde","floor":44.0,"turns":2.0},{"damage":0,"enemies":"4 Shapes","floor":48,"turns":3},{"damage":0,"enemies":"Donu and Deca","floor":50,"turns":3}],"seed_played":"8644899612369156245","potions_obtained":[{"floor":1.0,"key":"Strength Potion"},{"floor":5.0,"key":"Poison Potion"},{"floor":12.0,"key":"Energy Potion"},{"floor":13.0,"key":"PowerPotion"},{"floor":22.0,"key":"Ancient Potion"},{"floor":33.0,"key":"Fire Potion"}],"is_trial":false,"path_per_floor":["M","?","M","?","M","R","E","R","T","$","?","M","M","E","R","B",null,"M","?","$","M","M","R","M","R","T","M","$","?","M","?","R","B",null,"M","?","M","?","T","E","R","M","T","M","R","?","$","M","R","B",null],"character_chosen":"IRONCLAD","items_purchased":["Madness","Evolve","Orichalcum","Regal Pillow"],"campfire_rested":0,"item_purchase_floors":[10,28,47,47],"current_hp_per_floor":[62,62,63,63,63,63,39,39,39,39,39,45,51,57,57,37,80,79,79,79,78,64,64,70,70,70,75,75,65,71,71,71,45,80,80,80,80,70,70,76,76,80,80,80,80,80,80,80,80,80],"gold":317,"neow_bonus":"THREE_RARE_CARDS","is_prod":false,"is_daily":false,"chose_seed":false,"campfire_upgraded":8,"win_rate":0,"timestamp":1565179449,"path_taken":["M","?","?","?","M","R","E","R","T","$","?","M","M","E","R","BOSS","M","?","$","M","M","R","M","R","T","M","$","?","M","?","R","BOSS","M","?","M","?","?","E","R","M","T","M","R","?","$","M","R","BOSS"],"build_version":"2019-07-17","purchased_purges":4,"victory":true,"max_hp_per_floor":[80,80,80,80,80,80,80,80,80,80,80,80,80,80,80,80,80,80,80,80,80,80,80,80,80,80,80,80,80,80,80,80,80,80,80,80,80,80,80,80,80,80,80,80,80,80,80,80,80,80],"card_choices":[{"not_picked":["Juggernaut","Double Tap"],"picked":"Bludgeon","floor":0.0},{"not_picked":["Seeing Red","Havoc"],"picked":"True Grit","floor":1.0},{"not_picked":["Thunderclap","Clothesline","Warcry"],"picked":"SKIP","floor":3.0},{"not_picked":["Iron Wave","Thunderclap"],"picked":"Power Through","floor":5.0},{"not_picked":["Blood for Blood","Intimidate","Clothesline"],"picked":"SKIP","floor":7.0},{"not_picked":["Pummel","Sword Boomerang","Pommel Strike"],"picked":"SKIP","floor":12.0},{"not_picked":["Wild Strike","Perfected Strike","Headbutt"],"picked":"SKIP","floor":13.0},{"not_picked":["Havoc","True Grit","Exhume"],"picked":"SKIP","floor":14.0},{"not_picked":["Exhume","Juggernaut"],"picked":"Double Tap","floor":16.0},{"not_picked":["Clothesline","Headbutt","Heavy Blade"],"picked":"SKIP","floor":18.0},{"not_picked":["Iron Wave+1","Warcry","Corruption"],"picked":"SKIP","floor":21.0},{"not_picked":["Heavy Blade","Havoc","Clothesline+1"],"picked":"SKIP","floor":22.0},{"not_picked":["Reckless Charge+1","Sword Boomerang+1"],"picked":"Burning Pact+1","floor":24.0},{"not_picked":["Inflame","Whirlwind"],"picked":"Shrug It Off+1","floor":27.0},{"not_picked":["Power Through","Havoc"],"picked":"Sentinel+1","floor":29.0},{"not_picked":["Shrug It Off","Wild Strike"],"picked":"Body Slam","floor":30.0},{"not_picked":["Brutality","Feed"],"picked":"Impervious","floor":33.0},{"not_picked":["Headbutt","Twin Strike"],"picked":"Seeing Red+1","floor":35.0},{"not_picked":["Flex","Twin Strike","Cleave+1"],"picked":"SKIP","floor":37.0},{"not_picked":["Perfected Strike+1","Infernal Blade","Pommel Strike+1"],"picked":"SKIP","floor":40.0},{"not_picked":["Seeing Red","Power Through"],"picked":"Second Wind","floor":42.0},{"not_picked":["Warcry+1","Fire Breathing","Flame Barrier+1"],"picked":"SKIP","floor":44.0},{"not_picked":["Thunderclap+1","Anger+1","Warcry+1"],"picked":"SKIP","floor":48}],"player_experience":5879793,"relics_obtained":[{"floor":7.0,"key":"Bag of Preparation"},{"floor":9.0,"key":"Ornamental Fan"},{"floor":14.0,"key":"Ancient Tea Set"},{"floor":26.0,"key":"Dream Catcher"},{"floor":29.0,"key":"Old Coin"},{"floor":29.0,"key":"Kunai"},{"floor":39.0,"key":"Happy Flower"},{"floor":40.0,"key":"Dodecahedron"},{"floor":43.0,"key":"Pantograph"}],"event_choices":[{"damage_healed":0.0,"max_hp_gain":0.0,"max_hp_loss":0.0,"gold_gain":0.0,"event_name":"NoteForYourself","player_choice":"Ignored","floor":2.0,"gold_loss":0.0,"damage_taken":0.0},{"damage_healed":0.0,"max_hp_gain":0.0,"max_hp_loss":0.0,"gold_gain":0.0,"event_name":"Liars Game","player_choice":"Ignored","floor":4.0,"gold_loss":0.0,"damage_taken":0.0},{"damage_healed":0.0,"max_hp_gain":0.0,"max_hp_loss":0.0,"gold_gain":0.0,"event_name":"Accursed Blacksmith","player_choice":"Forge","floor":11.0,"gold_loss":0.0,"damage_taken":0.0,"cards_upgraded":["Madness"]},{"cards_removed":["Strike_R"],"damage_healed":0.0,"max_hp_gain":0.0,"max_hp_loss":0.0,"gold_gain":0.0,"event_name":"Back to Basics","player_choice":"Elegance","floor":19.0,"gold_loss":0.0,"damage_taken":0.0},{"damage_healed":0.0,"max_hp_gain":0.0,"max_hp_loss":0.0,"gold_gain":0.0,"event_name":"Colosseum","player_choice":"Fight","floor":29.0,"gold_loss":0.0,"damage_taken":0.0},{"damage_healed":0.0,"max_hp_gain":0.0,"max_hp_loss":0.0,"gold_gain":0.0,"event_name":"Colosseum","player_choice":"Fought Nobs","floor":29.0,"gold_loss":0.0,"damage_taken":0.0},{"damage_healed":0.0,"max_hp_gain":0.0,"max_hp_loss":0.0,"gold_gain":0.0,"event_name":"Drug Dealer","player_choice":"Inject Mutagens","floor":31.0,"gold_loss":0.0,"damage_taken":0.0,"relics_obtained":["MutagenicStrength"]},{"cards_removed":["Defend_R"],"damage_healed":0.0,"max_hp_gain":0.0,"max_hp_loss":0.0,"gold_gain":0.0,"event_name":"Falling","player_choice":"Removed Skill","floor":36.0,"gold_loss":0.0,"damage_taken":0.0},{"damage_healed":0.0,"max_hp_gain":0.0,"max_hp_loss":0.0,"gold_gain":0.0,"event_name":"Winding Halls","player_choice":"Embrace Madness","floor":38.0,"gold_loss":0.0,"damage_taken":10.0,"cards_obtained":["Madness","Madness"]},{"damage_healed":0.0,"max_hp_gain":0.0,"max_hp_loss":0.0,"gold_gain":0.0,"event_name":"MindBloom","player_choice":"Upgrade","floor":46.0,"gold_loss":0.0,"damage_taken":0.0,"cards_upgraded":["Defend_R","Evolve","Impervious","Madness"],"relics_obtained":["Mark of the Bloom"]}],"is_beta":false,"boss_relics":[{"not_picked":["Lizard Tail","Snecko Eye"],"picked":"Astrolabe"},{"not_picked":["Tiny House","White Beast Statue"],"picked":"Runic Pyramid"}],"items_purged_floors":[10,20,28,47],"is_endless":false,"potions_floor_spawned":[1,5,12,13,22,24,27,29,33,40,42,48],"ascension_level":0}