{"gold_per_floor":[369,369,209,224,238,271,282,282,282,297,297,310,21,21,21,94,94,111,111,111,127,145,145,173,186,209,242,256,131,131,150,150,222,222,236,246,246,257,107,107,123,158,181,201,151,166,166,196,196,196,196,196,196,102,135,135],"floor_reached":57,"playtime":1574,"items_purged":["Strike_G","Strike_G","Strike_G","Defend_G","Defend_G","Defend_G"],"score":3312,"play_id":"3f1faef1-b480-4fe7-9063-dfb76d1816b1","local_time":"20190319234107","is_ascension_mode":true,"campfire_choices":[{"data":"Catalyst","floor":8.0,"key":"SMITH"},{"data":"Catalyst","floor":11.0,"key":"SMITH"},{"data":"Apotheosis","floor":15.0,"key":"SMITH"},{"data":"Well Laid Plans","floor":23.0,"key":"SMITH"},{"data":"Catalyst","floor":32.0,"key":"SMITH"},{"data":"Acrobatics","floor":40.0,"key":"SMITH"},{"floor":47.0,"key":"RECALL"},{"data":"Calculated Gamble","floor":49.0,"key":"SMITH"},{"data":"Adrenaline","floor":53.0,"key":"SMITH"}],"neow_cost":"TEN_PERCENT_HP_LOSS","seed_source_timestamp":44938730212388,"circlet_count":0,"master_deck":["AscendersBane","Survivor","Neutralize","Corpse Explosion","Catalyst+1","Deadly Poison","Catalyst+1","Well Laid Plans+1","Apotheosis+1","Adrenaline+1","Calculated Gamble+1","Acrobatics+1","Catalyst+1","Catalyst+1","After Image","Catalyst","Catalyst"],"special_seed":0,"relics":["Ring of the Snake","Singing Bowl","Coffee Dripper","Mercury Hourglass","Bronze Scales","Snake Skull","Empty Cage","Gambling Chip","Smiling Mask","Question Card","Bag of Preparation"],"potions_floor_usage":[56],"damage_taken":[{"damage":12.0,"enemies":"2 Louse","floor":1.0,"turns":4.0},{"damage":0.0,"enemies":"Cultist","floor":4.0,"turns":4.0},{"damage":1.0,"enemies":"Small Slimes","floor":5.0,"turns":4.0},{"damage":12.0,"enemies":"3 Sentries","floor":6.0,"turns":3.0},{"damage":12.0,"enemies":"Gremlin Gang","floor":7.0,"turns":2.0},{"damage":0.0,"enemies":"Large Slime","floor":10.0,"turns":4.0},{"damage":4.0,"enemies":"Red Slaver","floor":12.0,"turns":4.0},{"damage":0.0,"enemies":"Slime Boss","floor":16.0,"turns":3.0},{"damage":3.0,"enemies":"Spheric Guardian","floor":18.0,"turns":3.0},{"damage":11.0,"enemies":"3 Byrds","floor":21.0,"turns":4.0},{"damage":5.0,"enemies":"Shelled Parasite and Fungi","floor":22.0,"turns":3.0},{"damage":14.0,"enemies":"Slavers","floor":24.0,"turns":2.0},{"damage":0.0,"enemies":"Sentry and Sphere","floor":25.0,"turns":3.0},{"damage":14.0,"enemies":"Gremlin Leader","floor":27.0,"turns":4.0},{"damage":0.0,"enemies":"Centurion and Healer","floor":28.0,"turns":3.0},{"damage":0.0,"enemies":"Snake Plant","floor":31.0,"turns":2.0},{"damage":0.0,"enemies":"Collector","floor":33.0,"turns":2.0},{"damage":0.0,"enemies":"Orb Walker","floor":35.0,"turns":2.0},{"damage":0.0,"enemies":"3 Shapes","floor":36.0,"turns":1.0},{"damage":0.0,"enemies":"Transient","floor":38.0,"turns":3.0},{"damage":0.0,"enemies":"Jaw Worm Horde","floor":41.0,"turns":1.0},{"damage":0.0,"enemies":"Giant Head","floor":42.0,"turns":3.0},{"damage":0.0,"enemies":"4 Shapes","floor":44.0,"turns":1.0},{"damage":0.0,"enemies":"Spire Growth","floor":46.0,"turns":1.0},{"damage":0.0,"enemies":"Reptomancer","floor":48.0,"turns":1.0},{"damage":0.0,"enemies":"Time Eater","floor":50.0,"turns":2.0},{"damage":26.0,"enemies":"Donu and Deca","floor":51.0,"turns":4.0},{"damage":0.0,"enemies":"Shield and Spear","floor":55.0,"turns":2.0},{"damage":82,"enemies":"The Heart","floor":56,"turns":4}],"seed_played":"-8490209470015276301","potions_obtained":[{"floor":5.0,"key":"Regen Potion"},{"floor":7.0,"key":"Weak Potion"},{"floor":12.0,"key":"EssenceOfSteel"},{"floor":24.0,"key":"Poison Potion"},{"floor":25.0,"key":"SkillPotion"},{"floor":27.0,"key":"FairyPotion"},{"floor":31.0,"key":"Poison Potion"},{"floor":55.0,"key":"Energy Potion"}],"is_trial":false,"path_per_floor":["M","?","$","M","M","E","M","R","T","M","R","M","$","?","R","B",null,"M","?","$","M","M","R","E","M","T","E","M","$","?","M","R","B",null,"M","M","?","M","$","R","M","E","T","M","$","M","R","E","R","B","B",null,"R","$","E","B",null],"character_chosen":"THE_SILENT","items_purchased":["Catalyst","Apotheosis","Catalyst"],"campfire_rested":0,"item_purchase_floors":[3,13,54],"current_hp_per_floor":[47,47,47,47,46,36,26,26,26,26,26,36,36,29,29,31,57,56,56,56,47,42,42,30,32,32,18,20,20,20,20,20,22,64,66,68,68,70,70,70,72,74,74,76,76,78,78,80,80,80,54,84,84,84,84,2],"gold":135,"neow_bonus":"TWO_FIFTY_GOLD","is_prod":false,"is_daily":false,"chose_seed":false,"campfire_upgraded":8,"win_rate":0,"timestamp":1553010067,"path_taken":["M","?","$","M","M","E","M","R","T","M","R","M","$","?","R","BOSS","M","?","$","?","M","R","E","M","T","E","M","$","?","M","R","BOSS","M","?","?","?","?","R","M","E","T","?","$","M","R","E","R","BOSS","BOSS","R","$","E","BOSS"],"build_version":"2019-01-23","purchased_purges":6,"victory":true,"max_hp_per_floor":[60,60,60,60,60,62,64,64,64,64,64,64,64,64,64,66,66,68,68,68,70,70,70,72,74,74,74,76,76,76,76,76,78,78,80,82,82,84,84,84,86,88,88,90,90,92,92,94,94,94,94,94,94,94,94,94],"card_choices":[{"not_picked":["Dodge and Roll","Acrobatics"],"picked":"Dagger Spray","floor":1.0},{"not_picked":["Outmaneuver","Backstab"],"picked":"Deadly Poison","floor":4.0},{"not_picked":["Distraction","PiercingWail"],"picked":"All Out Attack","floor":5.0},{"not_picked":["Sucker Punch","Distraction","Dodge and Roll"],"picked":"Singing Bowl","floor":6.0},{"not_picked":["PiercingWail","Dagger Spray","Dagger Throw"],"picked":"Singing Bowl","floor":7.0},{"not_picked":["Prepared","Deadly Poison"],"picked":"Catalyst","floor":10.0},{"not_picked":["Prepared","Storm of Steel"],"picked":"Well Laid Plans","floor":12.0},{"not_picked":["Glass Knife","Corpse Explosion","Night Terror"],"picked":"Singing Bowl","floor":16.0},{"not_picked":["Predator+1","Reflex","Cloak And Dagger"],"picked":"Singing Bowl","floor":18.0},{"not_picked":["Setup+1","Infinite Blades","Poisoned Stab"],"picked":"Singing Bowl","floor":21.0},{"not_picked":["Dagger Throw","Deflect"],"picked":"Calculated Gamble","floor":22.0},{"not_picked":["Infinite Blades","Noxious Fumes","Grand Finale"],"picked":"Singing Bowl","floor":24.0},{"not_picked":["Bane","Reflex","Noxious Fumes"],"picked":"Singing Bowl","floor":25.0},{"not_picked":["Predator","Finisher"],"picked":"Acrobatics","floor":27.0},{"not_picked":["Distraction","Prepared","Quick Slash+1"],"picked":"Singing Bowl","floor":28.0},{"not_picked":["Finisher","Outmaneuver"],"picked":"Catalyst","floor":31.0},{"not_picked":["Envenom","Night Terror","Glass Knife"],"picked":"Singing Bowl","floor":33.0},{"not_picked":["Flying Knee","Escape Plan","Riddle With Holes"],"picked":"Singing Bowl","floor":35.0},{"not_picked":["PiercingWail","All Out Attack","Dagger Throw"],"picked":"Singing Bowl","floor":36.0},{"not_picked":["Dodge and Roll+1","Dagger Spray+1","Acrobatics"],"picked":"Singing Bowl","floor":38.0},{"not_picked":["Cloak And Dagger","Outmaneuver","Poisoned Stab"],"picked":"Singing Bowl","floor":41.0},{"not_picked":["Slice","Storm of Steel","Infinite Blades"],"picked":"Singing Bowl","floor":42.0},{"not_picked":["Noxious Fumes","Underhanded Strike","Flying Knee"],"picked":"Singing Bowl","floor":44.0},{"not_picked":["Finisher","Blur","Prepared"],"picked":"Singing Bowl","floor":46.0},{"not_picked":["Bane","Riddle With Holes","Reflex"],"picked":"Singing Bowl","floor":48.0},{"not_picked":["Accuracy","Outmaneuver","Concentrate"],"picked":"Catalyst","floor":55.0}],"player_experience":3737437,"relics_obtained":[{"floor":6.0,"key":"Singing Bowl"},{"floor":24.0,"key":"Mercury Hourglass"},{"floor":26.0,"key":"Bronze Scales"},{"floor":27.0,"key":"Snake Skull"},{"floor":42.0,"key":"Gambling Chip"},{"floor":43.0,"key":"Smiling Mask"},{"floor":48.0,"key":"Question Card"},{"floor":55.0,"key":"Bag of Preparation"}],"event_choices":[{"damage_healed":0.0,"max_hp_gain":0.0,"max_hp_loss":0.0,"gold_gain":0.0,"cards_transformed":["Dagger Spray"],"event_name":"Living Wall","player_choice":"Change","floor":2.0,"gold_loss":0.0,"damage_taken":0.0,"cards_obtained":["Corpse Explosion"]},{"cards_removed":["Strike_G"],"damage_healed":0.0,"max_hp_gain":0.0,"max_hp_loss":0.0,"gold_gain":0.0,"event_name":"Golden Wing","player_choice":"Card Removal","floor":14.0,"gold_loss":0.0,"damage_taken":7.0},{"damage_healed":0.0,"max_hp_gain":0.0,"max_hp_loss":0.0,"gold_gain":0.0,"cards_transformed":["Strike_G"],"event_name":"Transmorgrifier","player_choice":"Transformed","floor":19.0,"gold_loss":0.0,"damage_taken":0.0,"cards_obtained":["Adrenaline"]},{"damage_healed":0.0,"max_hp_gain":0.0,"max_hp_loss":0.0,"gold_gain":0.0,"event_name":"Duplicator","player_choice":"Copied","floor":30.0,"gold_loss":0.0,"damage_taken":0.0,"cards_obtained":["Catalyst"]},{"damage_healed":0.0,"max_hp_gain":0.0,"max_hp_loss":0.0,"gold_gain":0.0,"cards_transformed":["Defend_G"],"event_name":"Transmorgrifier","player_choice":"Transformed","floor":37.0,"gold_loss":0.0,"damage_taken":0.0,"cards_obtained":["After Image"]}],"is_beta":false,"boss_relics":[{"not_picked":["Black Star","White Beast Statue"],"picked":"Coffee Dripper"},{"not_picked":["Busted Crown","Snecko Eye"],"picked":"Empty Cage"}],"items_purged_floors":[3,13,29,39,45,54],"is_endless":false,"potions_floor_spawned":[5,7,12,24,25,27,31,38,44,46,55],"ascension_level":20}