{"gold_per_floor":[116,126,126,141,141,30,46,46,46,62,62,88,88,117,117,213,213,138,138,138,138,138,138,138,138,138,138,38,38,38,38,38,38,38,38,38,38,38,38,38,38,38,38,38],"floor_reached":44,"playtime":3011,"items_purged":["Strike_R","Bash"],"score":570,"play_id":"ca908801-229d-4654-8dbf-807ab82f6051","local_time":"20190724090514","is_ascension_mode":true,"campfire_choices":[{"data":"Whirlwind","floor":8,"key":"SMITH"},{"data":"Pommel Strike","floor":11,"key":"SMITH"},{"data":"Inflame","floor":13,"key":"SMITH"},{"data":"Rampage","floor":15,"key":"SMITH"},{"data":"Whirlwind","floor":23,"key":"SMITH"},{"data":"Bite","floor":25,"key":"SMITH"},{"data":"Bite","floor":27,"key":"SMITH"},{"data":"Demon Form","floor":29,"key":"SMITH"},{"data":"Seeing Red","floor":32,"key":"SMITH"},{"data":"Double Tap","floor":40,"key":"SMITH"},{"data":"Rampage","floor":42,"key":"SMITH"}],"neow_cost":"NONE","seed_source_timestamp":330087730110059,"circlet_count":0,"master_deck":["Defend_R","Defend_R","Defend_R","Defend_R","Sword Boomerang","Rampage+1","Whirlwind+1","Rampage+1","Ghostly Armor","Pommel Strike+1","Inflame+1","Feel No Pain","Demon Form+1","Whirlwind+1","Bite+1","Bite+1","Bite","Bite","Bite","Second Wind+1","Seeing Red+1","Rampage+1","Double Tap+1","Shrug It Off+1","Shrug It Off+1"],"relics":["Burning Blood","PreservedInsect","StoneCalendar","Bottled Flame","Darkstone Periapt","Shuriken","Pantograph","Ectoplasm","Sundial","Self Forming Clay","Orichalcum","Philosopher\u0027s Stone","Ginger","Gremlin Horn"],"potions_floor_usage":[16,16,33,33,33,37],"damage_taken":[{"damage":2,"enemies":"Jaw Worm","floor":1,"turns":4},{"damage":6,"enemies":"Cultist","floor":2,"turns":3},{"damage":5,"enemies":"Small Slimes","floor":4,"turns":3},{"damage":7,"enemies":"Looter","floor":7,"turns":3},{"damage":6,"enemies":"Blue Slaver","floor":10,"turns":4},{"damage":10,"enemies":"3 Sentries","floor":12,"turns":2},{"damage":16,"enemies":"Gremlin Nob","floor":14,"turns":3},{"damage":58,"enemies":"Hexaghost","floor":16,"turns":7},{"damage":37,"enemies":"2 Thieves","floor":18,"turns":4},{"damage":20,"enemies":"Spheric Guardian","floor":20,"turns":4},{"damage":13,"enemies":"3 Cultists","floor":22,"turns":4},{"damage":12,"enemies":"Chosen and Byrds","floor":24,"turns":4},{"damage":15,"enemies":"Sentry and Sphere","floor":30,"turns":5},{"damage":13,"enemies":"Gremlin Leader","floor":31,"turns":4},{"damage":29,"enemies":"Champ","floor":33,"turns":8},{"damage":22,"enemies":"Orb Walker","floor":35,"turns":4},{"damage":25,"enemies":"Mind Bloom Boss Battle","floor":37,"turns":6},{"damage":19,"enemies":"3 Darklings","floor":38,"turns":3},{"damage":34,"enemies":"Maw","floor":39,"turns":5},{"damage":49,"enemies":"Nemesis","floor":44,"turns":4}],"seed_played":"5541832099858027058","potions_obtained":[{"floor":2,"key":"GamblersBrew"},{"floor":7,"key":"PowerPotion"},{"floor":12,"key":"Swift Potion"},{"floor":22,"key":"PowerPotion"},{"floor":30,"key":"Explosive Potion"},{"floor":31,"key":"Block Potion"},{"floor":33,"key":"LiquidBronze"},{"floor":39,"key":"LiquidBronze"}],"is_trial":false,"path_per_floor":["M","M","?","M","T","$","M","R","T","M","R","E","R","E","R","B",null,"M","?","M","T","M","R","M","R","T","R","$","R","M","E","R","B",null,"M","?","?","M","M","R","$","R","T","E"],"character_chosen":"IRONCLAD","items_purchased":["Rampage"],"campfire_rested":0,"item_purchase_floors":[6],"current_hp_per_floor":[80,80,77,78,78,78,77,77,77,77,77,73,73,63,63,28,67,36,36,30,30,33,33,35,35,35,35,35,35,40,45,45,49,54,50,50,54,48,36,36,36,36,36,0],"gold":38,"neow_bonus":"RANDOM_COMMON_RELIC","is_prod":false,"is_daily":false,"chose_seed":false,"campfire_upgraded":11,"win_rate":0,"timestamp":1563977114,"path_taken":["M","M","?","M","?","$","M","R","T","?","R","E","R","E","R","BOSS","M","?","M","?","M","R","M","R","T","R","$","R","M","E","R","BOSS","M","?","?","M","M","R","$","R","T","E"],"build_version":"2019-07-17","purchased_purges":2,"victory":false,"max_hp_per_floor":[80,80,80,80,80,80,80,80,80,80,80,80,80,80,80,80,80,80,56,56,56,56,56,56,56,56,56,56,56,56,56,56,56,56,56,56,56,56,56,56,56,56,56,56],"card_choices":[{"not_picked":["Cleave","Warcry"],"picked":"Sword Boomerang","floor":1},{"not_picked":["Heavy Blade","True Grit"],"picked":"Rampage","floor":2},{"not_picked":["Ghostly Armor","Rampage"],"picked":"Whirlwind","floor":4},{"not_picked":["Intimidate","Rampage"],"picked":"Ghostly Armor","floor":7},{"not_picked":["Clothesline","Sever Soul"],"picked":"Pommel Strike","floor":10},{"not_picked":["Pommel Strike","Heavy Blade"],"picked":"Inflame","floor":12},{"not_picked":["Perfected Strike","Cleave"],"picked":"Feel No Pain","floor":14},{"not_picked":["Dark Embrace","Berserk"],"picked":"Demon Form","floor":16},{"not_picked":["Disarm","Ghostly Armor"],"picked":"Whirlwind","floor":18},{"not_picked":["Body Slam","Power Through"],"picked":"Second Wind+1","floor":20},{"not_picked":["Flex","Armaments+1","Cleave"],"picked":"SKIP","floor":22},{"not_picked":["Iron Wave","Twin Strike","Headbutt"],"picked":"SKIP","floor":24},{"not_picked":["Warcry","Spot Weakness+1"],"picked":"Seeing Red","floor":30},{"not_picked":["Iron Wave","Twin Strike"],"picked":"Rampage+1","floor":31},{"not_picked":["Berserk","Demon Form"],"picked":"Double Tap","floor":33},{"not_picked":["True Grit+1","Twin Strike+1","Flex+1"],"picked":"SKIP","floor":35},{"not_picked":["Pummel","True Grit+1"],"picked":"Shrug It Off+1","floor":37},{"not_picked":["Perfected Strike+1","Pommel Strike","Disarm+1"],"picked":"SKIP","floor":38},{"not_picked":["Cleave","Clash"],"picked":"Shrug It Off+1","floor":39}],"player_experience":286044,"relics_obtained":[{"floor":5,"key":"Bottled Flame"},{"floor":9,"key":"Darkstone Periapt"},{"floor":12,"key":"Shuriken"},{"floor":14,"key":"Pantograph"},{"floor":21,"key":"Sundial"},{"floor":26,"key":"Self Forming Clay"},{"floor":31,"key":"Orichalcum"},{"floor":37,"key":"Ginger"},{"floor":43,"key":"Gremlin Horn"}],"event_choices":[{"damage_healed":0,"gold_gain":0,"player_choice":"Success","damage_taken":3,"relics_obtained":["StoneCalendar"],"max_hp_gain":0,"max_hp_loss":0,"event_name":"Scrap Ooze","floor":3,"gold_loss":0},{"damage_healed":0,"gold_gain":0,"player_choice":"Became a vampire","damage_taken":0,"max_hp_gain":0,"max_hp_loss":24,"event_name":"Vampires","floor":19,"gold_loss":0,"cards_obtained":["Bite","Bite","Bite","Bite","Bite"]},{"damage_healed":0,"gold_gain":0,"player_choice":"Ignored","damage_taken":0,"max_hp_gain":0,"max_hp_loss":0,"event_name":"Mysterious Sphere","floor":36,"gold_loss":0},{"damage_healed":0,"gold_gain":0,"player_choice":"Fight","damage_taken":0,"max_hp_gain":0,"max_hp_loss":0,"event_name":"MindBloom","floor":37,"gold_loss":0}],"is_beta":false,"boss_relics":[{"not_picked":["Runic Pyramid","Lizard Tail"],"picked":"Ectoplasm"},{"not_picked":["Orrery","Black Star"],"picked":"Philosopher\u0027s Stone"}],"items_purged_floors":[6,28],"is_endless":false,"potions_floor_spawned":[2,7,12,22,30,31,33,39],"killed_by":"Nemesis","ascension_level":5}