{"gold_per_floor":[115,145,145,145,157,185,205,205,231,231],"floor_reached":10,"playtime":206,"items_purged":[],"score":182,"play_id":"169a8c2f-bd55-40e0-b7d6-fb364c143057","local_time":"20190108204711","is_ascension_mode":true,"campfire_choices":[{"data":"Streamline","floor":8,"key":"SMITH"}],"neow_cost":"NONE","seed_source_timestamp":33491863472754,"circlet_count":0,"master_deck":["AscendersBane","Strike_B","Strike_B","Strike_B","Defend_B","Defend_B","Defend_B","Defend_B","Zap","Dualcast","Fusion","Coolheaded","Streamline+1","Fusion"],"relics":["Cracked Core","NeowsBlessing","Tiny Chest","Art of War"],"potions_floor_usage":[],"damage_taken":[{"damage":0,"enemies":"Cultist","floor":1,"turns":1},{"damage":0,"enemies":"Small Slimes","floor":5,"turns":1},{"damage":0,"enemies":"Lagavulin","floor":6,"turns":1},{"damage":5,"enemies":"2 Louse","floor":7,"turns":2},{"damage":11,"enemies":"Gremlin Nob","floor":10,"turns":3}],"seed_played":"-4991574674480995572","potions_obtained":[{"floor":1,"key":"SkillPotion"},{"floor":5,"key":"SteroidPotion"}],"is_trial":false,"path_per_floor":["M","?","?","?","M","E","M","R","T","E"],"character_chosen":"DEFECT","items_purchased":[],"campfire_rested":0,"item_purchase_floors":[],"current_hp_per_floor":[64,53,46,51,51,51,46,46,46,35],"gold":231,"neow_bonus":"THREE_ENEMY_KILL","is_prod":false,"is_daily":false,"chose_seed":false,"campfire_upgraded":1,"win_rate":0,"timestamp":1546951631,"path_taken":["M","?","?","?","M","E","M","R","T","E"],"build_version":"2019-01-03v4","purchased_purges":0,"victory":false,"max_hp_per_floor":[71,71,71,76,76,76,76,76,76,76],"card_choices":[{"not_picked":["Sweeping Beam","Storm"],"picked":"Fusion","floor":1},{"not_picked":["Reinforced Body","Go for the Eyes"],"picked":"Coolheaded","floor":5},{"not_picked":["Leap","Lockon"],"picked":"Streamline","floor":6},{"not_picked":["Streamline","Compile Driver"],"picked":"Fusion","floor":7}],"player_experience":1865400,"relics_obtained":[{"floor":9,"key":"Art of War"}],"event_choices":[{"damage_healed":0,"gold_gain":0,"player_choice":"Success","damage_taken":11,"relics_obtained":["Tiny Chest"],"max_hp_gain":0,"max_hp_loss":0,"event_name":"Scrap Ooze","floor":2,"gold_loss":0},{"cards_removed":["Strike_B"],"damage_healed":0,"gold_gain":0,"player_choice":"Card Removal","damage_taken":7,"max_hp_gain":0,"max_hp_loss":0,"event_name":"Golden Wing","floor":3,"gold_loss":0},{"damage_healed":0,"gold_gain":0,"player_choice":"Donut","damage_taken":0,"max_hp_gain":5,"max_hp_loss":0,"event_name":"Big Fish","floor":4,"gold_loss":0}],"is_beta":false,"boss_relics":[],"items_purged_floors":[],"is_endless":false,"potions_floor_spawned":[1,5,6],"killed_by":"Gremlin Nob","ascension_level":20}