{"gold_per_floor":[114,114,39,39,55,90,90,107,162,180,214,234,261,22,22,97,97,107,107,52,63,0,29,29,29,29,42,42,42,42,42,42,42],"floor_reached":33,"playtime":787,"items_purged":["Strike_G"],"score":662,"play_id":"28ba181c-4e1d-4870-a06f-c0952c4d556b","local_time":"20181116234200","is_ascension_mode":true,"campfire_choices":[{"data":"Deadly Poison","floor":7,"key":"SMITH"},{"data":"Deadly Poison","floor":15,"key":"SMITH"},{"data":"Tactician","floor":24,"key":"SMITH"},{"data":"Acrobatics","floor":30,"key":"SMITH"},{"data":"Leg Sweep","floor":32,"key":"SMITH"}],"neow_cost":"NONE","seed_source_timestamp":17371661436372,"circlet_count":0,"master_deck":["AscendersBane","Defend_G","Defend_G","Defend_G","Defend_G+1","Defend_G","Strike_G","Strike_G","Strike_G","Survivor","Neutralize","Dagger Spray+1","Deadly Poison+1","Deadly Poison+1","Backflip","Escape Plan","Leg Sweep+1","Calculated Gamble+1","Bullet Time","Adrenaline","Tactician+1","Masterful Stab","Acrobatics+1"],"relics":["Ring of the Snake","NeowsBlessing","Strawberry","Bag of Preparation","Letter Opener","Boot","Sozu","Art of War","Sundial"],"potions_floor_usage":[11,11,13,16],"damage_taken":[{"damage":0,"enemies":"Jaw Worm","floor":1,"turns":1},{"damage":0,"enemies":"Small Slimes","floor":5,"turns":1},{"damage":0,"enemies":"Lagavulin","floor":6,"turns":1},{"damage":0,"enemies":"2 Louse","floor":8,"turns":2},{"damage":0,"enemies":"Blue Slaver","floor":10,"turns":4},{"damage":0,"enemies":"Gremlin Nob","floor":11,"turns":4},{"damage":10,"enemies":"Exordium Thugs","floor":12,"turns":5},{"damage":6,"enemies":"Lagavulin","floor":13,"turns":7},{"damage":7,"enemies":"The Guardian","floor":16,"turns":9},{"damage":0,"enemies":"3 Byrds","floor":18,"turns":2},{"damage":3,"enemies":"2 Thieves","floor":21,"turns":4},{"damage":2,"enemies":"Slavers","floor":23,"turns":5},{"damage":0,"enemies":"Snake Plant","floor":27,"turns":2},{"damage":57,"enemies":"Champ","floor":33,"turns":12}],"seed_played":"2559601403394574274","potions_obtained":[{"floor":5,"key":"Block Potion"},{"floor":8,"key":"GhostInAJar"},{"floor":12,"key":"Fire Potion"},{"floor":13,"key":"PowerPotion"}],"is_trial":false,"path_per_floor":["M","?","?","?","M","E","R","M","T","M","E","M","E","$","R","B",null,"M","?","$","M","?","E","R","?","T","M","?","?","R","$","R","B"],"character_chosen":"THE_SILENT","items_purchased":["Bullet Time","Acrobatics"],"campfire_rested":0,"item_purchase_floors":[14,20],"current_hp_per_floor":[59,39,39,39,39,46,46,46,46,46,46,36,30,30,30,23,61,61,61,61,58,58,56,56,56,56,56,56,56,56,56,56,0],"gold":42,"neow_bonus":"THREE_ENEMY_KILL","is_prod":false,"is_daily":false,"chose_seed":false,"campfire_upgraded":5,"win_rate":0,"timestamp":1542382920,"path_taken":["M","?","?","?","M","E","R","M","T","M","E","M","E","$","R","BOSS","M","?","?","M","?","E","R","?","T","?","?","?","R","?","R","BOSS"],"build_version":"2018-11-15","purchased_purges":1,"victory":false,"max_hp_per_floor":[66,66,66,66,66,73,73,73,73,73,73,73,73,73,73,73,73,73,73,73,73,73,73,73,73,73,73,73,73,73,73,73,73],"card_choices":[{"not_picked":["Cloak And Dagger","Catalyst"],"picked":"Dagger Spray","floor":1},{"not_picked":["PiercingWail","Quick Slash"],"picked":"Deadly Poison","floor":5},{"not_picked":["All Out Attack","Caltrops","Heel Hook"],"picked":"SKIP","floor":6},{"not_picked":["Dagger Spray","Dagger Throw"],"picked":"Deadly Poison","floor":8},{"not_picked":["Predator","Dodge and Roll"],"picked":"Backflip","floor":10},{"not_picked":["Outmaneuver","Finisher"],"picked":"Escape Plan","floor":11},{"not_picked":["Poisoned Stab","Terror"],"picked":"Leg Sweep","floor":12},{"not_picked":["Bane","Eviscerate"],"picked":"Calculated Gamble","floor":13},{"not_picked":["Venomology","A Thousand Cuts"],"picked":"Adrenaline","floor":16},{"not_picked":["Poisoned Stab+1","Reflex"],"picked":"Tactician","floor":18},{"not_picked":["Poisoned Stab","Distraction","Underhanded Strike+1"],"picked":"SKIP","floor":21},{"not_picked":["Bane","Dash","Leg Sweep"],"picked":"SKIP","floor":23},{"not_picked":["Bouncing Flask","Deflect","Flying Knee"],"picked":"SKIP","floor":27}],"player_experience":1083169,"relics_obtained":[{"floor":6,"key":"Strawberry"},{"floor":9,"key":"Bag of Preparation"},{"floor":11,"key":"Letter Opener"},{"floor":13,"key":"Boot"},{"floor":23,"key":"Art of War"},{"floor":26,"key":"Sundial"}],"event_choices":[{"damage_healed":0,"gold_gain":0,"player_choice":"Entered Light","damage_taken":20,"max_hp_gain":0,"max_hp_loss":0,"event_name":"Shining Light","floor":2,"gold_loss":0,"cards_upgraded":["Dagger Spray","Defend_G"]},{"cards_removed":["Strike_G"],"damage_healed":0,"gold_gain":0,"player_choice":"Card Removal","damage_taken":0,"max_hp_gain":0,"max_hp_loss":0,"event_name":"The Cleric","floor":3,"gold_loss":75},{"damage_healed":0,"gold_gain":0,"player_choice":"Ignored","damage_taken":0,"max_hp_gain":0,"max_hp_loss":0,"event_name":"Liars Game","floor":4,"gold_loss":0},{"damage_healed":0,"gold_gain":0,"player_choice":"Read","damage_taken":0,"max_hp_gain":0,"max_hp_loss":0,"event_name":"The Library","floor":19,"gold_loss":0,"cards_obtained":["Masterful Stab"]},{"damage_healed":0,"gold_gain":0,"player_choice":"Paid Fearfully","damage_taken":0,"max_hp_gain":0,"max_hp_loss":0,"event_name":"Masked Bandits","floor":22,"gold_loss":63},{"damage_healed":0,"gold_gain":0,"player_choice":"Forge","damage_taken":0,"max_hp_gain":0,"max_hp_loss":0,"event_name":"Accursed Blacksmith","floor":25,"gold_loss":0,"cards_upgraded":["Calculated Gamble"]},{"damage_healed":0,"gold_gain":0,"player_choice":"Ignored","damage_taken":0,"max_hp_gain":0,"max_hp_loss":0,"event_name":"Beggar","floor":28,"gold_loss":0},{"damage_healed":0,"gold_gain":0,"player_choice":"Ignored","damage_taken":0,"max_hp_gain":0,"max_hp_loss":0,"event_name":"Vampires","floor":29,"gold_loss":0}],"is_beta":true,"boss_relics":[{"not_picked":["Runic Pyramid","Tiny House"],"picked":"Sozu"}],"items_purged_floors":[14],"is_endless":false,"potions_floor_spawned":[5,8,12,13,23],"killed_by":"Champ","ascension_level":20}