{"gold_per_floor":[110,125,142,160,180,180,214,244,268,268,268,280,280],"floor_reached":13,"playtime":453,"items_purged":[],"score":152,"play_id":"9d97a066-b562-4d4e-9cc1-9ca814f71230","local_time":"20180826212757","is_ascension_mode":true,"campfire_choices":[{"data":"Prepared","floor":6,"key":"SMITH"},{"floor":10,"key":"REST"}],"neow_cost":"NONE","seed_source_timestamp":42579329359713,"circlet_count":0,"master_deck":["Defend_G","Defend_G","Defend_G","Defend_G","Defend_G","Strike_G","Strike_G","Strike_G","Strike_G+1","Strike_G","Survivor","Neutralize+1","AscendersBane","Escape Plan","Tactician","Acrobatics","Deadly Poison","Backstab","Prepared+1","Dagger Spray","Poisoned Stab","Concentrate","Noxious Fumes","Footwork"],"relics":["Orrery","Art of War","Odd Mushroom","Vajra"],"potions_floor_usage":[7,8],"damage_taken":[{"damage":1,"enemies":"Cultist","floor":1,"turns":4},{"damage":2,"enemies":"Jaw Worm","floor":2,"turns":3},{"damage":0,"enemies":"2 Louse","floor":3,"turns":2},{"damage":2,"enemies":"Gremlin Gang","floor":4,"turns":4},{"damage":6,"enemies":"2 Fungi Beasts","floor":5,"turns":4},{"damage":30,"enemies":"Lagavulin","floor":7,"turns":6},{"damage":11,"enemies":"The Mushroom Lair","floor":8,"turns":5},{"damage":3,"enemies":"Blue Slaver","floor":12,"turns":4},{"damage":4,"enemies":"Exordium Thugs","floor":13,"turns":1}],"seed_played":"-4030238804118794145","potions_obtained":[{"floor":3,"key":"Poison Potion"},{"floor":4,"key":"Energy Potion"},{"floor":7,"key":"Strength Potion"}],"is_trial":false,"path_per_floor":["M","M","M","M","M","R","E","?","T","R","?","M"],"character_chosen":"THE_SILENT","items_purchased":[],"campfire_rested":1,"item_purchase_floors":[],"current_hp_per_floor":[58,56,56,54,48,48,18,7,7,26,6,3,0],"gold":280,"neow_bonus":"BOSS_RELIC","is_prod":false,"is_daily":false,"chose_seed":false,"campfire_upgraded":1,"win_rate":0,"timestamp":1535290077,"path_taken":["M","M","M","?","M","R","E","?","T","R","?","M","?"],"build_version":"2018-08-23v2","purchased_purges":0,"victory":false,"max_hp_per_floor":[66,66,66,66,66,66,66,66,66,66,66,66,66],"card_choices":[{"not_picked":["Outmaneuver","Endless Agony"],"picked":"Escape Plan","floor":0},{"not_picked":["Setup","Backflip"],"picked":"Tactician","floor":0},{"not_picked":["Blade Dance","Backflip"],"picked":"Acrobatics","floor":0},{"not_picked":["Blade Dance","Outmaneuver"],"picked":"Deadly Poison","floor":0},{"not_picked":["PiercingWail","Reflex"],"picked":"Backstab","floor":0},{"not_picked":["Catalyst","Bane"],"picked":"Prepared","floor":1},{"not_picked":["Acrobatics","Outmaneuver"],"picked":"Dagger Spray","floor":2},{"not_picked":["Dagger Spray","Acrobatics","Quick Slash"],"picked":"SKIP","floor":3},{"not_picked":["Flechettes","Sucker Punch","Predator"],"picked":"SKIP","floor":4},{"not_picked":["Cloak And Dagger","Skewer","Poisoned Stab"],"picked":"SKIP","floor":5},{"not_picked":["Cloak And Dagger","Skewer"],"picked":"Poisoned Stab","floor":5},{"not_picked":["Sucker Punch","Outmaneuver"],"picked":"Concentrate","floor":7},{"not_picked":["Cloak And Dagger","Dagger Spray"],"picked":"Noxious Fumes","floor":8},{"not_picked":["Dagger Spray","A Thousand Cuts"],"picked":"Footwork","floor":12}],"player_experience":904035,"relics_obtained":[{"floor":7,"key":"Art of War"},{"floor":8,"key":"Odd Mushroom"},{"floor":9,"key":"Vajra"}],"event_choices":[{"event_name":"Mushrooms","player_choice":"Fought Mushrooms","floor":8,"damage_taken":0},{"event_name":"Shining Light","player_choice":"Entered Light","floor":11,"damage_taken":0}],"is_beta":true,"boss_relics":[],"items_purged_floors":[],"is_endless":false,"potions_floor_spawned":[3,4,5,7],"killed_by":"Exordium Thugs","ascension_level":15}