{"gold_per_floor":[13,27,37,53,68,98,98,133,133,133,144,161,161,180,180,258,258,271,281,300,67,67,95,95,145,197,208,208,221,251,68,68,142,142,157,32,42,93,113,138,138,138,161,175,175,206,220,18,18,18,18],"floor_reached":52,"playtime":3293,"items_purged":["Strike_G","Strike_G","Strike_G","Strike_G"],"score":2157,"play_id":"0f28b767-019a-4eae-b5d9-f5f2fb5874fc","local_time":"20181116213833","is_ascension_mode":true,"campfire_choices":[{"data":"Calculated Gamble","floor":7.0,"key":"SMITH"},{"data":"Neutralize","floor":10.0,"key":"SMITH"},{"data":"Tactician","floor":13.0,"key":"SMITH"},{"data":"Acrobatics","floor":15.0,"key":"SMITH"},{"data":"Burst","floor":24.0,"key":"SMITH"},{"data":"Well Laid Plans","floor":28.0,"key":"SMITH"},{"data":"Tactician","floor":32.0,"key":"SMITH"},{"data":"Footwork","floor":42.0,"key":"SMITH"},{"data":"Footwork","floor":45.0,"key":"SMITH"},{"data":"Acrobatics","floor":49.0,"key":"SMITH"}],"neow_cost":"NO_GOLD","seed_source_timestamp":0,"circlet_count":0,"master_deck":["AscendersBane","Defend_G","Defend_G","Defend_G","Defend_G","Survivor","Neutralize+1","Expertise","Unload","Masterful Stab","Acrobatics+1","Dash","Calculated Gamble+1","Heel Hook","Tactician+1","Acrobatics+1","Burst+1","PiercingWail","Well Laid Plans+1","Escape Plan+1","Footwork+1","Tactician+1","Footwork+1","Prepared+1","Backflip"],"special_seed":0,"relics":["Ring of the Snake","Centennial Puzzle","Oddly Smooth Stone","Shuriken","Sozu","Vajra","Dodecahedron","Strawberry","Meat on the Bone","Busted Crown","Pear","Letter Opener","Potion Belt","Omamori"],"potions_floor_usage":[],"damage_taken":[{"damage":0.0,"enemies":"Cultist","floor":1.0,"turns":3.0},{"damage":6.0,"enemies":"2 Louse","floor":2.0,"turns":3.0},{"damage":0.0,"enemies":"Jaw Worm","floor":3.0,"turns":4.0},{"damage":1.0,"enemies":"Blue Slaver","floor":4.0,"turns":4.0},{"damage":0.0,"enemies":"2 Fungi Beasts","floor":5.0,"turns":2.0},{"damage":24.0,"enemies":"Gremlin Nob","floor":6.0,"turns":4.0},{"damage":13.0,"enemies":"3 Sentries","floor":8.0,"turns":7.0},{"damage":0.0,"enemies":"Large Slime","floor":11.0,"turns":6.0},{"damage":4.0,"enemies":"Lots of Slimes","floor":12.0,"turns":3.0},{"damage":1.0,"enemies":"Blue Slaver","floor":14.0,"turns":3.0},{"damage":12.0,"enemies":"The Guardian","floor":16.0,"turns":10.0},{"damage":0.0,"enemies":"3 Byrds","floor":18.0,"turns":7.0},{"damage":2.0,"enemies":"Chosen","floor":19.0,"turns":4.0},{"damage":0.0,"enemies":"Centurion and Healer","floor":20.0,"turns":6.0},{"damage":2.0,"enemies":"Colosseum Slavers","floor":22.0,"turns":6.0},{"damage":6.0,"enemies":"Book of Stabbing","floor":23.0,"turns":4.0},{"damage":20.0,"enemies":"Snecko","floor":27.0,"turns":4.0},{"damage":0.0,"enemies":"Shelled Parasite and Fungi","floor":29.0,"turns":3.0},{"damage":7.0,"enemies":"Gremlin Leader","floor":30.0,"turns":6.0},{"damage":0.0,"enemies":"Champ","floor":33.0,"turns":6.0},{"damage":0.0,"enemies":"3 Shapes","floor":35.0,"turns":3.0},{"damage":0.0,"enemies":"Orb Walker","floor":37.0,"turns":3.0},{"damage":0.0,"enemies":"2 Orb Walkers","floor":38.0,"turns":5.0},{"damage":0.0,"enemies":"Sphere and 2 Shapes","floor":39.0,"turns":4.0},{"damage":0.0,"enemies":"Nemesis","floor":40.0,"turns":7.0},{"damage":0.0,"enemies":"Spire Growth","floor":44.0,"turns":3.0},{"damage":37.0,"enemies":"Reptomancer","floor":46.0,"turns":4.0},{"damage":0.0,"enemies":"Writhing Mass","floor":47.0,"turns":3.0},{"damage":26,"enemies":"Time Eater","floor":50,"turns":15},{"damage":0,"enemies":"Donu and Deca","floor":51,"turns":3}],"seed_played":"-6990595013141844528","potions_obtained":[{"floor":2.0,"key":"SneckoOil"},{"floor":3.0,"key":"Dexterity Potion"},{"floor":6.0,"key":"LiquidBronze"},{"floor":11.0,"key":"Weak Potion"},{"floor":12.0,"key":"Regen Potion"}],"is_trial":false,"path_per_floor":["M","M","M","M","M","E","R","E","T","R","M","M","R","M","R","B",null,"M","M","M","$","?","E","R","?","T","M","R","M","E","$","R","B",null,"M","$","M","?","M","E","T","R","T","M","R","E","M","$","R","B","B",null],"character_chosen":"THE_SILENT","items_purchased":["Vajra","Tactician","Backflip"],"campfire_rested":0,"item_purchase_floors":[21,31,48],"current_hp_per_floor":[59,53,53,52,52,28,28,15,15,15,15,11,11,10,10,13,53,53,51,51,51,49,43,43,43,50,30,30,30,23,23,23,35,64,64,64,64,64,64,74,74,74,74,74,74,49,49,49,49,35,47],"gold":18,"neow_bonus":"TRANSFORM_TWO_CARDS","is_prod":false,"is_daily":false,"chose_seed":false,"campfire_upgraded":10,"win_rate":0,"timestamp":1542375513,"path_taken":["M","M","M","?","M","E","R","E","T","R","?","M","R","M","R","BOSS","M","M","?","$","?","E","R","?","T","M","R","M","E","$","R","BOSS","M","$","M","?","M","E","?","R","T","M","R","E","M","$","R","BOSS","BOSS"],"build_version":"2018-11-15","purchased_purges":4,"victory":true,"max_hp_per_floor":[66,66,66,66,66,66,66,66,66,66,66,66,66,66,66,66,66,66,66,66,66,66,66,66,66,73,73,73,73,73,73,73,73,73,73,73,73,73,73,83,83,83,83,83,83,83,83,83,83,83,83],"card_choices":[{"not_picked":["Deflect","Underhanded Strike"],"picked":"Masterful Stab","floor":1.0},{"not_picked":["Cloak And Dagger","Backflip"],"picked":"Acrobatics","floor":2.0},{"not_picked":["Deflect","Poisoned Stab","Quick Slash"],"picked":"SKIP","floor":3.0},{"not_picked":["Backflip","Skewer","Quick Slash"],"picked":"SKIP","floor":4.0},{"not_picked":["Dodge and Roll","A Thousand Cuts"],"picked":"Dash","floor":5.0},{"not_picked":["Underhanded Strike","Deflect"],"picked":"Calculated Gamble","floor":6.0},{"not_picked":["Accuracy","Dodge and Roll","Underhanded Strike"],"picked":"SKIP","floor":8.0},{"not_picked":["Backflip","Terror"],"picked":"Heel Hook","floor":11.0},{"not_picked":["Acrobatics","Backflip"],"picked":"Tactician","floor":12.0},{"not_picked":["Distraction","Blade Dance"],"picked":"Acrobatics","floor":14.0},{"not_picked":["Night Terror","After Image"],"picked":"Burst","floor":16.0},{"not_picked":["Sucker Punch","Slice+1","Concentrate"],"picked":"SKIP","floor":18.0},{"not_picked":["Sucker Punch","Slice+1","Concentrate"],"picked":"SKIP","floor":18.0},{"not_picked":["Setup+1","Poisoned Stab"],"picked":"PiercingWail","floor":19.0},{"not_picked":["Dagger Spray","Flying Knee","Phantasmal Killer"],"picked":"SKIP","floor":20.0},{"not_picked":["Bane","Blade Dance"],"picked":"Well Laid Plans","floor":23.0},{"not_picked":["Finisher","Dodge and Roll"],"picked":"Escape Plan+1","floor":27.0},{"not_picked":["Slice","Poisoned Stab","Acrobatics"],"picked":"SKIP","floor":29.0},{"not_picked":["Poisoned Stab","Deflect"],"picked":"Footwork","floor":30.0},{"not_picked":["Dagger Spray"],"picked":"SKIP","floor":35.0},{"not_picked":["Deflect"],"picked":"SKIP","floor":37.0},{"not_picked":["Poisoned Stab"],"picked":"SKIP","floor":39.0},{"not_picked":[],"picked":"Footwork","floor":40.0},{"not_picked":[],"picked":"Prepared+1","floor":44.0},{"not_picked":["Sucker Punch"],"picked":"SKIP","floor":46.0},{"not_picked":["Bane"],"picked":"SKIP","floor":47.0}],"player_experience":1074514,"relics_obtained":[{"floor":6.0,"key":"Centennial Puzzle"},{"floor":8.0,"key":"Oddly Smooth Stone"},{"floor":9.0,"key":"Shuriken"},{"floor":23.0,"key":"Dodecahedron"},{"floor":26.0,"key":"Strawberry"},{"floor":30.0,"key":"Meat on the Bone"},{"floor":40.0,"key":"Pear"},{"floor":41.0,"key":"Letter Opener"},{"floor":43.0,"key":"Potion Belt"},{"floor":46.0,"key":"Omamori"}],"event_choices":[{"damage_healed":0.0,"max_hp_gain":0.0,"max_hp_loss":0.0,"gold_gain":0.0,"event_name":"Colosseum","player_choice":"Fight","floor":22.0,"gold_loss":0.0,"damage_taken":0.0},{"damage_healed":0.0,"max_hp_gain":0.0,"max_hp_loss":0.0,"gold_gain":0.0,"event_name":"Colosseum","player_choice":"Fled From Nobs","floor":22.0,"gold_loss":0.0,"damage_taken":0.0},{"damage_healed":0.0,"max_hp_gain":0.0,"max_hp_loss":0.0,"gold_gain":50.0,"event_name":"Nest","player_choice":"Stole From Cult","floor":25.0,"gold_loss":0.0,"damage_taken":0.0},{"damage_healed":0.0,"max_hp_gain":0.0,"max_hp_loss":0.0,"gold_gain":0.0,"event_name":"Mysterious Sphere","player_choice":"Fight","floor":38.0,"gold_loss":0.0,"damage_taken":0.0}],"is_beta":true,"boss_relics":[{"not_picked":["Philosopher\u0027s Stone","HoveringKite"],"picked":"Sozu"},{"not_picked":["WristBlade","Calling Bell"],"picked":"Busted Crown"}],"items_purged_floors":[21,31,36,48],"is_endless":false,"potions_floor_spawned":[2,3,6,11,12,19,22,27,29,30,38,39,44,47],"ascension_level":20}