{"gold_per_floor":[111,261,31,31,31,96,96,56,56,87,87,125,125,25,25,121,121,137,177,193,193,8,8,49,49,73,73,92,111,134,173,173,264,264,287,287,17,35,53,94,110,141,178,190,216,79,79,113,113,113,113,113,113,10,54,54],"floor_reached":57,"playtime":3349,"items_purged":["Doubt","Strike_B","Darkness+1","Compile Driver"],"score":3284,"play_id":"f534f341-31de-480a-8da1-cf95ff678911","local_time":"20190225190138","is_ascension_mode":true,"campfire_choices":[{"data":"Hologram","floor":7.0,"key":"SMITH"},{"data":"Loop","floor":13.0,"key":"SMITH"},{"data":"Zap","floor":15.0,"key":"SMITH"},{"data":"Heatsinks","floor":23.0,"key":"SMITH"},{"data":"Turbo","floor":27.0,"key":"SMITH"},{"data":"Defragment","floor":32.0,"key":"SMITH"},{"data":"Blizzard","floor":44.0,"key":"SMITH"},{"data":"Defragment","floor":47.0,"key":"SMITH"},{"floor":49.0,"key":"RECALL"},{"data":"Loop","floor":53.0,"key":"SMITH"}],"neow_cost":"NONE","seed_source_timestamp":684184182125200,"circlet_count":0,"master_deck":["AscendersBane","Zap+1","Dualcast","Loop+1","Ball Lightning","Turbo+1","Hologram+1","Glacier","Cold Snap","Turbo+1","Seek+1","Blizzard+1","Steam+1","Consume+1","Heatsinks+1","Tempest+1","Static Discharge+1","Undo+1","Skim+1","Defragment+1","Coolheaded+1","Compile Driver","White Noise+1","Coolheaded+1","Go for the Eyes","Double Energy+1","Echo Form","Redo+1","Steam Power+1","Core Surge","Recycle+1","Defragment+1","All For One","Leap+1","Coolheaded+1","Recycle+1","Double Energy+1","Hologram+1","Coolheaded+1","Loop+1","Turbo+1"],"special_seed":0,"relics":["Cracked Core","NeowsBlessing","Golden Idol","Tiny Chest","Pocketwatch","Ice Cream","Toxic Egg 2","Orichalcum","Orrery","Red Mask","Gremlin Horn","Pen Nib","Cables","Pandora\u0027s Box","Smiling Mask","MawBank","Boot","Mango"],"potions_floor_usage":[56],"damage_taken":[{"damage":0.0,"enemies":"2 Louse","floor":1.0,"turns":1.0},{"damage":0.0,"enemies":"Gremlin Nob","floor":6.0,"turns":1.0},{"damage":0.0,"enemies":"Lagavulin","floor":10.0,"turns":1.0},{"damage":11.0,"enemies":"3 Sentries","floor":12.0,"turns":5.0},{"damage":13.0,"enemies":"Slime Boss","floor":16.0,"turns":6.0},{"damage":4.0,"enemies":"3 Byrds","floor":18.0,"turns":3.0},{"damage":4.0,"enemies":"Masked Bandits","floor":19.0,"turns":2.0},{"damage":0.0,"enemies":"Shell Parasite","floor":20.0,"turns":4.0},{"damage":9.0,"enemies":"Slavers","floor":24.0,"turns":4.0},{"damage":5.0,"enemies":"Snake Plant","floor":28.0,"turns":3.0},{"damage":0.0,"enemies":"Centurion and Healer","floor":29.0,"turns":6.0},{"damage":10.0,"enemies":"3 Cultists","floor":30.0,"turns":4.0},{"damage":0.0,"enemies":"Gremlin Leader","floor":31.0,"turns":6.0},{"damage":32.0,"enemies":"Automaton","floor":33.0,"turns":11.0},{"damage":0.0,"enemies":"Orb Walker","floor":35.0,"turns":3.0},{"damage":0.0,"enemies":"3 Shapes","floor":38.0,"turns":3.0},{"damage":7.0,"enemies":"Jaw Worm Horde","floor":39.0,"turns":4.0},{"damage":0.0,"enemies":"Nemesis","floor":40.0,"turns":5.0},{"damage":0.0,"enemies":"Spire Growth","floor":41.0,"turns":2.0},{"damage":0.0,"enemies":"Reptomancer","floor":42.0,"turns":4.0},{"damage":0.0,"enemies":"Sphere and 2 Shapes","floor":45.0,"turns":1.0},{"damage":0.0,"enemies":"Giant Head","floor":48.0,"turns":6.0},{"damage":0.0,"enemies":"Donu and Deca","floor":50.0,"turns":7.0},{"damage":13.0,"enemies":"Time Eater","floor":51.0,"turns":6.0},{"damage":6.0,"enemies":"Shield and Spear","floor":55.0,"turns":3.0},{"damage":19,"enemies":"The Heart","floor":56,"turns":9}],"seed_played":"-1105429301466520247","potions_obtained":[{"floor":6.0,"key":"LiquidBronze"},{"floor":12.0,"key":"GamblersBrew"},{"floor":19.0,"key":"Fire Potion"},{"floor":28.0,"key":"Block Potion"},{"floor":39.0,"key":"Block Potion"},{"floor":41.0,"key":"LiquidBronze"},{"floor":42.0,"key":"GamblersBrew"},{"floor":48.0,"key":"EssenceOfSteel"},{"floor":55.0,"key":"Swift Potion"}],"is_trial":false,"path_per_floor":["M","?","$","?","?","E","R","$","T","E","T","E","R","$","R","B",null,"M","?","M","?","$","R","E","?","T","R","M","M","M","E","R","B",null,"M","?","$","M","M","E","M","E","T","R","M","$","R","E","R","B","B",null,"R","$","E","B",null],"character_chosen":"DEFECT","items_purchased":["Loop","Ball Lightning","Turbo","Glacier","Skim+1","Defragment","Coolheaded+1","Defragment","All For One","Leap+1","Coolheaded+1","Loop","SkillPotion"],"campfire_rested":0,"item_purchase_floors":[3,3,3,8,22,22,22,37,37,37,46,46,54],"current_hp_per_floor":[64,64,64,57,57,57,57,57,57,57,57,46,46,46,46,33,56,52,48,48,48,48,48,39,64,64,64,59,59,49,49,49,17,52,52,52,52,52,45,45,45,45,45,45,45,45,45,45,45,45,32,56,56,56,64,45],"gold":54,"neow_bonus":"THREE_ENEMY_KILL","is_prod":false,"is_daily":false,"chose_seed":false,"campfire_upgraded":9,"win_rate":0,"timestamp":1551092498,"path_taken":["M","?","$","?","?","E","R","?","T","E","?","E","R","$","R","BOSS","M","?","M","?","$","R","E","?","T","R","M","?","M","E","R","BOSS","M","?","$","M","M","E","?","E","T","R","M","?","R","E","R","BOSS","BOSS","R","$","E","BOSS"],"build_version":"2019-01-23","purchased_purges":4,"victory":true,"max_hp_per_floor":[71,71,71,71,64,64,64,64,64,64,64,64,64,64,64,64,64,64,64,64,64,64,64,64,64,64,64,64,64,64,64,64,64,64,64,64,64,64,64,64,64,64,64,64,64,64,64,64,64,64,64,64,64,64,78,78],"card_choices":[{"not_picked":["Sweeping Beam","Redo"],"picked":"Doom and Gloom","floor":1.0},{"not_picked":["Beam Cell","BootSequence"],"picked":"Hologram","floor":6.0},{"not_picked":["Hologram","Streamline"],"picked":"Cold Snap","floor":10.0},{"not_picked":["Go for the Eyes","Stack+1"],"picked":"Turbo+1","floor":12.0},{"not_picked":["Creative AI","Core Surge"],"picked":"Seek+1","floor":16.0},{"not_picked":["Compile Driver","Redo+1"],"picked":"Blizzard","floor":17.0},{"not_picked":["Scrape","Doom and Gloom"],"picked":"Steam+1","floor":17.0},{"not_picked":["Compile Driver","Barrage"],"picked":"Consume+1","floor":17.0},{"not_picked":["Auto Shields+1","Beam Cell"],"picked":"Heatsinks","floor":17.0},{"not_picked":["Cold Snap","Sweeping Beam"],"picked":"Tempest+1","floor":17.0},{"not_picked":["Streamline","Cold Snap"],"picked":"Static Discharge+1","floor":18.0},{"not_picked":["Multi-Cast+1","White Noise+1"],"picked":"Undo+1","floor":19.0},{"not_picked":["Gash","Redo+1","Go for the Eyes"],"picked":"SKIP","floor":20.0},{"not_picked":["Steam+1","Creative AI"],"picked":"Compile Driver","floor":24.0},{"not_picked":["Barrage","Darkness+1"],"picked":"White Noise+1","floor":28.0},{"not_picked":["Compile Driver","Gash"],"picked":"Coolheaded+1","floor":29.0},{"not_picked":["Rebound","Heatsinks"],"picked":"Go for the Eyes","floor":30.0},{"not_picked":["Heatsinks","Coolheaded+1"],"picked":"Double Energy+1","floor":31.0},{"not_picked":["Rainbow+1","Creative AI"],"picked":"Echo Form","floor":33.0},{"not_picked":["Redo+1","Go for the Eyes"],"picked":"Recycle+1","floor":35.0},{"not_picked":["Rebound","Go for the Eyes"],"picked":"Coolheaded+1","floor":38.0},{"not_picked":["Leap+1","Core Surge"],"picked":"Recycle+1","floor":39.0},{"not_picked":["Cold Snap","Genetic Algorithm+1","Sweeping Beam+1"],"picked":"SKIP","floor":40.0},{"not_picked":["Steam+1","Recycle+1"],"picked":"Double Energy+1","floor":41.0},{"not_picked":["Tempest+1","Blizzard"],"picked":"Hologram+1","floor":42.0},{"not_picked":["Leap+1","Streamline","Redo+1"],"picked":"SKIP","floor":45.0},{"not_picked":["Heatsinks+1","Chaos+1","Creative AI"],"picked":"SKIP","floor":48.0},{"not_picked":["Leap+1","Beam Cell"],"picked":"Turbo+1","floor":55.0}],"player_experience":997326,"relics_obtained":[{"floor":6.0,"key":"Tiny Chest"},{"floor":9.0,"key":"Pocketwatch"},{"floor":10.0,"key":"Ice Cream"},{"floor":11.0,"key":"Toxic Egg 2"},{"floor":12.0,"key":"Orichalcum"},{"floor":19.0,"key":"Red Mask"},{"floor":24.0,"key":"Gremlin Horn"},{"floor":26.0,"key":"Pen Nib"},{"floor":31.0,"key":"Cables"},{"floor":40.0,"key":"Smiling Mask"},{"floor":42.0,"key":"MawBank"},{"floor":48.0,"key":"Boot"},{"floor":55.0,"key":"Mango"}],"event_choices":[{"damage_healed":0.0,"max_hp_gain":0.0,"max_hp_loss":0.0,"gold_gain":150.0,"event_name":"Liars Game","player_choice":"AGREE","floor":2.0,"gold_loss":0.0,"damage_taken":0.0,"cards_obtained":["Doubt"]},{"cards_removed":["Strike_B"],"damage_healed":0.0,"max_hp_gain":0.0,"max_hp_loss":0.0,"gold_gain":0.0,"event_name":"Golden Wing","player_choice":"Card Removal","floor":4.0,"gold_loss":0.0,"damage_taken":7.0},{"damage_healed":0.0,"max_hp_gain":0.0,"max_hp_loss":7.0,"gold_gain":0.0,"event_name":"Golden Idol","player_choice":"Lose Max HP","floor":5.0,"gold_loss":0.0,"damage_taken":0.0,"relics_obtained":["Golden Idol"]},{"damage_healed":0.0,"max_hp_gain":0.0,"max_hp_loss":0.0,"gold_gain":0.0,"event_name":"Masked Bandits","player_choice":"Fought Bandits","floor":19.0,"gold_loss":0.0,"damage_taken":0.0},{"damage_healed":0.0,"max_hp_gain":0.0,"max_hp_loss":0.0,"gold_gain":0.0,"event_name":"Back to Basics","player_choice":"Simplicity","floor":21.0,"gold_loss":0.0,"damage_taken":0.0,"cards_upgraded":["Strike_B","Strike_B","Defend_B","Defend_B","Defend_B","Defend_B"]},{"cards_removed":["Doom and Gloom"],"damage_healed":25.0,"max_hp_gain":0.0,"max_hp_loss":0.0,"gold_gain":0.0,"event_name":"Bonfire Elementals","player_choice":"Offered Uncommon","floor":25.0,"gold_loss":0.0,"damage_taken":0.0},{"cards_removed":["Barrage"],"damage_healed":0.0,"max_hp_gain":0.0,"max_hp_loss":0.0,"gold_gain":0.0,"event_name":"Purifier","player_choice":"Purged","floor":36.0,"gold_loss":0.0,"damage_taken":0.0}],"is_beta":false,"boss_relics":[{"not_picked":["Empty Cage","Ectoplasm"],"picked":"Orrery"},{"not_picked":["Philosopher\u0027s Stone","Lizard Tail"],"picked":"Pandora\u0027s Box"}],"items_purged_floors":[3,14,46,54],"is_endless":false,"potions_floor_spawned":[6,12,19,20,28,39,41,42,48,55],"ascension_level":20}