{"gold_per_floor":[113,113,188,208,208,208,236,254,322,322,348,360,407,429,441,531,543,575,606,618,136,136,136,151,151,151,151,169,69,87,101,101,180,180,195,207,207,257,36,36,136,168,194,194,194,212,212,274,274,274,274,274,274,53,81,81],"floor_reached":57,"playtime":3020,"items_purged":["Strike_B","Defend_B","Shame"],"score":3012,"play_id":"b555e6be-89e9-4e62-b79f-e936100534f2","local_time":"20181120181552","is_ascension_mode":true,"campfire_choices":[{"data":"Zap","floor":6.0,"key":"SMITH"},{"data":"Electrodynamics","floor":10.0,"key":"SMITH"},{"data":"Hologram","floor":15.0,"key":"SMITH"},{"data":"Defragment","floor":23.0,"key":"SMITH"},{"data":"Defragment","floor":25.0,"key":"SMITH"},{"data":"Defragment","floor":27.0,"key":"SMITH"},{"floor":32.0,"key":"REST"},{"data":"Seek","floor":40.0,"key":"SMITH"},{"data":"Hologram","floor":47.0,"key":"SMITH"},{"floor":49.0,"key":"RECALL"},{"data":"Coolheaded","floor":53.0,"key":"SMITH"}],"neow_cost":"NONE","seed_source_timestamp":0,"circlet_count":0,"master_deck":["AscendersBane","Defend_B","Defend_B","Defend_B","Zap+1","Dualcast+1","Coolheaded+1","Electrodynamics+1","Glacier+1","Hologram+1","Buffer","Capacitor+1","Defragment+1","Turbo","Defragment+1","Defragment+1","Coolheaded","Seek+1","Hologram+1","Glacier+1","Amplify","Madness","Madness","Blizzard"],"special_seed":0,"relics":["Cracked Core","NeowsBlessing","War Paint","Pantograph","MawBank","Whetstone","Inserter","Mummified Hand","Frozen Egg 2","Cursed Key","Dead Branch","DollysMirror","Pocketwatch","Juzu Bracelet","Tiny Chest","Molten Egg 2"],"potions_floor_usage":[],"damage_taken":[{"damage":0.0,"enemies":"2 Louse","floor":1.0,"turns":1.0},{"damage":0.0,"enemies":"Cultist","floor":4.0,"turns":1.0},{"damage":0.0,"enemies":"3 Sentries","floor":7.0,"turns":2.0},{"damage":0.0,"enemies":"Small Slimes","floor":8.0,"turns":4.0},{"damage":34.0,"enemies":"Gremlin Nob","floor":11.0,"turns":4.0},{"damage":5.0,"enemies":"3 Sentries","floor":13.0,"turns":4.0},{"damage":1.0,"enemies":"2 Fungi Beasts","floor":14.0,"turns":3.0},{"damage":0.0,"enemies":"Slime Boss","floor":16.0,"turns":7.0},{"damage":6.0,"enemies":"3 Byrds","floor":18.0,"turns":2.0},{"damage":20.0,"enemies":"2 Thieves","floor":19.0,"turns":2.0},{"damage":7.0,"enemies":"Snecko","floor":24.0,"turns":5.0},{"damage":8.0,"enemies":"Sentry and Sphere","floor":28.0,"turns":4.0},{"damage":2.0,"enemies":"Cultist and Chosen","floor":30.0,"turns":7.0},{"damage":9.0,"enemies":"Snake Plant","floor":31.0,"turns":3.0},{"damage":0.0,"enemies":"Champ","floor":33.0,"turns":14.0},{"damage":2.0,"enemies":"3 Darklings","floor":35.0,"turns":4.0},{"damage":0.0,"enemies":"3 Shapes","floor":36.0,"turns":3.0},{"damage":18.0,"enemies":"2 Orb Walkers","floor":38.0,"turns":5.0},{"damage":0.0,"enemies":"Mind Bloom Boss Battle","floor":41.0,"turns":7.0},{"damage":20.0,"enemies":"Reptomancer","floor":42.0,"turns":7.0},{"damage":15.0,"enemies":"Transient","floor":46.0,"turns":6.0},{"damage":0.0,"enemies":"Nemesis","floor":48.0,"turns":9.0},{"damage":2.0,"enemies":"Donu and Deca","floor":50.0,"turns":7.0},{"damage":12.0,"enemies":"Awakened One","floor":51.0,"turns":19.0},{"damage":27,"enemies":"Shield and Spear","floor":55,"turns":8},{"damage":61,"enemies":"The Heart","floor":56,"turns":13}],"seed_played":"6330845847851260138","potions_obtained":[{"floor":4.0,"key":"Weak Potion"},{"floor":7.0,"key":"Weak Potion"},{"floor":11.0,"key":"FocusPotion"},{"floor":16.0,"key":"GamblersBrew"},{"floor":31.0,"key":"SteroidPotion"},{"floor":36.0,"key":"SteroidPotion"},{"floor":38.0,"key":"Dexterity Potion"},{"floor":55,"key":"SpeedPotion"}],"is_trial":false,"path_per_floor":["M","?","?","M","?","R","E","M","T","R","E","$","E","M","R","B",null,"M","M","?","$","?","R","M","R","T","R","M","$","M","M","R","B",null,"M","M","?","?","$","R","?","E","T","?","T","M","R","E","R","B","B",null,"R","$","E","B",null],"character_chosen":"DEFECT","items_purchased":["Mummified Hand","Turbo","Defragment","DollysMirror","Blizzard","SpeedPotion"],"campfire_rested":1,"item_purchase_floors":[21,21,21,39,54,54],"current_hp_per_floor":[64,64,53,53,71,71,71,71,71,71,37,37,32,31,31,56,67,61,41,41,41,41,41,34,34,34,34,26,26,24,15,36,61,69,67,67,67,49,49,49,71,51,51,38,38,23,23,23,23,46,59,68,68,68,41,5],"gold":81,"neow_bonus":"THREE_ENEMY_KILL","is_prod":false,"is_daily":false,"chose_seed":false,"campfire_upgraded":9,"win_rate":0,"timestamp":1542708952,"path_taken":["M","?","?","M","?","R","E","M","T","R","E","$","E","M","R","BOSS","M","?","?","$","?","R","M","R","T","R","?","$","M","M","R","BOSS","M","M","?","?","$","R","?","E","T","?","?","M","R","E","R","BOSS","BOSS","R","$","E","BOSS"],"build_version":"2018-11-15","purchased_purges":3,"victory":true,"max_hp_per_floor":[71,71,71,71,71,71,71,71,71,71,71,71,71,71,71,71,71,71,71,71,71,71,71,71,71,71,71,71,71,71,71,71,71,71,71,71,71,71,71,71,71,71,71,71,71,71,71,71,71,71,71,71,71,71,71,71],"card_choices":[{"not_picked":["Cold Snap","Beam Cell"],"picked":"Coolheaded","floor":1.0},{"not_picked":["Gash","Cold Snap"],"picked":"Glacier","floor":4.0},{"not_picked":["Turbo","Ball Lightning","Rip and Tear"],"picked":"SKIP","floor":7.0},{"not_picked":["Barrage","Rebound","Beam Cell"],"picked":"SKIP","floor":8.0},{"not_picked":["Go for the Eyes","Gash","Biased Cognition"],"picked":"SKIP","floor":11.0},{"not_picked":["Lockon","Chill","Redo"],"picked":"SKIP","floor":13.0},{"not_picked":["Ball Lightning","Beam Cell"],"picked":"Hologram","floor":14.0},{"not_picked":["Electrodynamics","Core Surge"],"picked":"Buffer","floor":16.0},{"not_picked":["BootSequence","Ball Lightning","Beam Cell"],"picked":"SKIP","floor":18.0},{"not_picked":["Skim","Sweeping Beam"],"picked":"Capacitor+1","floor":19.0},{"not_picked":["Lockon","Conserve Battery","Force Field"],"picked":"SKIP","floor":24.0},{"not_picked":["Core Surge","Cold Snap"],"picked":"Coolheaded","floor":28.0},{"not_picked":["Doom and Gloom","Gash","Compile Driver"],"picked":"SKIP","floor":30.0},{"not_picked":["Barrage","Streamline","Redo"],"picked":"SKIP","floor":31.0},{"not_picked":["Biased Cognition+1","Amplify"],"picked":"Seek","floor":33.0},{"not_picked":["Streamline","Reprogram","Ball Lightning"],"picked":"SKIP","floor":35.0},{"not_picked":["Rip and Tear","Compile Driver"],"picked":"Hologram","floor":36.0},{"not_picked":["Streamline","Barrage"],"picked":"Amplify","floor":41.0},{"not_picked":["Scrape","Aggregate","Lockon"],"picked":"SKIP","floor":42.0},{"not_picked":["Leap","Capacitor+1","Gash"],"picked":"SKIP","floor":46.0},{"not_picked":["Barrage","Force Field","Sunder"],"picked":"SKIP","floor":48.0},{"not_picked":["Streamline","Stack","Ball Lightning"],"picked":"SKIP","floor":55}],"player_experience":583552,"relics_obtained":[{"floor":7.0,"key":"War Paint"},{"floor":9.0,"key":"Pantograph"},{"floor":11.0,"key":"MawBank"},{"floor":13.0,"key":"Whetstone"},{"floor":26.0,"key":"Frozen Egg 2"},{"floor":38.0,"key":"Dead Branch"},{"floor":41.0,"key":"Pocketwatch"},{"floor":42.0,"key":"Juzu Bracelet"},{"floor":48.0,"key":"Tiny Chest"},{"floor":55,"key":"Molten Egg 2"}],"event_choices":[{"damage_healed":0.0,"max_hp_gain":0.0,"max_hp_loss":0.0,"gold_gain":0.0,"cards_transformed":["Strike_B"],"event_name":"Living Wall","player_choice":"Change","floor":2.0,"gold_loss":0.0,"damage_taken":0.0,"cards_obtained":["Electrodynamics"]},{"damage_healed":0.0,"max_hp_gain":0.0,"max_hp_loss":0.0,"gold_gain":75.0,"event_name":"World of Goop","player_choice":"Gather Gold","floor":3.0,"gold_loss":0.0,"damage_taken":11.0},{"damage_healed":18.0,"max_hp_gain":0.0,"max_hp_loss":0.0,"gold_gain":0.0,"event_name":"Wheel of Change","player_choice":"Full Heal","floor":5.0,"gold_loss":0.0,"damage_taken":0.0},{"damage_healed":0.0,"max_hp_gain":0.0,"max_hp_loss":0.0,"gold_gain":0.0,"event_name":"The Library","player_choice":"Read","floor":20.0,"gold_loss":0.0,"damage_taken":0.0,"cards_obtained":["Defragment"]},{"damage_healed":0.0,"max_hp_gain":0.0,"max_hp_loss":0.0,"gold_gain":0.0,"cards_transformed":["Strike_B"],"event_name":"Transmorgrifier","player_choice":"Transformed","floor":22.0,"gold_loss":0.0,"damage_taken":0.0,"cards_obtained":["Defragment"]},{"cards_removed":["Strike_B"],"damage_healed":0.0,"max_hp_gain":0.0,"max_hp_loss":0.0,"gold_gain":0.0,"event_name":"Falling","player_choice":"Removed Attack","floor":37.0,"gold_loss":0.0,"damage_taken":0.0},{"damage_healed":0.0,"max_hp_gain":0.0,"max_hp_loss":0.0,"gold_gain":0.0,"event_name":"Mysterious Sphere","player_choice":"Fight","floor":38.0,"gold_loss":0.0,"damage_taken":0.0},{"damage_healed":0.0,"max_hp_gain":0.0,"max_hp_loss":0.0,"gold_gain":0.0,"event_name":"MindBloom","player_choice":"Fight","floor":41.0,"gold_loss":0.0,"damage_taken":0.0},{"damage_healed":0.0,"max_hp_gain":0.0,"max_hp_loss":0.0,"gold_gain":0.0,"event_name":"Winding Halls","player_choice":"Embrace Madness","floor":44.0,"gold_loss":0.0,"damage_taken":13.0,"cards_obtained":["Madness","Madness"]}],"is_beta":true,"boss_relics":[{"not_picked":["Philosopher\u0027s Stone","Sozu"],"picked":"Inserter"},{"not_picked":["Busted Crown","Nuclear Battery"],"picked":"Cursed Key"}],"items_purged_floors":[21,29,54],"is_endless":false,"potions_floor_spawned":[4,7,11,16,18,24,30,31,36,38,55],"ascension_level":20}