{"gold_per_floor":[118,34,51,66,81,81,115,115,115,128,128,154,154,174,174,269,269,280,280,296,296,308,308,341,355,355,355,355,365,36,36,36,135,135,155,175,21,121,140,140,175,175,202,31,66,86,86,0,0,0],"floor_reached":51,"playtime":1729,"items_purged":["Pain","Rebound"],"score":910,"play_id":"07e4acca-5494-4d10-8d2f-d0909c8ab6eb","local_time":"20190619173716","is_ascension_mode":false,"campfire_choices":[{"data":"Streamline","floor":6.0,"key":"SMITH"},{"data":"Defragment","floor":8.0,"key":"SMITH"},{"data":"Recycle","floor":11.0,"key":"SMITH"},{"data":"Defragment","floor":13.0,"key":"SMITH"},{"data":"Fission","floor":15.0,"key":"SMITH"},{"data":"Fission","floor":23.0,"key":"SMITH"},{"data":"Defragment","floor":27.0,"key":"SMITH"},{"data":"Thunder Strike","floor":32.0,"key":"SMITH"},{"data":"Capacitor","floor":40,"key":"SMITH"},{"data":"Biased Cognition","floor":42,"key":"SMITH"},{"data":"Storm","floor":47,"key":"SMITH"},{"data":"Capacitor","floor":49,"key":"SMITH"}],"neow_cost":"NONE","seed_source_timestamp":26519082094739,"circlet_count":0,"master_deck":["Zap","Dualcast","Recycle+1","Defragment+1","Streamline+1","Undo","Capacitor","Defragment+1","Fission+1","Creative AI","Aggregate","Electrodynamics","Defragment+1","Darkness","Fission+1","Aggregate","Gash","Sunder+1","Coolheaded","Coolheaded+1","BootSequence","Ghostly","Ghostly","Ghostly","Ghostly","Ghostly","Thunder Strike+1","Creative AI","Defragment+1","Capacitor+1","Biased Cognition+1","Capacitor+1","Heatsinks+1","Storm+1"],"special_seed":0,"relics":["Cracked Core","Meat on the Bone","Symbiotic Virus","Question Card","Pandora\u0027s Box","WarpedTongs","Mummified Hand","Darkstone Periapt","Matryoshka","Snecko Eye","DataDisk","Strawberry","Omamori","Bronze Scales","Blood Vial","Red Mask"],"potions_floor_usage":[50,50,50],"damage_taken":[{"damage":0.0,"enemies":"Cultist","floor":1.0,"turns":3.0},{"damage":0.0,"enemies":"Small Slimes","floor":3.0,"turns":3.0},{"damage":0.0,"enemies":"2 Louse","floor":4.0,"turns":3.0},{"damage":1.0,"enemies":"2 Fungi Beasts","floor":5.0,"turns":4.0},{"damage":14.0,"enemies":"Gremlin Nob","floor":7.0,"turns":3.0},{"damage":4.0,"enemies":"Red Slaver","floor":10.0,"turns":5.0},{"damage":10.0,"enemies":"Lagavulin","floor":12.0,"turns":8.0},{"damage":10.0,"enemies":"Exordium Wildlife","floor":14.0,"turns":4.0},{"damage":0.0,"enemies":"Slime Boss","floor":16.0,"turns":4.0},{"damage":43.0,"enemies":"2 Thieves","floor":18.0,"turns":4.0},{"damage":23.0,"enemies":"3 Byrds","floor":20.0,"turns":3.0},{"damage":1.0,"enemies":"3 Cultists","floor":22.0,"turns":2.0},{"damage":21.0,"enemies":"Book of Stabbing","floor":24.0,"turns":4.0},{"damage":10.0,"enemies":"Snake Plant","floor":25.0,"turns":2.0},{"damage":7.0,"enemies":"Cultist and Chosen","floor":29.0,"turns":4.0},{"damage":20,"enemies":"Champ","floor":33,"turns":8},{"damage":1,"enemies":"3 Shapes","floor":35,"turns":4},{"damage":2,"enemies":"Orb Walker","floor":36,"turns":3},{"damage":2,"enemies":"Spire Growth","floor":39,"turns":4},{"damage":2,"enemies":"Reptomancer","floor":41,"turns":5},{"damage":0,"enemies":"Giant Head","floor":45,"turns":6},{"damage":0,"enemies":"Jaw Worm Horde","floor":46,"turns":1},{"damage":0,"enemies":"Time Eater","floor":50,"turns":2}],"seed_played":"-7240393178836198596","potions_obtained":[{"floor":3.0,"key":"Weak Potion"},{"floor":5.0,"key":"Regen Potion"},{"floor":10.0,"key":"Swift Potion"},{"floor":14.0,"key":"Fire Potion"},{"floor":24.0,"key":"Swift Potion"},{"floor":29.0,"key":"Swift Potion"}],"is_trial":false,"path_per_floor":["M","$","M","M","M","R","E","R","T","M","R","E","R","M","R","B",null,"M","?","M","?","M","R","E","M","T","R","?","M","$","?","R","B",null,"M","M","$","?","M","R","E","R","T","$","E","M","R","?","R","B",null],"character_chosen":"DEFECT","items_purchased":["Defragment","Streamline","Matryoshka","DataDisk","Capacitor"],"campfire_rested":0,"item_purchase_floors":[2,2,30,37,44],"current_hp_per_floor":[75,75,75,75,74,74,60,60,60,56,56,46,46,48,48,48,75,44,44,33,33,44,44,35,37,37,37,37,30,30,26,26,18,42,41,39,39,39,37,37,42,42,42,42,42,44,44,44,44,46],"gold":0,"neow_bonus":"TRANSFORM_CARD","is_prod":false,"is_daily":false,"chose_seed":false,"campfire_upgraded":12,"win_rate":0,"timestamp":1560937036,"path_taken":["M","?","M","M","M","R","E","R","T","M","R","E","R","?","R","BOSS","M","?","?","?","M","R","E","?","T","R","?","M","$","?","R","BOSS","M","M","$","?","?","R","E","R","T","$","E","M","R","?","R","BOSS"],"build_version":"2019-01-23","purchased_purges":2,"victory":true,"max_hp_per_floor":[75,75,75,75,75,75,75,75,75,75,75,75,75,75,75,75,75,75,75,75,75,75,75,75,75,75,75,37,37,37,42,42,42,42,42,42,42,42,42,42,49,49,49,49,49,49,49,49,49,49],"card_choices":[{"not_picked":["Redo","Turbo"],"picked":"Recycle","floor":1.0},{"not_picked":["Rebound","Cold Snap"],"picked":"Undo","floor":3.0},{"not_picked":["Fusion","Conserve Battery","Rebound"],"picked":"SKIP","floor":4.0},{"not_picked":["Sweeping Beam","Consume","Leap"],"picked":"SKIP","floor":5.0},{"not_picked":["Static Discharge","Buffer"],"picked":"Capacitor","floor":7.0},{"not_picked":["Compile Driver","Rebound","Go for the Eyes"],"picked":"SKIP","floor":10.0},{"not_picked":["Auto Shields","Redo"],"picked":"Defragment","floor":12.0},{"not_picked":["Conserve Battery","Gash","Stack"],"picked":"Fission","floor":14.0},{"not_picked":["Amplify","Echo Form","Meteor Strike"],"picked":"Creative AI","floor":16.0},{"not_picked":["Barrage+1","Doom and Gloom","Redo+1"],"picked":"Sunder+1","floor":18.0},{"not_picked":["Steam","Ball Lightning","Cold Snap+1","Conserve Battery"],"picked":"SKIP","floor":20.0},{"not_picked":["Capacitor+1","Heatsinks","Chaos"],"picked":"Coolheaded","floor":22.0},{"not_picked":["Undo+1","Turbo","Redo"],"picked":"Coolheaded+1","floor":24.0},{"not_picked":["Steam","Tempest","Go for the Eyes+1"],"picked":"BootSequence","floor":25.0},{"not_picked":["Chaos","Double Energy","Beam Cell+1"],"picked":"Thunder Strike","floor":29.0},{"not_picked":["Rainbow","Biased Cognition","Seek"],"picked":"Creative AI","floor":33},{"not_picked":["Genetic Algorithm+1","Coolheaded+1","Stack","Compile Driver"],"picked":"SKIP","floor":35},{"not_picked":["Force Field","Conserve Battery+1","Sunder"],"picked":"Defragment+1","floor":36},{"not_picked":["Recycle","Fusion+1","Steam Power"],"picked":"Capacitor","floor":39},{"not_picked":["Barrage","Steam+1","Beam Cell"],"picked":"Biased Cognition","floor":41},{"not_picked":["Chaos","Buffer","Barrage"],"picked":"Heatsinks+1","floor":45},{"not_picked":["Loop+1","Glacier+1","Steam"],"picked":"Storm","floor":46}],"player_experience":5461725,"relics_obtained":[{"floor":7.0,"key":"Meat on the Bone"},{"floor":9.0,"key":"Symbiotic Virus"},{"floor":12.0,"key":"Question Card"},{"floor":24.0,"key":"Mummified Hand"},{"floor":26.0,"key":"Darkstone Periapt"},{"floor":41,"key":"Strawberry"},{"floor":43,"key":"Omamori"},{"floor":43,"key":"Bronze Scales"},{"floor":45,"key":"Blood Vial"}],"event_choices":[{"damage_healed":0.0,"max_hp_gain":0.0,"max_hp_loss":0.0,"gold_gain":0.0,"event_name":"Accursed Blacksmith","player_choice":"Rummage","floor":19.0,"gold_loss":0.0,"damage_taken":0.0,"relics_obtained":["WarpedTongs"],"cards_obtained":["Pain"]},{"damage_healed":0.0,"max_hp_gain":0.0,"max_hp_loss":0.0,"gold_gain":0.0,"event_name":"NoteForYourself","player_choice":"Ignored","floor":21.0,"gold_loss":0.0,"damage_taken":0.0},{"damage_healed":0.0,"max_hp_gain":0.0,"max_hp_loss":38.0,"gold_gain":0.0,"event_name":"Ghosts","player_choice":"Became a Ghost","floor":28.0,"gold_loss":0.0,"damage_taken":0.0,"cards_obtained":["Ghostly","Ghostly","Ghostly","Ghostly","Ghostly"]},{"damage_healed":0.0,"max_hp_gain":5.0,"max_hp_loss":0.0,"gold_gain":0.0,"event_name":"Forgotten Altar","player_choice":"Shed Blood","floor":31.0,"gold_loss":0.0,"damage_taken":9.0},{"damage_healed":0,"gold_gain":100,"player_choice":"Pray","damage_taken":0,"max_hp_gain":0,"max_hp_loss":0,"event_name":"Golden Shrine","floor":38,"gold_loss":0},{"damage_healed":0,"gold_gain":0,"player_choice":"Paid","damage_taken":0,"relics_obtained":["Red Mask"],"max_hp_gain":0,"max_hp_loss":0,"event_name":"Tomb of Lord Red Mask","floor":48,"gold_loss":86}],"is_beta":false,"boss_relics":[{"not_picked":["Orrery","Velvet Choker"],"picked":"Pandora\u0027s Box"},{"not_picked":["Fusion Hammer","Eternal Feather"],"picked":"Snecko Eye"}],"items_purged_floors":[30,44],"is_endless":false,"potions_floor_spawned":[3,5,10,14,16,18,24,29,33,36,39,45],"ascension_level":0}