{"path_per_floor":["M","$","M","?","$","E","M","R","T","?","R","E","M","M","R","B",null,"M","?","M","?","$","M"],"character_chosen":"THE_SILENT","items_purchased":["Bandage Up","Escape Plan","Cloak And Dagger"],"gold_per_floor":[109,16,31,31,31,63,82,82,82,82,82,111,123,138,138,237,237,247,147,157,137,52,63],"floor_reached":24,"campfire_rested":1,"playtime":1543,"current_hp_per_floor":[69,69,68,68,68,34,31,31,31,48,48,28,21,18,39,27,84,47,47,26,26,26,5],"items_purged":[],"gold":63,"score":306,"play_id":"9b46da87-3884-40d3-9094-6a60824ba4b3","local_time":"20180306093230","is_prod":false,"is_daily":false,"is_ascension_mode":false,"campfire_upgraded":2,"timestamp":1520325150,"path_taken":["M","?","?","?","?","E","M","R","T","?","R","E","M","?","R","BOSS","M","?","M","?","$","M","M"],"build_version":"2018-03-01-PROD1","purchased_purges":0,"victory":false,"master_deck":["Defend_G","Defend_G","Defend_G","Strike_G","Strike_G","Strike_G","Strike_G","Strike_G","Survivor","Neutralize+1","Writhe","Acrobatics","Endless Agony","Poisoned Stab","Bandage Up+1","Deadly Poison","Infinite Blades","Infinite Blades","Parasite","Noxious Fumes","Footwork","Accuracy","Storm of Steel","Injury","Normality","Pain","Outmaneuver","J.A.X.","Accuracy","Escape Plan","Cloak And Dagger","Predator+1"],"max_hp_per_floor":[70,70,70,70,70,70,70,70,70,70,70,70,70,70,70,70,84,84,84,84,84,84,84],"relics":["Ring of the Snake","Frozen Eye","Unceasing Top","Pen Nib","Calling Bell","Gambling Chip","Ornamental Fan","Mango"],"card_choices":[{"not_picked":["Dagger Throw","PiercingWail"],"picked":"Poisoned Stab"},{"not_picked":["Cloak And Dagger","Sucker Punch"],"picked":"Deadly Poison"},{"not_picked":["Deadly Poison","Grand Finale"],"picked":"Infinite Blades"},{"not_picked":["Slice","Quick Slash"],"picked":"Infinite Blades"},{"not_picked":["Dagger Throw","Escape Plan"],"picked":"Noxious Fumes"},{"not_picked":["Caltrops","Dagger Spray"],"picked":"Footwork"},{"not_picked":["All Out Attack","Dagger Spray"],"picked":"Accuracy"},{"not_picked":["Venomology","Tactician"],"picked":"Storm of Steel"},{"not_picked":["Catalyst","Cloak And Dagger"],"picked":"Outmaneuver"},{"not_picked":["Sucker Punch","Dash"],"picked":"Accuracy"},{"not_picked":["Reflex","Footwork"],"picked":"Predator"}],"player_experience":101720,"potions_floor_usage":[13,16,16,16,23],"damage_taken":[{"damage":1,"enemies":"Cultist","floor":1,"turns":4},{"damage":2,"enemies":"2 Louse","floor":3,"turns":3},{"damage":36,"enemies":"Lagavulin","floor":6,"turns":7},{"damage":3,"enemies":"Jaw Worm","floor":7,"turns":2},{"damage":26,"enemies":"Gremlin Nob","floor":12,"turns":4},{"damage":13,"enemies":"2 Fungi Beasts","floor":13,"turns":4},{"damage":9,"enemies":"Blue Slaver","floor":14,"turns":4},{"damage":18,"enemies":"Hexaghost","floor":16,"turns":8},{"damage":38,"enemies":"2 Thieves","floor":18,"turns":4},{"damage":27,"enemies":"Spheric Guardian","floor":20,"turns":4},{"damage":27,"enemies":"Snake Plant","floor":23,"turns":4},{"damage":11,"enemies":"Snecko","floor":24,"turns":2}],"event_choices":[{"event_name":"The Cleric","player_choice":"Leave","floor":4,"damage_taken":0},{"event_name":"Mushrooms","player_choice":"Healed and dodged fight","floor":10,"damage_taken":0},{"event_name":"Drug Dealer","player_choice":"Got JAXXED","floor":19,"damage_taken":0},{"event_name":"The Woman in Blue","player_choice":"Bought 1 Potion","floor":21,"damage_taken":0}],"boss_relics":[{"not_picked":["White Beast Statue","Ectoplasm"],"picked":"Calling Bell"}],"potions_floor_spawned":[6,12,13,14,16,18],"seed_played":"424428511287026542","killed_by":"Snecko","ascension_level":0,"is_trial":false}