{"gold_per_floor":[115,126,141,141,27,56,56,56,56,82,94,128,128,138,138,138],"floor_reached":16,"playtime":706,"items_purged":["Defend_B"],"score":290,"play_id":"0752a116-1789-4e3b-8203-806b1b5519f5","local_time":"20190427115543","is_ascension_mode":true,"campfire_choices":[{"data":"Streamline","floor":8.0,"key":"SMITH"},{"data":"Dualcast","floor":13.0,"key":"SMITH"},{"data":"Blizzard","floor":15,"key":"SMITH"}],"neow_cost":"NONE","seed_source_timestamp":2853076377718,"circlet_count":0,"master_deck":["AscendersBane","Strike_B","Strike_B","Strike_B","Defend_B","Defend_B","Defend_B","Zap","Dualcast+1","Streamline+1","Glacier","Glacier","Core Surge","Blizzard+1","Double Energy","Ball Lightning","Reinforced Body"],"special_seed":0,"relics":["Cracked Core","NeowsBlessing","Oddly Smooth Stone","Pen Nib","Bottled Flame","Vajra","Sundial"],"potions_floor_usage":[16],"damage_taken":[{"damage":0.0,"enemies":"Cultist","floor":1.0,"turns":1.0},{"damage":0.0,"enemies":"Jaw Worm","floor":2.0,"turns":1.0},{"damage":0.0,"enemies":"Small Slimes","floor":3.0,"turns":1.0},{"damage":11.0,"enemies":"Lagavulin","floor":6.0,"turns":9.0},{"damage":24.0,"enemies":"3 Sentries","floor":10.0,"turns":8.0},{"damage":0.0,"enemies":"Looter","floor":11.0,"turns":3.0},{"damage":0.0,"enemies":"Lagavulin","floor":12.0,"turns":7.0},{"damage":0,"enemies":"Exordium Thugs","floor":14,"turns":3},{"damage":18,"enemies":"Hexaghost","floor":16,"turns":9}],"seed_played":"9139138772515139613","potions_obtained":[{"floor":6.0,"key":"Swift Potion"},{"floor":10.0,"key":"Swift Potion"},{"floor":11.0,"key":"AttackPotion"}],"is_trial":false,"path_per_floor":["M","M","M","?","$","E","?","R","T","E","M","E","R","M","R","B"],"character_chosen":"DEFECT","items_purchased":["Glacier"],"campfire_rested":0,"item_purchase_floors":[5],"current_hp_per_floor":[64,64,64,57,57,46,41,41,41,17,17,17,17,17,17,0],"gold":138,"neow_bonus":"THREE_ENEMY_KILL","is_prod":false,"is_daily":false,"chose_seed":false,"campfire_upgraded":3,"win_rate":0,"timestamp":1556337343,"path_taken":["M","M","?","?","?","E","?","R","T","E","M","E","R","M","R","BOSS"],"build_version":"2019-01-23","purchased_purges":1,"victory":false,"max_hp_per_floor":[71,71,71,71,71,71,71,71,71,71,71,71,71,71,71,71],"card_choices":[{"not_picked":["Redo","Conserve Battery"],"picked":"Streamline","floor":1.0},{"not_picked":["Storm","Beam Cell"],"picked":"Glacier","floor":2.0},{"not_picked":["Leap","Rebound","Melter"],"picked":"SKIP","floor":3.0},{"not_picked":["Rebound","Redo"],"picked":"Core Surge","floor":6.0},{"not_picked":["Heatsinks","Coolheaded"],"picked":"Blizzard","floor":10.0},{"not_picked":["Streamline","Force Field"],"picked":"Double Energy","floor":11.0},{"not_picked":["Reinforced Body","Gash"],"picked":"Ball Lightning","floor":12.0},{"not_picked":["Ball Lightning","Barrage"],"picked":"Reinforced Body","floor":14}],"player_experience":4546110,"relics_obtained":[{"floor":6.0,"key":"Oddly Smooth Stone"},{"floor":9.0,"key":"Bottled Flame"},{"floor":10.0,"key":"Vajra"},{"floor":12.0,"key":"Sundial"}],"event_choices":[{"cards_removed":["Strike_B"],"damage_healed":0.0,"max_hp_gain":0.0,"max_hp_loss":0.0,"gold_gain":0.0,"event_name":"Golden Wing","player_choice":"Card Removal","floor":4.0,"gold_loss":0.0,"damage_taken":7.0},{"damage_healed":0.0,"max_hp_gain":0.0,"max_hp_loss":0.0,"gold_gain":0.0,"event_name":"Scrap Ooze","player_choice":"Success","floor":7.0,"gold_loss":0.0,"damage_taken":5.0,"relics_obtained":["Pen Nib"]}],"is_beta":false,"boss_relics":[],"items_purged_floors":[5],"is_endless":false,"potions_floor_spawned":[6,10,11,12],"killed_by":"Hexaghost","ascension_level":20}