{"gold_per_floor":[116,14,164,89,105,105,125,125,125,125,142,142,155,169,169,245,245,222,242,242,259,71,71],"floor_reached":23,"playtime":1061,"items_purged":["Doubt","Defend_G"],"score":516,"play_id":"1437ea40-09f0-4fda-b673-b3d82e4c46bd","local_time":"20181122223200","is_ascension_mode":true,"campfire_choices":[{"data":"Neutralize","floor":6,"key":"SMITH"},{"data":"Acrobatics","floor":8,"key":"SMITH"},{"data":"Finesse","floor":12,"key":"SMITH"},{"floor":15,"key":"RECALL"}],"neow_cost":"PERCENT_DAMAGE","seed_source_timestamp":3701864671333,"circlet_count":0,"master_deck":["AscendersBane","Defend_G","Defend_G","Defend_G","Survivor","Neutralize+1","Heel Hook","Finesse+1","Acrobatics+1","Night Terror","Calculated Gamble+1","Outmaneuver+1","Bouncing Flask+1","Ghostly","Ghostly","Ghostly","Well Laid Plans"],"special_seed":0,"relics":["Ring of the Snake","FossilizedHelix","Astrolabe"],"potions_floor_usage":[11,14,16,16,16],"damage_taken":[{"damage":3.0,"enemies":"Cultist","floor":1.0,"turns":4.0},{"damage":4,"enemies":"Jaw Worm","floor":5,"turns":7},{"damage":0,"enemies":"2 Louse","floor":7,"turns":2},{"damage":0,"enemies":"Blue Slaver","floor":11,"turns":5},{"damage":0,"enemies":"Large Slime","floor":13,"turns":9},{"damage":0,"enemies":"2 Fungi Beasts","floor":14,"turns":5},{"damage":0,"enemies":"The Guardian","floor":16,"turns":21},{"damage":2,"enemies":"2 Thieves","floor":18,"turns":4},{"damage":0,"enemies":"3 Byrds","floor":19,"turns":7},{"damage":6,"enemies":"Snake Plant","floor":21,"turns":7},{"damage":0,"enemies":"Gremlin Leader","floor":23,"turns":1}],"seed_played":"5038308207474512446","potions_obtained":[{"floor":1.0,"key":"EntropicBrew"},{"floor":5,"key":"EntropicBrew"},{"floor":13,"key":"Fruit Juice"},{"floor":18,"key":"SpeedPotion"}],"is_trial":false,"path_per_floor":["M","$","?","$","M","R","M","R","T","?","M","R","M","M","R","B",null,"M","M","?","M","$","E"],"character_chosen":"THE_SILENT","items_purchased":["Finesse","Well Laid Plans"],"campfire_rested":0,"item_purchase_floors":[2,22],"current_hp_per_floor":[41,41,41,41,37,37,37,37,37,37,37,37,37,42,42,42,64,62,62,35,29,29,29],"gold":71,"neow_bonus":"REMOVE_TWO","is_prod":false,"is_daily":false,"chose_seed":false,"campfire_upgraded":3,"win_rate":0,"timestamp":1542897120,"path_taken":["M","$","?","$","M","R","M","R","T","?","M","R","M","M","R","BOSS","M","?","?","M","$","E"],"build_version":"2018-11-15","purchased_purges":2,"victory":false,"max_hp_per_floor":[66,66,66,66,66,66,66,66,66,66,66,66,66,71,71,71,71,71,71,35,35,35,35],"card_choices":[{"not_picked":["Flying Knee","Deadly Poison"],"picked":"Heel Hook","floor":1.0},{"not_picked":["Quick Slash","Riddle With Holes","Infinite Blades"],"picked":"SKIP","floor":5},{"not_picked":["Backflip","All Out Attack"],"picked":"Acrobatics","floor":7},{"not_picked":["Poisoned Stab","Bane","Underhanded Strike"],"picked":"SKIP","floor":11},{"not_picked":["Cloak And Dagger","Bane","Dodge and Roll"],"picked":"SKIP","floor":13},{"not_picked":["Flying Knee","PiercingWail","Sucker Punch"],"picked":"SKIP","floor":14},{"not_picked":["Glass Knife","A Thousand Cuts"],"picked":"Night Terror","floor":16},{"not_picked":["Bane","Finisher","Sucker Punch+1"],"picked":"SKIP","floor":18},{"not_picked":["Poisoned Stab","Underhanded Strike","Bane"],"picked":"SKIP","floor":19},{"not_picked":["Blade Dance","Flechettes","Catalyst"],"picked":"SKIP","floor":21}],"player_experience":1140768,"relics_obtained":[{"floor":9,"key":"FossilizedHelix"}],"event_choices":[{"damage_healed":0,"gold_gain":150,"player_choice":"AGREE","damage_taken":0,"max_hp_gain":0,"max_hp_loss":0,"event_name":"Liars Game","floor":3,"gold_loss":0,"cards_obtained":["Doubt"]},{"cards_removed":["Strike_G"],"damage_healed":0,"gold_gain":0,"player_choice":"Purged","damage_taken":0,"max_hp_gain":0,"max_hp_loss":0,"event_name":"Purifier","floor":10,"gold_loss":0},{"damage_healed":0,"gold_gain":0,"player_choice":"Became a Ghost","damage_taken":0,"max_hp_gain":0,"max_hp_loss":36,"event_name":"Ghosts","floor":20,"gold_loss":0,"cards_obtained":["Ghostly","Ghostly","Ghostly"]}],"is_beta":true,"boss_relics":[{"not_picked":["Eternal Feather","Orrery"],"picked":"Astrolabe"}],"items_purged_floors":[4,22],"is_endless":false,"potions_floor_spawned":[1,5,13,18],"killed_by":"Gremlin Leader","ascension_level":20}