{"gold_per_floor":[118,137,85,99,62,72,72,85,85,85,96,96,96,116,116,215,215,232,242,259,102,117,117,128,128,154,165,165,180,214,227,227,325,375,386,686,368,243,243,243,25,25,107,107,118,136,59,59,59,59],"floor_reached":51,"playtime":1591,"items_purged":["Strike_G","Strike_G","Strike_G","Defend_G"],"score":736,"play_id":"46d85ae9-c7a7-491a-bdeb-4691305eedc2","local_time":"20181021182803","is_ascension_mode":false,"campfire_choices":[{"data":"Catalyst","floor":7.0,"key":"SMITH"},{"data":"Noxious Fumes","floor":12.0,"key":"SMITH"},{"data":"Deadly Poison","floor":15,"key":"SMITH"},{"data":"Well Laid Plans","floor":23,"key":"SMITH"},{"floor":28,"key":"REST"},{"data":"Wraith Form v2","floor":32,"key":"SMITH"},{"data":"Catalyst","floor":40,"key":"SMITH"},{"data":"Well Laid Plans","floor":42,"key":"SMITH"},{"data":"Footwork","floor":44,"key":"SMITH"},{"floor":49,"key":"REST"}],"neow_cost":"PERCENT_DAMAGE","seed_source_timestamp":36280945752484,"circlet_count":0,"master_deck":["Defend_G","Defend_G","Defend_G+1","Survivor","Neutralize","Deadly Poison+1","Catalyst+1","Noxious Fumes+1","Deadly Poison+1","Die Die Die+1","Malaise","Well Laid Plans+1","Footwork+1","Wraith Form v2+1","Noxious Fumes","Malaise","Noxious Fumes","Crippling Poison+1","Catalyst+1","Well Laid Plans+1","Burst","Leg Sweep","Apotheosis","Flash of Steel"],"special_seed":0,"relics":["Ring of the Snake","Girya","Velvet Choker","Regal Pillow","Incense Burner","Tiny House","War Paint","Bottled Flame"],"potions_floor_usage":[19,24,29,30,50,50,50],"damage_taken":[{"damage":0.0,"enemies":"Small Slimes","floor":1.0,"turns":3.0},{"damage":2.0,"enemies":"2 Louse","floor":2.0,"turns":3.0},{"damage":0.0,"enemies":"Jaw Worm","floor":4.0,"turns":3.0},{"damage":11.0,"enemies":"Exordium Wildlife","floor":6.0,"turns":6.0},{"damage":2.0,"enemies":"Blue Slaver","floor":8.0,"turns":4.0},{"damage":2.0,"enemies":"Looter","floor":11.0,"turns":2.0},{"damage":3,"enemies":"3 Louse","floor":14,"turns":6},{"damage":12,"enemies":"Hexaghost","floor":16,"turns":6},{"damage":1,"enemies":"Shell Parasite","floor":18,"turns":4},{"damage":0,"enemies":"Spheric Guardian","floor":19,"turns":2},{"damage":10,"enemies":"Shelled Parasite and Fungi","floor":20,"turns":5},{"damage":12,"enemies":"Centurion and Healer","floor":22,"turns":5},{"damage":1,"enemies":"Cultist and Chosen","floor":24,"turns":6},{"damage":10,"enemies":"Chosen and Byrds","floor":27,"turns":6},{"damage":5,"enemies":"Centurion and Healer","floor":29,"turns":5},{"damage":26,"enemies":"Slavers","floor":30,"turns":5},{"damage":2,"enemies":"Sentry and Sphere","floor":31,"turns":4},{"damage":0,"enemies":"Champ","floor":33,"turns":9},{"damage":4,"enemies":"3 Shapes","floor":35,"turns":6},{"damage":7,"enemies":"3 Darklings","floor":45,"turns":5},{"damage":5,"enemies":"Sphere and 2 Shapes","floor":46,"turns":3},{"damage":20,"enemies":"Donu and Deca","floor":50,"turns":6}],"seed_played":"-8813935754002689534","potions_obtained":[{"floor":4.0,"key":"Explosive Potion"},{"floor":8.0,"key":"Poison Potion"},{"floor":11.0,"key":"SteroidPotion"},{"floor":14,"key":"SkillPotion"},{"floor":16,"key":"Energy Potion"},{"floor":20,"key":"Ancient Potion"},{"floor":24,"key":"FearPotion"},{"floor":30,"key":"Poison Potion"},{"floor":33,"key":"FearPotion"},{"floor":34,"key":"Poison Potion"},{"floor":46,"key":"Dexterity Potion"}],"is_trial":false,"path_per_floor":["M","M","$","M","$","M","R","M","T","?","M","R","?","M","R","B",null,"M","M","M","$","M","R","M","?","T","M","R","M","E","M","R","B",null,"M","?","$","$","?","R","$","R","T","R","M","M","$","?","R","B"],"character_chosen":"THE_SILENT","items_purchased":["Deadly Poison","Noxious Fumes","Footwork","Catalyst","War Paint","Well Laid Plans","Leg Sweep"],"campfire_rested":2,"item_purchase_floors":[3,5,21,37,37,41,47],"current_hp_per_floor":[49,47,47,47,47,36,36,34,34,27,25,25,25,22,22,10,70,69,69,59,59,47,47,46,46,46,36,70,65,39,37,37,37,75,71,71,71,71,71,71,71,71,71,71,64,59,59,49,75,55],"gold":59,"neow_bonus":"REMOVE_TWO","is_prod":false,"is_daily":false,"chose_seed":false,"campfire_upgraded":8,"win_rate":0,"timestamp":1540117683,"path_taken":["M","M","$","M","$","M","R","M","T","?","M","R","?","M","R","BOSS","M","M","M","$","M","R","M","?","T","M","R","M","E","M","R","BOSS","M","?","?","$","?","R","$","R","T","R","M","M","$","?","R","BOSS"],"build_version":"2018-10-18","purchased_purges":4,"victory":true,"max_hp_per_floor":[70,70,70,70,70,70,70,70,70,70,70,70,70,70,70,70,70,70,70,70,70,70,70,70,70,70,70,70,70,70,70,70,70,75,75,75,75,75,75,75,75,75,75,75,75,75,75,75,75,75],"card_choices":[{"not_picked":["Outmaneuver","Bane","Flying Knee"],"picked":"SKIP","floor":1.0},{"not_picked":["Skewer","Cloak And Dagger","Blur"],"picked":"SKIP","floor":2.0},{"not_picked":["Bane","Prepared"],"picked":"Catalyst","floor":4.0},{"not_picked":["Sucker Punch","Slice"],"picked":"Deadly Poison","floor":6.0},{"not_picked":["Blade Dance","Poisoned Stab"],"picked":"Die Die Die","floor":8.0},{"not_picked":["Sucker Punch","Deadly Poison","Finisher"],"picked":"SKIP","floor":11.0},{"not_picked":["Eviscerate","Quick Slash","PiercingWail"],"picked":"SKIP","floor":14},{"not_picked":["Phantasmal Killer","Doppelganger"],"picked":"Malaise","floor":16},{"not_picked":["PiercingWail","Acrobatics+1","Dodge and Roll"],"picked":"SKIP","floor":18},{"not_picked":["Flechettes","Caltrops+1","Crippling Poison"],"picked":"SKIP","floor":19},{"not_picked":["Terror","Crippling Poison"],"picked":"Well Laid Plans","floor":20},{"not_picked":["Poisoned Stab","Expertise","Cloak And Dagger+1"],"picked":"SKIP","floor":22},{"not_picked":["Riddle With Holes","Accuracy","PiercingWail"],"picked":"SKIP","floor":24},{"not_picked":["Distraction","Prepared","Deadly Poison"],"picked":"SKIP","floor":27},{"not_picked":["Dodge and Roll","Distraction","Endless Agony+1"],"picked":"SKIP","floor":29},{"not_picked":["Dodge and Roll+1","PiercingWail"],"picked":"Wraith Form v2","floor":30},{"not_picked":["Prepared","Cloak And Dagger+1"],"picked":"Noxious Fumes","floor":31},{"not_picked":["Adrenaline","A Thousand Cuts"],"picked":"Malaise","floor":33},{"not_picked":["Deflect","Quick Slash"],"picked":"Noxious Fumes","floor":34},{"not_picked":["Sucker Punch+1","Dagger Spray"],"picked":"Crippling Poison+1","floor":35},{"not_picked":["Flying Knee+1","Eviscerate+1","Calculated Gamble"],"picked":"SKIP","floor":45},{"not_picked":["Dagger Throw","Quick Slash+1"],"picked":"Burst","floor":46},{"not_picked":["Thinking Ahead","Forethought"],"picked":"Apotheosis","floor":48},{"not_picked":["Mind Blast","Panacea"],"picked":"Flash of Steel","floor":48}],"player_experience":466022,"relics_obtained":[{"floor":9.0,"key":"Girya"},{"floor":26,"key":"Regal Pillow"},{"floor":30,"key":"Incense Burner"},{"floor":43,"key":"Bottled Flame"}],"event_choices":[{"cards_removed":["Strike_G"],"damage_healed":0.0,"max_hp_gain":0.0,"max_hp_loss":0.0,"gold_gain":0.0,"event_name":"Golden Wing","player_choice":"Card Removal","floor":10.0,"gold_loss":0.0,"damage_taken":7.0},{"damage_healed":0,"gold_gain":0,"player_choice":"Fled","damage_taken":0,"max_hp_gain":0,"max_hp_loss":0,"event_name":"Scrap Ooze","floor":13,"gold_loss":0},{"damage_healed":0,"gold_gain":0,"player_choice":"Ignored","damage_taken":0,"max_hp_gain":0,"max_hp_loss":0,"event_name":"Vampires","floor":25,"gold_loss":0},{"damage_healed":0,"gold_gain":300,"player_choice":"Gold","damage_taken":0,"max_hp_gain":0,"max_hp_loss":0,"event_name":"Wheel of Change","floor":36,"gold_loss":0},{"damage_healed":0,"gold_gain":0,"player_choice":"Ignored","damage_taken":0,"max_hp_gain":0,"max_hp_loss":0,"event_name":"Mysterious Sphere","floor":39,"gold_loss":0},{"damage_healed":0,"gold_gain":0,"player_choice":"Memory 3","damage_taken":10,"max_hp_gain":0,"max_hp_loss":0,"event_name":"SensoryStone","floor":48,"gold_loss":0}],"is_beta":false,"boss_relics":[{"not_picked":["Runic Dome","Ring of the Serpent"],"picked":"Velvet Choker"},{"not_picked":["Black Star","Lizard Tail"],"picked":"Tiny House"}],"items_purged_floors":[21,37,38,41],"is_endless":false,"potions_floor_spawned":[4,8,11,14,16,20,24,30,33,35,46],"ascension_level":0}