{"gold_per_floor":[110,260,16,16,16,50,65,65,145,145,171,171,185,197,197,197],"floor_reached":16,"playtime":342,"items_purged":[],"score":265,"play_id":"7da437ab-3961-42dd-bb39-32c9767654a0","local_time":"20190324131940","is_ascension_mode":true,"campfire_choices":[{"data":"Bash","floor":10,"key":"SMITH"},{"data":"Inflame","floor":12,"key":"SMITH"},{"data":"True Grit","floor":15,"key":"SMITH"}],"neow_cost":"NONE","seed_source_timestamp":10204483107036,"circlet_count":0,"master_deck":["AscendersBane","Strike_R","Strike_R","Strike_R","Strike_R","Strike_R","Defend_R","Defend_R+1","Defend_R+1","Defend_R","Bash+1","Flex","True Grit+1","Shrug It Off","Inflame+1","Clash"],"relics":["Burning Blood","NeowsBlessing","Strange Spoon","Spirit Poop","PreservedInsect","Smiling Mask"],"potions_floor_usage":[11],"damage_taken":[{"damage":0,"enemies":"2 Louse","floor":1,"turns":1},{"damage":0,"enemies":"Gremlin Nob","floor":6,"turns":1},{"damage":0,"enemies":"Jaw Worm","floor":7,"turns":1},{"damage":17,"enemies":"Lagavulin","floor":11,"turns":6},{"damage":0,"enemies":"Cultist","floor":13,"turns":3},{"damage":0,"enemies":"Large Slime","floor":14,"turns":5},{"damage":65,"enemies":"The Guardian","floor":16,"turns":10}],"seed_played":"-4650486452313323302","potions_obtained":[{"floor":1,"key":"SteroidPotion"},{"floor":7,"key":"SpeedPotion"}],"is_trial":false,"path_per_floor":["M","?","$","?","?","E","M","$","T","R","E","R","M","M","R","B"],"character_chosen":"IRONCLAD","items_purchased":["Strange Spoon","True Grit"],"campfire_rested":0,"item_purchase_floors":[3,3],"current_hp_per_floor":[74,74,74,51,51,57,63,63,63,63,52,52,58,64,64,0],"gold":197,"neow_bonus":"THREE_ENEMY_KILL","is_prod":false,"is_daily":false,"chose_seed":false,"campfire_upgraded":3,"win_rate":0,"timestamp":1553404780,"path_taken":["M","?","$","?","?","E","?","$","T","R","E","R","M","M","R","BOSS"],"build_version":"2019-01-23","purchased_purges":0,"victory":false,"max_hp_per_floor":[75,75,75,75,75,75,75,75,75,75,75,75,75,75,75,75],"card_choices":[{"not_picked":["Fire Breathing","Burning Pact"],"picked":"Flex","floor":1},{"not_picked":["Warcry","Blood for Blood","Thunderclap"],"picked":"SKIP","floor":6},{"not_picked":["Flex","Perfected Strike"],"picked":"Shrug It Off","floor":7},{"not_picked":["Sentinel","Ghostly Armor"],"picked":"Inflame","floor":11},{"not_picked":["Twin Strike","Thunderclap","Flame Barrier"],"picked":"SKIP","floor":13},{"not_picked":["Twin Strike","Intimidate"],"picked":"Clash","floor":14}],"player_experience":3838272,"relics_obtained":[{"floor":6,"key":"PreservedInsect"},{"floor":11,"key":"Smiling Mask"}],"event_choices":[{"damage_healed":0,"gold_gain":150,"player_choice":"AGREE","damage_taken":0,"max_hp_gain":0,"max_hp_loss":0,"event_name":"Liars Game","floor":2,"gold_loss":0,"cards_obtained":["Doubt"]},{"damage_healed":0,"gold_gain":0,"player_choice":"Entered Light","damage_taken":23,"max_hp_gain":0,"max_hp_loss":0,"event_name":"Shining Light","floor":4,"gold_loss":0,"cards_upgraded":["Defend_R","Defend_R"]},{"cards_removed":["Doubt"],"damage_healed":0,"gold_gain":0,"player_choice":"Offered Curse","damage_taken":0,"relics_obtained":["Spirit Poop"],"max_hp_gain":0,"max_hp_loss":0,"event_name":"Bonfire Elementals","floor":5,"gold_loss":0}],"is_beta":false,"boss_relics":[],"items_purged_floors":[],"is_endless":false,"potions_floor_spawned":[1,7],"killed_by":"The Guardian","ascension_level":20}