{"gold_per_floor":[113,113,113,132,132,165,165,180,180,193,193,28,39,55,55,55],"floor_reached":16,"playtime":368,"items_purged":["Skim"],"score":254,"play_id":"684a40a2-5484-40ae-b471-41d0b856379c","local_time":"20181119174820","is_ascension_mode":true,"campfire_choices":[{"data":"Defend_B","floor":7.0,"key":"PURGE"},{"data":"Strike_B","floor":11.0,"key":"PURGE"},{"floor":15.0,"key":"REST"}],"neow_cost":"NONE","seed_source_timestamp":1666308917407066,"circlet_count":0,"master_deck":["AscendersBane","Strike_B","Defend_B","Defend_B","Defend_B","Zap","Dualcast","Meteor Strike","Defragment","Coolheaded+1","Double Energy+1","Turbo+1","Reinforced Body+1"],"special_seed":0,"relics":["Cracked Core","NeowsBlessing","Dodecahedron","Peace Pipe","Toxic Egg 2"],"potions_floor_usage":[],"damage_taken":[{"damage":0.0,"enemies":"Cultist","floor":1.0,"turns":1.0},{"damage":0.0,"enemies":"Jaw Worm","floor":4.0,"turns":1.0},{"damage":0.0,"enemies":"Lagavulin","floor":6.0,"turns":2.0},{"damage":4.0,"enemies":"Small Slimes","floor":8.0,"turns":3.0},{"damage":18.0,"enemies":"Exordium Wildlife","floor":10.0,"turns":3.0},{"damage":5.0,"enemies":"Blue Slaver","floor":13.0,"turns":5.0},{"damage":16.0,"enemies":"Large Slime","floor":14.0,"turns":5.0},{"damage":35,"enemies":"Slime Boss","floor":16,"turns":7}],"seed_played":"7314940344588957995","potions_obtained":[{"floor":4.0,"key":"PowerPotion"}],"is_trial":false,"path_per_floor":["M","?","?","M","?","E","R","M","T","M","R","$","M","M","R","B"],"character_chosen":"DEFECT","items_purchased":["Double Energy+1"],"campfire_rested":1,"item_purchase_floors":[12],"current_hp_per_floor":[64,64,64,64,59,59,59,55,55,37,37,37,32,16,37,2],"gold":55,"neow_bonus":"THREE_ENEMY_KILL","is_prod":false,"is_daily":false,"chose_seed":false,"campfire_upgraded":0,"win_rate":0,"timestamp":1542620900,"path_taken":["M","?","?","?","?","E","R","M","T","M","R","$","M","M","R","BOSS"],"build_version":"2018-11-15","purchased_purges":1,"victory":false,"max_hp_per_floor":[71,71,71,71,71,71,71,71,71,71,71,71,71,71,71,71],"card_choices":[{"not_picked":["Leap","Rebound","Go for the Eyes"],"picked":"SKIP","floor":1.0},{"not_picked":["Go for the Eyes","Compile Driver"],"picked":"Skim","floor":4.0},{"not_picked":["Beam Cell","Gash","Barrage"],"picked":"SKIP","floor":6.0},{"not_picked":["Reinforced Body","Tempest"],"picked":"Defragment","floor":8.0},{"not_picked":["Redo+1","Barrage"],"picked":"Coolheaded+1","floor":10.0},{"not_picked":["Recycle+1","Lockon"],"picked":"Turbo+1","floor":13.0},{"not_picked":["Aggregate+1","Conserve Battery+1"],"picked":"Reinforced Body+1","floor":14.0}],"player_experience":557938,"relics_obtained":[{"floor":6.0,"key":"Peace Pipe"},{"floor":9.0,"key":"Toxic Egg 2"}],"event_choices":[{"damage_healed":0.0,"max_hp_gain":0.0,"max_hp_loss":0.0,"gold_gain":0.0,"cards_transformed":["Strike_B"],"event_name":"Living Wall","player_choice":"Change","floor":2.0,"gold_loss":0.0,"damage_taken":0.0,"cards_obtained":["Meteor Strike"]},{"cards_removed":["Strike_B"],"damage_healed":0.0,"max_hp_gain":0.0,"max_hp_loss":0.0,"gold_gain":0.0,"event_name":"Bonfire Elementals","player_choice":"Offered Basic","floor":3.0,"gold_loss":0.0,"damage_taken":0.0},{"damage_healed":0.0,"max_hp_gain":0.0,"max_hp_loss":0.0,"gold_gain":0.0,"event_name":"Scrap Ooze","player_choice":"Success","floor":5.0,"gold_loss":0.0,"damage_taken":5.0,"relics_obtained":["Dodecahedron"]}],"is_beta":true,"boss_relics":[],"items_purged_floors":[12],"is_endless":false,"potions_floor_spawned":[4],"killed_by":"Slime Boss","ascension_level":20}