{"gold_per_floor":[118,193,205,45,57,57,89,89,114,148,148,148,48,48],"floor_reached":14,"playtime":373,"items_purged":["Strike_G","Strike_G"],"score":192,"play_id":"2dbb6632-5b2d-450c-8bfe-61f6d9aee6b1","local_time":"20190407080837","is_ascension_mode":true,"campfire_choices":[{"data":"Glass Knife","floor":6.0,"key":"SMITH"},{"data":"Envenom","floor":8.0,"key":"SMITH"}],"neow_cost":"TEN_PERCENT_HP_LOSS","seed_source_timestamp":10568833368530,"circlet_count":0,"master_deck":["AscendersBane","Defend_G","Defend_G","Defend_G","Defend_G","Defend_G","Strike_G","Strike_G","Strike_G","Survivor","Neutralize+1","Envenom+1","Finisher","Terror","Glass Knife+1","Tactician","Footwork","Masterful Stab"],"special_seed":0,"relics":["Ring of the Snake","Centennial Puzzle","Lantern","Ginger"],"potions_floor_usage":[14],"damage_taken":[{"damage":0.0,"enemies":"Small Slimes","floor":1.0,"turns":5.0},{"damage":0.0,"enemies":"2 Louse","floor":3.0,"turns":3.0},{"damage":2.0,"enemies":"Jaw Worm","floor":5.0,"turns":3.0},{"damage":35.0,"enemies":"3 Sentries","floor":7.0,"turns":11.0},{"damage":3.0,"enemies":"Gremlin Nob","floor":10.0,"turns":3.0},{"damage":13,"enemies":"3 Sentries","floor":14,"turns":5}],"seed_played":"-8131776144556551124","potions_obtained":[{"floor":7.0,"key":"Explosive Potion"}],"is_trial":false,"path_per_floor":["M","?","M","$","M","R","E","R","T","E","?","T","$","E"],"character_chosen":"THE_SILENT","items_purchased":["Glass Knife"],"campfire_rested":0,"item_purchase_floors":[4],"current_hp_per_floor":[59,48,48,48,46,46,11,11,11,8,8,8,8,0],"gold":48,"neow_bonus":"THREE_RARE_CARDS","is_prod":false,"is_daily":false,"chose_seed":false,"campfire_upgraded":2,"win_rate":0,"timestamp":1554595717,"path_taken":["M","?","M","$","M","R","E","R","T","E","?","?","?","E"],"build_version":"2019-01-23","purchased_purges":2,"victory":false,"max_hp_per_floor":[60,60,60,60,60,60,60,60,60,60,60,60,60,60],"card_choices":[{"not_picked":["Doppelganger","Phantasmal Killer"],"picked":"Envenom","floor":0.0},{"not_picked":["Poisoned Stab","Quick Slash"],"picked":"Finisher","floor":1.0},{"not_picked":["PiercingWail","Endless Agony"],"picked":"Terror","floor":3.0},{"not_picked":["Bane","Calculated Gamble"],"picked":"Tactician","floor":5.0},{"not_picked":["Deflect","Acrobatics"],"picked":"Footwork","floor":7.0},{"not_picked":["Bouncing Flask","Footwork"],"picked":"Masterful Stab","floor":10.0}],"player_experience":4110889,"relics_obtained":[{"floor":7.0,"key":"Centennial Puzzle"},{"floor":9.0,"key":"Lantern"},{"floor":10.0,"key":"Ginger"}],"event_choices":[{"damage_healed":0.0,"max_hp_gain":0.0,"max_hp_loss":0.0,"gold_gain":75.0,"event_name":"World of Goop","player_choice":"Gather Gold","floor":2.0,"gold_loss":0.0,"damage_taken":11.0},{"damage_healed":0.0,"max_hp_gain":0.0,"max_hp_loss":0.0,"gold_gain":0.0,"event_name":"Living Wall","player_choice":"Grow","floor":11.0,"gold_loss":0.0,"damage_taken":0.0,"cards_upgraded":["Neutralize"]}],"is_beta":false,"boss_relics":[],"items_purged_floors":[4,13],"is_endless":false,"potions_floor_spawned":[7],"killed_by":"3 Sentries","ascension_level":20}