{"path_per_floor":["M","?","?","?","M","R","$","M","T","R","M","M","R","M","R","B",null,"M","?","?","M","M","R","E","R","T","M","?","$","?","?","R","B",null,"M","$","?","?","?","E","R"],"character_chosen":"THE_SILENT","items_purchased":["Accuracy","Kunai"],"gold_per_floor":[118,118,118,118,128,128,50,64,64,64,74,94,94,108,108,213,213,231,231,131,149,160,160,186,186,186,200,300,38,38,38,38,141,141,158,83,136,136,0,28,28,28],"floor_reached":42,"campfire_rested":3,"playtime":2794,"current_hp_per_floor":[70,70,45,38,43,43,43,43,43,43,39,39,39,39,39,36,70,67,67,67,53,42,42,10,31,31,18,18,18,18,18,39,8,70,63,63,63,63,63,12,43,0],"items_purged":["Decay"],"gold":28,"score":432,"play_id":"7763ade0-ca24-47fd-a936-4acfe1697d71","local_time":"20180328170349","is_prod":false,"is_daily":false,"is_ascension_mode":false,"campfire_upgraded":5,"timestamp":1522249429,"path_taken":["M","?","?","?","?","R","$","M","T","R","M","M","R","M","R","BOSS","M","?","?","?","M","R","E","R","T","M","?","?","?","?","R","BOSS","M","$","?","?","?","E","R","M"],"build_version":"2018-03-22v2","purchased_purges":1,"victory":false,"master_deck":["Survivor","Neutralize","Cloak And Dagger","Cloak And Dagger","PiercingWail","Footwork+1","Dodge and Roll","Dodge and Roll","Slice","Acrobatics","Backflip","Footwork+1","Accuracy+1","Predator","Leg Sweep+1","Venomology","Night Terror","Blade Dance+1","J.A.X.","Dash","Setup+1","Prepared+1","Noxious Fumes+1","Die Die Die","Concentrate+1","Blade Dance+1"],"max_hp_per_floor":[70,70,70,70,70,70,70,70,70,70,70,70,70,70,70,70,70,70,70,70,70,70,70,70,70,70,70,70,70,70,70,70,70,70,70,70,70,70,70,70,70,70],"relics":["Pandora\u0027s Box","Oddly Smooth Stone","Pen Nib","Sozu","Juzu Bracelet","Dead Branch","Kunai","Eternal Feather","Peace Pipe","Red Mask","Pantograph"],"card_choices":[{"not_picked":["Quick Slash","Dodge and Roll"],"picked":"Backflip","floor":1.0},{"not_picked":["Prepared","Concentrate"],"picked":"Footwork","floor":5.0},{"not_picked":["Blade Dance","Poisoned Stab"],"picked":"Predator","floor":8.0},{"not_picked":["Deadly Poison","Flying Knee"],"picked":"Leg Sweep","floor":12.0},{"not_picked":["Skewer","Reflex"],"picked":"Venomology","floor":14.0},{"not_picked":["Envenom","Bullet Time"],"picked":"Night Terror","floor":16.0},{"not_picked":["Flying Knee","Quick Slash"],"picked":"Dash","floor":21.0},{"not_picked":["Leg Sweep","Outmaneuver"],"picked":"Setup","floor":22.0},{"not_picked":["Outmaneuver","Dash"],"picked":"Prepared","floor":24.0},{"not_picked":["Reflex","Deadly Poison"],"picked":"Noxious Fumes","floor":27.0},{"not_picked":["Glass Knife","Night Terror"],"picked":"Die Die Die","floor":33},{"not_picked":["Quick Slash","Poisoned Stab"],"picked":"Concentrate","floor":35},{"not_picked":["Sucker Punch","Calculated Gamble"],"picked":"Blade Dance","floor":37}],"player_experience":200860,"potions_floor_usage":[],"damage_taken":[{"damage":0.0,"enemies":"Jaw Worm","floor":1.0,"turns":5.0},{"damage":4.0,"enemies":"Cultist","floor":5.0,"turns":4.0},{"damage":0.0,"enemies":"Small Slimes","floor":8.0,"turns":5.0},{"damage":4.0,"enemies":"Blue Slaver","floor":11.0,"turns":4.0},{"damage":0.0,"enemies":"Large Slime","floor":12.0,"turns":4.0},{"damage":0.0,"enemies":"2 Fungi Beasts","floor":14.0,"turns":4.0},{"damage":3.0,"enemies":"Hexaghost","floor":16.0,"turns":19.0},{"damage":3.0,"enemies":"Shell Parasite","floor":18.0,"turns":6.0},{"damage":14.0,"enemies":"2 Thieves","floor":21.0,"turns":5.0},{"damage":11.0,"enemies":"Cultist and Chosen","floor":22.0,"turns":8.0},{"damage":32.0,"enemies":"Slavers","floor":24.0,"turns":10.0},{"damage":13.0,"enemies":"Snake Plant","floor":27.0,"turns":4.0},{"damage":31,"enemies":"Automaton","floor":33,"turns":8},{"damage":7,"enemies":"Orb Walker","floor":35,"turns":5},{"damage":0,"enemies":"Mysterious Sphere","floor":37,"turns":6},{"damage":51,"enemies":"2 Orb Walkers","floor":40,"turns":7},{"damage":48,"enemies":"3 Darklings","floor":42,"turns":4}],"event_choices":[{"event_name":"The Lab","player_choice":"Got Potions","floor":2.0,"damage_taken":0.0},{"event_name":"Scrap Ooze","player_choice":"success","floor":3.0,"damage_taken":25.0},{"event_name":"Golden Wing","player_choice":"Card Removal","floor":4.0,"damage_taken":0.0},{"event_name":"The Library","player_choice":"Read","floor":19.0,"damage_taken":0.0},{"event_name":"Drug Dealer","player_choice":"Got JAXXED","floor":20.0,"damage_taken":0.0},{"event_name":"Golden Shrine","player_choice":"Pray","floor":28.0,"damage_taken":0.0},{"event_name":"Beggar","player_choice":"Ignored","floor":30.0,"damage_taken":0.0},{"event_name":"Forgotten Altar","player_choice":"Smashed Altar","floor":31.0,"damage_taken":0.0},{"event_name":"Mysterious Sphere","player_choice":"Fight","floor":37,"damage_taken":0},{"event_name":"Tomb of Lord Red Mask","player_choice":"Paid","floor":39,"damage_taken":0}],"boss_relics":[{"not_picked":["Snecko Eye","The Specimen"],"picked":"Eternal Feather"}],"potions_floor_spawned":[14,16,24,27,33,40],"seed_played":"-4459632470265529555","killed_by":"3 Darklings","ascension_level":0,"is_trial":false}