{"gold_per_floor":[14,14,24,36,36,36,36,36,36,36,36,36,51,76,76,169,169,189,189,35,53,53,53,66,66,90,113,13,27,27,27,27,27],"floor_reached":33,"playtime":1035,"items_purged":["Defend_G","Strike_G"],"score":470,"play_id":"cd8136cb-9acc-4b57-a239-728c7211ac03","local_time":"20181227161207","is_ascension_mode":true,"campfire_choices":[{"data":"Well Laid Plans","floor":6,"key":"SMITH"},{"data":"Neutralize","floor":12,"key":"SMITH"},{"data":"Footwork","floor":15,"key":"SMITH"},{"data":"Noxious Fumes","floor":23,"key":"SMITH"},{"data":"Footwork","floor":25,"key":"SMITH"},{"data":"Caltrops","floor":32,"key":"SMITH"}],"neow_cost":"NO_GOLD","seed_source_timestamp":15318965923270,"circlet_count":0,"master_deck":["AscendersBane","Strike_G+1","Survivor","Neutralize+1","Caltrops+1","Die Die Die+1","Well Laid Plans+1","Footwork+1","Malaise","Adrenaline","Footwork+1","Noxious Fumes+1","Glass Knife","Backflip"],"special_seed":0,"relics":["Ring of the Snake","Golden Idol","WristBlade","PreservedInsect"],"potions_floor_usage":[16,21,21],"damage_taken":[{"damage":2.0,"enemies":"Jaw Worm","floor":1.0,"turns":6.0},{"damage":1.0,"enemies":"Cultist","floor":3.0,"turns":4.0},{"damage":0.0,"enemies":"2 Louse","floor":4.0,"turns":1.0},{"damage":0,"enemies":"Looter","floor":13,"turns":3},{"damage":1,"enemies":"Large Slime","floor":14,"turns":6},{"damage":24,"enemies":"The Guardian","floor":16,"turns":14},{"damage":0,"enemies":"Shell Parasite","floor":18,"turns":8},{"damage":3,"enemies":"2 Thieves","floor":21,"turns":4},{"damage":2,"enemies":"Centurion and Healer","floor":24,"turns":11},{"damage":12,"enemies":"Cultist and Chosen","floor":27,"turns":6},{"damage":11,"enemies":"Snecko","floor":29,"turns":7},{"damage":2,"enemies":"Champ","floor":33,"turns":7}],"seed_played":"7447630823441130090","potions_obtained":[{"floor":1.0,"key":"SpeedPotion"},{"floor":3.0,"key":"SkillPotion"},{"floor":16,"key":"Fruit Juice"},{"floor":18,"key":"FearPotion"},{"floor":21,"key":"GamblersBrew"},{"floor":29,"key":"EntropicBrew"}],"is_trial":false,"path_per_floor":["M","?","M","M","?","R","?","?","T","$","?","R","M","M","R","B",null,"M","?","$","M","?","R","M","R","T","M","$","M","?","$","R","B"],"character_chosen":"THE_SILENT","items_purchased":["Footwork"],"campfire_rested":0,"item_purchase_floors":[20],"current_hp_per_floor":[57,57,56,56,56,56,49,29,29,29,29,29,29,28,28,9,51,51,51,51,48,48,48,46,46,46,34,34,23,23,23,23,21],"gold":27,"neow_bonus":"REMOVE_TWO","is_prod":false,"is_daily":false,"chose_seed":false,"campfire_upgraded":6,"win_rate":0,"timestamp":1545898327,"path_taken":["M","?","M","?","?","R","?","?","T","?","?","R","M","M","R","BOSS","M","?","$","M","?","R","M","R","T","M","$","M","?","?","R","BOSS"],"build_version":"2018-12-20","purchased_purges":2,"victory":false,"max_hp_per_floor":[66,66,66,66,66,66,66,66,66,66,60,60,60,60,60,65,65,65,65,65,65,65,65,65,65,65,65,65,65,65,65,65,65],"card_choices":[{"not_picked":["Backflip","Dagger Throw"],"picked":"Caltrops","floor":1.0},{"not_picked":["Quick Slash","Dagger Throw","Sucker Punch"],"picked":"SKIP","floor":3.0},{"not_picked":["Deflect","Acrobatics"],"picked":"Well Laid Plans","floor":4.0},{"not_picked":["Blade Dance","Deflect"],"picked":"Footwork","floor":13},{"not_picked":["Finisher","Prepared"],"picked":"Malaise","floor":14},{"not_picked":["Tools of the Trade","Burst"],"picked":"Adrenaline","floor":16},{"not_picked":["Eviscerate","Sucker Punch+1","Quick Slash"],"picked":"SKIP","floor":18},{"not_picked":["Sucker Punch+1","Dagger Throw"],"picked":"Noxious Fumes","floor":21},{"not_picked":["Expertise","Slice","Accuracy"],"picked":"SKIP","floor":24},{"not_picked":["Poisoned Stab","Flechettes+1","Predator"],"picked":"SKIP","floor":27},{"not_picked":["Underhanded Strike","Dagger Spray","Cloak And Dagger"],"picked":"SKIP","floor":29}],"player_experience":1522566,"relics_obtained":[{"floor":26,"key":"PreservedInsect"}],"event_choices":[{"damage_healed":0.0,"max_hp_gain":0.0,"max_hp_loss":0.0,"gold_gain":0.0,"cards_transformed":["Strike_G"],"event_name":"Transmorgrifier","player_choice":"Transformed","floor":2.0,"gold_loss":0.0,"damage_taken":0.0,"cards_obtained":["Die Die Die"]},{"cards_removed":["Defend_G"],"damage_healed":0,"gold_gain":0,"player_choice":"Forget","damage_taken":0,"max_hp_gain":0,"max_hp_loss":0,"event_name":"Living Wall","floor":5,"gold_loss":0},{"cards_removed":["Strike_G"],"damage_healed":0,"gold_gain":0,"player_choice":"Card Removal","damage_taken":7,"max_hp_gain":0,"max_hp_loss":0,"event_name":"Golden Wing","floor":7,"gold_loss":0},{"damage_healed":0,"gold_gain":0,"player_choice":"Entered Light","damage_taken":20,"max_hp_gain":0,"max_hp_loss":0,"event_name":"Shining Light","floor":8,"gold_loss":0,"cards_upgraded":["Die Die Die","Strike_G"]},{"damage_healed":0,"gold_gain":0,"player_choice":"Lose Max HP","damage_taken":0,"relics_obtained":["Golden Idol"],"max_hp_gain":0,"max_hp_loss":6,"event_name":"Golden Idol","floor":11,"gold_loss":0},{"damage_healed":0,"gold_gain":0,"player_choice":"Ignored","damage_taken":0,"max_hp_gain":0,"max_hp_loss":0,"event_name":"Vampires","floor":19,"gold_loss":0},{"damage_healed":0,"gold_gain":0,"player_choice":"Ignored","damage_taken":0,"max_hp_gain":0,"max_hp_loss":0,"event_name":"Cursed Tome","floor":22,"gold_loss":0},{"damage_healed":0,"gold_gain":0,"cards_transformed":["Defend_G","Defend_G"],"player_choice":"Became Test Subject","damage_taken":0,"max_hp_gain":0,"max_hp_loss":0,"event_name":"Drug Dealer","floor":30,"gold_loss":0,"cards_obtained":["Glass Knife","Backflip"]}],"is_beta":false,"boss_relics":[{"not_picked":["Snecko Eye","Black Star"],"picked":"WristBlade"}],"items_purged_floors":[20,28],"is_endless":false,"potions_floor_spawned":[1,3,16,18,21,29],"killed_by":"Champ","ascension_level":20}