{"gold_per_floor":[119,119,119,12,22,41,41,41,68,84,84,34,34,62,62,165,165,176,176,176,275,292,292,327,327,351,351,361,361,461,477,477,577,577,597,597,401,411,411,411,421,421,421,432,432,0,0,0,0,0],"floor_reached":51,"playtime":2485,"items_purged":["Defend_B"],"score":759,"play_id":"fea92d25-6ff0-4e7d-8893-101a6871ed96","local_time":"20190618103722","is_ascension_mode":false,"campfire_choices":[{"data":"Rip and Tear","floor":7.0,"key":"SMITH"},{"data":"Dualcast","floor":11.0,"key":"SMITH"},{"data":"Go for the Eyes","floor":15.0,"key":"SMITH"},{"data":"Doom and Gloom","floor":23,"key":"SMITH"},{"data":"Redo","floor":25,"key":"SMITH"},{"data":"Zap","floor":29,"key":"SMITH"},{"data":"Darkness","floor":32,"key":"SMITH"},{"data":"Recycle","floor":40,"key":"SMITH"},{"data":"Machine Learning","floor":42,"key":"SMITH"},{"data":"Doom and Gloom+1","floor":45,"key":"PURGE"},{"data":"Ball Lightning","floor":49,"key":"PURGE"}],"neow_cost":"TEN_PERCENT_HP_LOSS","seed_source_timestamp":0,"circlet_count":0,"master_deck":["Zap+1","Dualcast+1","Go for the Eyes+1","Genetic Algorithm","Rip and Tear+1","Self Repair","Machine Learning+1","Seek+1","Redo+1","Hologram+1","Darkness+1","Core Surge","Defragment+1","Recycle+1","Undo+1","Capacitor+1"],"special_seed":0,"relics":["Cracked Core","Mercury Hourglass","Smiling Mask","Juzu Bracelet","Nuclear Battery","Boot","Omamori","Gambling Chip","Blue Candle","Empty Cage","DataDisk","Peace Pipe","Red Mask"],"potions_floor_usage":[30,50,50],"damage_taken":[{"damage":1.0,"enemies":"Jaw Worm","floor":1.0,"turns":3.0},{"damage":0.0,"enemies":"2 Louse","floor":5.0,"turns":1.0},{"damage":2.0,"enemies":"Small Slimes","floor":6.0,"turns":2.0},{"damage":0.0,"enemies":"Gremlin Gang","floor":10.0,"turns":2.0},{"damage":28.0,"enemies":"Gremlin Nob","floor":14.0,"turns":4.0},{"damage":21.0,"enemies":"Hexaghost","floor":16.0,"turns":7.0},{"damage":0.0,"enemies":"Spheric Guardian","floor":18.0,"turns":3.0},{"damage":0.0,"enemies":"Chosen","floor":22.0,"turns":4.0},{"damage":32,"enemies":"Slavers","floor":24,"turns":4},{"damage":3,"enemies":"Snake Plant","floor":28,"turns":3},{"damage":1,"enemies":"Colosseum Slavers","floor":30,"turns":3},{"damage":2,"enemies":"Colosseum Nobs","floor":30,"turns":3},{"damage":0,"enemies":"Snecko","floor":31,"turns":3},{"damage":41,"enemies":"Collector","floor":33,"turns":6},{"damage":6,"enemies":"3 Darklings","floor":35,"turns":4},{"damage":0,"enemies":"3 Shapes","floor":38,"turns":4},{"damage":0,"enemies":"Transient","floor":41,"turns":5},{"damage":16,"enemies":"Writhing Mass","floor":44,"turns":4},{"damage":3,"enemies":"Time Eater","floor":50,"turns":8}],"seed_played":"-4633912786762677597","potions_obtained":[{"floor":10.0,"key":"FocusPotion"},{"floor":18.0,"key":"SkillPotion"},{"floor":28,"key":"LiquidBronze"},{"floor":31,"key":"Ancient Potion"}],"is_trial":false,"path_per_floor":["M","?","T","$","M","M","R","$","T","M","R","?","$","E","R","B",null,"M","?","?","?","M","R","E","R","T","?","M","R","?","M","R","B",null,"M","?","$","M","?","R","M","R","T","M","R","?","?","?","R","B",null],"character_chosen":"DEFECT","items_purchased":["Rip and Tear","Self Repair","DataDisk"],"campfire_rested":0,"item_purchase_floors":[4,4,37],"current_hp_per_floor":[67,67,67,67,67,68,68,68,68,68,68,68,68,47,47,33,68,68,68,68,68,68,68,43,43,43,31,35,35,46,53,53,19,73,73,73,73,73,73,73,73,73,73,64,64,64,64,73,73,73],"gold":0,"neow_bonus":"REMOVE_TWO","is_prod":false,"is_daily":false,"chose_seed":false,"campfire_upgraded":9,"win_rate":0,"timestamp":1560825442,"path_taken":["M","?","?","$","M","M","R","$","T","M","R","?","$","E","R","BOSS","M","?","?","?","M","R","E","R","T","?","M","R","?","M","R","BOSS","M","?","$","M","?","R","M","R","T","M","R","?","?","?","R","BOSS"],"build_version":"2019-01-23","purchased_purges":1,"victory":true,"max_hp_per_floor":[68,68,68,68,68,68,68,68,68,68,68,68,68,68,68,68,68,68,68,68,68,68,68,68,68,68,73,73,73,73,73,73,73,73,73,73,73,73,73,73,73,73,73,73,73,73,73,73,73,73],"card_choices":[{"not_picked":["Sweeping Beam","Stack"],"picked":"Go for the Eyes","floor":1.0},{"not_picked":["Barrage","Rebound"],"picked":"Ball Lightning","floor":5.0},{"not_picked":["Steam","Hello World","Compile Driver"],"picked":"SKIP","floor":6.0},{"not_picked":["Doom and Gloom","Sweeping Beam","Stack"],"picked":"SKIP","floor":10.0},{"not_picked":["Redo","Ball Lightning"],"picked":"Machine Learning","floor":14.0},{"not_picked":["Creative AI","All For One"],"picked":"Seek","floor":16.0},{"not_picked":["Leap+1","Gash","Tempest"],"picked":"SKIP","floor":18.0},{"not_picked":["Stack","Scrape","Storm"],"picked":"SKIP","floor":22.0},{"not_picked":["Stack","Scrape","Storm"],"picked":"SKIP","floor":22.0},{"not_picked":["Steam Power","Scrape+1","Sweeping Beam"],"picked":"SKIP","floor":24},{"not_picked":["Go for the Eyes","Scrape","Redo"],"picked":"SKIP","floor":28},{"not_picked":["Gash+1","Scrape+1"],"picked":"Hologram+1","floor":30},{"not_picked":["Leap","Capacitor"],"picked":"Darkness","floor":31},{"not_picked":["All For One","Seek"],"picked":"Core Surge","floor":33},{"not_picked":["Beam Cell+1","Reinforced Body+1"],"picked":"Defragment+1","floor":35},{"not_picked":["Static Discharge","Sweeping Beam"],"picked":"Recycle","floor":38},{"not_picked":["Storm+1","Compile Driver"],"picked":"Undo+1","floor":41},{"not_picked":["Streamline","Stack+1"],"picked":"Capacitor+1","floor":44}],"player_experience":5383381,"relics_obtained":[{"floor":3.0,"key":"Mercury Hourglass"},{"floor":9.0,"key":"Smiling Mask"},{"floor":14.0,"key":"Juzu Bracelet"},{"floor":24,"key":"Boot"},{"floor":26,"key":"Omamori"},{"floor":30,"key":"Gambling Chip"},{"floor":30,"key":"Blue Candle"},{"floor":43,"key":"Peace Pipe"}],"event_choices":[{"damage_healed":0.0,"max_hp_gain":0.0,"max_hp_loss":0.0,"gold_gain":0.0,"cards_transformed":["Strike_B"],"event_name":"Living Wall","player_choice":"Change","floor":2.0,"gold_loss":0.0,"damage_taken":0.0,"cards_obtained":["Genetic Algorithm"]},{"cards_removed":["Strike_B"],"damage_healed":0.0,"max_hp_gain":0.0,"max_hp_loss":0.0,"gold_gain":0.0,"event_name":"The Cleric","player_choice":"Card Removal","floor":12.0,"gold_loss":50.0,"damage_taken":0.0},{"damage_healed":0.0,"max_hp_gain":0.0,"max_hp_loss":0.0,"gold_gain":0.0,"event_name":"Match and Keep!","player_choice":"1 cards matched","floor":19.0,"gold_loss":0.0,"damage_taken":0.0,"cards_obtained":["Redo"]},{"damage_healed":0.0,"max_hp_gain":0.0,"max_hp_loss":0.0,"gold_gain":0.0,"event_name":"The Library","player_choice":"Read","floor":20.0,"gold_loss":0.0,"damage_taken":0.0,"cards_obtained":["Doom and Gloom"]},{"damage_healed":0.0,"max_hp_gain":0.0,"max_hp_loss":0.0,"gold_gain":99.0,"event_name":"Nest","player_choice":"Stole From Cult","floor":21.0,"gold_loss":0.0,"damage_taken":0.0},{"damage_healed":0,"gold_gain":0,"player_choice":"Shed Blood","damage_taken":17,"max_hp_gain":5,"max_hp_loss":0,"event_name":"Forgotten Altar","floor":27,"gold_loss":0},{"damage_healed":0,"gold_gain":0,"player_choice":"Fight","damage_taken":0,"max_hp_gain":0,"max_hp_loss":0,"event_name":"Colosseum","floor":30,"gold_loss":0},{"damage_healed":0,"gold_gain":0,"player_choice":"Fought Nobs","damage_taken":0,"max_hp_gain":0,"max_hp_loss":0,"event_name":"Colosseum","floor":30,"gold_loss":0},{"damage_healed":0,"gold_gain":0,"player_choice":"Upgraded","damage_taken":0,"max_hp_gain":0,"max_hp_loss":0,"event_name":"Upgrade Shrine","floor":36,"gold_loss":0,"cards_upgraded":["Seek"]},{"cards_removed":["Defend_B"],"damage_healed":0,"gold_gain":0,"player_choice":"Removed Skill","damage_taken":0,"max_hp_gain":0,"max_hp_loss":0,"event_name":"Falling","floor":39,"gold_loss":0},{"damage_healed":0,"gold_gain":0,"player_choice":"Paid","damage_taken":0,"relics_obtained":["Red Mask"],"max_hp_gain":0,"max_hp_loss":0,"event_name":"Tomb of Lord Red Mask","floor":46,"gold_loss":432},{"damage_healed":0,"gold_gain":0,"player_choice":"Ignored","damage_taken":0,"max_hp_gain":0,"max_hp_loss":0,"event_name":"Mysterious Sphere","floor":47,"gold_loss":0},{"damage_healed":9,"gold_gain":0,"player_choice":"Heal","damage_taken":0,"max_hp_gain":0,"max_hp_loss":0,"event_name":"MindBloom","floor":48,"gold_loss":0,"cards_obtained":["Doubt"]}],"is_beta":false,"boss_relics":[{"not_picked":["Ectoplasm","White Beast Statue"],"picked":"Nuclear Battery"},{"not_picked":["Philosopher\u0027s Stone","Inserter"],"picked":"Empty Cage"}],"items_purged_floors":[37],"is_endless":false,"potions_floor_spawned":[10,18,28,31,38],"ascension_level":0}