{"gold_per_floor":[20,34,34,34,34,46,77,89,101,142,154,166,195,224,236,248],"floor_reached":16,"playtime":584,"items_purged":[],"score":175,"play_id":"c51bdf8c-bf28-459a-84c2-42fa91d5e28a","local_time":"20190215232618","is_ascension_mode":true,"campfire_choices":[{"data":"Neutralize","floor":6,"key":"SMITH"},{"data":"Calculated Gamble","floor":8,"key":"SMITH"},{"data":"Dash","floor":15,"key":"SMITH"}],"neow_cost":"NO_GOLD","seed_source_timestamp":274521583730345,"circlet_count":0,"master_deck":["AscendersBane","Defend_G","Defend_G","Defend_G","Defend_G","Defend_G","Strike_G","Strike_G","Survivor","Neutralize+1","Burst","Dash+1","Calculated Gamble+1","Acrobatics","After Image","Footwork"],"relics":["Ring of the Snake","Anchor","MawBank","Molten Egg 2","Pear","The Courier"],"potions_floor_usage":[13,16],"damage_taken":[{"damage":7,"enemies":"Jaw Worm","floor":1,"turns":7},{"damage":0,"enemies":"Cultist","floor":2,"turns":5},{"damage":0,"enemies":"2 Louse","floor":7,"turns":2},{"damage":24,"enemies":"3 Sentries","floor":10,"turns":16},{"damage":0,"enemies":"Large Slime","floor":13,"turns":7},{"damage":0,"enemies":"Blue Slaver","floor":14,"turns":4},{"damage":3,"enemies":"Hexaghost","floor":16,"turns":9}],"seed_played":"-5118245127768064064","potions_obtained":[{"floor":7,"key":"Poison Potion"},{"floor":10,"key":"SkillPotion"}],"is_trial":false,"path_per_floor":["M","M","?","$","T","R","M","R","T","E","?","?","M","M","R","B"],"character_chosen":"THE_SILENT","items_purchased":[],"campfire_rested":0,"item_purchase_floors":[],"current_hp_per_floor":[52,52,52,52,52,52,52,52,52,38,3,3,3,3,3,0],"gold":248,"neow_bonus":"TRANSFORM_TWO_CARDS","is_prod":false,"is_daily":false,"chose_seed":false,"campfire_upgraded":3,"win_rate":0,"timestamp":1550244378,"path_taken":["M","M","?","$","?","R","M","R","T","E","?","?","?","M","R","BOSS"],"build_version":"2019-01-23","purchased_purges":0,"victory":false,"max_hp_per_floor":[66,66,66,66,66,66,66,66,66,76,76,76,76,76,76,76],"card_choices":[{"not_picked":["Acrobatics","PiercingWail"],"picked":"Dash","floor":1},{"not_picked":["Deflect","Flying Knee","Leg Sweep"],"picked":"SKIP","floor":2},{"not_picked":["Heel Hook","Setup"],"picked":"Calculated Gamble","floor":7},{"not_picked":["Caltrops","Endless Agony+1"],"picked":"Acrobatics","floor":10},{"not_picked":["Flying Knee+1","Deflect","Outmaneuver"],"picked":"SKIP","floor":13},{"not_picked":["Bullet Time","Slice+1"],"picked":"Footwork","floor":14}],"player_experience":770526,"relics_obtained":[{"floor":5,"key":"MawBank"},{"floor":9,"key":"Molten Egg 2"},{"floor":10,"key":"Pear"}],"event_choices":[{"cards_removed":["Leg Sweep"],"damage_healed":0,"gold_gain":0,"player_choice":"Gave Card","damage_taken":0,"relics_obtained":["Anchor"],"max_hp_gain":0,"max_hp_loss":0,"event_name":"WeMeetAgain","floor":3,"gold_loss":0},{"damage_healed":0,"gold_gain":0,"player_choice":"Success","damage_taken":35,"relics_obtained":["The Courier"],"max_hp_gain":0,"max_hp_loss":0,"event_name":"Scrap Ooze","floor":11,"gold_loss":0},{"damage_healed":0,"gold_gain":0,"cards_transformed":["Strike_G"],"player_choice":"Change","damage_taken":0,"max_hp_gain":0,"max_hp_loss":0,"event_name":"Living Wall","floor":12,"gold_loss":0,"cards_obtained":["After Image"]}],"is_beta":false,"boss_relics":[],"items_purged_floors":[],"is_endless":false,"potions_floor_spawned":[7,10],"killed_by":"Hexaghost","ascension_level":15}