{"gold_per_floor":[119,95,114,132,142,142,156,156,156,156,184,214,231,257,257,257],"floor_reached":16,"playtime":1478,"items_purged":[],"score":117,"play_id":"8210aa6b-de1d-4190-b79e-13503dd3f03f","local_time":"20190801221610","is_ascension_mode":false,"campfire_choices":[{"floor":6.0,"key":"REST"},{"floor":8.0,"key":"REST"},{"data":"Thunderclap","floor":10,"key":"SMITH"},{"data":"Bash","floor":15,"key":"SMITH"}],"neow_cost":"PERCENT_DAMAGE","seed_source_timestamp":0,"circlet_count":0,"master_deck":["Strike_R","Strike_R","Strike_R","Strike_R","Strike_R","Defend_R","Defend_R","Defend_R","Defend_R","Bash+1","Cleave","Thunderclap+1","Second Wind","Blood for Blood","Sword Boomerang","Armaments","Entrench","Hemokinesis"],"special_seed":0,"relics":["Burning Blood","Darkstone Periapt","Odd Mushroom","Ancient Tea Set"],"potions_floor_usage":[],"damage_taken":[{"damage":13.0,"enemies":"2 Louse","floor":1.0,"turns":3.0},{"damage":20.0,"enemies":"Jaw Worm","floor":3.0,"turns":4.0},{"damage":5.0,"enemies":"Small Slimes","floor":4.0,"turns":3.0},{"damage":10.0,"enemies":"Looter","floor":5.0,"turns":3.0},{"damage":9.0,"enemies":"Exordium Wildlife","floor":7.0,"turns":4.0},{"damage":14,"enemies":"The Mushroom Lair","floor":11,"turns":4},{"damage":9,"enemies":"Blue Slaver","floor":13,"turns":5},{"damage":87,"enemies":"Hexaghost","floor":16,"turns":10}],"seed_played":"6010332907325225608","potions_obtained":[{"floor":3.0,"key":"SkillPotion"},{"floor":11,"key":"Explosive Potion"},{"floor":13,"key":"Strength Potion"}],"is_trial":false,"path_per_floor":["M","$","M","M","M","R","M","R","T","R","?","?","M","T","R","B"],"character_chosen":"IRONCLAD","items_purchased":["Thunderclap"],"campfire_rested":2,"item_purchase_floors":[2],"current_hp_per_floor":[65,65,51,52,48,76,73,96,96,96,88,88,85,85,85,0],"gold":257,"neow_bonus":"TWENTY_PERCENT_HP_BONUS","is_prod":false,"is_daily":false,"chose_seed":false,"campfire_upgraded":2,"win_rate":0.0,"timestamp":1564719370,"path_taken":["M","$","M","M","M","R","M","R","T","R","?","?","M","?","R","BOSS"],"build_version":"2019-07-17","purchased_purges":0,"victory":false,"max_hp_per_floor":[96,96,96,96,96,96,96,96,96,96,96,96,96,96,96,96],"card_choices":[{"not_picked":["Entrench","Flex"],"picked":"Cleave","floor":1.0},{"not_picked":["Burning Pact","Cleave"],"picked":"Second Wind","floor":3.0},{"not_picked":["Rupture","Thunderclap"],"picked":"Blood for Blood","floor":4.0},{"not_picked":["Cleave","Shrug It Off"],"picked":"Sword Boomerang","floor":5.0},{"not_picked":["Sword Boomerang","Battle Trance"],"picked":"Armaments","floor":7.0},{"not_picked":["Body Slam","Pummel"],"picked":"Entrench","floor":11},{"not_picked":["Whirlwind","Searing Blow"],"picked":"Hemokinesis","floor":13}],"player_experience":1402,"relics_obtained":[{"floor":9,"key":"Darkstone Periapt"},{"floor":11,"key":"Odd Mushroom"},{"floor":14,"key":"Ancient Tea Set"}],"event_choices":[{"damage_healed":0,"gold_gain":0,"player_choice":"Fought Mushrooms","damage_taken":0,"max_hp_gain":0,"max_hp_loss":0,"event_name":"Mushrooms","floor":11,"gold_loss":0},{"damage_healed":0,"gold_gain":30,"player_choice":"Searched \u00272\u0027 times","damage_taken":0,"max_hp_gain":0,"max_hp_loss":0,"event_name":"Dead Adventurer","floor":12,"gold_loss":0}],"is_beta":false,"boss_relics":[],"items_purged_floors":[],"is_endless":false,"potions_floor_spawned":[3,11,13],"killed_by":"Hexaghost","ascension_level":0}