{"path_per_floor":["M","?","M","?","M","E","R","M","T","?","M","M","$","M","R","B",null,"M","?","$","?","M","M","$","M","T","$","M","$","?","?","R","B",null,"M","T","$","?","M","R","E","M","T","$","M","$","?","M","R","B"],"character_chosen":"THE_SILENT","items_purchased":["Lantern","Deep Breath","Madness"],"gold_per_floor":[112,62,75,75,93,125,125,135,135,235,255,275,69,87,87,188,188,201,201,151,151,164,182,132,149,149,99,117,67,67,67,67,170,170,184,184,134,134,153,153,182,201,255,98,111,7,7,26,26,26],"floor_reached":51,"campfire_rested":1,"playtime":2242,"current_hp_per_floor":[68,68,68,68,68,61,61,58,58,58,56,55,55,55,55,27,70,70,70,70,70,65,47,47,56,56,56,49,49,33,33,54,53,70,69,69,69,69,65,65,65,64,64,64,64,64,55,55,55,46],"items_purged":["Strike_G","Strike_G","Strike_G","Strike_G","Defend_G","Flash of Steel","Venomology"],"gold":26,"score":804,"play_id":"3ba70697-6fed-4934-ae16-8fad0086618f","local_time":"20180320084807","is_prod":false,"is_daily":false,"is_ascension_mode":false,"campfire_upgraded":4,"timestamp":1521506887,"path_taken":["M","?","M","?","M","E","R","M","T","?","?","M","$","M","R","BOSS","M","?","$","?","M","M","$","M","T","$","M","?","?","?","R","BOSS","M","?","$","?","M","R","E","M","T","$","M","?","?","M","R","BOSS"],"build_version":"2018-03-15v3","purchased_purges":7,"victory":true,"master_deck":["Survivor","Neutralize+1","Dash","Terror+1","Catalyst+1","Bouncing Flask+1","Dagger Throw+1","Footwork+1","Calculated Gamble+1","Escape Plan+1","Backflip+1","Acrobatics+1","Deep Breath+1","Deadly Poison+1","Madness","Madness","Madness"],"max_hp_per_floor":[70,70,70,70,70,70,70,70,70,70,70,70,70,70,70,70,70,70,70,70,70,70,70,70,70,70,70,70,70,70,70,70,70,70,70,70,70,70,70,70,70,70,70,70,70,70,70,70,70,70],"relics":["Ring of the Snake","Smiling Mask","Sundial","Lantern","Astrolabe","Gambling Chip","Enchiridion","Question Card","Ancient Tea Set","Toolbox","Happy Flower"],"card_choices":[{"not_picked":["Prepared","Outmaneuver"],"picked":"Dash"},{"not_picked":["Cloak And Dagger","Sucker Punch"],"picked":"Venomology"},{"not_picked":["All Out Attack","Deadly Poison"],"picked":"Terror"},{"not_picked":["Finisher","Deadly Poison"],"picked":"Catalyst"},{"not_picked":["Escape Plan","Dagger Throw"],"picked":"Calculated Gamble"},{"not_picked":["Blur","Bouncing Flask"],"picked":"Escape Plan"},{"not_picked":["Underhanded Strike","Caltrops","Acrobatics"],"picked":"Backflip"},{"not_picked":["Setup","Deadly Poison","Outmaneuver"],"picked":"Acrobatics"},{"not_picked":["PiercingWail","Poisoned Stab","Sucker Punch"],"picked":"Deadly Poison"}],"player_experience":284764,"potions_floor_usage":[33,33,39,41,42],"damage_taken":[{"damage":2.0,"enemies":"Jaw Worm","floor":1.0,"turns":6.0},{"damage":0.0,"enemies":"2 Louse","floor":3.0,"turns":3.0},{"damage":0.0,"enemies":"Cultist","floor":5.0,"turns":5.0},{"damage":7.0,"enemies":"Gremlin Nob","floor":6.0,"turns":4.0},{"damage":3.0,"enemies":"Exordium Thugs","floor":8.0,"turns":6.0},{"damage":2.0,"enemies":"3 Louse","floor":11.0,"turns":5.0},{"damage":1.0,"enemies":"Large Slime","floor":12.0,"turns":7.0},{"damage":3.0,"enemies":"Exordium Wildlife","floor":14.0,"turns":3.0},{"damage":28.0,"enemies":"The Guardian","floor":16.0,"turns":8.0},{"damage":0.0,"enemies":"Shell Parasite","floor":18.0,"turns":4.0},{"damage":5.0,"enemies":"3 Byrds","floor":22.0,"turns":4.0},{"damage":18.0,"enemies":"3 Cultists","floor":23.0,"turns":5.0},{"damage":0.0,"enemies":"Snake Plant","floor":25.0,"turns":4.0},{"damage":7.0,"enemies":"Centurion and Healer","floor":28.0,"turns":4.0},{"damage":1,"enemies":"Automaton","floor":33,"turns":5},{"damage":1,"enemies":"Orb Walker","floor":35,"turns":3},{"damage":4,"enemies":"3 Darklings","floor":39,"turns":6},{"damage":0,"enemies":"Giant Head","floor":41,"turns":5},{"damage":1,"enemies":"Maw","floor":42,"turns":4},{"damage":0,"enemies":"Sphere and 2 Shapes","floor":45,"turns":4},{"damage":0,"enemies":"3 Darklings","floor":48,"turns":4},{"damage":9,"enemies":"Awakened One","floor":50,"turns":9}],"event_choices":[{"event_name":"The Cleric","player_choice":"Card Removal","floor":2.0,"damage_taken":0.0},{"event_name":"Match and Keep!","player_choice":"1 cards matched","floor":4.0,"damage_taken":0.0},{"event_name":"Wheel of Change","player_choice":"Gold","floor":10.0,"damage_taken":0.0},{"event_name":"Back to Basics","player_choice":"Elegance","floor":19.0,"damage_taken":0.0},{"event_name":"Duplicator","player_choice":"Ignored","floor":21.0,"damage_taken":0.0},{"event_name":"Cursed Tome","player_choice":"Obtained Book","floor":30,"damage_taken":0},{"event_name":"Vampires","player_choice":"Ignored","floor":31,"damage_taken":0},{"event_name":"The Lab","player_choice":"Got Potions","floor":38,"damage_taken":0},{"event_name":"Winding Halls","player_choice":"Embrace Madness","floor":47,"damage_taken":0}],"boss_relics":[{"not_picked":["Orrery","Runic Pyramid"],"picked":"Question Card"}],"potions_floor_spawned":[5,6,12,16,18,23,33,35,41],"seed_played":"8219135215735649656","ascension_level":0,"is_trial":false}