{"gold_per_floor":[116,116,116,129,141,141,156,81,81,81,96,123,123,136,136,210,210,230,230,240,54,67,67,102,120,147,147,157,175,175,225,225,304,304,322,222,268,268],"floor_reached":38,"playtime":1119,"items_purged":["Strike_G","Strike_G","Strike_G"],"score":842,"play_id":"4a6a4834-db91-4bc9-a652-07112f9ddd04","local_time":"20181118174205","is_ascension_mode":true,"campfire_choices":[{"data":"Cloak And Dagger","floor":6,"key":"SMITH"},{"data":"Blade Dance","floor":10,"key":"SMITH"},{"data":"Terror","floor":13,"key":"SMITH"},{"data":"Accuracy","floor":15,"key":"SMITH"},{"data":"Footwork","floor":23,"key":"SMITH"},{"data":"Well Laid Plans","floor":27,"key":"SMITH"},{"data":"Infinite Blades","floor":30,"key":"SMITH"},{"data":"Neutralize","floor":32,"key":"SMITH"}],"neow_cost":"NONE","seed_source_timestamp":1578972473163979,"circlet_count":0,"master_deck":["AscendersBane","Defend_G","Defend_G","Defend_G","Defend_G","Defend_G","Strike_G","Strike_G","Survivor","Neutralize+1","Accuracy+1","Cloak And Dagger+1","Blade Dance+1","Slice","After Image","Terror+1","Infinite Blades+1","Burst","Backstab+1","Footwork+1","Backflip","Well Laid Plans+1","PiercingWail+1","After Image","Backflip+1"],"relics":["WristBlade","Shuriken","The Courier","Mercury Hourglass","Philosopher\u0027s Stone","FaceOfCleric","Vajra","Potion Belt","Sozu","Incense Burner"],"potions_floor_usage":[5,12,16,24,24,33,35,37],"damage_taken":[{"damage":7,"enemies":"Cultist","floor":1,"turns":5},{"damage":0,"enemies":"2 Louse","floor":4,"turns":3},{"damage":10,"enemies":"Small Slimes","floor":5,"turns":5},{"damage":0,"enemies":"Red Slaver","floor":7,"turns":2},{"damage":0,"enemies":"Large Slime","floor":11,"turns":4},{"damage":5,"enemies":"3 Sentries","floor":12,"turns":6},{"damage":0,"enemies":"Blue Slaver","floor":14,"turns":2},{"damage":2,"enemies":"Hexaghost","floor":16,"turns":6},{"damage":8,"enemies":"Shell Parasite","floor":18,"turns":4},{"damage":0,"enemies":"Spheric Guardian","floor":20,"turns":3},{"damage":10,"enemies":"Snecko","floor":22,"turns":4},{"damage":0,"enemies":"Book of Stabbing","floor":24,"turns":4},{"damage":5,"enemies":"Centurion and Healer","floor":25,"turns":7},{"damage":0,"enemies":"Cultist and Chosen","floor":28,"turns":2},{"damage":8,"enemies":"Snecko","floor":29,"turns":5},{"damage":23,"enemies":"Automaton","floor":33,"turns":7},{"damage":0,"enemies":"Orb Walker","floor":35,"turns":2},{"damage":41,"enemies":"2 Orb Walkers","floor":37,"turns":6},{"damage":31,"enemies":"3 Darklings","floor":38,"turns":1}],"seed_played":"5016370384372925560","potions_obtained":[{"floor":1,"key":"Weak Potion"},{"floor":4,"key":"Regen Potion"},{"floor":5,"key":"Energy Potion"},{"floor":16,"key":"PowerPotion"},{"floor":18,"key":"AttackPotion"},{"floor":24,"key":"Strength Potion"},{"floor":25,"key":"Poison Potion"},{"floor":29,"key":"SkillPotion"},{"floor":33,"key":"Block Potion"}],"is_trial":false,"path_per_floor":["M","?","?","M","M","R","M","$","T","R","M","E","R","M","R","B",null,"M","?","M","$","M","R","E","M","T","R","M","M","R","?","R","B",null,"M","$","?","M"],"character_chosen":"THE_SILENT","items_purchased":["Footwork","Backflip"],"campfire_rested":0,"item_purchase_floors":[21,21],"current_hp_per_floor":[52,34,34,34,38,38,38,38,38,38,38,33,33,33,33,31,57,49,49,50,50,41,41,42,38,38,38,39,32,32,32,32,10,57,58,58,18,0],"gold":268,"neow_bonus":"BOSS_RELIC","is_prod":false,"is_daily":false,"chose_seed":false,"campfire_upgraded":8,"win_rate":0,"timestamp":1542534125,"path_taken":["M","?","?","M","M","R","M","$","T","R","M","E","R","M","R","BOSS","M","?","M","$","M","R","E","M","T","R","?","M","R","?","R","BOSS","M","$","?","M"],"build_version":"2018-11-15","purchased_purges":3,"victory":false,"max_hp_per_floor":[66,66,66,66,66,66,66,66,66,66,66,66,66,66,66,66,66,66,66,67,67,68,68,69,70,70,70,71,72,72,72,72,73,73,74,74,75,75],"card_choices":[{"not_picked":["Finisher","Choke"],"picked":"Accuracy","floor":1},{"not_picked":["Eviscerate","Acrobatics"],"picked":"Cloak And Dagger","floor":4},{"not_picked":["Infinite Blades","Bane"],"picked":"Blade Dance","floor":5},{"not_picked":["Bane","Escape Plan"],"picked":"Slice","floor":7},{"not_picked":["Deadly Poison","Footwork"],"picked":"After Image","floor":11},{"not_picked":["Dash","Tactician"],"picked":"Terror","floor":12},{"not_picked":["Deflect","Outmaneuver"],"picked":"Infinite Blades","floor":14},{"not_picked":["A Thousand Cuts","Unload"],"picked":"Burst","floor":16},{"not_picked":["Slice","Deflect","Accuracy"],"picked":"SKIP","floor":18},{"not_picked":["Calculated Gamble","Deflect"],"picked":"Backstab+1","floor":20},{"not_picked":["Slice","Flechettes","Outmaneuver"],"picked":"SKIP","floor":22},{"not_picked":["Deflect","Burst","Dagger Throw"],"picked":"SKIP","floor":24},{"not_picked":["Dodge and Roll","Prepared"],"picked":"Well Laid Plans","floor":25},{"not_picked":["Slice","Dagger Throw","Quick Slash"],"picked":"SKIP","floor":28},{"not_picked":["Dagger Spray","Deflect"],"picked":"PiercingWail+1","floor":29},{"not_picked":["Corpse Explosion","Glass Knife"],"picked":"After Image","floor":33},{"not_picked":["Poisoned Stab+1","Deflect+1","Flying Knee+1"],"picked":"SKIP","floor":35},{"not_picked":["Well Laid Plans","Slice"],"picked":"Backflip+1","floor":37}],"player_experience":537360,"relics_obtained":[{"floor":9,"key":"The Courier"},{"floor":12,"key":"Mercury Hourglass"},{"floor":24,"key":"Vajra"},{"floor":26,"key":"Potion Belt"},{"floor":37,"key":"Incense Burner"}],"event_choices":[{"damage_healed":0,"gold_gain":0,"player_choice":"Success","damage_taken":18,"relics_obtained":["Shuriken"],"max_hp_gain":0,"max_hp_loss":0,"event_name":"Scrap Ooze","floor":2,"gold_loss":0},{"damage_healed":0,"gold_gain":0,"player_choice":"Ignored","damage_taken":0,"max_hp_gain":0,"max_hp_loss":0,"event_name":"Liars Game","floor":3,"gold_loss":0},{"damage_healed":0,"gold_gain":0,"player_choice":"Trade","damage_taken":0,"relics_obtained":["FaceOfCleric"],"max_hp_gain":0,"max_hp_loss":0,"event_name":"FaceTrader","floor":19,"gold_loss":0},{"damage_healed":0,"gold_gain":50,"player_choice":"Stole From Cult","damage_taken":0,"max_hp_gain":0,"max_hp_loss":0,"event_name":"Nest","floor":31,"gold_loss":0},{"damage_healed":0,"gold_gain":0,"player_choice":"Fight","damage_taken":0,"max_hp_gain":0,"max_hp_loss":0,"event_name":"Mysterious Sphere","floor":37,"gold_loss":0}],"is_beta":true,"boss_relics":[{"not_picked":["Calling Bell","Eternal Feather"],"picked":"Philosopher\u0027s Stone"},{"not_picked":["Lizard Tail","Runic Pyramid"],"picked":"Sozu"}],"items_purged_floors":[8,21,36],"is_endless":false,"potions_floor_spawned":[1,4,5,16,18,24,25,29,33],"killed_by":"3 Darklings","ascension_level":20}