{"gold_per_floor":[115,126,18,18,18,18,18,18,18,30,30,46,60,71,71,71],"floor_reached":16,"playtime":494,"items_purged":[],"score":184,"play_id":"9bb0dece-6df6-4411-87e5-623629b78085","local_time":"20181130204951","is_ascension_mode":true,"campfire_choices":[{"data":"Deep Breath","floor":6,"key":"SMITH"},{"data":"Neutralize","floor":8,"key":"SMITH"},{"data":"Leg Sweep","floor":15,"key":"SMITH"}],"neow_cost":"TEN_PERCENT_HP_LOSS","seed_source_timestamp":10461456755726,"circlet_count":0,"master_deck":["AscendersBane","Defend_G","Defend_G","Defend_G","Defend_G","Defend_G","Strike_G","Strike_G","Survivor","Neutralize+1","Tools of the Trade+1","Leg Sweep+1","Heel Hook","Backflip","Deep Breath+1","Heel Hook","Blur"],"relics":["Ring of the Snake","Letter Opener"],"potions_floor_usage":[14,14],"damage_taken":[{"damage":3,"enemies":"Small Slimes","floor":1,"turns":7},{"damage":3,"enemies":"2 Louse","floor":2,"turns":4},{"damage":0,"enemies":"Cultist","floor":10,"turns":3},{"damage":0,"enemies":"2 Fungi Beasts","floor":12,"turns":4},{"damage":0,"enemies":"Large Slime","floor":13,"turns":8},{"damage":0,"enemies":"Gremlin Gang","floor":14,"turns":6},{"damage":17,"enemies":"The Guardian","floor":16,"turns":5}],"seed_played":"-7534188200368828172","potions_obtained":[{"floor":2,"key":"Energy Potion"},{"floor":13,"key":"Swift Potion"},{"floor":14,"key":"SteroidPotion"}],"is_trial":false,"path_per_floor":["M","M","$","?","?","R","?","R","T","M","?","M","M","M","R","B"],"character_chosen":"THE_SILENT","items_purchased":["Deep Breath"],"campfire_rested":0,"item_purchase_floors":[3],"current_hp_per_floor":[56,53,53,53,46,46,46,46,46,46,46,46,46,46,46,29],"gold":71,"neow_bonus":"TRANSFORM_TWO_CARDS","is_prod":false,"is_daily":false,"chose_seed":false,"campfire_upgraded":3,"win_rate":0,"timestamp":1543582191,"path_taken":["M","M","$","?","?","R","?","R","T","M","?","?","M","M","R","BOSS"],"build_version":"2018-11-15","purchased_purges":0,"victory":false,"max_hp_per_floor":[60,60,60,60,60,60,60,60,60,60,60,60,60,60,60,60],"card_choices":[{"not_picked":["Quick Slash","Caltrops"],"picked":"Heel Hook","floor":1},{"not_picked":["Sucker Punch","Bane"],"picked":"Backflip","floor":2},{"not_picked":["Bane","Poisoned Stab"],"picked":"Heel Hook","floor":10},{"not_picked":["Flying Knee","Noxious Fumes","Quick Slash"],"picked":"SKIP","floor":12},{"not_picked":["Deflect","Bane","Dash"],"picked":"SKIP","floor":13},{"not_picked":["Adrenaline","All Out Attack"],"picked":"Blur","floor":14}],"player_experience":1184909,"relics_obtained":[{"floor":9,"key":"Letter Opener"}],"event_choices":[{"damage_healed":0,"gold_gain":0,"player_choice":"Ignored","damage_taken":0,"max_hp_gain":0,"max_hp_loss":0,"event_name":"Liars Game","floor":4,"gold_loss":0},{"cards_removed":["Strike_G"],"damage_healed":0,"gold_gain":0,"player_choice":"Card Removal","damage_taken":7,"max_hp_gain":0,"max_hp_loss":0,"event_name":"Golden Wing","floor":5,"gold_loss":0},{"damage_healed":0,"gold_gain":0,"player_choice":"Leave","damage_taken":0,"max_hp_gain":0,"max_hp_loss":0,"event_name":"The Cleric","floor":7,"gold_loss":0},{"damage_healed":0,"gold_gain":0,"player_choice":"Forge","damage_taken":0,"max_hp_gain":0,"max_hp_loss":0,"event_name":"Accursed Blacksmith","floor":11,"gold_loss":0,"cards_upgraded":["Tools of the Trade"]}],"is_beta":true,"boss_relics":[],"items_purged_floors":[],"is_endless":false,"potions_floor_spawned":[2,13,14],"killed_by":"The Guardian","ascension_level":20}