{"gold_per_floor":[109,109,21,31,106,132,132,18,69,102,102,138,138,153,153,249,249,249],"floor_reached":18,"playtime":687,"items_purged":[],"score":452,"play_id":"f364f099-0b42-46b2-b0fd-054bda9ac912","local_time":"20190110143620","is_ascension_mode":true,"campfire_choices":[{"data":"Coolheaded","floor":11.0,"key":"SMITH"},{"data":"Coolheaded","floor":13.0,"key":"SMITH"},{"floor":15.0,"key":"REST"}],"neow_cost":"NONE","seed_source_timestamp":9406389234222,"circlet_count":0,"master_deck":["AscendersBane","Strike_B","Strike_B","Strike_B","Defend_B","Defend_B","Defend_B","Defend_B","Zap","Dualcast","Glacier","Core Surge","Chill","Conserve Battery","Recycle","Rip and Tear","Coolheaded+1","Coolheaded+1","Hologram","Seek"],"special_seed":0,"relics":["Cracked Core","NeowsBlessing","Darkstone Periapt","Golden Idol","Art of War","Happy Flower","Sundial","Busted Crown"],"potions_floor_usage":[],"damage_taken":[{"damage":0.0,"enemies":"Small Slimes","floor":1.0,"turns":1.0},{"damage":0.0,"enemies":"Jaw Worm","floor":4.0,"turns":1.0},{"damage":0.0,"enemies":"3 Sentries","floor":6.0,"turns":1.0},{"damage":29.0,"enemies":"Gremlin Nob","floor":10.0,"turns":4.0},{"damage":8.0,"enemies":"3 Sentries","floor":12.0,"turns":12.0},{"damage":0.0,"enemies":"Cultist","floor":14.0,"turns":4.0},{"damage":22.0,"enemies":"The Guardian","floor":16.0,"turns":16.0},{"damage":14,"enemies":"3 Byrds","floor":18,"turns":8}],"seed_played":"1593216527483492940","potions_obtained":[{"floor":1.0,"key":"FocusPotion"},{"floor":4.0,"key":"Dexterity Potion"},{"floor":14.0,"key":"Regen Potion"}],"is_trial":false,"path_per_floor":["M","?","$","M","?","E","?","$","T","E","R","E","R","M","R","B",null,"M"],"character_chosen":"DEFECT","items_purchased":["Core Surge","Recycle","Rip and Tear"],"campfire_rested":1,"item_purchase_floors":[3,8,8],"current_hp_per_floor":[64,57,57,57,46,46,46,46,46,17,17,9,9,9,28,6,50,36],"gold":249,"neow_bonus":"THREE_ENEMY_KILL","is_prod":false,"is_daily":false,"chose_seed":false,"campfire_upgraded":2,"win_rate":0,"timestamp":1547102180,"path_taken":["M","?","$","M","?","E","?","$","T","E","R","E","R","M","R","BOSS","M"],"build_version":"2019-01-03v4","purchased_purges":0,"victory":false,"max_hp_per_floor":[71,71,71,71,71,71,64,64,64,64,64,64,64,64,64,64,64,64],"card_choices":[{"not_picked":["Reprogram","Undo"],"picked":"Glacier","floor":1.0},{"not_picked":["Go for the Eyes","Redo"],"picked":"Chill","floor":4.0},{"not_picked":["Rebound","Gash"],"picked":"Conserve Battery","floor":6.0},{"not_picked":["Melter","Gash"],"picked":"Coolheaded","floor":10.0},{"not_picked":["Stack","Chaos"],"picked":"Coolheaded","floor":12.0},{"not_picked":["Redo","Heatsinks"],"picked":"Hologram","floor":14.0},{"not_picked":["Meteor Strike","Multi-Cast"],"picked":"Seek","floor":16.0}],"player_experience":1907282,"relics_obtained":[{"floor":6.0,"key":"Darkstone Periapt"},{"floor":9.0,"key":"Art of War"},{"floor":10.0,"key":"Happy Flower"},{"floor":12.0,"key":"Sundial"}],"event_choices":[{"cards_removed":["Strike_B"],"damage_healed":0.0,"max_hp_gain":0.0,"max_hp_loss":0.0,"gold_gain":0.0,"event_name":"Golden Wing","player_choice":"Card Removal","floor":2.0,"gold_loss":0.0,"damage_taken":7.0},{"damage_healed":0.0,"max_hp_gain":0.0,"max_hp_loss":0.0,"gold_gain":75.0,"event_name":"World of Goop","player_choice":"Gather Gold","floor":5.0,"gold_loss":0.0,"damage_taken":11.0},{"damage_healed":0.0,"max_hp_gain":0.0,"max_hp_loss":7.0,"gold_gain":0.0,"event_name":"Golden Idol","player_choice":"Lose Max HP","floor":7.0,"gold_loss":0.0,"damage_taken":0.0,"relics_obtained":["Golden Idol"]}],"is_beta":false,"boss_relics":[{"not_picked":["Nuclear Battery","Calling Bell"],"picked":"Busted Crown"}],"items_purged_floors":[],"is_endless":false,"potions_floor_spawned":[1,4,6,14],"killed_by":"3 Byrds","ascension_level":20}