{"gold_per_floor":[117,133,133,152,77,77,88,88,88,101,114,127,127,138,138,138],"floor_reached":16,"playtime":386,"items_purged":["Strike_B"],"score":192,"play_id":"84882bb7-4594-474a-8f96-afb708695665","local_time":"20181111130218","is_ascension_mode":true,"campfire_choices":[{"data":"Consume","floor":6.0,"key":"SMITH"},{"data":"Zap","floor":8.0,"key":"SMITH"},{"data":"Loop","floor":13.0,"key":"SMITH"},{"data":"Fission","floor":15.0,"key":"SMITH"}],"neow_cost":"NONE","seed_source_timestamp":8474819574635,"circlet_count":0,"master_deck":["AscendersBane","Strike_B","Strike_B","Strike_B","Defend_B","Defend_B","Defend_B","Defend_B","Zap+1","Dualcast","Consume+1","Coolheaded","Reinforced Body","White Noise","Sunder","Fission+1","Ball Lightning","Loop+1","Hologram","Coolheaded"],"special_seed":0,"relics":["Cracked Core","Prayer Wheel"],"potions_floor_usage":[16],"damage_taken":[{"damage":5.0,"enemies":"Small Slimes","floor":1.0,"turns":4.0},{"damage":7.0,"enemies":"Jaw Worm","floor":2.0,"turns":4.0},{"damage":6.0,"enemies":"2 Louse","floor":4.0,"turns":2.0},{"damage":7.0,"enemies":"Blue Slaver","floor":7.0,"turns":5.0},{"damage":10.0,"enemies":"Gremlin Gang","floor":10.0,"turns":5.0},{"damage":6.0,"enemies":"Looter","floor":11.0,"turns":4.0},{"damage":18.0,"enemies":"Lots of Slimes","floor":12.0,"turns":4.0},{"damage":8.0,"enemies":"Blue Slaver","floor":14.0,"turns":4.0},{"damage":21,"enemies":"The Guardian","floor":16,"turns":2}],"seed_played":"1068813406241167856","potions_obtained":[{"floor":4.0,"key":"SteroidPotion"},{"floor":7.0,"key":"PowerPotion"},{"floor":10.0,"key":"Regen Potion"}],"is_trial":false,"path_per_floor":["M","M","?","M","$","R","M","R","T","M","M","M","R","M","R","B"],"character_chosen":"DEFECT","items_purchased":[],"campfire_rested":0,"item_purchase_floors":[],"current_hp_per_floor":[66,59,64,58,58,58,51,51,51,41,35,29,29,21,21,0],"gold":138,"neow_bonus":"TEN_PERCENT_HP_BONUS","is_prod":false,"is_daily":false,"chose_seed":false,"campfire_upgraded":4,"win_rate":0,"timestamp":1541912538,"path_taken":["M","M","?","M","$","R","M","R","T","M","M","M","R","M","R","BOSS"],"build_version":"2018-11-08","purchased_purges":1,"victory":false,"max_hp_per_floor":[78,78,83,83,83,83,83,83,83,83,83,83,83,83,83,83],"card_choices":[{"not_picked":["Gash","Steam"],"picked":"Consume","floor":1.0},{"not_picked":["Barrage","Rebound"],"picked":"Coolheaded","floor":2.0},{"not_picked":["Go for the Eyes","Redo","Turbo"],"picked":"SKIP","floor":4.0},{"not_picked":["Steam","Rip and Tear"],"picked":"Reinforced Body","floor":7.0},{"not_picked":["Reinforced Body","Conserve Battery"],"picked":"White Noise","floor":10.0},{"not_picked":["Ball Lightning","Turbo"],"picked":"Sunder","floor":10.0},{"not_picked":["Leap","Chaos"],"picked":"Fission","floor":11.0},{"not_picked":["Beam Cell","Barrage"],"picked":"Ball Lightning","floor":11.0},{"not_picked":["Cold Snap","Coolheaded"],"picked":"Loop","floor":12.0},{"not_picked":["Turbo","Steam","Redo"],"picked":"SKIP","floor":12.0},{"not_picked":["Compile Driver","Ball Lightning"],"picked":"Hologram","floor":14.0},{"not_picked":["Steam","Gash"],"picked":"Coolheaded","floor":14.0}],"player_experience":975845,"relics_obtained":[{"floor":9.0,"key":"Prayer Wheel"}],"event_choices":[{"damage_healed":0.0,"max_hp_gain":5.0,"max_hp_loss":0.0,"gold_gain":0.0,"event_name":"Big Fish","player_choice":"Donut","floor":3.0,"gold_loss":0.0,"damage_taken":0.0}],"is_beta":false,"boss_relics":[],"items_purged_floors":[5],"is_endless":false,"potions_floor_spawned":[4,7,10],"killed_by":"The Guardian","ascension_level":20}