{"gold_per_floor":[115,133,2,2,16,44,44,62,62,85,85,99,126,143,143,241,241,225,150,166,66,66,66,95,194,194,220,220,220,252,267,267,369,369,387,387,262,278,128,158,380,395,448,465,482,500,534,634,634,634,634,634,459,493,493],"floor_reached":56,"playtime":2607,"items_purged":["Strike_G","Defend_G","Defend_G","Strike_G","Defend_G"],"score":1485,"play_id":"c0981033-fdb6-47e7-ad4f-97c290f7bfc4","local_time":"20181206211227","is_ascension_mode":false,"campfire_choices":[{"data":"Deadly Poison","floor":7.0,"key":"SMITH"},{"data":"Neutralize","floor":11.0,"key":"SMITH"},{"data":"Well Laid Plans","floor":15.0,"key":"SMITH"},{"data":"Footwork","floor":23.0,"key":"SMITH"},{"data":"Grand Finale","floor":29.0,"key":"SMITH"},{"data":"Footwork","floor":32.0,"key":"SMITH"},{"floor":49.0,"key":"RECALL"},{"data":"Dash","floor":52.0,"key":"SMITH"}],"neow_cost":"PERCENT_DAMAGE","seed_source_timestamp":42013160029409,"circlet_count":0,"master_deck":["Defend_G+1","Strike_G","Survivor+1","Neutralize+1","Deadly Poison+1","Footwork+1","Well Laid Plans+1","Grand Finale+1","Dash+1","Footwork+1"],"special_seed":0,"relics":["Ring of the Snake","Singing Bowl","Odd Mushroom","Shuriken","Sozu","Blue Candle","Kunai","War Paint","Red Mask","Runic Pyramid","Vajra","Tiny Chest","Meat on the Bone","Bird Faced Urn","Juzu Bracelet"],"potions_floor_usage":[],"damage_taken":[{"damage":1.0,"enemies":"Jaw Worm","floor":1.0,"turns":6.0},{"damage":0.0,"enemies":"Cultist","floor":2.0,"turns":3.0},{"damage":0.0,"enemies":"Small Slimes","floor":5.0,"turns":3.0},{"damage":4.0,"enemies":"Lagavulin","floor":6.0,"turns":14.0},{"damage":6.0,"enemies":"3 Louse","floor":8.0,"turns":6.0},{"damage":8.0,"enemies":"The Mushroom Lair","floor":10.0,"turns":7.0},{"damage":3.0,"enemies":"Large Slime","floor":12.0,"turns":8.0},{"damage":16.0,"enemies":"3 Sentries","floor":13.0,"turns":11.0},{"damage":0.0,"enemies":"Red Slaver","floor":14.0,"turns":5.0},{"damage":23.0,"enemies":"Hexaghost","floor":16.0,"turns":9.0},{"damage":10.0,"enemies":"2 Thieves","floor":18.0,"turns":4.0},{"damage":2.0,"enemies":"3 Byrds","floor":20.0,"turns":5.0},{"damage":0.0,"enemies":"Book of Stabbing","floor":24.0,"turns":8.0},{"damage":27.0,"enemies":"Gremlin Leader","floor":27.0,"turns":10.0},{"damage":6.0,"enemies":"Masked Bandits","floor":30.0,"turns":3.0},{"damage":0.0,"enemies":"Centurion and Healer","floor":31.0,"turns":4.0},{"damage":0.0,"enemies":"Collector","floor":33.0,"turns":8.0},{"damage":2.0,"enemies":"3 Shapes","floor":35.0,"turns":5.0},{"damage":1.0,"enemies":"Orb Walker","floor":38.0,"turns":6.0},{"damage":16.0,"enemies":"Reptomancer","floor":40.0,"turns":6.0},{"damage":0.0,"enemies":"Transient","floor":42.0,"turns":5.0},{"damage":1.0,"enemies":"Writhing Mass","floor":44.0,"turns":5.0},{"damage":0.0,"enemies":"3 Darklings","floor":45.0,"turns":2.0},{"damage":0.0,"enemies":"Spire Growth","floor":46.0,"turns":3.0},{"damage":0.0,"enemies":"Giant Head","floor":47.0,"turns":5.0},{"damage":0.0,"enemies":"Mind Bloom Boss Battle","floor":48.0,"turns":4.0},{"damage":0.0,"enemies":"Awakened One","floor":50.0,"turns":9.0},{"damage":17,"enemies":"Shield and Spear","floor":54,"turns":5},{"damage":46,"enemies":"The Heart","floor":55,"turns":14}],"seed_played":"-4293505262906201966","potions_obtained":[{"floor":5.0,"key":"SpeedPotion"},{"floor":6.0,"key":"LiquidBronze"},{"floor":10.0,"key":"Swift Potion"}],"is_trial":false,"path_per_floor":["M","M","$","?","M","E","R","M","T","?","R","M","E","M","R","B",null,"M","$","M","$","?","R","E","?","T","E","?","R","?","M","R","B",null,"M","?","$","M","$","E","?","M","T","M","M","M","E","?","R","B",null,"R","$","E","B",null],"character_chosen":"THE_SILENT","items_purchased":["Deadly Poison","Footwork"],"campfire_rested":0,"item_purchase_floors":[3,3],"current_hp_per_floor":[62,62,62,62,62,60,60,56,56,50,50,47,33,35,35,14,96,88,88,88,88,88,88,88,88,88,63,63,63,59,61,61,63,108,108,108,108,109,109,95,95,97,97,98,100,102,104,106,106,112,126,126,126,113,73],"gold":493,"neow_bonus":"TWENTY_PERCENT_HP_BONUS","is_prod":false,"is_daily":false,"chose_seed":false,"campfire_upgraded":7,"win_rate":0,"timestamp":1544101947,"path_taken":["M","M","$","?","M","E","R","?","T","?","R","M","E","M","R","BOSS","M","$","M","$","?","R","E","?","T","E","?","R","?","M","R","BOSS","M","?","$","?","$","E","?","M","T","M","M","M","E","?","R","BOSS","R","$","E","BOSS"],"build_version":"2018-11-15","purchased_purges":5,"victory":true,"max_hp_per_floor":[84,84,84,84,84,86,86,88,88,90,90,90,92,94,94,96,96,98,98,100,100,100,100,100,100,100,102,102,102,104,106,106,108,108,110,110,110,112,112,114,114,116,116,118,120,122,124,126,126,126,126,126,126,128,128],"card_choices":[{"not_picked":["Dagger Throw","PiercingWail","Blade Dance"],"picked":"SKIP","floor":1.0},{"not_picked":["Expertise","Flechettes","Dagger Spray"],"picked":"SKIP","floor":2.0},{"not_picked":["Prepared","Flechettes","Acrobatics"],"picked":"SKIP","floor":5.0},{"not_picked":["Dodge and Roll","Slice","Tactician"],"picked":"Singing Bowl","floor":6.0},{"not_picked":["Poisoned Stab","Deflect","Flying Knee"],"picked":"Singing Bowl","floor":8.0},{"not_picked":["Sucker Punch","Reflex","Burst"],"picked":"Singing Bowl","floor":10.0},{"not_picked":["Cloak And Dagger","Dagger Throw"],"picked":"Well Laid Plans","floor":12.0},{"not_picked":["Caltrops","Poisoned Stab","Infinite Blades"],"picked":"Singing Bowl","floor":13.0},{"not_picked":["Deadly Poison","Blur","Storm of Steel"],"picked":"Singing Bowl","floor":14.0},{"not_picked":["Night Terror","A Thousand Cuts","Die Die Die"],"picked":"Singing Bowl","floor":16.0},{"not_picked":["Cloak And Dagger","Quick Slash+1","Underhanded Strike"],"picked":"Singing Bowl","floor":18.0},{"not_picked":["Endless Agony","Slice+1","Infinite Blades"],"picked":"Singing Bowl","floor":20.0},{"not_picked":["Noxious Fumes","Outmaneuver"],"picked":"Grand Finale","floor":24.0},{"not_picked":["Dagger Throw","Underhanded Strike+1","Flying Knee"],"picked":"Singing Bowl","floor":27.0},{"not_picked":["Riddle With Holes","Underhanded Strike+1","Eviscerate"],"picked":"Singing Bowl","floor":30.0},{"not_picked":["Flying Knee","Outmaneuver","Backstab"],"picked":"Singing Bowl","floor":31.0},{"not_picked":["Die Die Die","Unload","Adrenaline"],"picked":"Singing Bowl","floor":33.0},{"not_picked":["Choke","Deadly Poison+1","Quick Slash+1"],"picked":"Singing Bowl","floor":35.0},{"not_picked":["Sucker Punch","Distraction+1","Underhanded Strike"],"picked":"Singing Bowl","floor":38.0},{"not_picked":["Prepared","Dash+1","Burst"],"picked":"Singing Bowl","floor":40.0},{"not_picked":["Bane","Dodge and Roll","Blade Dance"],"picked":"Singing Bowl","floor":42.0},{"not_picked":["Outmaneuver+1","Bane","Dagger Spray"],"picked":"Singing Bowl","floor":44.0},{"not_picked":["Eviscerate+1","Cloak And Dagger","Caltrops+1"],"picked":"Singing Bowl","floor":45.0},{"not_picked":["Expertise+1","Dagger Spray+1","Distraction+1"],"picked":"Singing Bowl","floor":46.0},{"not_picked":["Dodge and Roll","Unload","Deflect+1"],"picked":"Singing Bowl","floor":47.0},{"not_picked":["Infinite Blades+1","Expertise","Predator+1"],"picked":"Singing Bowl","floor":48.0},{"not_picked":["Poisoned Stab+1","Burst","Reflex"],"picked":"Singing Bowl","floor":54}],"player_experience":1170512,"relics_obtained":[{"floor":6.0,"key":"Singing Bowl"},{"floor":10.0,"key":"Odd Mushroom"},{"floor":13.0,"key":"Shuriken"},{"floor":24.0,"key":"Blue Candle"},{"floor":26.0,"key":"Kunai"},{"floor":27.0,"key":"War Paint"},{"floor":30.0,"key":"Red Mask"},{"floor":40.0,"key":"Vajra"},{"floor":43.0,"key":"Tiny Chest"},{"floor":47.0,"key":"Meat on the Bone"},{"floor":48.0,"key":"Bird Faced Urn"},{"floor":54,"key":"Juzu Bracelet"}],"event_choices":[{"cards_removed":["Strike_G"],"damage_healed":0.0,"max_hp_gain":0.0,"max_hp_loss":0.0,"gold_gain":0.0,"event_name":"Bonfire Elementals","player_choice":"Offered Basic","floor":4.0,"gold_loss":0.0,"damage_taken":0.0},{"damage_healed":0.0,"max_hp_gain":0.0,"max_hp_loss":0.0,"gold_gain":0.0,"event_name":"Mushrooms","player_choice":"Fought Mushrooms","floor":10.0,"gold_loss":0.0,"damage_taken":0.0},{"damage_healed":0.0,"max_hp_gain":0.0,"max_hp_loss":0.0,"gold_gain":0.0,"event_name":"Beggar","player_choice":"Ignored","floor":22.0,"gold_loss":0.0,"damage_taken":0.0},{"damage_healed":0.0,"max_hp_gain":0.0,"max_hp_loss":0.0,"gold_gain":99.0,"event_name":"Nest","player_choice":"Stole From Cult","floor":25.0,"gold_loss":0.0,"damage_taken":0.0},{"damage_healed":0.0,"max_hp_gain":0.0,"max_hp_loss":0.0,"gold_gain":0.0,"cards_transformed":["Strike_G","Defend_G"],"event_name":"Drug Dealer","player_choice":"Became Test Subject","floor":28.0,"gold_loss":0.0,"damage_taken":0.0,"cards_obtained":["Dash","Footwork"]},{"damage_healed":0.0,"max_hp_gain":0.0,"max_hp_loss":0.0,"gold_gain":0.0,"event_name":"Masked Bandits","player_choice":"Fought Bandits","floor":30.0,"gold_loss":0.0,"damage_taken":0.0},{"damage_healed":0.0,"max_hp_gain":0.0,"max_hp_loss":0.0,"gold_gain":0.0,"event_name":"SecretPortal","player_choice":"Ignored","floor":36.0,"gold_loss":0.0,"damage_taken":0.0},{"damage_healed":0.0,"max_hp_gain":0.0,"max_hp_loss":0.0,"gold_gain":222.0,"event_name":"Tomb of Lord Red Mask","player_choice":"Wore Mask","floor":41.0,"gold_loss":0.0,"damage_taken":0.0},{"damage_healed":0.0,"max_hp_gain":0.0,"max_hp_loss":0.0,"gold_gain":0.0,"event_name":"MindBloom","player_choice":"Fight","floor":48.0,"gold_loss":0.0,"damage_taken":0.0}],"is_beta":false,"boss_relics":[{"not_picked":["Fusion Hammer","Philosopher\u0027s Stone"],"picked":"Sozu"},{"not_picked":["Astrolabe","HoveringKite"],"picked":"Runic Pyramid"}],"items_purged_floors":[19,21,37,39,53],"is_endless":false,"potions_floor_spawned":[5,6,10,12,13,18,24,31,35,44,45,48],"ascension_level":0}