{"gold_per_floor":[109,119,194,76,76,108,108,108,157,185,206,206,239,264,264,354,354,375,300,315,192,208,208,241,241,241,266,166,166,202,226,226,319,319,335,215,239,262,262,305,305,328,328,353,367,402,402,443,443,443,443,443,443,119,162,162],"floor_reached":57,"playtime":2947,"items_purged":["Strike_G","Quick Slash","Eviscerate","Finisher","Skewer+1"],"score":3555,"play_id":"8e9c7a74-42aa-4448-9c48-c4df5a644445","local_time":"20190723230844","is_ascension_mode":true,"campfire_choices":[{"data":"Skewer","floor":8.0,"key":"SMITH"},{"data":"Calculated Gamble","floor":12.0,"key":"SMITH"},{"data":"Well Laid Plans","floor":15.0,"key":"SMITH"},{"data":"Tactician","floor":23.0,"key":"SMITH"},{"data":"Acrobatics","floor":29.0,"key":"SMITH"},{"data":"Flechettes","floor":32.0,"key":"SMITH"},{"data":"Madness","floor":41.0,"key":"SMITH"},{"floor":49,"key":"RECALL"},{"data":"Backflip","floor":53,"key":"SMITH"}],"neow_cost":"NONE","seed_source_timestamp":1430029583262982,"circlet_count":0,"master_deck":["AscendersBane","Survivor","Neutralize","Calculated Gamble+1","Well Laid Plans+1","Acrobatics","Adrenaline","Corpse Explosion","Acrobatics+1","Cloak And Dagger","Backflip+1","Tactician+1","Flechettes+1","Madness+1","Madness"],"special_seed":0,"relics":["Ring of the Snake","NeowsBlessing","The Courier","Golden Idol","War Paint","Odd Mushroom","Pear","Pandora\u0027s Box","Mercury Hourglass","Thread and Needle","Runic Dome","Snake Skull","Dream Catcher","Centennial Puzzle","OrangePellets","Paper Crane"],"potions_floor_usage":[56,56],"damage_taken":[{"damage":0.0,"enemies":"Cultist","floor":1.0,"turns":1.0},{"damage":0.0,"enemies":"Jaw Worm","floor":2.0,"turns":1.0},{"damage":0.0,"enemies":"Lagavulin","floor":6.0,"turns":1.0},{"damage":10.0,"enemies":"The Mushroom Lair","floor":10.0,"turns":5.0},{"damage":0.0,"enemies":"2 Louse","floor":11.0,"turns":2.0},{"damage":11.0,"enemies":"Gremlin Nob","floor":13.0,"turns":3.0},{"damage":13.0,"enemies":"Large Slime","floor":14.0,"turns":7.0},{"damage":0.0,"enemies":"Slime Boss","floor":16.0,"turns":6.0},{"damage":0.0,"enemies":"Chosen","floor":18.0,"turns":3.0},{"damage":3.0,"enemies":"Shell Parasite","floor":20.0,"turns":3.0},{"damage":11.0,"enemies":"Snake Plant","floor":22.0,"turns":4.0},{"damage":0.0,"enemies":"Book of Stabbing","floor":24.0,"turns":2.0},{"damage":0.0,"enemies":"Centurion and Healer","floor":27.0,"turns":1.0},{"damage":0.0,"enemies":"Gremlin Leader","floor":30.0,"turns":1.0},{"damage":0.0,"enemies":"Chosen and Byrds","floor":31.0,"turns":2.0},{"damage":0.0,"enemies":"Collector","floor":33.0,"turns":2.0},{"damage":0.0,"enemies":"Orb Walker","floor":35.0,"turns":1.0},{"damage":0.0,"enemies":"3 Shapes","floor":37.0,"turns":1.0},{"damage":0.0,"enemies":"Transient","floor":38.0,"turns":2.0},{"damage":0.0,"enemies":"Nemesis","floor":40.0,"turns":1.0},{"damage":0.0,"enemies":"Jaw Worm Horde","floor":42.0,"turns":1.0},{"damage":10.0,"enemies":"Writhing Mass","floor":44.0,"turns":2.0},{"damage":0.0,"enemies":"4 Shapes","floor":45.0,"turns":1.0},{"damage":0.0,"enemies":"Reptomancer","floor":46.0,"turns":1.0},{"damage":0,"enemies":"Giant Head","floor":48,"turns":1},{"damage":14,"enemies":"Time Eater","floor":50,"turns":4},{"damage":0,"enemies":"Awakened One","floor":51,"turns":2},{"damage":0,"enemies":"Shield and Spear","floor":55,"turns":1},{"damage":5,"enemies":"The Heart","floor":56,"turns":4}],"seed_played":"-3247704747462747620","potions_obtained":[{"floor":1.0,"key":"Energy Potion"},{"floor":2.0,"key":"Block Potion"},{"floor":10.0,"key":"FearPotion"},{"floor":22.0,"key":"Regen Potion"},{"floor":37.0,"key":"Swift Potion"},{"floor":38.0,"key":"GhostInAJar"}],"is_trial":false,"path_per_floor":["M","M","?","$","?","E","?","R","T","?","M","R","E","M","R","B",null,"M","?","M","$","M","R","E","?","T","M","$","R","E","M","R","B",null,"M","$","M","M","?","E","R","M","T","M","M","E","?","E","R","B","B",null,"R","$","E","B",null],"character_chosen":"THE_SILENT","items_purchased":["Well Laid Plans","FearPotion","OrangePellets"],"campfire_rested":0,"item_purchase_floors":[4,21,54],"current_hp_per_floor":[59,59,48,48,41,41,41,41,41,31,31,31,30,17,17,17,57,57,57,54,54,43,43,43,43,43,43,43,43,43,43,43,43,63,63,63,63,63,50,50,50,50,50,40,40,40,40,40,40,26,26,59,59,59,59,54],"gold":162,"neow_bonus":"THREE_ENEMY_KILL","is_prod":false,"is_daily":false,"chose_seed":false,"campfire_upgraded":8,"win_rate":0,"timestamp":1563894524,"path_taken":["M","M","?","$","?","E","?","R","T","?","M","R","E","M","R","BOSS","M","?","M","$","M","R","E","?","T","M","$","R","E","M","R","BOSS","M","$","M","M","?","E","R","M","T","M","M","E","?","E","R","BOSS","BOSS","R","$","E","BOSS"],"build_version":"2019-07-17","purchased_purges":5,"victory":true,"max_hp_per_floor":[66,66,66,66,66,66,60,60,60,60,60,60,70,70,70,70,70,70,70,70,70,70,70,70,70,70,70,70,70,70,70,70,70,70,70,70,70,70,70,70,70,70,70,70,70,70,70,70,70,70,70,70,70,70,70,70],"card_choices":[{"not_picked":["Dash","Dodge and Roll"],"picked":"Skewer","floor":1.0},{"not_picked":["Backflip","Prepared"],"picked":"Calculated Gamble","floor":2.0},{"not_picked":["Finisher","Prepared","Choke"],"picked":"SKIP","floor":6.0},{"not_picked":["Deadly Poison","Caltrops"],"picked":"Acrobatics","floor":11.0},{"not_picked":["Deflect","Escape Plan"],"picked":"Eviscerate","floor":13.0},{"not_picked":["Acrobatics","Deflect"],"picked":"Adrenaline","floor":14.0},{"not_picked":["Adrenaline","Die Die Die"],"picked":"Corpse Explosion","floor":16.0},{"not_picked":["Slice+1","Deadly Poison","Cloak And Dagger"],"picked":"SKIP","floor":18.0},{"not_picked":["Underhanded Strike+1","Flying Knee","Slice"],"picked":"SKIP","floor":20.0},{"not_picked":["Acrobatics","Bane","Heel Hook+1"],"picked":"SKIP","floor":22.0},{"not_picked":["Heel Hook","Bouncing Flask","Leg Sweep"],"picked":"SKIP","floor":24.0},{"not_picked":["Crippling Poison","Noxious Fumes"],"picked":"Flechettes","floor":27.0},{"not_picked":["Expertise","Dagger Throw+1","Underhanded Strike"],"picked":"SKIP","floor":30.0},{"not_picked":["Acrobatics","Blade Dance","Catalyst"],"picked":"SKIP","floor":31.0},{"not_picked":["Flying Knee","PiercingWail","Slice"],"picked":"SKIP","floor":35.0},{"not_picked":["Concentrate","Well Laid Plans","Bane+1"],"picked":"SKIP","floor":37.0},{"not_picked":["Burst","Blade Dance","Deflect"],"picked":"SKIP","floor":38.0},{"not_picked":["Leg Sweep","Infinite Blades+1","Deadly Poison+1"],"picked":"SKIP","floor":40.0},{"not_picked":["Prepared+1","Dagger Throw","Poisoned Stab+1"],"picked":"SKIP","floor":42.0},{"not_picked":["Slice","Dagger Spray+1","Concentrate+1"],"picked":"SKIP","floor":44.0},{"not_picked":["Distraction","Corpse Explosion","Prepared"],"picked":"SKIP","floor":45.0},{"not_picked":["Well Laid Plans","Cloak And Dagger+1","Skewer"],"picked":"SKIP","floor":46.0},{"not_picked":["Sucker Punch+1","Deflect","Riddle With Holes"],"picked":"SKIP","floor":48},{"not_picked":["Predator","PiercingWail+1","Venomology"],"picked":"SKIP","floor":55}],"player_experience":1661940,"relics_obtained":[{"floor":6.0,"key":"The Courier"},{"floor":9.0,"key":"War Paint"},{"floor":10.0,"key":"Odd Mushroom"},{"floor":13.0,"key":"Pear"},{"floor":24.0,"key":"Mercury Hourglass"},{"floor":26.0,"key":"Thread and Needle"},{"floor":40.0,"key":"Snake Skull"},{"floor":46.0,"key":"Dream Catcher"},{"floor":48,"key":"Centennial Puzzle"},{"floor":55,"key":"Paper Crane"}],"event_choices":[{"damage_healed":0.0,"max_hp_gain":0.0,"max_hp_loss":0.0,"gold_gain":75.0,"event_name":"World of Goop","player_choice":"Gather Gold","floor":3.0,"gold_loss":0.0,"damage_taken":11.0},{"cards_removed":["Strike_G"],"damage_healed":0.0,"max_hp_gain":0.0,"max_hp_loss":0.0,"gold_gain":0.0,"event_name":"Golden Wing","player_choice":"Card Removal","floor":5.0,"gold_loss":0.0,"damage_taken":7.0},{"damage_healed":0.0,"max_hp_gain":0.0,"max_hp_loss":6.0,"gold_gain":0.0,"event_name":"Golden Idol","player_choice":"Lose Max HP","floor":7.0,"gold_loss":0.0,"damage_taken":0.0,"relics_obtained":["Golden Idol"]},{"damage_healed":0.0,"max_hp_gain":0.0,"max_hp_loss":0.0,"gold_gain":0.0,"event_name":"Mushrooms","player_choice":"Fought Mushrooms","floor":10.0,"gold_loss":0.0,"damage_taken":0.0},{"cards_removed":["Storm of Steel"],"damage_healed":0.0,"max_hp_gain":0.0,"max_hp_loss":0.0,"gold_gain":0.0,"event_name":"Beggar","player_choice":"Gave Gold","floor":19.0,"gold_loss":75.0,"damage_taken":0.0},{"cards_removed":["Slice"],"damage_healed":0.0,"max_hp_gain":0.0,"max_hp_loss":0.0,"gold_gain":0.0,"event_name":"Back to Basics","player_choice":"Elegance","floor":25.0,"gold_loss":0.0,"damage_taken":0.0},{"damage_healed":0.0,"max_hp_gain":0.0,"max_hp_loss":0.0,"gold_gain":0.0,"event_name":"Winding Halls","player_choice":"Embrace Madness","floor":39.0,"gold_loss":0.0,"damage_taken":13.0,"cards_obtained":["Madness","Madness"]},{"damage_healed":0,"gold_gain":0,"player_choice":"Memory 1","damage_taken":0,"max_hp_gain":0,"max_hp_loss":0,"event_name":"SensoryStone","floor":47,"gold_loss":0}],"is_beta":false,"boss_relics":[{"not_picked":["Lizard Tail","Philosopher\u0027s Stone"],"picked":"Pandora\u0027s Box"},{"not_picked":["Runic Pyramid","Orrery"],"picked":"Runic Dome"}],"items_purged_floors":[4,21,28,36,54],"is_endless":false,"potions_floor_spawned":[1,2,10,22,31,33,37,38,40,42],"ascension_level":20}