{"gold_per_floor":[116,129,181,2,21,21,31,63,102,125,137,149,187,214,226,316,328,356,28,55,155,171,171,201,201,225,244,273,289,204,220,220,293,293,310,310,358,580,591,591,619,569,596,596,596,374,374,400,400,400,400,400,400,130,160,160],"floor_reached":57,"playtime":2411,"items_purged":["Strike_G","Strike_G","Strike_G","Strike_G"],"score":3087,"play_id":"3c54bbb5-88a2-467b-a745-b17d572fba6b","local_time":"20190325142429","is_ascension_mode":true,"campfire_choices":[{"data":"Catalyst","floor":6.0,"key":"SMITH"},{"data":"Deadly Poison","floor":12.0,"key":"SMITH"},{"floor":15.0,"key":"REST"},{"floor":23.0,"key":"REST"},{"data":"Apotheosis","floor":25.0,"key":"SMITH"},{"floor":32.0,"key":"REST"},{"floor":40.0,"key":"REST"},{"floor":45.0,"key":"RECALL"},{"floor":49.0,"key":"REST"},{"floor":53.0,"key":"REST"}],"neow_cost":"NONE","seed_source_timestamp":9892116968400,"circlet_count":0,"master_deck":["AscendersBane","Defend_G","Defend_G","Defend_G","Defend_G","Defend_G","Survivor","Neutralize","Dagger Throw","Deadly Poison+1","Catalyst+1","Well Laid Plans","Noxious Fumes","Tactician","Escape Plan","All Out Attack","Adrenaline","Backflip","Corpse Explosion","Apotheosis+1","Night Terror","Calculated Gamble","Footwork+1","Malaise","Prepared+1","Bouncing Flask+1","Acrobatics+1","Finesse","PiercingWail"],"special_seed":0,"relics":["Ring of the Snake","NeowsBlessing","Smiling Mask","MawBank","Oddly Smooth Stone","Dodecahedron","Regal Pillow","Velvet Choker","Lantern","Red Mask","Ginger","Question Card","Omamori","Art of War","Vajra","Ornamental Fan","Runic Pyramid","Dead Branch","Bag of Preparation","Bronze Scales","Unceasing Top","Anchor","Boot"],"potions_floor_usage":[56],"damage_taken":[{"damage":0.0,"enemies":"Cultist","floor":1.0,"turns":1.0},{"damage":0.0,"enemies":"Small Slimes","floor":2.0,"turns":1.0},{"damage":0.0,"enemies":"2 Louse","floor":5.0,"turns":1.0},{"damage":4.0,"enemies":"Exordium Thugs","floor":7.0,"turns":5.0},{"damage":20.0,"enemies":"Lagavulin","floor":8.0,"turns":7.0},{"damage":8.0,"enemies":"Exordium Wildlife","floor":10.0,"turns":5.0},{"damage":10.0,"enemies":"Gremlin Nob","floor":13.0,"turns":3.0},{"damage":5.0,"enemies":"Looter","floor":14.0,"turns":3.0},{"damage":33.0,"enemies":"Slime Boss","floor":16.0,"turns":12.0},{"damage":4.0,"enemies":"2 Thieves","floor":18.0,"turns":2.0},{"damage":3.0,"enemies":"Masked Bandits","floor":20.0,"turns":2.0},{"damage":23.0,"enemies":"Colosseum Slavers","floor":21.0,"turns":4.0},{"damage":8.0,"enemies":"Colosseum Nobs","floor":21.0,"turns":3.0},{"damage":0.0,"enemies":"Chosen","floor":22.0,"turns":4.0},{"damage":19.0,"enemies":"Book of Stabbing","floor":24.0,"turns":4.0},{"damage":4.0,"enemies":"Shelled Parasite and Fungi","floor":27.0,"turns":4.0},{"damage":30.0,"enemies":"Gremlin Leader","floor":28.0,"turns":6.0},{"damage":0.0,"enemies":"Snake Plant","floor":29.0,"turns":3.0},{"damage":0.0,"enemies":"Snecko","floor":31.0,"turns":4.0},{"damage":0.0,"enemies":"Automaton","floor":33.0,"turns":4.0},{"damage":0.0,"enemies":"Orb Walker","floor":35.0,"turns":4.0},{"damage":37.0,"enemies":"2 Orb Walkers","floor":37.0,"turns":4.0},{"damage":0.0,"enemies":"3 Shapes","floor":39.0,"turns":2.0},{"damage":0.0,"enemies":"Nemesis","floor":41.0,"turns":3.0},{"damage":32.0,"enemies":"Reptomancer","floor":48.0,"turns":6.0},{"damage":0.0,"enemies":"Awakened One","floor":50.0,"turns":21.0},{"damage":52.0,"enemies":"Donu and Deca","floor":51.0,"turns":5.0},{"damage":13.0,"enemies":"Shield and Spear","floor":55.0,"turns":3.0},{"damage":44,"enemies":"The Heart","floor":56,"turns":7}],"seed_played":"8162894796987480263","potions_obtained":[{"floor":5.0,"key":"Explosive Potion"},{"floor":8.0,"key":"Swift Potion"},{"floor":10.0,"key":"Fruit Juice"},{"floor":13.0,"key":"Weak Potion"},{"floor":16.0,"key":"EssenceOfSteel"},{"floor":18.0,"key":"Strength Potion"},{"floor":28.0,"key":"Swift Potion"},{"floor":29.0,"key":"EssenceOfSteel"},{"floor":37.0,"key":"Swift Potion"},{"floor":41.0,"key":"Energy Potion"}],"is_trial":false,"path_per_floor":["M","M","T","$","M","R","M","E","T","M","?","R","E","M","R","B",null,"M","$","?","?","M","R","E","R","T","M","E","M","?","M","R","B",null,"M","?","?","?","M","R","E","$","T","?","R","$","?","E","R","B","B",null,"R","$","E","B",null],"character_chosen":"THE_SILENT","items_purchased":["Catalyst","Well Laid Plans","Apotheosis","Lantern","Bronze Scales","Anchor","PowerPotion"],"campfire_rested":6,"item_purchase_floors":[4,4,19,19,46,54,54],"current_hp_per_floor":[59,59,59,59,59,59,55,35,35,32,21,21,11,6,42,9,56,52,52,49,18,18,54,35,35,35,31,1,1,1,1,37,37,63,63,63,26,26,26,61,61,61,61,61,61,61,61,29,64,64,12,53,67,67,54,10],"gold":160,"neow_bonus":"THREE_ENEMY_KILL","is_prod":false,"is_daily":false,"chose_seed":false,"campfire_upgraded":3,"win_rate":0,"timestamp":1553495069,"path_taken":["M","M","?","$","M","R","M","E","T","M","?","R","E","M","R","BOSS","M","$","?","?","M","R","E","R","T","M","E","M","?","M","R","BOSS","M","?","?","?","?","R","E","$","T","?","R","$","?","E","R","BOSS","BOSS","R","$","E","BOSS"],"build_version":"2019-01-23","purchased_purges":4,"victory":true,"max_hp_per_floor":[66,66,66,66,66,66,66,66,66,71,71,71,71,71,71,71,71,71,71,71,71,71,71,71,71,71,71,71,71,71,71,71,71,71,71,67,67,67,67,67,67,67,67,67,67,67,67,67,67,67,67,67,67,67,67,67],"card_choices":[{"not_picked":["Blade Dance","Skewer"],"picked":"Dagger Throw","floor":1.0},{"not_picked":["Cloak And Dagger","Deflect"],"picked":"Deadly Poison","floor":2.0},{"not_picked":["Heel Hook","Dagger Spray"],"picked":"Noxious Fumes","floor":5.0},{"not_picked":["Deadly Poison","Cloak And Dagger"],"picked":"Tactician","floor":7.0},{"not_picked":["Unload","Dagger Throw"],"picked":"Escape Plan","floor":8.0},{"not_picked":["Deflect","All Out Attack","Poisoned Stab"],"picked":"SKIP","floor":10.0},{"not_picked":["Deflect","Poisoned Stab"],"picked":"All Out Attack","floor":10.0},{"not_picked":["Distraction","Dodge and Roll"],"picked":"Adrenaline","floor":13.0},{"not_picked":["Outmaneuver","Setup"],"picked":"Backflip","floor":14.0},{"not_picked":["Storm of Steel","Adrenaline"],"picked":"Corpse Explosion","floor":16.0},{"not_picked":["Flechettes","Cloak And Dagger","PiercingWail"],"picked":"SKIP","floor":18.0},{"not_picked":["Flechettes","Backflip"],"picked":"Night Terror","floor":21.0},{"not_picked":["Outmaneuver","Concentrate","Terror","Skewer"],"picked":"SKIP","floor":22.0},{"not_picked":["Blur","Quick Slash","Underhanded Strike"],"picked":"Calculated Gamble","floor":24.0},{"not_picked":["Poisoned Stab","Skewer","Blade Dance","Bane"],"picked":"SKIP","floor":27.0},{"not_picked":["Skewer","Glass Knife","Dash","Doppelganger"],"picked":"SKIP","floor":28.0},{"not_picked":["Acrobatics","Poisoned Stab","Distraction"],"picked":"Footwork+1","floor":29.0},{"not_picked":["Sucker Punch","Accuracy","Caltrops","Crippling Poison"],"picked":"SKIP","floor":31.0},{"not_picked":["Die Die Die","A Thousand Cuts","Venomology"],"picked":"Malaise","floor":33.0},{"not_picked":["PiercingWail","Riddle With Holes","Dodge and Roll"],"picked":"Prepared+1","floor":35.0},{"not_picked":["Sucker Punch","Dodge and Roll","Eviscerate"],"picked":"Bouncing Flask+1","floor":37.0},{"not_picked":["Dash","Blade Dance","Outmaneuver","Dagger Throw"],"picked":"SKIP","floor":39.0},{"not_picked":["All Out Attack","Flying Knee","A Thousand Cuts"],"picked":"Acrobatics+1","floor":41.0},{"not_picked":["Dramatic Entrance","Transmutation","Discovery"],"picked":"Finesse","floor":47.0},{"not_picked":["Cloak And Dagger+1","Quick Slash","Bane","Slice"],"picked":"SKIP","floor":48.0},{"not_picked":["Tactician+1","Blur","Sucker Punch"],"picked":"PiercingWail","floor":55.0}],"player_experience":3860778,"relics_obtained":[{"floor":3.0,"key":"Smiling Mask"},{"floor":8.0,"key":"MawBank"},{"floor":9.0,"key":"Oddly Smooth Stone"},{"floor":13.0,"key":"Regal Pillow"},{"floor":20.0,"key":"Red Mask"},{"floor":21.0,"key":"Ginger"},{"floor":21.0,"key":"Question Card"},{"floor":24.0,"key":"Omamori"},{"floor":26.0,"key":"Art of War"},{"floor":28.0,"key":"Vajra"},{"floor":37.0,"key":"Dead Branch"},{"floor":41.0,"key":"Bag of Preparation"},{"floor":48.0,"key":"Unceasing Top"},{"floor":55.0,"key":"Boot"}],"event_choices":[{"damage_healed":0.0,"max_hp_gain":0.0,"max_hp_loss":0.0,"gold_gain":0.0,"event_name":"Scrap Ooze","player_choice":"Success","floor":11.0,"gold_loss":0.0,"damage_taken":11.0,"relics_obtained":["Dodecahedron"]},{"damage_healed":0.0,"max_hp_gain":0.0,"max_hp_loss":0.0,"gold_gain":0.0,"event_name":"Masked Bandits","player_choice":"Fought Bandits","floor":20.0,"gold_loss":0.0,"damage_taken":0.0},{"damage_healed":0.0,"max_hp_gain":0.0,"max_hp_loss":0.0,"gold_gain":0.0,"event_name":"Colosseum","player_choice":"Fight","floor":21.0,"gold_loss":0.0,"damage_taken":0.0},{"damage_healed":0.0,"max_hp_gain":0.0,"max_hp_loss":0.0,"gold_gain":0.0,"event_name":"Colosseum","player_choice":"Fought Nobs","floor":21.0,"gold_loss":0.0,"damage_taken":0.0},{"damage_healed":0.0,"max_hp_gain":0.0,"max_hp_loss":0.0,"gold_gain":0.0,"event_name":"Addict","player_choice":"Obtained Relic","floor":30.0,"gold_loss":85.0,"damage_taken":0.0,"relics_obtained":["Ornamental Fan"]},{"damage_healed":0.0,"max_hp_gain":0.0,"max_hp_loss":4.0,"gold_gain":0.0,"event_name":"Winding Halls","player_choice":"Max HP","floor":36.0,"gold_loss":0.0,"damage_taken":0.0},{"damage_healed":0.0,"max_hp_gain":0.0,"max_hp_loss":0.0,"gold_gain":0.0,"event_name":"Mysterious Sphere","player_choice":"Fight","floor":37.0,"gold_loss":0.0,"damage_taken":0.0},{"damage_healed":0.0,"max_hp_gain":0.0,"max_hp_loss":0.0,"gold_gain":222.0,"event_name":"Tomb of Lord Red Mask","player_choice":"Wore Mask","floor":38.0,"gold_loss":0.0,"damage_taken":0.0},{"cards_removed":["Strike_G"],"damage_healed":0.0,"max_hp_gain":0.0,"max_hp_loss":0.0,"gold_gain":0.0,"event_name":"Falling","player_choice":"Removed Attack","floor":44.0,"gold_loss":0.0,"damage_taken":0.0},{"damage_healed":0.0,"max_hp_gain":0.0,"max_hp_loss":0.0,"gold_gain":0.0,"event_name":"SensoryStone","player_choice":"Memory 1","floor":47.0,"gold_loss":0.0,"damage_taken":0.0}],"is_beta":false,"boss_relics":[{"not_picked":["Philosopher\u0027s Stone","Ectoplasm"],"picked":"Velvet Choker"},{"not_picked":["WristBlade","Coffee Dripper"],"picked":"Runic Pyramid"}],"items_purged_floors":[4,42,46,54],"is_endless":false,"potions_floor_spawned":[5,8,10,13,16,18,20,24,28,29,37,41,55],"ascension_level":20}