{"gold_per_floor":[118,133,147,147,147,147,182,182,260,291,308,319,330,361,361,434,434,448,363,31,81,99,99,129,129,178,189,189,208,208,240,240,311,311,331,345,363,363,54,54,125,125,198,213,116,116,116,134,134,134,134,134,134,9,44,44],"floor_reached":57,"playtime":2347,"items_purged":["Strike_B","Defend_B","Strike_B+1"],"score":2820,"play_id":"7a2a670b-2e2b-4a77-8d6f-6f0046126de6","local_time":"20190506125124","is_ascension_mode":true,"campfire_choices":[{"data":"Dualcast","floor":6.0,"key":"SMITH"},{"data":"Zap","floor":8.0,"key":"SMITH"},{"data":"Defragment","floor":15.0,"key":"SMITH"},{"data":"Redo","floor":23.0,"key":"SMITH"},{"data":"Skim","floor":25.0,"key":"SMITH"},{"data":"Coolheaded","floor":30.0,"key":"SMITH"},{"data":"Hologram","floor":32.0,"key":"SMITH"},{"data":"Fission","floor":40.0,"key":"SMITH"},{"data":"Reboot","floor":42.0,"key":"SMITH"},{"data":"Discovery","floor":46.0,"key":"SMITH"},{"floor":49.0,"key":"RECALL"},{"data":"Self Repair","floor":53,"key":"SMITH"}],"neow_cost":"NONE","seed_source_timestamp":0,"circlet_count":0,"master_deck":["AscendersBane","Defend_B+1","Zap+1","Dualcast+1","Ball Lightning","Echo Form","Hologram+1","Skim+1","Defragment+1","Core Surge","Self Repair+1","Coolheaded+1","Redo+1","Self Repair","Hologram+1","Reboot+1","Fission+1","Hologram+1","Storm+1","Sunder+1","Go for the Eyes+1","Undo+1","Chaos+1","Discovery+1","Self Repair"],"special_seed":0,"relics":["Cracked Core","NeowsBlessing","Strawberry","Symbiotic Virus","Letter Opener","PreservedInsect","Runic Dome","Nunchaku","Oddly Smooth Stone","Mummified Hand","Bag of Preparation","Astrolabe","ClockworkSouvenir","Pear","Bottled Lightning","FossilizedHelix"],"potions_floor_usage":[56,56],"damage_taken":[{"damage":0.0,"enemies":"Cultist","floor":1.0,"turns":1.0},{"damage":0.0,"enemies":"Jaw Worm","floor":2.0,"turns":1.0},{"damage":0.0,"enemies":"2 Louse","floor":3.0,"turns":1.0},{"damage":8.0,"enemies":"Gremlin Nob","floor":7.0,"turns":3.0},{"damage":0.0,"enemies":"Lagavulin","floor":10.0,"turns":5.0},{"damage":0.0,"enemies":"2 Fungi Beasts","floor":11.0,"turns":3.0},{"damage":6.0,"enemies":"Exordium Thugs","floor":12.0,"turns":3.0},{"damage":9.0,"enemies":"Red Slaver","floor":13.0,"turns":3.0},{"damage":10.0,"enemies":"3 Sentries","floor":14.0,"turns":5.0},{"damage":0.0,"enemies":"Slime Boss","floor":16.0,"turns":4.0},{"damage":14.0,"enemies":"Spheric Guardian","floor":18.0,"turns":4.0},{"damage":10.0,"enemies":"Chosen","floor":22.0,"turns":5.0},{"damage":15.0,"enemies":"Book of Stabbing","floor":24.0,"turns":4.0},{"damage":15.0,"enemies":"Centurion and Healer","floor":27.0,"turns":5.0},{"damage":11.0,"enemies":"Snecko","floor":29.0,"turns":4.0},{"damage":26.0,"enemies":"Slavers","floor":31.0,"turns":4.0},{"damage":19.0,"enemies":"Collector","floor":33.0,"turns":7.0},{"damage":0.0,"enemies":"Orb Walker","floor":35.0,"turns":3.0},{"damage":0.0,"enemies":"3 Darklings","floor":36.0,"turns":2.0},{"damage":0.0,"enemies":"Jaw Worm Horde","floor":37.0,"turns":3.0},{"damage":0.0,"enemies":"Spire Growth","floor":44.0,"turns":3.0},{"damage":0.0,"enemies":"Transient","floor":48.0,"turns":6.0},{"damage":5.0,"enemies":"Donu and Deca","floor":50.0,"turns":8.0},{"damage":36.0,"enemies":"Awakened One","floor":51.0,"turns":10.0},{"damage":0,"enemies":"Shield and Spear","floor":55,"turns":2},{"damage":87,"enemies":"The Heart","floor":56,"turns":11}],"seed_played":"-4546735435678196889","potions_obtained":[{"floor":7.0,"key":"FocusPotion"},{"floor":11.0,"key":"LiquidBronze"},{"floor":12.0,"key":"Ancient Potion"},{"floor":18.0,"key":"Block Potion"},{"floor":24.0,"key":"Strength Potion"},{"floor":27.0,"key":"FocusPotion"},{"floor":36.0,"key":"Explosive Potion"}],"is_trial":false,"path_per_floor":["M","M","M","?","?","R","E","R","T","E","M","M","M","E","R","B",null,"M","?","$","?","M","R","E","R","T","M","?","M","R","E","R","B",null,"M","M","M","?","$","R","T","R","T","M","$","R","?","M","R","B","B",null,"R","$","E","B",null],"character_chosen":"DEFECT","items_purchased":["Self Repair","Coolheaded","Oddly Smooth Stone","ClockworkSouvenir","Discovery"],"campfire_rested":0,"item_purchase_floors":[20,20,20,39,45],"current_hp_per_floor":[64,64,64,43,48,48,47,47,47,47,47,41,32,22,22,22,68,54,54,54,54,51,51,43,43,43,42,42,45,45,33,33,28,69,83,83,83,79,79,79,89,89,89,89,89,89,89,89,89,89,67,84,84,84,89,26],"gold":44,"neow_bonus":"THREE_ENEMY_KILL","is_prod":false,"is_daily":false,"chose_seed":false,"campfire_upgraded":11,"win_rate":0,"timestamp":1557118284,"path_taken":["M","?","M","?","?","R","E","R","T","E","M","M","M","E","R","BOSS","M","?","$","?","M","R","E","R","T","?","?","M","R","E","R","BOSS","M","M","M","?","$","R","?","R","T","?","$","R","?","M","R","BOSS","BOSS","R","$","E","BOSS"],"build_version":"2019-01-23","purchased_purges":3,"victory":true,"max_hp_per_floor":[71,71,71,71,76,76,83,83,83,83,83,83,83,83,83,83,83,83,83,83,83,83,83,83,83,83,83,83,83,83,83,83,83,83,83,83,83,79,79,79,89,89,89,89,89,89,89,89,89,89,89,89,89,89,89,89],"card_choices":[{"not_picked":["Conserve Battery","Steam","Gash"],"picked":"SKIP","floor":1.0},{"not_picked":["Cold Snap","Compile Driver"],"picked":"Ball Lightning","floor":2.0},{"not_picked":["Compile Driver","Sweeping Beam","Stack"],"picked":"SKIP","floor":3.0},{"not_picked":["Ball Lightning","Doom and Gloom"],"picked":"Echo Form","floor":7.0},{"not_picked":["Redo","Stack"],"picked":"Hologram","floor":10.0},{"not_picked":["Reinforced Body","Streamline"],"picked":"Skim","floor":11.0},{"not_picked":["Gash","Stack","Aggregate"],"picked":"SKIP","floor":12.0},{"not_picked":["Gash","Static Discharge","Rebound"],"picked":"SKIP","floor":13.0},{"not_picked":["Rebound","Go for the Eyes"],"picked":"Defragment","floor":14.0},{"not_picked":["Rainbow","Thunder Strike"],"picked":"Core Surge","floor":16.0},{"not_picked":["Streamline","Lockon+1","Blizzard"],"picked":"SKIP","floor":18.0},{"not_picked":["Streamline","Lockon+1","Blizzard"],"picked":"SKIP","floor":18.0},{"not_picked":["Fusion","Redo","Go for the Eyes"],"picked":"SKIP","floor":22.0},{"not_picked":["Fusion","Go for the Eyes"],"picked":"Redo","floor":22.0},{"not_picked":["Sweeping Beam","Rebound"],"picked":"Self Repair","floor":24.0},{"not_picked":["Redo","Steam+1"],"picked":"Hologram+1","floor":27.0},{"not_picked":["Cold Snap","Static Discharge","Steam"],"picked":"SKIP","floor":29.0},{"not_picked":["Streamline","Conserve Battery"],"picked":"Reboot","floor":31.0},{"not_picked":["Echo Form","Seek"],"picked":"Fission","floor":33.0},{"not_picked":["Rip and Tear","Rebound+1"],"picked":"Go for the Eyes+1","floor":35.0},{"not_picked":["Rebound","Ball Lightning"],"picked":"Undo+1","floor":36.0},{"not_picked":["Hologram","Genetic Algorithm","Go for the Eyes"],"picked":"SKIP","floor":37.0},{"not_picked":["Storm","Go for the Eyes"],"picked":"Chaos+1","floor":44.0},{"not_picked":["Self Repair","Sweeping Beam+1","Stack"],"picked":"SKIP","floor":48.0},{"not_picked":["Sweeping Beam","Cold Snap"],"picked":"Self Repair","floor":55}],"player_experience":4609134,"relics_obtained":[{"floor":7.0,"key":"Strawberry"},{"floor":9.0,"key":"Symbiotic Virus"},{"floor":10.0,"key":"Letter Opener"},{"floor":14.0,"key":"PreservedInsect"},{"floor":24.0,"key":"Mummified Hand"},{"floor":31.0,"key":"Bag of Preparation"},{"floor":41.0,"key":"Pear"},{"floor":43.0,"key":"Bottled Lightning"},{"floor":55,"key":"FossilizedHelix"}],"event_choices":[{"damage_healed":0.0,"max_hp_gain":0.0,"max_hp_loss":0.0,"gold_gain":0.0,"event_name":"Shining Light","player_choice":"Entered Light","floor":4.0,"gold_loss":0.0,"damage_taken":21.0,"cards_upgraded":["Strike_B","Defend_B"]},{"damage_healed":0.0,"max_hp_gain":5.0,"max_hp_loss":0.0,"gold_gain":0.0,"event_name":"Big Fish","player_choice":"Donut","floor":5.0,"gold_loss":0.0,"damage_taken":0.0},{"damage_healed":0.0,"max_hp_gain":0.0,"max_hp_loss":0.0,"gold_gain":0.0,"event_name":"Addict","player_choice":"Obtained Relic","floor":19.0,"gold_loss":85.0,"damage_taken":0.0,"relics_obtained":["Nunchaku"]},{"damage_healed":0.0,"max_hp_gain":0.0,"max_hp_loss":0.0,"gold_gain":50.0,"event_name":"Golden Shrine","player_choice":"Pray","floor":21.0,"gold_loss":0.0,"damage_taken":0.0},{"damage_healed":0.0,"max_hp_gain":0.0,"max_hp_loss":0.0,"gold_gain":0.0,"event_name":"Cursed Tome","player_choice":"Ignored","floor":28.0,"gold_loss":0.0,"damage_taken":0.0},{"damage_healed":0.0,"max_hp_gain":0.0,"max_hp_loss":4.0,"gold_gain":0.0,"event_name":"Winding Halls","player_choice":"Max HP","floor":38.0,"gold_loss":0.0,"damage_taken":0.0},{"cards_removed":["Defend_B"],"damage_healed":0.0,"max_hp_gain":0.0,"max_hp_loss":0.0,"gold_gain":0.0,"event_name":"Bonfire Elementals","player_choice":"Offered Basic","floor":47.0,"gold_loss":0.0,"damage_taken":0.0}],"is_beta":false,"boss_relics":[{"not_picked":["Cursed Key","Inserter"],"picked":"Runic Dome"},{"not_picked":["Eternal Feather","Snecko Eye"],"picked":"Astrolabe"}],"items_purged_floors":[20,39,54],"is_endless":false,"potions_floor_spawned":[7,11,12,14,16,18,24,27,31,36],"ascension_level":20}