{"gold_per_floor":[109,109,109,34,50,81,81,44,74,30,30,30,30,41,41,41],"floor_reached":16,"playtime":322,"items_purged":["Defend_G"],"score":242,"play_id":"9a96f4a6-b34f-4c90-8d8d-425ab0edf2a7","local_time":"20190116214500","is_ascension_mode":true,"campfire_choices":[{"data":"Well Laid Plans","floor":7.0,"key":"SMITH"},{"data":"Predator","floor":13,"key":"SMITH"},{"data":"Expertise","floor":15,"key":"SMITH"}],"neow_cost":"NONE","seed_source_timestamp":38860310869092,"circlet_count":0,"master_deck":["AscendersBane","Defend_G+1","Defend_G","Defend_G","Defend_G","Strike_G","Strike_G","Strike_G+1","Survivor","Neutralize","Expertise+1","Predator+1","Well Laid Plans+1","Flechettes","Tactician"],"special_seed":0,"relics":["Ring of the Snake","NeowsBlessing","Blue Candle","Tiny Chest","Sundial"],"potions_floor_usage":[],"damage_taken":[{"damage":0.0,"enemies":"Jaw Worm","floor":1.0,"turns":1.0},{"damage":0.0,"enemies":"Small Slimes","floor":5.0,"turns":1.0},{"damage":0.0,"enemies":"Gremlin Nob","floor":6.0,"turns":1.0},{"damage":0,"enemies":"Cultist","floor":14,"turns":3},{"damage":35,"enemies":"Hexaghost","floor":16,"turns":9}],"seed_played":"5896796402823633408","potions_obtained":[{"floor":5.0,"key":"Block Potion"}],"is_trial":false,"path_per_floor":["M","?","?","$","M","E","R","$","T","$","?","T","R","M","R","B"],"character_chosen":"THE_SILENT","items_purchased":["Flechettes","Tactician"],"campfire_rested":0,"item_purchase_floors":[8,10],"current_hp_per_floor":[59,52,32,32,32,32,32,32,32,32,32,32,32,32,32,0],"gold":41,"neow_bonus":"THREE_ENEMY_KILL","is_prod":false,"is_daily":false,"chose_seed":false,"campfire_upgraded":3,"win_rate":0,"timestamp":1547646300,"path_taken":["M","?","?","?","?","E","R","$","T","?","?","?","R","M","R","BOSS"],"build_version":"2019-01-10","purchased_purges":1,"victory":false,"max_hp_per_floor":[66,66,66,66,66,66,66,66,66,66,66,66,66,66,66,66],"card_choices":[{"not_picked":["PiercingWail","Dodge and Roll"],"picked":"Expertise","floor":1.0},{"not_picked":["Backstab","Skewer"],"picked":"Predator","floor":5.0},{"not_picked":["Poisoned Stab","PiercingWail"],"picked":"Well Laid Plans","floor":6.0},{"not_picked":["Flying Knee","Poisoned Stab","Burst"],"picked":"SKIP","floor":14}],"player_experience":1962016,"relics_obtained":[{"floor":6.0,"key":"Blue Candle"},{"floor":9.0,"key":"Tiny Chest"},{"floor":12,"key":"Sundial"}],"event_choices":[{"cards_removed":["Strike_G"],"damage_healed":0.0,"max_hp_gain":0.0,"max_hp_loss":0.0,"gold_gain":0.0,"event_name":"Golden Wing","player_choice":"Card Removal","floor":2.0,"gold_loss":0.0,"damage_taken":7.0},{"damage_healed":0.0,"max_hp_gain":0.0,"max_hp_loss":0.0,"gold_gain":0.0,"event_name":"Shining Light","player_choice":"Entered Light","floor":3.0,"gold_loss":0.0,"damage_taken":20.0,"cards_upgraded":["Strike_G","Defend_G"]},{"cards_removed":["Strike_G"],"damage_healed":0,"gold_gain":0,"player_choice":"Forget","damage_taken":0,"max_hp_gain":0,"max_hp_loss":0,"event_name":"Living Wall","floor":11,"gold_loss":0}],"is_beta":false,"boss_relics":[],"items_purged_floors":[4],"is_endless":false,"potions_floor_spawned":[5],"killed_by":"Hexaghost","ascension_level":20}