{"gold_per_floor":[109,120,3,21,21,21,57,57,57,57,138,157,72,105,105,201,201,221,121,121,121,121,121,136,147,147,147,172,172,172,97,97,175,175,190,190,290,165,184,184,199,199,199,199,199,212,241,91,91,91,91,91,91,38,71,71],"floor_reached":57,"playtime":2186,"items_purged":["Strike_G","Strike_G","Strike_G","Defend_G"],"score":2804,"play_id":"9ad09123-0649-4463-a378-4f6b8ba16a25","local_time":"20190211201503","is_ascension_mode":true,"campfire_choices":[{"data":"Catalyst","floor":6.0,"key":"SMITH"},{"data":"Neutralize","floor":8.0,"key":"SMITH"},{"data":"Bouncing Flask","floor":10.0,"key":"SMITH"},{"data":"Well Laid Plans","floor":15.0,"key":"SMITH"},{"data":"Noxious Fumes","floor":23.0,"key":"SMITH"},{"data":"Ghostly","floor":29.0,"key":"SMITH"},{"data":"Deadly Poison","floor":32.0,"key":"SMITH"},{"data":"Night Terror","floor":40.0,"key":"SMITH"},{"data":"Ghostly","floor":42.0,"key":"SMITH"},{"floor":45.0,"key":"RECALL"},{"data":"Footwork","floor":49.0,"key":"SMITH"},{"data":"Ghostly","floor":53,"key":"SMITH"}],"neow_cost":"PERCENT_DAMAGE","seed_source_timestamp":26027134677940,"circlet_count":0,"master_deck":["AscendersBane","Defend_G","Defend_G","Defend_G","Survivor","Neutralize+1","Bouncing Flask+1","Backstab","Catalyst+1","Noxious Fumes+1","Deadly Poison+1","Well Laid Plans+1","After Image","Crippling Poison+1","Ghostly+1","Ghostly+1","Ghostly+1","Night Terror+1","Footwork+1","Distraction+1"],"special_seed":0,"relics":["Ring of the Snake","Bloody Idol","Thread and Needle","PreservedInsect","Turnip","Runic Dome","Ornamental Fan","Bottled Lightning","Coffee Dripper","Ginger","Letter Opener","Gremlin Horn","Oddly Smooth Stone","Dead Branch"],"potions_floor_usage":[50,56,56],"damage_taken":[{"damage":3.0,"enemies":"Small Slimes","floor":1.0,"turns":6.0},{"damage":1.0,"enemies":"2 Louse","floor":2.0,"turns":4.0},{"damage":0.0,"enemies":"Cultist","floor":4.0,"turns":3.0},{"damage":34.0,"enemies":"3 Sentries","floor":7.0,"turns":7.0},{"damage":0.0,"enemies":"Gremlin Nob","floor":11.0,"turns":2.0},{"damage":0.0,"enemies":"Looter","floor":12.0,"turns":3.0},{"damage":0.0,"enemies":"Lagavulin","floor":14.0,"turns":4.0},{"damage":2.0,"enemies":"The Guardian","floor":16.0,"turns":7.0},{"damage":0.0,"enemies":"2 Thieves","floor":18.0,"turns":4.0},{"damage":1.0,"enemies":"Shell Parasite","floor":24.0,"turns":4.0},{"damage":20.0,"enemies":"Chosen and Byrds","floor":25.0,"turns":5.0},{"damage":5.0,"enemies":"Book of Stabbing","floor":28.0,"turns":4.0},{"damage":7.0,"enemies":"Collector","floor":33.0,"turns":8.0},{"damage":0.0,"enemies":"3 Shapes","floor":35.0,"turns":4.0},{"damage":0.0,"enemies":"Mind Bloom Boss Battle","floor":37.0,"turns":6.0},{"damage":7.0,"enemies":"3 Darklings","floor":39.0,"turns":3.0},{"damage":0.0,"enemies":"Maw","floor":41.0,"turns":5.0},{"damage":5.0,"enemies":"Sphere and 2 Shapes","floor":46.0,"turns":3.0},{"damage":0.0,"enemies":"Nemesis","floor":47.0,"turns":5.0},{"damage":14,"enemies":"Donu and Deca","floor":50,"turns":9},{"damage":0,"enemies":"Time Eater","floor":51,"turns":3},{"damage":20,"enemies":"Shield and Spear","floor":55,"turns":5},{"damage":13,"enemies":"The Heart","floor":56,"turns":9}],"seed_played":"7940597690614634492","potions_obtained":[{"floor":7.0,"key":"Poison Potion"},{"floor":11.0,"key":"EntropicBrew"},{"floor":18.0,"key":"SpeedPotion"},{"floor":28.0,"key":"Fire Potion"},{"floor":35.0,"key":"PowerPotion"},{"floor":41.0,"key":"GhostInAJar"},{"floor":55,"key":"Regen Potion"}],"is_trial":false,"path_per_floor":["M","M","$","M","?","R","E","R","T","R","?","M","$","E","R","B",null,"M","$","?","?","?","R","M","M","T","?","E","R","?","?","R","B",null,"M","?","?","$","M","R","M","R","T","T","R","M","E","$","R","B","B",null,"R","$","E","B",null],"character_chosen":"THE_SILENT","items_purchased":["Catalyst","Well Laid Plans","SkillPotion"],"campfire_rested":0,"item_purchase_floors":[3,13,54],"current_hp_per_floor":[41,40,40,40,40,40,6,6,6,6,6,6,6,6,6,4,46,46,46,58,58,58,58,60,45,45,30,30,30,30,30,30,28,30,30,28,28,28,26,26,28,28,28,28,28,28,28,28,28,14,14,25,25,25,10,12],"gold":71,"neow_bonus":"REMOVE_TWO","is_prod":false,"is_daily":false,"chose_seed":false,"campfire_upgraded":11,"win_rate":0,"timestamp":1549887303,"path_taken":["M","M","$","M","?","R","E","R","T","R","?","M","$","E","R","BOSS","M","$","?","?","?","R","?","M","T","?","E","R","?","?","R","BOSS","M","?","?","$","M","R","M","R","T","?","R","M","E","?","R","BOSS","BOSS","R","$","E","BOSS"],"build_version":"2019-01-23","purchased_purges":4,"victory":true,"max_hp_per_floor":[66,66,66,66,60,60,60,60,60,60,60,60,60,60,60,60,60,60,60,60,60,60,60,60,60,60,30,30,30,30,30,30,30,30,30,28,28,28,28,28,28,28,28,28,28,28,28,28,28,28,28,28,28,28,28,28],"card_choices":[{"not_picked":["Slice","Flying Knee"],"picked":"Bouncing Flask","floor":1.0},{"not_picked":["Dagger Spray","Terror"],"picked":"Backstab","floor":2.0},{"not_picked":["Dodge and Roll","Slice"],"picked":"Noxious Fumes","floor":4.0},{"not_picked":["Bane","Terror","Sucker Punch"],"picked":"SKIP","floor":7.0},{"not_picked":["Quick Slash","Backstab"],"picked":"Deadly Poison","floor":11.0},{"not_picked":["Accuracy","Blade Dance","Blur"],"picked":"SKIP","floor":12.0},{"not_picked":["Unload","Deflect","Skewer"],"picked":"SKIP","floor":14.0},{"not_picked":["Venomology","Storm of Steel"],"picked":"After Image","floor":16.0},{"not_picked":["Prepared","Blade Dance"],"picked":"Crippling Poison+1","floor":18.0},{"not_picked":["Cloak And Dagger","Terror","Dagger Throw+1"],"picked":"SKIP","floor":24.0},{"not_picked":["Dagger Spray","Slice","Concentrate"],"picked":"SKIP","floor":25.0},{"not_picked":["Dodge and Roll","Cloak And Dagger","PiercingWail"],"picked":"SKIP","floor":28.0},{"not_picked":["Doppelganger","Corpse Explosion"],"picked":"Night Terror","floor":33.0},{"not_picked":["Quick Slash","Outmaneuver","Deadly Poison"],"picked":"SKIP","floor":35.0},{"not_picked":["Distraction","Outmaneuver","Flying Knee"],"picked":"SKIP","floor":39.0},{"not_picked":["Bane+1","Riddle With Holes","Leg Sweep"],"picked":"SKIP","floor":41.0},{"not_picked":["Slice","Cloak And Dagger","PiercingWail"],"picked":"SKIP","floor":46.0},{"not_picked":["Crippling Poison","Dodge and Roll+1"],"picked":"Footwork","floor":47.0},{"not_picked":["Blade Dance","Backstab"],"picked":"Distraction+1","floor":55}],"player_experience":2614404,"relics_obtained":[{"floor":7.0,"key":"Thread and Needle"},{"floor":11.0,"key":"PreservedInsect"},{"floor":14.0,"key":"Turnip"},{"floor":26.0,"key":"Ornamental Fan"},{"floor":28.0,"key":"Bottled Lightning"},{"floor":37.0,"key":"Ginger"},{"floor":43.0,"key":"Letter Opener"},{"floor":44.0,"key":"Gremlin Horn"},{"floor":47.0,"key":"Oddly Smooth Stone"},{"floor":55,"key":"Dead Branch"}],"event_choices":[{"damage_healed":0.0,"max_hp_gain":0.0,"max_hp_loss":6.0,"gold_gain":0.0,"event_name":"Golden Idol","player_choice":"Lose Max HP","floor":5.0,"gold_loss":0.0,"damage_taken":0.0,"relics_obtained":["Golden Idol"]},{"damage_healed":0.0,"max_hp_gain":0.0,"max_hp_loss":0.0,"gold_gain":0.0,"event_name":"Dead Adventurer","player_choice":"Searched \u00271\u0027 times","floor":11.0,"gold_loss":0.0,"damage_taken":0.0},{"damage_healed":12.0,"max_hp_gain":0.0,"max_hp_loss":0.0,"gold_gain":0.0,"event_name":"The Library","player_choice":"Heal","floor":20.0,"gold_loss":0.0,"damage_taken":0.0},{"damage_healed":0.0,"max_hp_gain":0.0,"max_hp_loss":0.0,"gold_gain":0.0,"event_name":"Forgotten Altar","player_choice":"Gave Idol","floor":21.0,"relics_lost":["Golden Idol"],"gold_loss":0.0,"damage_taken":0.0,"relics_obtained":["Bloody Idol"]},{"damage_healed":0.0,"max_hp_gain":0.0,"max_hp_loss":0.0,"gold_gain":0.0,"event_name":"Lab","player_choice":"Got Potions","floor":22.0,"gold_loss":0.0,"damage_taken":0.0},{"damage_healed":0.0,"max_hp_gain":0.0,"max_hp_loss":30.0,"gold_gain":0.0,"event_name":"Ghosts","player_choice":"Became a Ghost","floor":27.0,"gold_loss":0.0,"damage_taken":0.0,"cards_obtained":["Ghostly","Ghostly","Ghostly"]},{"damage_healed":0.0,"max_hp_gain":0.0,"max_hp_loss":0.0,"gold_gain":0.0,"event_name":"Vampires","player_choice":"Ignored","floor":30.0,"gold_loss":0.0,"damage_taken":0.0},{"cards_removed":["Strike_G"],"damage_healed":0.0,"max_hp_gain":0.0,"max_hp_loss":0.0,"gold_gain":0.0,"event_name":"Beggar","player_choice":"Gave Gold","floor":31.0,"gold_loss":75.0,"damage_taken":0.0},{"damage_healed":0.0,"max_hp_gain":0.0,"max_hp_loss":2.0,"gold_gain":0.0,"event_name":"Winding Halls","player_choice":"Max HP","floor":36.0,"gold_loss":0.0,"damage_taken":0.0},{"damage_healed":0.0,"max_hp_gain":0.0,"max_hp_loss":0.0,"gold_gain":0.0,"event_name":"MindBloom","player_choice":"Fight","floor":37.0,"gold_loss":0.0,"damage_taken":0.0}],"is_beta":false,"boss_relics":[{"not_picked":["Snecko Eye","Ectoplasm"],"picked":"Runic Dome"},{"not_picked":["Philosopher\u0027s Stone","Eternal Feather"],"picked":"Coffee Dripper"}],"items_purged_floors":[3,19,38,48],"is_endless":false,"potions_floor_spawned":[7,11,18,24,28,35,41,47,55],"ascension_level":20}