{"gold_per_floor":[115,135,105,124,142,142,176,176,176,186,198,215,246,246,246,351,351,369,385,300,314,156,156,187,232,313,313,347,347,360,376,376,480,480,499,399,414,211,123,123],"floor_reached":40,"playtime":5158,"items_purged":["Strike_R","Strike_R","Strike_R"],"score":460,"play_id":"fedb2ea9-cc8c-401a-9675-643130a7478c","local_time":"20190711040730","is_ascension_mode":true,"campfire_choices":[{"data":"Immolate","floor":6,"key":"SMITH"},{"data":"Battle Trance","floor":8,"key":"SMITH"},{"data":"Shockwave","floor":15,"key":"SMITH"},{"data":"Flame Barrier","floor":23,"key":"SMITH"},{"floor":27,"key":"REST"},{"data":"Bludgeon","floor":29,"key":"SMITH"},{"data":"Dark Shackles","floor":32,"key":"SMITH"}],"neow_cost":"NONE","seed_source_timestamp":5271398407904,"circlet_count":0,"master_deck":["Strike_R","Strike_R","Defend_R","Defend_R","Defend_R","Defend_R","Bash","Immolate+1","Pommel Strike","Shrug It Off","Battle Trance+1","Metallicize","Ghostly Armor","Metallicize","Shockwave+1","Uppercut","Impervious","Pummel","Rampage","Anger","Rupture","Bloodletting","Flame Barrier+1","Wild Strike+1","Clash","Dark Shackles+1","Bludgeon+1","Evolve","Infernal Blade+1","Demon Form","Whirlwind+1","Power Through+1","Seeing Red","Mind Blast"],"relics":["Black Blood","Bottled Lightning","Bottled Flame","Kunai","FossilizedHelix","Orrery","Pantograph","Ginger","Bag of Preparation","Shuriken","Strawberry"],"potions_floor_usage":[28,28,33,40,40],"damage_taken":[{"damage":5,"enemies":"Small Slimes","floor":1,"turns":2},{"damage":0,"enemies":"Cultist","floor":2,"turns":2},{"damage":11,"enemies":"Jaw Worm","floor":4,"turns":4},{"damage":8,"enemies":"Lots of Slimes","floor":5,"turns":2},{"damage":26,"enemies":"3 Sentries","floor":7,"turns":6},{"damage":0,"enemies":"Large Slime","floor":10,"turns":4},{"damage":0,"enemies":"3 Louse","floor":11,"turns":1},{"damage":3,"enemies":"Looter","floor":12,"turns":4},{"damage":9,"enemies":"Lagavulin","floor":13,"turns":7},{"damage":33,"enemies":"Hexaghost","floor":16,"turns":11},{"damage":10,"enemies":"Chosen","floor":18,"turns":6},{"damage":2,"enemies":"Shell Parasite","floor":19,"turns":9},{"damage":31,"enemies":"Snake Plant","floor":21,"turns":6},{"damage":29,"enemies":"Book of Stabbing","floor":24,"turns":6},{"damage":47,"enemies":"Slavers","floor":28,"turns":6},{"damage":9,"enemies":"Shelled Parasite and Fungi","floor":30,"turns":6},{"damage":7,"enemies":"Chosen and Byrds","floor":31,"turns":6},{"damage":54,"enemies":"Automaton","floor":33,"turns":10},{"damage":21,"enemies":"3 Shapes","floor":35,"turns":3},{"damage":70,"enemies":"3 Darklings","floor":37,"turns":10},{"damage":16,"enemies":"Giant Head","floor":40,"turns":7}],"seed_played":"8390383074621919327","potions_obtained":[{"floor":1,"key":"Poison Potion"},{"floor":3,"key":"Swift Potion"},{"floor":3,"key":"BloodPotion"},{"floor":4,"key":"Regen Potion"},{"floor":10,"key":"Block Potion"},{"floor":28,"key":"GamblersBrew"},{"floor":31,"key":"FearPotion"},{"floor":33,"key":"Dexterity Potion"},{"floor":35,"key":"EssenceOfSteel"}],"is_trial":false,"path_per_floor":["M","M","?","M","M","R","E","R","T","M","M","M","E","?","R","B",null,"M","M","?","M","$","R","E","T","T","R","E","R","M","M","R","B",null,"M","$","M","$","$","E"],"character_chosen":"IRONCLAD","items_purchased":["Dark Shackles","Seeing Red","Mind Blast"],"campfire_rested":1,"item_purchase_floors":[22,38,39],"current_hp_per_floor":[80,80,80,75,73,73,53,53,53,59,65,68,65,58,58,31,80,76,80,80,55,55,55,32,32,32,56,51,51,48,47,47,24,87,76,76,16,16,16,0],"gold":123,"neow_bonus":"ONE_RANDOM_RARE_CARD","is_prod":false,"is_daily":false,"chose_seed":false,"campfire_upgraded":6,"win_rate":0,"timestamp":1562836050,"path_taken":["M","M","?","M","M","R","E","R","T","M","M","?","E","?","R","BOSS","M","M","?","M","$","R","E","?","T","R","E","R","M","M","R","BOSS","M","$","M","?","$","E"],"build_version":"2019-07-05","purchased_purges":3,"victory":false,"max_hp_per_floor":[80,80,80,80,80,80,80,80,80,80,80,80,80,80,80,80,80,80,80,80,80,80,80,80,80,80,80,87,87,87,87,87,87,87,87,87,87,87,87,87],"card_choices":[{"not_picked":["Sever Soul","Corruption"],"picked":"Pommel Strike","floor":1},{"not_picked":["Anger","Warcry"],"picked":"Shrug It Off","floor":2},{"not_picked":["Clothesline","Shrug It Off"],"picked":"Battle Trance","floor":4},{"not_picked":["Shrug It Off","Wild Strike"],"picked":"Metallicize","floor":5},{"not_picked":["Clothesline","Uppercut"],"picked":"Ghostly Armor","floor":7},{"not_picked":["Wild Strike","Thunderclap"],"picked":"Metallicize","floor":10},{"not_picked":["Thunderclap","Flex","Wild Strike"],"picked":"SKIP","floor":11},{"not_picked":["Intimidate","Rupture"],"picked":"Shockwave","floor":12},{"not_picked":["Limit Break","Headbutt"],"picked":"Uppercut","floor":13},{"not_picked":["Brutality","Dark Embrace"],"picked":"Impervious","floor":16},{"not_picked":["True Grit","Wild Strike"],"picked":"Pummel","floor":17},{"not_picked":["Thunderclap","Burning Pact"],"picked":"Rampage","floor":17},{"not_picked":["Entrench","Heavy Blade"],"picked":"Anger","floor":17},{"not_picked":["Thunderclap","Flex"],"picked":"Rupture","floor":17},{"not_picked":["Disarm","Corruption"],"picked":"Bloodletting","floor":17},{"not_picked":["Body Slam","Battle Trance"],"picked":"Flame Barrier","floor":18},{"not_picked":["Flex+1","Warcry+1"],"picked":"Wild Strike+1","floor":19},{"not_picked":["Anger","Armaments+1"],"picked":"Clash","floor":21},{"not_picked":["True Grit+1","Pommel Strike"],"picked":"Bludgeon","floor":24},{"not_picked":["Flex","Headbutt+1"],"picked":"Evolve","floor":28},{"not_picked":["Rampage","Entrench","Pommel Strike"],"picked":"SKIP","floor":30},{"not_picked":["Perfected Strike+1","Shockwave+1"],"picked":"Infernal Blade+1","floor":31},{"not_picked":["Impervious","Offering"],"picked":"Demon Form","floor":33},{"not_picked":["Perfected Strike+1","Twin Strike+1"],"picked":"Whirlwind+1","floor":35},{"not_picked":["Warcry+1","Flex+1"],"picked":"Power Through+1","floor":37}],"player_experience":115280,"relics_obtained":[{"floor":7,"key":"Bottled Lightning"},{"floor":9,"key":"Bottled Flame"},{"floor":13,"key":"Kunai"},{"floor":24,"key":"Ginger"},{"floor":25,"key":"Bag of Preparation"},{"floor":26,"key":"Shuriken"},{"floor":28,"key":"Strawberry"}],"event_choices":[{"damage_healed":0,"gold_gain":0,"player_choice":"Bought 2 Potions","damage_taken":0,"max_hp_gain":0,"max_hp_loss":0,"event_name":"The Woman in Blue","floor":3,"gold_loss":0},{"damage_healed":0,"gold_gain":0,"player_choice":"Success","damage_taken":7,"relics_obtained":["FossilizedHelix"],"max_hp_gain":0,"max_hp_loss":0,"event_name":"Scrap Ooze","floor":14,"gold_loss":0},{"damage_healed":0,"gold_gain":0,"player_choice":"Obtained Relic","damage_taken":0,"relics_obtained":["Pantograph"],"max_hp_gain":0,"max_hp_loss":0,"event_name":"Addict","floor":20,"gold_loss":85}],"is_beta":false,"boss_relics":[{"not_picked":["Busted Crown","Coffee Dripper"],"picked":"Orrery"},{"not_picked":["White Beast Statue","Eternal Feather"],"picked":"Black Blood"}],"items_purged_floors":[22,36,38],"is_endless":false,"potions_floor_spawned":[1,4,10,11,21,28,31,33,35,37],"killed_by":"Giant Head","ascension_level":1}