{"gold_per_floor":[109,109,128,51,51,51,77,77,77,97,97,108,108,124,124,221,221,240,259,259,259,276,276,287,303,327,327,327,171,202,214,214,319,319,339,352,252,271,283,313,325,337,349,361,393,405,140,158,158,158],"floor_reached":51,"playtime":3550,"items_purged":["Strike_R","Strike_R","Defend_R"],"score":824,"play_id":"1d48298c-7263-450b-b77c-ff98358e6417","local_time":"20190719184654","is_ascension_mode":false,"campfire_choices":[{"data":"Bash","floor":6.0,"key":"SMITH"},{"data":"Rampage","floor":8.0,"key":"SMITH"},{"data":"Dropkick","floor":11.0,"key":"SMITH"},{"data":"Sever Soul","floor":13.0,"key":"SMITH"},{"data":"True Grit","floor":15.0,"key":"SMITH"},{"data":"Burning Pact","floor":23.0,"key":"SMITH"},{"data":"Bloodletting","floor":28.0,"key":"SMITH"},{"data":"Dropkick","floor":32.0,"key":"SMITH"},{"data":"Shockwave","floor":41.0,"key":"SMITH"},{"data":"Impervious","floor":44,"key":"SMITH"},{"data":"Defend_R","floor":49,"key":"SMITH"}],"neow_cost":"TEN_PERCENT_HP_LOSS","seed_source_timestamp":0,"circlet_count":0,"master_deck":["Defend_R+1","Bash+1","Sever Soul+1","Dropkick+1","Rampage+1","True Grit+1","Reaper","Shrug It Off+1","Burning Pact+1","Shockwave+1","Bloodletting+1","Dropkick+1","Impervious+1"],"special_seed":0,"relics":["Burning Blood","Art of War","Ornamental Fan","Runic Pyramid","Centennial Puzzle","Du-Vu Doll","Pen Nib","Cursed Key","MawBank","Anchor"],"potions_floor_usage":[50,50,50,50,50],"damage_taken":[{"damage":2.0,"enemies":"2 Louse","floor":1.0,"turns":3.0},{"damage":8.0,"enemies":"Small Slimes","floor":3.0,"turns":3.0},{"damage":31.0,"enemies":"Lagavulin","floor":7.0,"turns":5.0},{"damage":1.0,"enemies":"Jaw Worm","floor":10.0,"turns":4.0},{"damage":7.0,"enemies":"Blue Slaver","floor":12.0,"turns":2.0},{"damage":7.0,"enemies":"3 Louse","floor":14.0,"turns":3.0},{"damage":23.0,"enemies":"Hexaghost","floor":16.0,"turns":6.0},{"damage":10.0,"enemies":"Shell Parasite","floor":18.0,"turns":4.0},{"damage":19.0,"enemies":"Spheric Guardian","floor":19.0,"turns":7.0},{"damage":24.0,"enemies":"3 Cultists","floor":22.0,"turns":6.0},{"damage":5.0,"enemies":"Sentry and Sphere","floor":24.0,"turns":7.0},{"damage":0.0,"enemies":"Snecko","floor":25.0,"turns":5.0},{"damage":6.0,"enemies":"Book of Stabbing","floor":30.0,"turns":3.0},{"damage":11.0,"enemies":"Centurion and Healer","floor":31.0,"turns":5.0},{"damage":9.0,"enemies":"Champ","floor":33.0,"turns":3.0},{"damage":9.0,"enemies":"3 Shapes","floor":35.0,"turns":5.0},{"damage":3.0,"enemies":"3 Darklings","floor":36.0,"turns":3.0},{"damage":3.0,"enemies":"Maw","floor":38.0,"turns":3.0},{"damage":8.0,"enemies":"Writhing Mass","floor":39.0,"turns":3.0},{"damage":3.0,"enemies":"Nemesis","floor":40.0,"turns":3.0},{"damage":3,"enemies":"Spire Growth","floor":45,"turns":2},{"damage":12,"enemies":"Sphere and 2 Shapes","floor":48,"turns":2},{"damage":6,"enemies":"Awakened One","floor":50,"turns":2}],"seed_played":"3518272116498455236","potions_obtained":[{"floor":7.0,"key":"Strength Potion"},{"floor":12.0,"key":"Swift Potion"},{"floor":16.0,"key":"Swift Potion"},{"floor":25.0,"key":"EntropicBrew"},{"floor":31.0,"key":"PowerPotion"}],"is_trial":false,"path_per_floor":["M","?","M","$","?","R","E","R","T","M","R","M","R","M","R","B",null,"M","M","?","?","M","R","M","M","T","T","R","$","E","M","R","B",null,"M","M","$","M","M","E","R","?","T","R","M","?","$","M","R","B",null],"character_chosen":"IRONCLAD","items_purchased":["Dropkick","Dropkick","Anchor"],"campfire_rested":0,"item_purchase_floors":[4,29,47],"current_hp_per_floor":[72,65,63,63,68,68,43,43,43,48,48,47,47,46,46,29,77,77,64,50,50,44,44,49,55,55,55,55,55,61,62,62,59,82,82,82,82,82,80,82,82,82,82,82,82,82,82,79,79,82],"gold":158,"neow_bonus":"REMOVE_TWO","is_prod":false,"is_daily":false,"chose_seed":false,"campfire_upgraded":11,"win_rate":0,"timestamp":1563533214,"path_taken":["M","?","M","$","?","R","E","R","T","M","R","M","R","M","R","BOSS","M","M","?","?","M","R","M","M","T","?","R","$","E","M","R","BOSS","M","M","$","M","M","E","R","?","T","R","?","?","$","?","R","BOSS"],"build_version":"2019-07-17","purchased_purges":3,"victory":true,"max_hp_per_floor":[72,72,72,72,77,77,77,77,77,77,77,77,77,77,77,77,77,77,77,82,82,82,82,82,82,82,82,82,82,82,82,82,82,82,82,82,82,82,82,82,82,82,82,82,82,82,82,82,82,82],"card_choices":[{"not_picked":["Clothesline","Sentinel","Pommel Strike"],"picked":"SKIP","floor":1.0},{"not_picked":["Cleave","Iron Wave"],"picked":"Sever Soul","floor":3.0},{"not_picked":["Headbutt","Flex"],"picked":"Rampage","floor":7.0},{"not_picked":["Shrug It Off","Entrench","Sword Boomerang"],"picked":"SKIP","floor":10.0},{"not_picked":["Heavy Blade","Bloodletting","Wild Strike"],"picked":"SKIP","floor":12.0},{"not_picked":["Combust","Pommel Strike"],"picked":"True Grit","floor":14.0},{"not_picked":["Immolate","Limit Break"],"picked":"Reaper","floor":16.0},{"not_picked":["Armaments","Warcry","Twin Strike"],"picked":"SKIP","floor":18.0},{"not_picked":["Clash","Cleave"],"picked":"Shrug It Off+1","floor":19.0},{"not_picked":["Heavy Blade","Double Tap"],"picked":"Burning Pact","floor":22.0},{"not_picked":["Rupture+1","True Grit"],"picked":"Shockwave","floor":24.0},{"not_picked":["Whirlwind+1","Iron Wave+1"],"picked":"Bloodletting","floor":25.0},{"not_picked":["Pummel","Warcry"],"picked":"Impervious","floor":30.0},{"not_picked":["Body Slam","Corruption","Rupture"],"picked":"SKIP","floor":31.0},{"not_picked":["Bloodletting","True Grit+1","Anger+1"],"picked":"SKIP","floor":35.0},{"not_picked":["Pommel Strike+1","Iron Wave+1","True Grit+1"],"picked":"SKIP","floor":36.0},{"not_picked":["Combust","Clash+1","Rage"],"picked":"SKIP","floor":38.0},{"not_picked":["Combust+1","Feel No Pain+1","True Grit+1"],"picked":"SKIP","floor":39.0},{"not_picked":["Wild Strike+1","Immolate","Battle Trance"],"picked":"SKIP","floor":40.0},{"not_picked":["Iron Wave+1","Uppercut+1","Shrug It Off+1"],"picked":"SKIP","floor":45},{"not_picked":["Wild Strike","Shrug It Off+1","True Grit"],"picked":"SKIP","floor":48}],"player_experience":5793700,"relics_obtained":[{"floor":7.0,"key":"Art of War"},{"floor":9.0,"key":"Ornamental Fan"},{"floor":26.0,"key":"Centennial Puzzle"},{"floor":27.0,"key":"Du-Vu Doll"},{"floor":30.0,"key":"Pen Nib"},{"floor":40.0,"key":"MawBank"}],"event_choices":[{"cards_removed":["Strike_R"],"damage_healed":0.0,"max_hp_gain":0.0,"max_hp_loss":0.0,"gold_gain":0.0,"event_name":"Golden Wing","player_choice":"Card Removal","floor":2.0,"gold_loss":0.0,"damage_taken":7.0},{"damage_healed":0.0,"max_hp_gain":5.0,"max_hp_loss":0.0,"gold_gain":0.0,"event_name":"Big Fish","player_choice":"Donut","floor":5.0,"gold_loss":0.0,"damage_taken":0.0},{"damage_healed":0.0,"max_hp_gain":5.0,"max_hp_loss":0.0,"gold_gain":0.0,"event_name":"Forgotten Altar","player_choice":"Shed Blood","floor":20.0,"gold_loss":0.0,"damage_taken":19.0},{"damage_healed":0.0,"max_hp_gain":0.0,"max_hp_loss":0.0,"gold_gain":0.0,"event_name":"Vampires","player_choice":"Ignored","floor":21.0,"gold_loss":0.0,"damage_taken":0.0},{"cards_removed":["Defend_R"],"damage_healed":0.0,"max_hp_gain":0.0,"max_hp_loss":0.0,"gold_gain":0.0,"event_name":"Purifier","player_choice":"Purged","floor":42.0,"gold_loss":0.0,"damage_taken":0.0},{"cards_removed":["Defend_R"],"damage_healed":0,"gold_gain":0,"player_choice":"Offered Basic","damage_taken":0,"max_hp_gain":0,"max_hp_loss":0,"event_name":"Bonfire Elementals","floor":46,"gold_loss":0}],"is_beta":false,"boss_relics":[{"not_picked":["Astrolabe","Snecko Eye"],"picked":"Runic Pyramid"},{"not_picked":["Fusion Hammer","Lizard Tail"],"picked":"Cursed Key"}],"items_purged_floors":[29,37,47],"is_endless":false,"potions_floor_spawned":[7,12,16,18,22,25,31,35,39],"ascension_level":0}