{"path_per_floor":["M","M","M","?","$","E","T","R","T","?","?","$","?","M","R","B",null,"M","?","M","M","$","R","?","T","T","R","E","R","M","$","R","B",null,"M","M","?","?","M","E","R","E","T","M","$","M","M","M","R","B"],"character_chosen":"IRONCLAD","items_purchased":["Limit Break","Singing Bowl","Perfected Strike","Madness","Jack Of All Trades","Bottled Flame"],"gold_per_floor":[114,129,144,319,6,36,61,61,111,61,61,7,7,22,22,122,122,137,137,152,167,78,78,78,78,78,78,108,108,123,34,34,134,134,149,164,164,164,179,209,209,239,239,254,4,19,34,49,49,49],"floor_reached":51,"campfire_rested":1,"playtime":1632,"current_hp_per_floor":[80,80,80,80,80,62,62,62,62,62,55,55,30,38,63,71,86,86,86,88,84,84,84,68,68,70,70,76,76,82,82,82,90,94,96,98,98,98,92,89,89,95,95,98,98,100,102,104,104,104],"items_purged":[],"gold":49,"score":1027,"play_id":"7c8f7a3f-5120-453d-bf2a-616e9938f88b","local_time":"20180326122849","daily_mods":["Time Dilation","Lethality","Hoarder"],"is_prod":false,"is_daily":true,"is_ascension_mode":false,"campfire_upgraded":7,"timestamp":1522038529,"path_taken":["M","?","M","?","$","E","?","R","T","?","?","?","?","M","R","BOSS","M","?","?","M","?","R","?","?","T","R","E","R","M","$","R","BOSS","M","M","?","?","M","E","R","E","T","M","$","M","?","?","R","BOSS"],"build_version":"2018-03-22v2","purchased_purges":0,"victory":true,"master_deck":["Strike_R","Strike_R","Strike_R","Strike_R","Strike_R","Defend_R","Bash","Shrug It Off","Shrug It Off","Shrug It Off","Perfected Strike+1","Perfected Strike+1","Perfected Strike+1","Doubt","Limit Break","Limit Break","Limit Break","Perfected Strike+1","Perfected Strike","Perfected Strike","Flame Barrier+1","Flame Barrier+1","Flame Barrier+1","Heavy Blade+1","Heavy Blade+1","Heavy Blade+1","Dark Embrace+1","Dark Embrace+1","Dark Embrace+1","Shrug It Off","Shrug It Off","Shrug It Off","Madness","Madness+1","Madness+1","Trip","Trip","Trip","True Grit+1","True Grit+1","True Grit+1","Shrug It Off","Shrug It Off","Shrug It Off","Jack Of All Trades+1","Jack Of All Trades","Jack Of All Trades","Perfected Strike+1","Perfected Strike+1","Perfected Strike+1","Perfected Strike+1","Perfected Strike+1","Perfected Strike+1","Warcry+1","Warcry+1","Warcry+1","Corruption+1","Corruption+1","Corruption+1","Shrug It Off+1","Shrug It Off+1","Shrug It Off+1","Pommel Strike+1","Pommel Strike+1","Pommel Strike+1"],"max_hp_per_floor":[80,80,80,80,80,82,82,82,82,82,82,82,82,84,84,86,86,86,86,88,90,90,90,90,90,92,92,92,92,92,92,92,94,94,96,98,98,98,98,100,100,100,100,100,100,100,102,104,104,104],"relics":["Burning Blood","Singing Bowl","Matryoshka","Ancient Tea Set","Bag of Preparation","Darkstone Periapt","Happy Flower","Ornamental Fan","Astrolabe","Prayer Wheel","Ice Cream","Toolbox","Philosopher\u0027s Stone","Vajra","Pantograph","Red Skull","Bottled Flame"],"card_choices":[{"not_picked":["Armaments","Thunderclap"],"picked":"Shrug It Off","floor":2},{"not_picked":["Rampage","Havoc"],"picked":"Perfected Strike","floor":3},{"not_picked":["Body Slam","Headbutt"],"picked":"Shrug It Off","floor":18},{"not_picked":["Infernal Blade","Headbutt"],"picked":"True Grit","floor":28},{"not_picked":["Heavy Blade","Sword Boomerang"],"picked":"Shrug It Off","floor":30},{"not_picked":["Wild Strike","Flex"],"picked":"Perfected Strike","floor":39},{"not_picked":["Intimidate","Hemokinesis"],"picked":"Warcry","floor":42},{"not_picked":["Hemokinesis","Heavy Blade"],"picked":"Corruption","floor":43},{"not_picked":["Heavy Blade","Iron Wave"],"picked":"Shrug It Off","floor":44},{"not_picked":["Heavy Blade","Headbutt"],"picked":"Pommel Strike","floor":46}],"player_experience":316121,"potions_floor_usage":[28,35,39,50,50],"damage_taken":[{"damage":0,"enemies":"Cultist","floor":1,"turns":2},{"damage":0,"enemies":"Small Slimes","floor":2,"turns":2},{"damage":0,"enemies":"Jaw Worm","floor":3,"turns":3},{"damage":26,"enemies":"Gremlin Nob","floor":6,"turns":4},{"damage":0,"enemies":"3 Louse","floor":14,"turns":2},{"damage":0,"enemies":"Slime Boss","floor":16,"turns":3},{"damage":0,"enemies":"Shell Parasite","floor":18,"turns":3},{"damage":0,"enemies":"Spheric Guardian","floor":20,"turns":1},{"damage":12,"enemies":"Centurion and Healer","floor":21,"turns":5},{"damage":0,"enemies":"Slavers","floor":28,"turns":2},{"damage":0,"enemies":"3 Cultists","floor":30,"turns":2},{"damage":0,"enemies":"Collector","floor":33,"turns":2},{"damage":6,"enemies":"Orb Walker","floor":35,"turns":3},{"damage":0,"enemies":"3 Shapes","floor":36,"turns":2},{"damage":12,"enemies":"3 Darklings","floor":39,"turns":3},{"damage":11,"enemies":"2 Orb Walkers","floor":40,"turns":2},{"damage":0,"enemies":"Nemesis","floor":42,"turns":1},{"damage":3,"enemies":"4 Shapes","floor":44,"turns":2},{"damage":0,"enemies":"Maw","floor":46,"turns":3},{"damage":0,"enemies":"3 Darklings","floor":47,"turns":2},{"damage":0,"enemies":"4 Shapes","floor":48,"turns":2},{"damage":2,"enemies":"Donu and Deca","floor":50,"turns":4}],"event_choices":[{"event_name":"Liars Game","player_choice":"agreed","floor":4,"damage_taken":0},{"event_name":"The Cleric","player_choice":"Card Removal","floor":10,"damage_taken":0},{"event_name":"Golden Wing","player_choice":"Card Removal","floor":11,"damage_taken":0},{"event_name":"Scrap Ooze","player_choice":"success","floor":13,"damage_taken":25},{"event_name":"The Mausoleum","player_choice":"No","floor":19,"damage_taken":0},{"event_name":"Knowing Skull","player_choice":"CARD ","floor":24,"damage_taken":0},{"event_name":"Tomb of Lord Red Mask","player_choice":"Ignored","floor":37,"damage_taken":0},{"event_name":"Duplicator","player_choice":"One dupe","floor":38,"damage_taken":0}],"boss_relics":[{"not_picked":["Sozu","Question Card"],"picked":"Astrolabe"},{"not_picked":["Tiny House","Snecko Eye"],"picked":"Philosopher\u0027s Stone"}],"potions_floor_spawned":[1,3,6,20,21,30,36,40,44,46,48],"seed_played":"5744524933272245147","ascension_level":0,"is_trial":false}