{"gold_per_floor":[113,113,113,126,51,94,109,124,124,124,49,68,68,112,112,203,203,222,235,285,309,329,329,329,363,415,259,273,308,308,326,326,419,419,442,442,40,64,64,107,107,127,154,189,189,189,213,63,63,63,63,63,63,7,50,50],"floor_reached":57,"playtime":3328,"items_purged":["Strike_G","Strike_G","Poisoned Stab","Dagger Throw+1"],"score":3445,"play_id":"70c802c6-fe8b-492c-b222-575c100793d8","local_time":"20190731224251","is_ascension_mode":true,"campfire_choices":[{"data":"Deadly Poison","floor":13.0,"key":"SMITH"},{"data":"Well Laid Plans","floor":15.0,"key":"SMITH"},{"data":"Burst","floor":23.0,"key":"SMITH"},{"data":"Acrobatics","floor":30.0,"key":"SMITH"},{"data":"Tactician","floor":32.0,"key":"SMITH"},{"floor":41.0,"key":"RECALL"},{"floor":49.0,"key":"REST"},{"floor":53.0,"key":"REST"}],"neow_cost":"NONE","seed_source_timestamp":393263180591245,"circlet_count":0,"master_deck":["AscendersBane","Survivor+1","Neutralize+1","PiercingWail+1","Deadly Poison+1","Escape Plan+1","Well Laid Plans+1","Burst+1","Corpse Explosion+1","Acrobatics+1","Ghostly+1","Ghostly+1","Ghostly+1","Tactician+1","Prepared+1","Escape Plan+1","Adrenaline+1","Night Terror+1","Concentrate+1","Well Laid Plans+1","A Thousand Cuts+1","Calculated Gamble+1","AscendersBane"],"special_seed":0,"relics":["Ring of the Snake","NeowsBlessing","Golden Idol","Art of War","Kunai","Dodecahedron","Sundial","Philosopher\u0027s Stone","Tingsha","PreservedInsect","Frozen Egg 2","Pandora\u0027s Box","CultistMask","Letter Opener","Meat on the Bone","Potion Belt","Mark of the Bloom","Happy Flower"],"potions_floor_usage":[56],"damage_taken":[{"damage":0.0,"enemies":"2 Louse","floor":1.0,"turns":1.0},{"damage":0.0,"enemies":"Jaw Worm","floor":4.0,"turns":1.0},{"damage":0.0,"enemies":"Gremlin Nob","floor":6.0,"turns":1.0},{"damage":0.0,"enemies":"Cultist","floor":7.0,"turns":5.0},{"damage":12.0,"enemies":"Large Slime","floor":8.0,"turns":10.0},{"damage":0.0,"enemies":"Blue Slaver","floor":12.0,"turns":6.0},{"damage":18.0,"enemies":"Lagavulin","floor":14.0,"turns":7.0},{"damage":0.0,"enemies":"The Guardian","floor":16.0,"turns":9.0},{"damage":9.0,"enemies":"Spheric Guardian","floor":18.0,"turns":4.0},{"damage":13.0,"enemies":"Shell Parasite","floor":19.0,"turns":5.0},{"damage":6.0,"enemies":"3 Cultists","floor":21.0,"turns":4.0},{"damage":10.0,"enemies":"Sentry and Sphere","floor":22.0,"turns":3.0},{"damage":0.0,"enemies":"Slavers","floor":25.0,"turns":5.0},{"damage":0.0,"enemies":"Centurion and Healer","floor":28.0,"turns":5.0},{"damage":0.0,"enemies":"Gremlin Leader","floor":29.0,"turns":5.0},{"damage":0.0,"enemies":"Snake Plant","floor":31.0,"turns":4.0},{"damage":0.0,"enemies":"Champ","floor":33.0,"turns":11.0},{"damage":0.0,"enemies":"3 Shapes","floor":35.0,"turns":2.0},{"damage":0.0,"enemies":"3 Darklings","floor":38.0,"turns":3.0},{"damage":0.0,"enemies":"Reptomancer","floor":40.0,"turns":3.0},{"damage":0.0,"enemies":"Maw","floor":42.0,"turns":4.0},{"damage":0.0,"enemies":"Nemesis","floor":44.0,"turns":4.0},{"damage":0.0,"enemies":"Jaw Worm Horde","floor":47.0,"turns":2.0},{"damage":0.0,"enemies":"Time Eater","floor":50.0,"turns":9.0},{"damage":0.0,"enemies":"Donu and Deca","floor":51.0,"turns":5.0},{"damage":0.0,"enemies":"Shield and Spear","floor":55.0,"turns":5.0},{"damage":17,"enemies":"The Heart","floor":56,"turns":17}],"seed_played":"2399744492299743279","potions_obtained":[{"floor":1.0,"key":"AttackPotion"},{"floor":8.0,"key":"Dexterity Potion"},{"floor":16.0,"key":"Fire Potion"},{"floor":22.0,"key":"Regen Potion"},{"floor":28.0,"key":"SteroidPotion"},{"floor":29.0,"key":"Explosive Potion"},{"floor":44.0,"key":"SteroidPotion"},{"floor":55.0,"key":"Weak Potion"}],"is_trial":false,"path_per_floor":["M","?","?","M","$","E","M","M","T","T","?","M","R","E","R","B",null,"M","M","?","M","M","R","?","E","T","$","M","E","R","M","R","B",null,"M","?","$","M","?","E","R","M","T","E","?","?","M","$","R","B","B",null,"R","$","E","B",null],"character_chosen":"THE_SILENT","items_purchased":["Prepared","Letter Opener","Explosive Potion"],"campfire_rested":2,"item_purchase_floors":[27,37,54],"current_hp_per_floor":[59,59,52,52,52,52,52,40,40,40,40,40,40,22,22,22,51,42,29,29,23,13,13,13,28,28,28,28,28,28,28,28,28,30,30,30,30,30,30,30,30,30,30,30,30,30,30,30,30,30,30,30,30,30,30,13],"gold":50,"neow_bonus":"THREE_ENEMY_KILL","is_prod":false,"is_daily":false,"chose_seed":false,"campfire_upgraded":5,"win_rate":0,"timestamp":1564584171,"path_taken":["M","?","?","M","$","E","M","M","T","?","?","M","R","E","R","BOSS","M","M","?","M","?","R","?","E","T","$","M","E","R","M","R","BOSS","M","?","$","?","?","E","R","?","T","E","?","?","M","$","R","BOSS","BOSS","R","$","E","BOSS"],"build_version":"2019-07-17","purchased_purges":4,"victory":true,"max_hp_per_floor":[66,60,60,60,60,60,60,60,60,60,60,60,60,60,60,60,60,60,60,60,60,60,60,30,30,30,30,30,30,30,30,30,30,30,30,30,30,30,30,30,30,30,30,30,30,30,30,30,30,30,30,30,30,30,30,30],"card_choices":[{"not_picked":["Skewer","Blade Dance","Accuracy"],"picked":"SKIP","floor":1.0},{"not_picked":["Skewer","Dagger Throw"],"picked":"PiercingWail","floor":4.0},{"not_picked":["Dagger Throw","Heel Hook"],"picked":"Deadly Poison","floor":6.0},{"not_picked":["Outmaneuver","Accuracy"],"picked":"Escape Plan","floor":7.0},{"not_picked":["Flechettes","Caltrops"],"picked":"Well Laid Plans","floor":8.0},{"not_picked":["Prepared","Dagger Throw"],"picked":"Burst","floor":12.0},{"not_picked":["Outmaneuver","Dagger Throw","Blade Dance"],"picked":"SKIP","floor":14.0},{"not_picked":["Glass Knife","Adrenaline"],"picked":"Corpse Explosion","floor":16.0},{"not_picked":["Prepared","Underhanded Strike+1","Dagger Throw"],"picked":"SKIP","floor":18.0},{"not_picked":["Sucker Punch+1","Slice","Prepared"],"picked":"SKIP","floor":19.0},{"not_picked":["Setup+1","Dagger Throw"],"picked":"Acrobatics","floor":21.0},{"not_picked":["Quick Slash","Dash","Outmaneuver"],"picked":"SKIP","floor":22.0},{"not_picked":["Infinite Blades","Masterful Stab"],"picked":"Tactician","floor":25.0},{"not_picked":["Setup","Outmaneuver+1"],"picked":"Escape Plan","floor":28.0},{"not_picked":["Flechettes","Predator"],"picked":"Adrenaline","floor":29.0},{"not_picked":["Leg Sweep","Bane","Cloak And Dagger"],"picked":"SKIP","floor":31.0},{"not_picked":["All Out Attack","Acrobatics","Deadly Poison+1"],"picked":"SKIP","floor":35.0},{"not_picked":["All Out Attack","Acrobatics","Deadly Poison+1"],"picked":"SKIP","floor":35.0},{"not_picked":["Flechettes","Quick Slash"],"picked":"Calculated Gamble","floor":38.0},{"not_picked":["Distraction","Underhanded Strike","Acrobatics"],"picked":"SKIP","floor":40.0},{"not_picked":["Accuracy+1","Poisoned Stab","Blade Dance"],"picked":"SKIP","floor":42.0},{"not_picked":["Finisher","Caltrops+1","Prepared"],"picked":"SKIP","floor":44.0},{"not_picked":["Unload","Flying Knee","Leg Sweep"],"picked":"SKIP","floor":47.0},{"not_picked":["Deadly Poison+1","Deflect","A Thousand Cuts+1"],"picked":"SKIP","floor":55.0},{"not_picked":["Deadly Poison+1","Deflect","A Thousand Cuts+1"],"picked":"SKIP","floor":55.0}],"player_experience":1707014,"relics_obtained":[{"floor":6.0,"key":"Art of War"},{"floor":9.0,"key":"Kunai"},{"floor":10.0,"key":"Dodecahedron"},{"floor":14.0,"key":"Sundial"},{"floor":25.0,"key":"Tingsha"},{"floor":26.0,"key":"PreservedInsect"},{"floor":29.0,"key":"Frozen Egg 2"},{"floor":40.0,"key":"Meat on the Bone"},{"floor":44.0,"key":"Potion Belt"},{"floor":55.0,"key":"Happy Flower"}],"event_choices":[{"damage_healed":0.0,"max_hp_gain":0.0,"max_hp_loss":6.0,"gold_gain":0.0,"event_name":"Golden Idol","player_choice":"Lose Max HP","floor":2.0,"gold_loss":0.0,"damage_taken":0.0,"relics_obtained":["Golden Idol"]},{"cards_removed":["Strike_G"],"damage_healed":0.0,"max_hp_gain":0.0,"max_hp_loss":0.0,"gold_gain":0.0,"event_name":"Golden Wing","player_choice":"Card Removal","floor":3.0,"gold_loss":0.0,"damage_taken":7.0},{"cards_removed":["Strike_G"],"damage_healed":0.0,"max_hp_gain":0.0,"max_hp_loss":0.0,"gold_gain":0.0,"event_name":"The Cleric","player_choice":"Card Removal","floor":11.0,"gold_loss":75.0,"damage_taken":0.0},{"damage_healed":0.0,"max_hp_gain":0.0,"max_hp_loss":0.0,"gold_gain":100.0,"event_name":"The Joust","player_choice":"Bet on Murderer","floor":20.0,"gold_loss":50.0,"damage_taken":0.0},{"damage_healed":0.0,"max_hp_gain":0.0,"max_hp_loss":30.0,"gold_gain":0.0,"event_name":"Ghosts","player_choice":"Became a Ghost","floor":24.0,"gold_loss":0.0,"damage_taken":0.0,"cards_obtained":["Ghostly","Ghostly","Ghostly"]},{"damage_healed":0.0,"max_hp_gain":0.0,"max_hp_loss":0.0,"gold_gain":0.0,"event_name":"FaceTrader","player_choice":"Trade","floor":36.0,"gold_loss":0.0,"damage_taken":0.0,"relics_obtained":["CultistMask"]},{"damage_healed":0.0,"max_hp_gain":0.0,"max_hp_loss":0.0,"gold_gain":0.0,"event_name":"Duplicator","player_choice":"Copied","floor":39.0,"gold_loss":0.0,"damage_taken":0.0,"cards_obtained":["AscendersBane"]},{"damage_healed":0.0,"max_hp_gain":0.0,"max_hp_loss":0.0,"gold_gain":0.0,"event_name":"MindBloom","player_choice":"Upgrade","floor":45.0,"gold_loss":0.0,"damage_taken":0.0,"cards_upgraded":["Survivor","Neutralize","PiercingWail","Escape Plan","Corpse Explosion","Ghostly","Ghostly","Ghostly","Prepared","Escape Plan","Adrenaline","Night Terror","Concentrate","Dagger Throw","Calculated Gamble"],"relics_obtained":["Mark of the Bloom"]},{"damage_healed":0.0,"max_hp_gain":0.0,"max_hp_loss":0.0,"gold_gain":0.0,"event_name":"Tomb of Lord Red Mask","player_choice":"Ignored","floor":46.0,"gold_loss":0.0,"damage_taken":0.0}],"is_beta":false,"boss_relics":[{"not_picked":["Calling Bell","Velvet Choker"],"picked":"Philosopher\u0027s Stone"},{"not_picked":["Orrery","Tiny House"],"picked":"Pandora\u0027s Box"}],"items_purged_floors":[5,27,37,48],"is_endless":false,"potions_floor_spawned":[1,8,12,16,22,28,29,33,40,44,55],"ascension_level":20}