{"gold_per_floor":[212,3,21,21,21,21,21,21,21,21,64,64,143,68,68,194,194,218,218,218,232,30,30,30,30,30,45,66,66,89,112,112,236,236,255,278,297,16,40,40,65,78,105,105,105,105,105,105,105,105],"floor_reached":51,"playtime":1706,"items_purged":["Defend_B","Strike_B"],"score":730,"play_id":"981e347a-e40d-45a2-b21d-2f1ad9639b1b","local_time":"20181008200337","is_ascension_mode":true,"campfire_choices":[{"data":"Capacitor","floor":6,"key":"SMITH"},{"data":"Zap","floor":8,"key":"SMITH"},{"data":"Dualcast","floor":10,"key":"SMITH"},{"floor":12,"key":"REST"},{"data":"Ball Lightning","floor":15,"key":"SMITH"},{"data":"Discovery","floor":23,"key":"SMITH"},{"data":"White Noise","floor":29,"key":"SMITH"},{"floor":32,"key":"REST"},{"floor":40,"key":"REST"},{"data":"Discovery","floor":44,"key":"SMITH"},{"floor":46,"key":"REST"},{"data":"Skim","floor":49,"key":"SMITH"}],"neow_cost":"NONE","seed_source_timestamp":45671211205704,"circlet_count":0,"master_deck":["Strike_B","Strike_B","Defend_B","Defend_B","Defend_B","Zap+1","Dualcast+1","Ball Lightning+1","Capacitor+1","Chill","Electrodynamics","Skim+1","White Noise+1","Discovery+1","Coolheaded","Echo Form","Coolheaded","Discovery+1","Chaos+1","Pain"],"relics":["Cracked Core","ClockworkSouvenir","Golden Idol","Mango","Ginger","Ornamental Fan","Cursed Key","Velvet Choker","Potion Belt","Blood Vial"],"potions_floor_usage":[33,37,50,50,50],"damage_taken":[{"damage":0,"enemies":"Small Slimes","floor":1,"turns":3},{"damage":2,"enemies":"Jaw Worm","floor":3,"turns":2},{"damage":21,"enemies":"Lagavulin","floor":11,"turns":5},{"damage":35,"enemies":"Slime Boss","floor":16,"turns":9},{"damage":0,"enemies":"3 Byrds","floor":18,"turns":2},{"damage":0,"enemies":"Chosen","floor":21,"turns":3},{"damage":13,"enemies":"Snake Plant","floor":27,"turns":4},{"damage":8,"enemies":"Chosen and Byrds","floor":28,"turns":4},{"damage":11,"enemies":"Snecko","floor":30,"turns":3},{"damage":18,"enemies":"Sentry and Sphere","floor":31,"turns":4},{"damage":55,"enemies":"Champ","floor":33,"turns":9},{"damage":20,"enemies":"Orb Walker","floor":35,"turns":5},{"damage":1,"enemies":"3 Shapes","floor":36,"turns":5},{"damage":0,"enemies":"3 Darklings","floor":37,"turns":3},{"damage":10,"enemies":"Spire Growth","floor":39,"turns":7},{"damage":16,"enemies":"Reptomancer","floor":41,"turns":4},{"damage":6,"enemies":"Sphere and 2 Shapes","floor":42,"turns":3},{"damage":43,"enemies":"Time Eater","floor":50,"turns":15}],"seed_played":"-9032218366494695028","potions_obtained":[{"floor":1,"key":"Ancient Potion"},{"floor":21,"key":"Regen Potion"},{"floor":28,"key":"Swift Potion"},{"floor":33,"key":"Dexterity Potion"},{"floor":39,"key":"SpeedPotion"},{"floor":41,"key":"Weak Potion"}],"is_trial":false,"path_per_floor":["M","$","M","?","$","R","?","R","T","R","E","R","T","$","R","B",null,"M","?","?","M","$","R","$","T","T","M","M","R","M","M","R","B",null,"M","M","M","$","M","R","M","M","T","R","T","R","?","$","R","B"],"character_chosen":"DEFECT","items_purchased":["ClockworkSouvenir","Discovery","Discovery","Potion Belt","Explosive Potion"],"campfire_rested":4,"item_purchase_floors":[2,22,38,38,38],"current_hp_per_floor":[75,75,73,73,73,73,55,55,69,69,48,74,74,74,74,39,89,89,89,89,89,89,89,89,89,89,76,68,68,57,39,65,25,89,69,68,68,68,58,84,68,62,62,62,62,88,85,85,85,42],"gold":105,"neow_bonus":"HUNDRED_GOLD","is_prod":false,"is_daily":false,"chose_seed":false,"campfire_upgraded":8,"win_rate":1,"timestamp":1539000217,"path_taken":["M","$","M","?","$","R","?","R","T","R","E","R","?","?","R","BOSS","M","?","?","M","$","R","$","?","T","M","M","R","?","?","R","BOSS","M","M","M","$","?","R","M","?","T","R","?","R","?","$","R","BOSS"],"build_version":"2018-10-04v2","purchased_purges":2,"victory":true,"max_hp_per_floor":[75,75,75,75,75,75,75,75,89,89,89,89,89,89,89,89,89,89,89,89,89,89,89,89,89,89,89,89,89,89,89,89,89,89,89,89,89,89,89,89,89,89,89,89,89,89,85,85,85,85],"card_choices":[{"not_picked":["Scrape","Barrage"],"picked":"Ball Lightning","floor":1},{"not_picked":["Loop","Aggregate"],"picked":"Capacitor","floor":3},{"not_picked":["Fusion","Ball Lightning"],"picked":"Chill","floor":11},{"not_picked":["Thunder Strike","Echo Form"],"picked":"Electrodynamics","floor":16},{"not_picked":["Rebound","Stack"],"picked":"Skim","floor":18},{"not_picked":["Stack","Gash","Genetic Algorithm"],"picked":"SKIP","floor":21},{"not_picked":["Stack","Turbo","Static Discharge"],"picked":"SKIP","floor":27},{"not_picked":["Barrage","Beam Cell+1","Darkness+1"],"picked":"SKIP","floor":28},{"not_picked":["Go for the Eyes","Streamline"],"picked":"Coolheaded","floor":30},{"not_picked":["Rip and Tear","Static Discharge","Barrage"],"picked":"SKIP","floor":31},{"not_picked":["Electrodynamics","Machine Learning"],"picked":"Echo Form","floor":33},{"not_picked":["Chill","BootSequence"],"picked":"Coolheaded","floor":35},{"not_picked":["Storm","Genetic Algorithm","Redo"],"picked":"SKIP","floor":36},{"not_picked":["Stack","Leap","Rebound+1"],"picked":"SKIP","floor":37},{"not_picked":["All For One","Rebound"],"picked":"Chaos+1","floor":39},{"not_picked":["Gash+1","Turbo","Redo+1"],"picked":"SKIP","floor":41},{"not_picked":["Ball Lightning+1","Fusion","Hello World+1"],"picked":"SKIP","floor":42}],"player_experience":15306,"relics_obtained":[{"floor":9,"key":"Mango"},{"floor":11,"key":"Ginger"},{"floor":13,"key":"Ornamental Fan"},{"floor":43,"key":"Blood Vial"}],"event_choices":[{"event_name":"Living Wall","player_choice":"Forget","floor":4,"damage_taken":0},{"event_name":"Golden Idol","player_choice":"Take Damage","floor":7,"damage_taken":0},{"event_name":"The Library","player_choice":"Read","floor":19,"damage_taken":0},{"event_name":"Vampires","player_choice":"Ignored","floor":20,"damage_taken":0},{"event_name":"Winding Halls","player_choice":"Max HP","floor":47,"damage_taken":0}],"is_beta":false,"boss_relics":[{"not_picked":["Busted Crown","Runic Dome"],"picked":"Cursed Key"},{"not_picked":["Coffee Dripper","Calling Bell"],"picked":"Velvet Choker"}],"items_purged_floors":[14,22],"is_endless":false,"potions_floor_spawned":[1,21,28,33,36,39,41],"ascension_level":2}