{"gold_per_floor":[112,112,112,131,81,81,101,116,116,116,41,41,116,154,154,280,280,271,126,126,126,159,159,187,203,203,203,232,242,268,284,284,389,389,405,405,423,15,27,27,62,284,284,284,337,353,12,12,12,12],"floor_reached":51,"playtime":2060,"items_purged":["Defend_B","Strike_B","Conserve Battery","Zap+1"],"score":1246,"play_id":"87b43f63-084b-41c2-a4bb-85d1b3ad488b","local_time":"20181008141514","is_ascension_mode":true,"campfire_choices":[{"data":"Zap","floor":6.0,"key":"SMITH"},{"data":"Blizzard","floor":10.0,"key":"SMITH"},{"data":"Glacier","floor":12.0,"key":"SMITH"},{"floor":15.0,"key":"REST"},{"data":"Redo","floor":23.0,"key":"SMITH"},{"data":"Dualcast","floor":27.0,"key":"SMITH"},{"floor":32.0,"key":"REST"},{"data":"Madness","floor":40.0,"key":"SMITH"},{"data":"Fission","floor":44,"key":"SMITH"},{"data":"Entrench","floor":49,"key":"SMITH"}],"neow_cost":"NONE","seed_source_timestamp":517964995793219,"circlet_count":0,"master_deck":["Dualcast+1","Blizzard+1","Glacier+1","Coolheaded+1","Redo+1","Undo","Genetic Algorithm","Core Surge+1","Reboot","Fission+1","Madness+1","Madness","Body Slam+1","Self Repair+1","Entrench+1","Blizzard+1"],"special_seed":0,"relics":["Empty Cage","Bloody Idol","Du-Vu Doll","Incense Burner","Cursed Key","Red Mask","Bag of Preparation","Pen Nib","Centennial Puzzle","Black Star","PrismaticShard","Ornamental Fan","Gremlin Horn","Peace Pipe","Whetstone"],"potions_floor_usage":[],"damage_taken":[{"damage":8.0,"enemies":"Jaw Worm","floor":1.0,"turns":4.0},{"damage":6.0,"enemies":"Cultist","floor":4.0,"turns":4.0},{"damage":3.0,"enemies":"Small Slimes","floor":7.0,"turns":3.0},{"damage":2.0,"enemies":"3 Louse","floor":8.0,"turns":4.0},{"damage":12.0,"enemies":"3 Sentries","floor":14.0,"turns":9.0},{"damage":11.0,"enemies":"Slime Boss","floor":16.0,"turns":10.0},{"damage":8.0,"enemies":"2 Thieves","floor":18.0,"turns":4.0},{"damage":24.0,"enemies":"Masked Bandits","floor":22.0,"turns":5.0},{"damage":0.0,"enemies":"Gremlin Leader","floor":24.0,"turns":6.0},{"damage":0.0,"enemies":"Spheric Guardian","floor":25.0,"turns":4.0},{"damage":0.0,"enemies":"Book of Stabbing","floor":28.0,"turns":6.0},{"damage":0.0,"enemies":"3 Cultists","floor":29.0,"turns":5.0},{"damage":30.0,"enemies":"Slavers","floor":30.0,"turns":5.0},{"damage":0.0,"enemies":"Snake Plant","floor":31.0,"turns":4.0},{"damage":0.0,"enemies":"Automaton","floor":33.0,"turns":10.0},{"damage":0.0,"enemies":"Orb Walker","floor":35.0,"turns":4.0},{"damage":1.0,"enemies":"3 Darklings","floor":37.0,"turns":3.0},{"damage":0.0,"enemies":"Maw","floor":39.0,"turns":7.0},{"damage":55.0,"enemies":"2 Orb Walkers","floor":41.0,"turns":8.0},{"damage":0,"enemies":"Mysterious Sphere","floor":45,"turns":3},{"damage":0,"enemies":"4 Shapes","floor":46,"turns":3},{"damage":0,"enemies":"Time Eater","floor":50,"turns":4}],"seed_played":"9076954771844966333","potions_obtained":[{"floor":1.0,"key":"PowerPotion"},{"floor":8.0,"key":"Energy Potion"},{"floor":22.0,"key":"Ancient Potion"},{"floor":29.0,"key":"Energy Potion"},{"floor":30.0,"key":"PowerPotion"},{"floor":33.0,"key":"Ancient Potion"}],"is_trial":false,"path_per_floor":["M","?","?","M","?","R","M","M","T","R","$","R","?","E","R","B",null,"M","$","?","?","?","R","E","M","T","R","E","M","E","M","R","B",null,"M","?","M","$","M","R","E","?","T","R","?","M","$","?","R","B"],"character_chosen":"DEFECT","items_purchased":["Redo","PrismaticShard","FocusPotion","Blizzard","Whetstone"],"campfire_rested":2,"item_purchase_floors":[19,38,38,47,47],"current_hp_per_floor":[60,53,53,47,47,47,44,42,42,42,42,42,31,19,39,28,59,51,51,51,51,32,32,37,42,42,42,47,52,27,32,52,57,66,69,60,64,64,69,69,19,24,24,24,39,54,54,54,54,64],"gold":12,"neow_bonus":"BOSS_RELIC","is_prod":false,"is_daily":false,"chose_seed":false,"campfire_upgraded":8,"win_rate":0,"timestamp":1538979314,"path_taken":["M","?","?","M","?","R","?","M","T","R","$","R","?","E","R","BOSS","M","$","?","?","?","R","E","M","T","R","E","M","E","?","R","BOSS","M","?","M","$","M","R","E","?","T","R","?","?","$","?","R","BOSS"],"build_version":"2018-10-04v2","purchased_purges":4,"victory":true,"max_hp_per_floor":[75,75,69,69,69,69,69,69,69,69,69,69,69,69,69,69,69,69,69,69,69,69,69,69,69,69,69,69,69,69,69,69,69,69,69,69,69,69,69,69,69,69,69,69,69,69,69,69,69,69],"card_choices":[{"not_picked":["Barrage","Redo"],"picked":"Blizzard","floor":1.0},{"not_picked":["Compile Driver","Cold Snap"],"picked":"Conserve Battery","floor":4.0},{"not_picked":["Barrage","Redo"],"picked":"Glacier","floor":7.0},{"not_picked":["Gash","Heatsinks","Leap"],"picked":"SKIP","floor":8.0},{"not_picked":["Sunder","Hologram","Gash"],"picked":"SKIP","floor":14.0},{"not_picked":["Conserve Battery","Steam"],"picked":"Coolheaded+1","floor":18.0},{"not_picked":["Core Surge","Steam Power","Doom and Gloom+1"],"picked":"SKIP","floor":24.0},{"not_picked":["Steam Power","Doom and Gloom+1"],"picked":"Core Surge","floor":24.0},{"not_picked":["Coolheaded","Melter","Lockon+1"],"picked":"SKIP","floor":25.0},{"not_picked":["Hologram+1","Gash","Ball Lightning"],"picked":"SKIP","floor":28.0},{"not_picked":["Recycle","Leap+1","Streamline"],"picked":"SKIP","floor":29.0},{"not_picked":["Recycle","Leap+1","Streamline"],"picked":"SKIP","floor":29.0},{"not_picked":["Redo","Steam Power","Barrage"],"picked":"SKIP","floor":30.0},{"not_picked":["Rip and Tear","Recycle"],"picked":"Reboot","floor":31.0},{"not_picked":["Core Surge","Rainbow"],"picked":"Fission","floor":33.0},{"not_picked":["Hologram+1","Sweeping Beam","Steam+1"],"picked":"SKIP","floor":35.0},{"not_picked":["Chaos+1","Conserve Battery","Turbo+1"],"picked":"SKIP","floor":37.0},{"not_picked":["Deflect","Evolve+1"],"picked":"Body Slam+1","floor":39.0},{"not_picked":["Deadly Poison","Sweeping Beam+1"],"picked":"Self Repair+1","floor":41.0},{"not_picked":["Cold Snap","After Image"],"picked":"Entrench","floor":46}],"player_experience":237386,"relics_obtained":[{"floor":9.0,"key":"Du-Vu Doll"},{"floor":14.0,"key":"Incense Burner"},{"floor":22.0,"key":"Red Mask"},{"floor":24.0,"key":"Bag of Preparation"},{"floor":28.0,"key":"Pen Nib"},{"floor":30.0,"key":"Centennial Puzzle"},{"floor":41.0,"key":"Ornamental Fan"},{"floor":41.0,"key":"Gremlin Horn"},{"floor":45,"key":"Peace Pipe"}],"event_choices":[{"event_name":"Golden Wing","player_choice":"Card Removal","floor":2.0,"damage_taken":0.0},{"event_name":"Golden Idol","player_choice":"Lose Max HP","floor":3.0,"damage_taken":0.0},{"event_name":"The Cleric","player_choice":"Card Removal","floor":5.0,"damage_taken":0.0},{"event_name":"World of Goop","player_choice":"Gather Gold","floor":13.0,"damage_taken":0.0},{"event_name":"Forgotten Altar","player_choice":"Gave Idol","floor":20.0,"damage_taken":0.0},{"event_name":"Drug Dealer","player_choice":"Became Test Subject","floor":21.0,"damage_taken":0.0},{"event_name":"Masked Bandits","player_choice":"Fought Bandits","floor":22.0,"damage_taken":0.0},{"event_name":"Winding Halls","player_choice":"Embrace Madness","floor":36.0,"damage_taken":0.0},{"event_name":"Tomb of Lord Red Mask","player_choice":"Wore Mask","floor":42.0,"damage_taken":0.0},{"event_name":"Mysterious Sphere","player_choice":"Fight","floor":45,"damage_taken":0},{"event_name":"SecretPortal","player_choice":"Rejected Portal.","floor":48,"damage_taken":0}],"is_beta":false,"boss_relics":[{"not_picked":["Snecko Eye","Orrery"],"picked":"Cursed Key"},{"not_picked":["Lizard Tail","White Beast Statue"],"picked":"Black Star"}],"items_purged_floors":[11,19,38,47],"is_endless":false,"potions_floor_spawned":[1,8,22,29,30,31,33,39,46],"ascension_level":8}