{"gold_per_floor":[111,122,197,197,197,197,3,35,35,35,62,74,84,103,103,180,180,199,213,213,226,237,237,272,272,272,282,382,412,412,431,431,503,503,519,519,536,536,461,461,480,480],"floor_reached":42,"playtime":1176,"items_purged":["Strike_B"],"score":809,"play_id":"7e94b8d2-bd29-4ba7-a135-988d59bc1663","local_time":"20190325130334","is_ascension_mode":true,"campfire_choices":[{"data":"Sunder","floor":6.0,"key":"SMITH"},{"data":"Loop","floor":10.0,"key":"SMITH"},{"data":"Zap","floor":15.0,"key":"SMITH"},{"data":"Hyperbeam","floor":23.0,"key":"SMITH"},{"floor":25.0,"key":"REST"},{"floor":32.0,"key":"REST"},{"data":"Defragment","floor":40,"key":"SMITH"}],"neow_cost":"PERCENT_DAMAGE","seed_source_timestamp":6024509119189,"circlet_count":0,"master_deck":["AscendersBane","Strike_B","Defend_B","Defend_B","Defend_B","Defend_B","Zap+1","Dualcast","Sunder+1","Turbo","Loop+1","Redo+1","Self Repair","Conserve Battery+1","Hologram+1","Electrodynamics","Consume+1","Defragment+1","Hyperbeam+1","Defragment+1","Biased Cognition+1"],"special_seed":0,"relics":["Cracked Core","ClockworkSouvenir","Toxic Egg 2","Pantograph","Bag of Marbles","Snecko Eye","Singing Bowl","Calipers","Bottled Tornado","Centennial Puzzle","Runic Pyramid"],"potions_floor_usage":[33,33,42],"damage_taken":[{"damage":0.0,"enemies":"Cultist","floor":1.0,"turns":3.0},{"damage":8.0,"enemies":"Small Slimes","floor":2.0,"turns":4.0},{"damage":30.0,"enemies":"Lagavulin","floor":8.0,"turns":7.0},{"damage":9.0,"enemies":"Gremlin Nob","floor":11.0,"turns":3.0},{"damage":8.0,"enemies":"2 Louse","floor":12.0,"turns":2.0},{"damage":2.0,"enemies":"Large Slime","floor":13.0,"turns":4.0},{"damage":1.0,"enemies":"2 Fungi Beasts","floor":14.0,"turns":3.0},{"damage":38.0,"enemies":"The Guardian","floor":16.0,"turns":8.0},{"damage":24.0,"enemies":"3 Byrds","floor":18.0,"turns":3.0},{"damage":2.0,"enemies":"Chosen","floor":19.0,"turns":3.0},{"damage":0.0,"enemies":"Snake Plant","floor":21.0,"turns":1.0},{"damage":8.0,"enemies":"Snecko","floor":22.0,"turns":4.0},{"damage":19.0,"enemies":"Book of Stabbing","floor":24.0,"turns":3.0},{"damage":9.0,"enemies":"Shelled Parasite and Fungi","floor":27.0,"turns":4.0},{"damage":0.0,"enemies":"Colosseum Slavers","floor":28.0,"turns":2.0},{"damage":17.0,"enemies":"Colosseum Nobs","floor":28.0,"turns":3.0},{"damage":16.0,"enemies":"Gremlin Leader","floor":29.0,"turns":4.0},{"damage":13.0,"enemies":"Snake Plant","floor":31.0,"turns":4.0},{"damage":21,"enemies":"Champ","floor":33,"turns":7},{"damage":0,"enemies":"3 Darklings","floor":35,"turns":1},{"damage":0,"enemies":"Orb Walker","floor":37,"turns":1},{"damage":0,"enemies":"Jaw Worm Horde","floor":41,"turns":1},{"damage":94,"enemies":"Giant Head","floor":42,"turns":6}],"seed_played":"1496726654708454816","potions_obtained":[{"floor":2.0,"key":"Poison Potion"},{"floor":13.0,"key":"Fire Potion"},{"floor":16.0,"key":"FocusPotion"},{"floor":19.0,"key":"FocusPotion"},{"floor":33,"key":"AttackPotion"},{"floor":37,"key":"Strength Potion"}],"is_trial":false,"path_per_floor":["M","M","?","$","?","R","$","E","T","R","E","M","M","M","R","B",null,"M","M","?","M","M","R","E","R","T","M","?","E","?","M","R","B",null,"M","?","M","?","$","R","M","E"],"character_chosen":"DEFECT","items_purchased":["ClockworkSouvenir"],"campfire_rested":2,"item_purchase_floors":[7],"current_hp_per_floor":[46,38,27,27,81,81,81,51,51,51,42,41,39,45,45,39,71,54,59,36,43,35,35,18,44,44,44,36,29,24,18,46,57,85,87,87,89,89,89,89,91,0],"gold":480,"neow_bonus":"TRANSFORM_TWO_CARDS","is_prod":false,"is_daily":false,"chose_seed":true,"campfire_upgraded":5,"win_rate":0,"timestamp":1553490214,"path_taken":["M","?","?","$","?","R","$","E","T","R","E","M","M","?","R","BOSS","M","?","?","M","M","R","E","R","T","M","?","E","?","M","R","BOSS","M","?","M","?","$","R","?","E"],"build_version":"2019-01-23","purchased_purges":1,"victory":false,"max_hp_per_floor":[71,71,71,71,81,81,81,81,81,81,81,81,81,81,81,81,81,81,81,86,86,86,86,88,88,88,90,92,94,94,94,94,94,94,96,96,98,98,98,98,100,100],"card_choices":[{"not_picked":["Compile Driver","Stack"],"picked":"Turbo","floor":1.0},{"not_picked":["Lockon","Melter"],"picked":"Loop","floor":2.0},{"not_picked":["Melter","Leap"],"picked":"Redo","floor":8.0},{"not_picked":["Multi-Cast+1","Rebound"],"picked":"Self Repair","floor":11.0},{"not_picked":["Blizzard","Turbo+1"],"picked":"Conserve Battery+1","floor":12.0},{"not_picked":["Melter","Blizzard","Scrape"],"picked":"SKIP","floor":13.0},{"not_picked":["Compile Driver","Machine Learning"],"picked":"Hologram+1","floor":14.0},{"not_picked":["Seek+1","Thunder Strike"],"picked":"Electrodynamics","floor":16.0},{"not_picked":["Reinforced Body+1","Steam+1"],"picked":"Consume+1","floor":18.0},{"not_picked":["Compile Driver","Redo+1"],"picked":"Defragment+1","floor":19.0},{"not_picked":["Leap+1","Go for the Eyes"],"picked":"Hyperbeam","floor":21.0},{"not_picked":["Leap+1","Sweeping Beam","Cold Snap"],"picked":"SKIP","floor":22.0},{"not_picked":["Compile Driver","Redo+1","Fusion+1"],"picked":"Singing Bowl","floor":24.0},{"not_picked":["Turbo+1","Coolheaded+1","Beam Cell"],"picked":"Singing Bowl","floor":27.0},{"not_picked":["Steam Power+1","Sweeping Beam","Ball Lightning"],"picked":"Singing Bowl","floor":28.0},{"not_picked":["Leap+1","Beam Cell","Steam+1"],"picked":"Singing Bowl","floor":29.0},{"not_picked":["Hello World+1","Streamline"],"picked":"Defragment","floor":31.0},{"not_picked":["Thunder Strike","Electrodynamics"],"picked":"Biased Cognition","floor":33},{"not_picked":["Ball Lightning","Rebound","Blizzard"],"picked":"Singing Bowl","floor":35},{"not_picked":["Cold Snap","Lockon","Chaos+1"],"picked":"Singing Bowl","floor":37},{"not_picked":["Barrage","Ball Lightning","Reboot+1"],"picked":"Singing Bowl","floor":41}],"player_experience":3858505,"relics_obtained":[{"floor":8.0,"key":"Toxic Egg 2"},{"floor":9.0,"key":"Pantograph"},{"floor":11.0,"key":"Bag of Marbles"},{"floor":24.0,"key":"Singing Bowl"},{"floor":28.0,"key":"Calipers"},{"floor":28.0,"key":"Bottled Tornado"},{"floor":29.0,"key":"Centennial Puzzle"}],"event_choices":[{"damage_healed":0.0,"max_hp_gain":0.0,"max_hp_loss":0.0,"gold_gain":75.0,"event_name":"World of Goop","player_choice":"Gather Gold","floor":3.0,"gold_loss":0.0,"damage_taken":11.0},{"cards_removed":["Machine Learning"],"damage_healed":44.0,"max_hp_gain":10.0,"max_hp_loss":0.0,"gold_gain":0.0,"event_name":"Bonfire Elementals","player_choice":"Offered Rare","floor":5.0,"gold_loss":0.0,"damage_taken":0.0},{"damage_healed":0.0,"max_hp_gain":5.0,"max_hp_loss":0.0,"gold_gain":0.0,"event_name":"Forgotten Altar","player_choice":"Shed Blood","floor":20.0,"gold_loss":0.0,"damage_taken":28.0},{"damage_healed":0.0,"max_hp_gain":0.0,"max_hp_loss":0.0,"gold_gain":0.0,"event_name":"Colosseum","player_choice":"Fight","floor":28.0,"gold_loss":0.0,"damage_taken":0.0},{"damage_healed":0.0,"max_hp_gain":0.0,"max_hp_loss":0.0,"gold_gain":0.0,"event_name":"Colosseum","player_choice":"Fought Nobs","floor":28.0,"gold_loss":0.0,"damage_taken":0.0},{"damage_healed":0.0,"max_hp_gain":0.0,"max_hp_loss":0.0,"gold_gain":0.0,"event_name":"The Woman in Blue","player_choice":"Bought 0 Potions","floor":30.0,"gold_loss":0.0,"damage_taken":0.0},{"damage_healed":0,"gold_gain":0,"player_choice":"Ignored","damage_taken":0,"max_hp_gain":0,"max_hp_loss":0,"event_name":"Tomb of Lord Red Mask","floor":36,"gold_loss":0},{"damage_healed":0,"gold_gain":0,"player_choice":"Upgraded","damage_taken":0,"max_hp_gain":0,"max_hp_loss":0,"event_name":"Upgrade Shrine","floor":38,"gold_loss":0,"cards_upgraded":["Biased Cognition"]}],"is_beta":false,"boss_relics":[{"not_picked":["Tiny House","Cursed Key"],"picked":"Snecko Eye"},{"not_picked":["FrozenCore","Coffee Dripper"],"picked":"Runic Pyramid"}],"items_purged_floors":[39],"is_endless":false,"potions_floor_spawned":[2,13,14,16,19,21,27,28,33,37,41],"killed_by":"Giant Head","ascension_level":15}