{"gold_per_floor":[366,152,171,186,44,44,62,62,62,77,152,169,183,203,203,280,280,300,300,175,188,188,188,200,213,213,213,233,83,133,152,152,224,224,236,236,254,273,19,45,60,60,86,112,158,186,225,250,262,274,286,298,310,12,44,44],"floor_reached":56,"playtime":7310,"items_purged":["Regret","Strike_G","Pain","Strike_G","Strike_G"],"score":2284,"play_id":"b169bad2-fd85-4cb1-8db7-72b783b9f603","local_time":"20181230193501","is_ascension_mode":true,"campfire_choices":[{"data":"Deadly Poison","floor":6.0,"key":"SMITH"},{"data":"Neutralize","floor":8.0,"key":"SMITH"},{"data":"Deadly Poison","floor":15.0,"key":"SMITH"},{"data":"Footwork","floor":23.0,"key":"SMITH"},{"data":"Footwork","floor":27.0,"key":"SMITH"},{"floor":32.0,"key":"RECALL"},{"data":"Well Laid Plans","floor":42.0,"key":"SMITH"},{"floor":49.0,"key":"REST"},{"data":"Well Laid Plans","floor":53.0,"key":"SMITH"}],"neow_cost":"CURSE","seed_source_timestamp":20098546573805,"circlet_count":0,"master_deck":["AscendersBane","Defend_G","Defend_G","Defend_G","Defend_G","Defend_G","Strike_G+1","Survivor","Neutralize+1","Deadly Poison+1","Footwork+1","Blur","Footwork+1","Deadly Poison+1","Blur","Tools of the Trade","Backflip","Reflex","Dodge and Roll+1","Backflip","Night Terror","Backflip+1","PiercingWail+1","Well Laid Plans+1","Tactician","Well Laid Plans+1","Backflip+1","Bouncing Flask","Blur","Night Terror"],"special_seed":0,"relics":["Ring of the Snake","Orichalcum","Sozu","WarpedTongs","Velvet Choker","Matryoshka","MawBank","Whetstone","Centennial Puzzle","Happy Flower","DollysMirror","Kunai"],"potions_floor_usage":[56],"damage_taken":[{"damage":8.0,"enemies":"Jaw Worm","floor":1.0,"turns":6.0},{"damage":4.0,"enemies":"Cultist","floor":3.0,"turns":5.0},{"damage":0.0,"enemies":"Small Slimes","floor":4.0,"turns":4.0},{"damage":0.0,"enemies":"2 Fungi Beasts","floor":7.0,"turns":5.0},{"damage":7.0,"enemies":"Gremlin Gang","floor":10.0,"turns":4.0},{"damage":0.0,"enemies":"Looter","floor":12.0,"turns":4.0},{"damage":2.0,"enemies":"Exordium Wildlife","floor":13.0,"turns":6.0},{"damage":3.0,"enemies":"Blue Slaver","floor":14.0,"turns":4.0},{"damage":12.0,"enemies":"Hexaghost","floor":16.0,"turns":11.0},{"damage":2.0,"enemies":"3 Byrds","floor":18.0,"turns":8.0},{"damage":1.0,"enemies":"Chosen","floor":21.0,"turns":6.0},{"damage":4.0,"enemies":"Snake Plant","floor":24.0,"turns":5.0},{"damage":0.0,"enemies":"Chosen and Byrds","floor":25.0,"turns":10.0},{"damage":0.0,"enemies":"Snecko","floor":28.0,"turns":8.0},{"damage":0.0,"enemies":"Shelled Parasite and Fungi","floor":31.0,"turns":7.0},{"damage":0.0,"enemies":"Champ","floor":33.0,"turns":18.0},{"damage":0.0,"enemies":"3 Darklings","floor":35.0,"turns":13.0},{"damage":0.0,"enemies":"Orb Walker","floor":37.0,"turns":6.0},{"damage":18.0,"enemies":"Writhing Mass","floor":38.0,"turns":10.0},{"damage":0.0,"enemies":"Giant Head","floor":40.0,"turns":14.0},{"damage":1.0,"enemies":"Spire Growth","floor":41.0,"turns":9.0},{"damage":0.0,"enemies":"Sphere and 2 Shapes","floor":44.0,"turns":10.0},{"damage":0.0,"enemies":"Nemesis","floor":45.0,"turns":15.0},{"damage":24.0,"enemies":"4 Shapes","floor":46.0,"turns":11.0},{"damage":0.0,"enemies":"Reptomancer","floor":47.0,"turns":11.0},{"damage":0.0,"enemies":"Spire Growth","floor":48.0,"turns":8.0},{"damage":12.0,"enemies":"Awakened One","floor":50.0,"turns":35.0},{"damage":0.0,"enemies":"Time Eater","floor":51.0,"turns":21.0},{"damage":45.0,"enemies":"Shield and Spear","floor":55.0,"turns":13.0},{"damage":47,"enemies":"The Heart","floor":56,"turns":3}],"seed_played":"-1674468229037962289","potions_obtained":[{"floor":3.0,"key":"Explosive Potion"},{"floor":10.0,"key":"EssenceOfSteel"},{"floor":12.0,"key":"Block Potion"},{"floor":16.0,"key":"Fruit Juice"}],"is_trial":false,"path_per_floor":["M","$","M","M","$","R","M","R","T","M","?","M","M","M","R","B",null,"M","?","$","M","?","R","M","M","T","R","M","$","?","M","R","B",null,"M","?","M","M","$","E","M","R","T","M","E","M","E","M","R","B","B",null,"R","$","E","B"],"character_chosen":"THE_SILENT","items_purchased":["Deadly Poison","Footwork","Footwork","Well Laid Plans","Bouncing Flask","DollysMirror"],"campfire_rested":1,"item_purchase_floors":[2,2,5,39,54,54],"current_hp_per_floor":[51,51,47,47,47,47,47,47,47,40,29,29,27,24,24,17,58,56,56,56,55,55,55,51,51,51,51,51,51,51,51,51,51,66,66,66,66,48,48,48,47,47,47,47,47,23,23,23,44,32,32,61,61,61,16,0],"gold":44,"neow_bonus":"TWO_FIFTY_GOLD","is_prod":false,"is_daily":false,"chose_seed":false,"campfire_upgraded":7,"win_rate":0,"timestamp":1546169701,"path_taken":["M","$","M","M","$","R","M","R","T","M","?","M","M","M","R","BOSS","M","?","$","?","?","R","M","M","T","R","M","$","?","?","R","BOSS","M","?","M","M","$","E","M","R","T","M","E","M","E","M","R","BOSS","BOSS","R","$","E","BOSS"],"build_version":"2018-12-20","purchased_purges":5,"victory":false,"max_hp_per_floor":[66,66,66,66,66,66,66,66,66,66,66,66,66,66,66,71,71,71,71,71,71,71,71,71,71,71,71,71,71,71,71,71,71,71,71,71,71,71,71,71,71,71,71,71,71,71,71,71,71,71,71,71,71,71,71,71],"card_choices":[{"not_picked":["Choke","Dagger Spray","Outmaneuver"],"picked":"SKIP","floor":1.0},{"not_picked":["All Out Attack","Deadly Poison"],"picked":"Blur","floor":3.0},{"not_picked":["Flying Knee","Dagger Spray","Sucker Punch"],"picked":"SKIP","floor":4.0},{"not_picked":["Bane","Blade Dance","Concentrate"],"picked":"SKIP","floor":7.0},{"not_picked":["Sucker Punch","Blade Dance"],"picked":"Deadly Poison","floor":10.0},{"not_picked":["Sucker Punch","Prepared","Quick Slash"],"picked":"SKIP","floor":12.0},{"not_picked":["Dodge and Roll","Acrobatics","Terror"],"picked":"SKIP","floor":13.0},{"not_picked":["Masterful Stab","Bane"],"picked":"Blur","floor":14.0},{"not_picked":["Envenom","Glass Knife"],"picked":"Tools of the Trade","floor":16.0},{"not_picked":["Expertise+1","PiercingWail"],"picked":"Backflip","floor":18.0},{"not_picked":["Flying Knee","Underhanded Strike"],"picked":"Reflex","floor":21.0},{"not_picked":["Flying Knee","Expertise"],"picked":"Dodge and Roll+1","floor":24.0},{"not_picked":["Eviscerate","Bouncing Flask"],"picked":"Backflip","floor":25.0},{"not_picked":["Accuracy","Die Die Die","Flying Knee"],"picked":"SKIP","floor":28.0},{"not_picked":["Concentrate","Outmaneuver","Dagger Spray"],"picked":"SKIP","floor":31.0},{"not_picked":["Unload","Grand Finale"],"picked":"Night Terror","floor":33.0},{"not_picked":["Setup","Calculated Gamble","PiercingWail"],"picked":"SKIP","floor":35.0},{"not_picked":["Dagger Spray","Blade Dance"],"picked":"Backflip+1","floor":37.0},{"not_picked":["Prepared","Slice"],"picked":"PiercingWail+1","floor":38.0},{"not_picked":["Dagger Throw+1","PiercingWail","Acrobatics"],"picked":"SKIP","floor":40.0},{"not_picked":["Poisoned Stab+1","Noxious Fumes"],"picked":"Tactician","floor":41.0},{"not_picked":["Reflex","Tactician","Prepared"],"picked":"SKIP","floor":44.0},{"not_picked":["Reflex","Tactician","Prepared"],"picked":"SKIP","floor":44.0},{"not_picked":["Tools of the Trade","Bane+1"],"picked":"Well Laid Plans","floor":45.0},{"not_picked":["Dodge and Roll","Cloak And Dagger"],"picked":"Backflip+1","floor":46.0},{"not_picked":["Outmaneuver","Acrobatics+1","Bane"],"picked":"SKIP","floor":47.0},{"not_picked":["Choke","Dash","Poisoned Stab"],"picked":"SKIP","floor":48.0},{"not_picked":["Deadly Poison","Well Laid Plans"],"picked":"Night Terror","floor":55.0}],"player_experience":1600466,"relics_obtained":[{"floor":9.0,"key":"Orichalcum"},{"floor":40.0,"key":"Matryoshka"},{"floor":43.0,"key":"MawBank"},{"floor":43.0,"key":"Whetstone"},{"floor":45.0,"key":"Centennial Puzzle"},{"floor":47.0,"key":"Happy Flower"},{"floor":55.0,"key":"Kunai"}],"event_choices":[{"damage_healed":0.0,"max_hp_gain":0.0,"max_hp_loss":0.0,"gold_gain":75.0,"event_name":"World of Goop","player_choice":"Gather Gold","floor":11.0,"gold_loss":0.0,"damage_taken":11.0},{"damage_healed":0.0,"max_hp_gain":0.0,"max_hp_loss":0.0,"gold_gain":0.0,"event_name":"Accursed Blacksmith","player_choice":"Rummage","floor":19.0,"gold_loss":0.0,"damage_taken":0.0,"relics_obtained":["WarpedTongs"],"cards_obtained":["Pain"]},{"damage_healed":0.0,"max_hp_gain":0.0,"max_hp_loss":0.0,"gold_gain":0.0,"event_name":"Vampires","player_choice":"Ignored","floor":22.0,"gold_loss":0.0,"damage_taken":0.0},{"damage_healed":0.0,"max_hp_gain":0.0,"max_hp_loss":0.0,"gold_gain":50.0,"event_name":"Golden Shrine","player_choice":"Pray","floor":30.0,"gold_loss":0.0,"damage_taken":0.0},{"cards_removed":["Strike_G"],"damage_healed":0.0,"max_hp_gain":0.0,"max_hp_loss":0.0,"gold_gain":0.0,"event_name":"Falling","player_choice":"Removed Attack","floor":36.0,"gold_loss":0.0,"damage_taken":0.0}],"is_beta":false,"boss_relics":[{"not_picked":["Snecko Eye","Eternal Feather"],"picked":"Sozu"},{"not_picked":["Orrery","Empty Cage"],"picked":"Velvet Choker"}],"items_purged_floors":[2,5,20,29,39],"is_endless":false,"potions_floor_spawned":[3,10,12,13,16,18,21,28,31,40,45,46,48],"killed_by":"The Heart","ascension_level":20}