{"gold_per_floor":[116,116,135,60,79,79,120,186,186,210,230,38,38,38,38,38],"floor_reached":16,"playtime":334,"items_purged":[],"score":175,"play_id":"c6b7537a-85f2-4b06-8fed-5a55a5bfcaaf","local_time":"20180722170758","is_ascension_mode":true,"campfire_choices":[{"data":"Predator","floor":6,"key":"SMITH"},{"data":"Neutralize","floor":13,"key":"SMITH"},{"data":"Terror","floor":15,"key":"SMITH"}],"neow_cost":"","seed_source_timestamp":533750889120,"circlet_count":0,"master_deck":["Defend_G","Defend_G","Defend_G","Defend_G","Defend_G","Strike_G","Strike_G","Strike_G","Strike_G","Survivor","Neutralize+1","AscendersBane","Predator+1","Backstab","Backstab","Terror+1","Poisoned Stab","Dagger Throw"],"relics":["Ring of the Snake","Golden Idol","Ninja Scroll","Snake Skull","TwistedFunnel"],"potions_floor_usage":[16,16],"damage_taken":[{"damage":0,"enemies":"2 Louse","floor":1,"turns":5},{"damage":0,"enemies":"Cultist","floor":3,"turns":5},{"damage":0,"enemies":"Small Slimes","floor":5,"turns":2},{"damage":28,"enemies":"Lagavulin","floor":7,"turns":8},{"damage":0,"enemies":"2 Fungi Beasts","floor":10,"turns":1},{"damage":0,"enemies":"Looter","floor":11,"turns":1},{"damage":8,"enemies":"Slime Boss","floor":16,"turns":4}],"seed_played":"-5605180784903971064","potions_obtained":[{"floor":5,"key":"LiquidBronze"},{"floor":10,"key":"PowerPotion"}],"is_trial":false,"path_per_floor":["M","?","M","?","M","R","E","?","T","M","M","$","R","$","R"],"character_chosen":"THE_SILENT","items_purchased":["TwistedFunnel"],"campfire_rested":0,"item_purchase_floors":[12],"current_hp_per_floor":[59,36,36,36,36,36,8,8,8,8,8,8,8,8,8,0],"gold":38,"neow_bonus":"","is_prod":false,"is_daily":false,"chose_seed":false,"campfire_upgraded":3,"win_rate":0,"timestamp":1532250478,"path_taken":["M","?","M","?","M","R","E","?","T","?","M","$","R","?","R","BOSS"],"build_version":"2018-07-19","purchased_purges":0,"victory":false,"max_hp_per_floor":[66,66,66,66,66,66,66,66,66,66,66,66,66,66,66,66],"card_choices":[{"not_picked":["Deflect","Setup"],"picked":"Predator","floor":1},{"not_picked":["Escape Plan","Acrobatics"],"picked":"Backstab","floor":3},{"not_picked":["Underhanded Strike","Distraction"],"picked":"Backstab","floor":5},{"not_picked":["Sucker Punch","Dagger Throw"],"picked":"Terror","floor":7},{"not_picked":["Dagger Throw","Quick Slash"],"picked":"Poisoned Stab","floor":10},{"not_picked":["Setup","Slice"],"picked":"Dagger Throw","floor":11}],"player_experience":765485,"relics_obtained":[{"floor":7,"key":"Ninja Scroll"},{"floor":9,"key":"Snake Skull"}],"event_choices":[{"event_name":"Golden Idol","player_choice":"Take Damage","floor":2,"damage_taken":0},{"event_name":"The Cleric","player_choice":"Card Removal","floor":4,"damage_taken":0},{"event_name":"Golden Wing","player_choice":"Gained Gold","floor":8,"damage_taken":0}],"is_beta":true,"boss_relics":[],"items_purged_floors":[],"is_endless":false,"potions_floor_spawned":[5,10],"killed_by":"Slime Boss","ascension_level":15}