{"gold_per_floor":[117,37,37,48,48,48,61,161,161,171,171,189,189,77,77,177,177,188,198,8,23,34,65,65,77,77,77,94,94,114,114,114,214,214,227,527,541,560,611,611,622,622,647,657,684,684,75,90,90,90],"floor_reached":51,"playtime":1624,"items_purged":["Injury","Strike_B"],"score":791,"play_id":"4fb5edee-0010-4856-bc5c-7986f3797c21","local_time":"20190619132648","is_ascension_mode":false,"campfire_choices":[{"data":"Zap","floor":6.0,"key":"SMITH"},{"data":"Thunder Strike","floor":11.0,"key":"SMITH"},{"data":"Dualcast","floor":13.0,"key":"SMITH"},{"data":"Storm","floor":15.0,"key":"SMITH"},{"data":"Double Energy","floor":27,"key":"SMITH"},{"data":"Beam Cell","floor":29,"key":"SMITH"},{"data":"Buffer","floor":32,"key":"SMITH"},{"data":"Heatsinks","floor":40,"key":"SMITH"},{"data":"Thunder Strike","floor":42,"key":"SMITH"},{"data":"Skim","floor":46,"key":"SMITH"},{"data":"Double Energy","floor":49,"key":"SMITH"}],"neow_cost":"CURSE","seed_source_timestamp":11588117421755,"circlet_count":0,"master_deck":["Strike_B","Strike_B","Defend_B","Defend_B","Defend_B","Zap+1","Dualcast+1","Double Energy+1","Thunder Strike+1","Chill","Tempest","Ball Lightning","Self Repair","Storm+1","Creative AI","Heatsinks+1","Beam Cell+1","Double Energy+1","Buffer+1","Ghostly","Ghostly","Ghostly","Ghostly","Ghostly","Beam Cell+1","Storm+1","Core Surge","Thunder Strike+1","Skim+1","Static Discharge+1","Double Energy+1","Heatsinks","Core Surge","Double Energy"],"special_seed":0,"relics":["Cracked Core","Meat on the Bone","Vajra","Runic Pyramid","ClockworkSouvenir","Potion Belt","Pear","Velvet Choker","PreservedInsect","Strawberry","Sundial","Cables"],"potions_floor_usage":[50,50],"damage_taken":[{"damage":1.0,"enemies":"Cultist","floor":1.0,"turns":3.0},{"damage":11.0,"enemies":"Jaw Worm","floor":4.0,"turns":3.0},{"damage":13.0,"enemies":"2 Louse","floor":7.0,"turns":2.0},{"damage":8.0,"enemies":"Red Slaver","floor":10.0,"turns":2.0},{"damage":11.0,"enemies":"Lots of Slimes","floor":12.0,"turns":3.0},{"damage":0.0,"enemies":"Slime Boss","floor":16.0,"turns":5.0},{"damage":0,"enemies":"Chosen","floor":18,"turns":4},{"damage":3,"enemies":"Spheric Guardian","floor":19,"turns":3},{"damage":7,"enemies":"Cultist and Chosen","floor":21,"turns":5},{"damage":16,"enemies":"Snake Plant","floor":22,"turns":3},{"damage":34,"enemies":"Book of Stabbing","floor":23,"turns":4},{"damage":2,"enemies":"Sentry and Sphere","floor":25,"turns":6},{"damage":1,"enemies":"Snecko","floor":28,"turns":4},{"damage":3,"enemies":"Snake Plant","floor":30,"turns":3},{"damage":6,"enemies":"Collector","floor":33,"turns":6},{"damage":10,"enemies":"3 Darklings","floor":35,"turns":5},{"damage":11,"enemies":"Orb Walker","floor":37,"turns":3},{"damage":0,"enemies":"Sphere and 2 Shapes","floor":38,"turns":4},{"damage":2,"enemies":"Transient","floor":41,"turns":5},{"damage":36,"enemies":"4 Shapes","floor":44,"turns":3},{"damage":2,"enemies":"Giant Head","floor":45,"turns":5},{"damage":13,"enemies":"Sphere and 2 Shapes","floor":48,"turns":3},{"damage":2,"enemies":"Donu and Deca","floor":50,"turns":7}],"seed_played":"-8545494063055642865","potions_obtained":[{"floor":1.0,"key":"Explosive Potion"},{"floor":10.0,"key":"Energy Potion"},{"floor":16.0,"key":"Weak Potion"},{"floor":21,"key":"SteroidPotion"},{"floor":25,"key":"AttackPotion"},{"floor":35,"key":"Dexterity Potion"},{"floor":41,"key":"Ancient Potion"}],"is_trial":false,"path_per_floor":["M","$","?","M","?","R","M","?","T","M","R","M","R","$","R","B",null,"M","M","$","M","M","E","?","M","T","R","M","R","M","?","R","B",null,"M","?","M","M","T","R","M","R","T","M","E","R","$","M","R","B",null],"character_chosen":"DEFECT","items_purchased":["Tempest","Storm","ClockworkSouvenir","Cables","Double Energy","Heatsinks","Core Surge"],"campfire_rested":0,"item_purchase_floors":[2,14,20,47,47,47,47],"current_hp_per_floor":[74,74,74,63,56,56,43,43,43,47,47,48,48,48,48,55,75,75,75,75,75,66,51,37,37,47,47,47,47,44,37,37,38,52,49,49,45,52,52,52,52,52,59,35,40,40,40,39,39,44],"gold":90,"neow_bonus":"TRANSFORM_TWO_CARDS","is_prod":false,"is_daily":false,"chose_seed":false,"campfire_upgraded":11,"win_rate":0,"timestamp":1560922008,"path_taken":["M","?","?","M","?","R","M","?","T","?","R","M","R","?","R","BOSS","M","M","?","M","M","E","?","M","T","R","M","R","M","?","R","BOSS","M","?","M","?","?","R","M","R","T","M","E","R","$","M","R","BOSS"],"build_version":"2019-01-23","purchased_purges":2,"victory":true,"max_hp_per_floor":[75,75,75,75,75,75,75,75,75,75,75,75,75,75,75,75,75,75,75,75,75,75,75,37,37,47,47,47,47,47,52,52,52,52,52,52,52,52,52,52,52,52,59,59,59,59,59,59,59,59],"card_choices":[{"not_picked":["Chaos","Beam Cell"],"picked":"Chill","floor":1.0},{"not_picked":["Go for the Eyes","Stack","Cold Snap"],"picked":"SKIP","floor":4.0},{"not_picked":["Sweeping Beam","Conserve Battery"],"picked":"Ball Lightning","floor":7.0},{"not_picked":["Amplify","Force Field","Consume"],"picked":"SKIP","floor":10.0},{"not_picked":["Skim","Streamline"],"picked":"Self Repair","floor":12.0},{"not_picked":["Fission","Rainbow"],"picked":"Creative AI","floor":16.0},{"not_picked":["Steam Power","Hologram","Gash"],"picked":"SKIP","floor":18},{"not_picked":["Coolheaded+1","Sweeping Beam"],"picked":"Heatsinks","floor":19},{"not_picked":["Leap+1","Stack"],"picked":"Beam Cell","floor":21},{"not_picked":["Gash","Fusion"],"picked":"Double Energy+1","floor":22},{"not_picked":["Sunder+1","Reprogram"],"picked":"Buffer","floor":23},{"not_picked":["FTL","Barrage"],"picked":"Beam Cell+1","floor":25},{"not_picked":["Steam","Go for the Eyes"],"picked":"Storm+1","floor":28},{"not_picked":["Glacier","Reinforced Body","Leap"],"picked":"SKIP","floor":30},{"not_picked":["Fission","All For One"],"picked":"Core Surge","floor":33},{"not_picked":["Hologram+1","Compile Driver+1","Leap"],"picked":"SKIP","floor":35},{"not_picked":["Chill","Beam Cell","Streamline+1"],"picked":"SKIP","floor":37},{"not_picked":["Leap","Gash","Conserve Battery"],"picked":"SKIP","floor":38},{"not_picked":["White Noise+1","Double Energy"],"picked":"Thunder Strike","floor":41},{"not_picked":["Ball Lightning","Sunder"],"picked":"Skim","floor":44},{"not_picked":["Coolheaded+1","Gash+1"],"picked":"Static Discharge+1","floor":45},{"not_picked":["Steam+1","FTL+1"],"picked":"Double Energy","floor":48}],"player_experience":5447317,"relics_obtained":[{"floor":9.0,"key":"Vajra"},{"floor":23,"key":"Potion Belt"},{"floor":26,"key":"Pear"},{"floor":39,"key":"PreservedInsect"},{"floor":43,"key":"Strawberry"},{"floor":45,"key":"Sundial"}],"event_choices":[{"damage_healed":0.0,"max_hp_gain":0.0,"max_hp_loss":0.0,"gold_gain":0.0,"event_name":"The Cleric","player_choice":"Leave","floor":3.0,"gold_loss":0.0,"damage_taken":0.0},{"damage_healed":0.0,"max_hp_gain":0.0,"max_hp_loss":0.0,"gold_gain":0.0,"event_name":"Scrap Ooze","player_choice":"Success","floor":5.0,"gold_loss":0.0,"damage_taken":7.0,"relics_obtained":["Meat on the Bone"]},{"damage_healed":0.0,"max_hp_gain":0.0,"max_hp_loss":0.0,"gold_gain":100.0,"event_name":"Golden Shrine","player_choice":"Pray","floor":8.0,"gold_loss":0.0,"damage_taken":0.0},{"damage_healed":0,"gold_gain":0,"player_choice":"Became a Ghost","damage_taken":0,"max_hp_gain":0,"max_hp_loss":38,"event_name":"Ghosts","floor":24,"gold_loss":0,"cards_obtained":["Ghostly","Ghostly","Ghostly","Ghostly","Ghostly"]},{"damage_healed":0,"gold_gain":0,"player_choice":"Shed Blood","damage_taken":12,"max_hp_gain":5,"max_hp_loss":0,"event_name":"Forgotten Altar","floor":31,"gold_loss":0},{"damage_healed":0,"gold_gain":300,"player_choice":"Gold","damage_taken":0,"max_hp_gain":0,"max_hp_loss":0,"event_name":"Wheel of Change","floor":36,"gold_loss":0}],"is_beta":false,"boss_relics":[{"not_picked":["Pandora\u0027s Box","Orrery"],"picked":"Runic Pyramid"},{"not_picked":["Fusion Hammer","Inserter"],"picked":"Velvet Choker"}],"items_purged_floors":[14,47],"is_endless":false,"potions_floor_spawned":[1,10,16,18,21,22,25,35,41,45],"ascension_level":0}