{"gold_per_floor":[111,36,47,58,21,21,21,21,48,48,48,48,48,59,59,162,162,180,191,201,218,218,218,143,143,143,143,163,176,208,221,221,321,321,333,333,333],"floor_reached":38,"playtime":2281,"items_purged":["Strike_G"],"score":709,"play_id":"6e34b98a-25bb-4cb1-8fb8-7f76e84b8060","local_time":"20181103211041","is_ascension_mode":false,"campfire_choices":[{"data":"Noxious Fumes","floor":6.0,"key":"SMITH"},{"data":"Neutralize","floor":8.0,"key":"SMITH"},{"data":"Cloak And Dagger","floor":13.0,"key":"SMITH"},{"data":"Footwork","floor":15.0,"key":"SMITH"},{"data":"Venomology","floor":23.0,"key":"SMITH"},{"data":"Accuracy","floor":25.0,"key":"SMITH"},{"data":"A Thousand Cuts","floor":32.0,"key":"SMITH"}],"neow_cost":"NONE","seed_source_timestamp":2000751859429,"circlet_count":0,"master_deck":["Defend_G","Defend_G","Defend_G","Defend_G","Defend_G","Strike_G","Strike_G","Strike_G+1","Strike_G+1","Survivor","Neutralize+1","Footwork+1","Backflip","Cloak And Dagger+1","Noxious Fumes+1","Accuracy+1","Venomology+1","Blade Dance+1","Concentrate","Endless Agony","Accuracy","Calculated Gamble","A Thousand Cuts+1","Night Terror","Cloak And Dagger"],"special_seed":0,"relics":["Ring of the Snake","Oddly Smooth Stone","Dead Branch","Potion Belt","Runic Pyramid","The Specimen","Nilry\u0027s Codex","Whetstone","Cursed Key"],"potions_floor_usage":[35,35,37,37,37,37],"damage_taken":[{"damage":0.0,"enemies":"Cultist","floor":1.0,"turns":4.0},{"damage":0.0,"enemies":"Jaw Worm","floor":3.0,"turns":5.0},{"damage":2.0,"enemies":"2 Louse","floor":4.0,"turns":5.0},{"damage":0.0,"enemies":"Looter","floor":14.0,"turns":3.0},{"damage":19.0,"enemies":"Slime Boss","floor":16.0,"turns":8.0},{"damage":4.0,"enemies":"Spheric Guardian","floor":18.0,"turns":7.0},{"damage":0.0,"enemies":"Shell Parasite","floor":19.0,"turns":7.0},{"damage":0.0,"enemies":"Sentry and Sphere","floor":20.0,"turns":3.0},{"damage":0.0,"enemies":"Centurion and Healer","floor":21.0,"turns":5.0},{"damage":0.0,"enemies":"Snecko","floor":28.0,"turns":4.0},{"damage":0.0,"enemies":"Chosen and Byrds","floor":29.0,"turns":6.0},{"damage":0.0,"enemies":"Book of Stabbing","floor":30.0,"turns":5.0},{"damage":0.0,"enemies":"Cultist and Chosen","floor":31.0,"turns":3.0},{"damage":32.0,"enemies":"Automaton","floor":33.0,"turns":8.0},{"damage":0,"enemies":"3 Darklings","floor":35,"turns":2},{"damage":0,"enemies":"Donu and Deca","floor":37,"turns":8}],"seed_played":"6759466003199287232","potions_obtained":[{"floor":3.0,"key":"AttackPotion"},{"floor":18.0,"key":"Swift Potion"},{"floor":19.0,"key":"LiquidBronze"},{"floor":28.0,"key":"Strength Potion"},{"floor":30.0,"key":"Fire Potion"},{"floor":33.0,"key":"SteroidPotion"}],"is_trial":false,"path_per_floor":["M","$","M","M","$","R","T","R","T","?","?","$","R","M","R","B",null,"M","M","M","M","?","R","$","R","T","?","M","M","E","M","R","B",null,"M","?","B",null],"character_chosen":"THE_SILENT","items_purchased":["Footwork","Noxious Fumes"],"campfire_rested":0,"item_purchase_floors":[2,5],"current_hp_per_floor":[70,70,70,68,68,68,68,68,68,73,73,73,73,73,73,54,75,71,71,71,71,71,71,71,71,71,55,55,55,55,55,55,23,75,75,75,75],"gold":333,"neow_bonus":"RANDOM_COMMON_RELIC","is_prod":false,"is_daily":false,"chose_seed":false,"campfire_upgraded":7,"win_rate":0,"timestamp":1541250641,"path_taken":["M","?","M","?","?","R","?","R","T","?","?","$","R","?","R","BOSS","M","M","M","M","?","R","$","R","T","?","M","M","E","M","R","BOSS","M","?","BOSS"],"build_version":"2018-11-01","purchased_purges":1,"victory":true,"max_hp_per_floor":[70,70,70,70,70,70,70,70,70,75,75,75,75,75,75,75,75,75,75,75,75,75,75,75,75,75,75,75,75,75,75,75,75,75,75,75,75],"card_choices":[{"not_picked":["Outmaneuver","Reflex","Underhanded Strike"],"picked":"SKIP","floor":1.0},{"not_picked":["Terror","PiercingWail"],"picked":"Backflip","floor":3.0},{"not_picked":["Quick Slash","Skewer"],"picked":"Cloak And Dagger","floor":4.0},{"not_picked":["Outmaneuver","Dagger Throw"],"picked":"Accuracy","floor":14.0},{"not_picked":["Unload","Adrenaline"],"picked":"Venomology","floor":16.0},{"not_picked":["Bouncing Flask","Quick Slash"],"picked":"Blade Dance+1","floor":18.0},{"not_picked":["Finisher+1","Dash"],"picked":"Concentrate","floor":19.0},{"not_picked":["Poisoned Stab","Heel Hook+1","Doppelganger"],"picked":"SKIP","floor":20.0},{"not_picked":["Dodge and Roll","Acrobatics"],"picked":"Endless Agony","floor":21.0},{"not_picked":["Flying Knee","Dodge and Roll"],"picked":"Accuracy","floor":28.0},{"not_picked":["Outmaneuver+1","Dagger Spray"],"picked":"Calculated Gamble","floor":29.0},{"not_picked":["Expertise","Skewer+1"],"picked":"A Thousand Cuts","floor":30.0},{"not_picked":["Eviscerate","Sucker Punch","All Out Attack"],"picked":"SKIP","floor":31.0},{"not_picked":["A Thousand Cuts","Die Die Die"],"picked":"Night Terror","floor":33.0},{"not_picked":["Deadly Poison","Distraction"],"picked":"Cloak And Dagger","floor":35}],"player_experience":837715,"relics_obtained":[{"floor":7.0,"key":"Dead Branch"},{"floor":9.0,"key":"Potion Belt"},{"floor":26.0,"key":"The Specimen"},{"floor":27.0,"key":"Nilry\u0027s Codex"},{"floor":30.0,"key":"Whetstone"}],"event_choices":[{"damage_healed":0.0,"max_hp_gain":5.0,"max_hp_loss":0.0,"gold_gain":0.0,"event_name":"Big Fish","player_choice":"Donut","floor":10.0,"gold_loss":0.0,"damage_taken":0.0},{"damage_healed":0.0,"max_hp_gain":0.0,"max_hp_loss":0.0,"gold_gain":0.0,"event_name":"Match and Keep!","player_choice":"0 cards matched","floor":11.0,"gold_loss":0.0,"damage_taken":0.0,"cards_obtained":[]},{"damage_healed":0.0,"max_hp_gain":0.0,"max_hp_loss":0.0,"gold_gain":0.0,"event_name":"Vampires","player_choice":"Ignored","floor":22.0,"gold_loss":0.0,"damage_taken":0.0},{"damage_healed":0.0,"max_hp_gain":0.0,"max_hp_loss":0.0,"gold_gain":0.0,"event_name":"Cursed Tome","player_choice":"Obtained Book","floor":27.0,"gold_loss":0.0,"damage_taken":16.0},{"damage_healed":0,"gold_gain":0,"player_choice":"Took Portal","damage_taken":0,"max_hp_gain":0,"max_hp_loss":0,"event_name":"SecretPortal","floor":36,"gold_loss":0}],"is_beta":false,"boss_relics":[{"not_picked":["Pandora\u0027s Box","Runic Dome"],"picked":"Runic Pyramid"},{"not_picked":["WristBlade","Fusion Hammer"],"picked":"Cursed Key"}],"items_purged_floors":[24],"is_endless":false,"potions_floor_spawned":[3,18,19,28,30,33],"ascension_level":0}