{"gold_per_floor":[117,117,192,192,204,204,230,230,230,12,32,32,32,32,32,137,137,151,170,60,80,6,16,16,16,16,16,32,32,45,45,45,141,141,154,167,167,177,192,192,192,206,229,239,139,139,150,150,150,150],"floor_reached":51,"playtime":1163,"items_purged":["Strike_B","Defend_B"],"score":647,"play_id":"cfceb0b2-9448-48d1-a330-cd7d8e93d75e","local_time":"20190612174752","is_ascension_mode":false,"campfire_choices":[{"data":"Lockon","floor":6.0,"key":"SMITH"},{"data":"Biased Cognition","floor":8.0,"key":"SMITH"},{"data":"Zap","floor":13.0,"key":"SMITH"},{"data":"Capacitor","floor":15.0,"key":"SMITH"},{"data":"Recycle","floor":24.0,"key":"SMITH"},{"data":"Creative AI","floor":27.0,"key":"SMITH"},{"data":"Dualcast","floor":29.0,"key":"SMITH"},{"floor":32.0,"key":"REST"},{"data":"Skim","floor":40,"key":"SMITH"},{"data":"Multi-Cast","floor":46,"key":"SMITH"},{"floor":49,"key":"REST"}],"neow_cost":"NONE","seed_source_timestamp":25539171792654,"circlet_count":0,"master_deck":["Defend_B","Defend_B","Defend_B","Zap+1","Dualcast+1","Biased Cognition+1","Cold Snap+1","Lockon+1","Chill","Capacitor+1","Multi-Cast+1","Recycle+1","Capacitor","Creative AI+1","Compile Driver+1","Capacitor+1","Skim+1","Reboot","Coolheaded+1"],"special_seed":0,"relics":["Cracked Core","Dodecahedron","Bronze Scales","Juzu Bracelet","OrangePellets","Busted Crown","Gremlin Horn","Nuclear Battery","Ancient Tea Set","Whetstone"],"potions_floor_usage":[38,39,50,50,50],"damage_taken":[{"damage":0.0,"enemies":"2 Louse","floor":1.0,"turns":2.0},{"damage":6.0,"enemies":"Jaw Worm","floor":5.0,"turns":3.0},{"damage":21.0,"enemies":"Gremlin Nob","floor":7.0,"turns":4.0},{"damage":2.0,"enemies":"Small Slimes","floor":11.0,"turns":3.0},{"damage":11.0,"enemies":"Hexaghost","floor":16.0,"turns":7.0},{"damage":0.0,"enemies":"Shell Parasite","floor":18.0,"turns":4.0},{"damage":0.0,"enemies":"Spheric Guardian","floor":19.0,"turns":3.0},{"damage":16.0,"enemies":"Snake Plant","floor":21.0,"turns":2.0},{"damage":13.0,"enemies":"Snecko","floor":23.0,"turns":6.0},{"damage":8.0,"enemies":"Centurion and Healer","floor":28.0,"turns":6.0},{"damage":15.0,"enemies":"Snake Plant","floor":30.0,"turns":4.0},{"damage":17.0,"enemies":"Automaton","floor":33.0,"turns":9.0},{"damage":0,"enemies":"3 Shapes","floor":35,"turns":5},{"damage":0,"enemies":"3 Darklings","floor":36,"turns":6},{"damage":0,"enemies":"Sphere and 2 Shapes","floor":38,"turns":4},{"damage":26,"enemies":"Jaw Worm Horde","floor":39,"turns":7},{"damage":1,"enemies":"Spire Growth","floor":42,"turns":5},{"damage":0,"enemies":"Maw","floor":44,"turns":6},{"damage":0,"enemies":"3 Darklings","floor":47,"turns":5},{"damage":17,"enemies":"Donu and Deca","floor":50,"turns":7}],"seed_played":"4591873527384995698","potions_obtained":[{"floor":7.0,"key":"Swift Potion"},{"floor":11.0,"key":"LiquidBronze"},{"floor":16.0,"key":"Dexterity Potion"},{"floor":18.0,"key":"SkillPotion"},{"floor":21.0,"key":"AttackPotion"},{"floor":39,"key":"SteroidPotion"},{"floor":42,"key":"Poison Potion"}],"is_trial":false,"path_per_floor":["M","?","?","?","M","R","E","R","T","$","M","?","R","?","R","B",null,"M","M","$","M","$","M","R","?","T","R","M","R","M","?","R","B",null,"M","M","?","M","M","R","?","M","T","M","$","R","M","?","R","B",null],"character_chosen":"DEFECT","items_purchased":["OrangePellets","Redo","Capacitor","Creative AI"],"campfire_rested":2,"item_purchase_floors":[10,10,20,22],"current_hp_per_floor":[75,75,64,61,55,55,34,34,34,34,32,25,25,25,25,14,75,75,75,75,59,59,46,46,46,46,46,38,38,23,23,45,28,75,75,75,75,75,49,49,49,48,48,48,48,48,48,48,70,53],"gold":150,"neow_bonus":"ONE_RANDOM_RARE_CARD","is_prod":false,"is_daily":false,"chose_seed":false,"campfire_upgraded":9,"win_rate":0,"timestamp":1560332872,"path_taken":["M","?","?","?","M","R","E","R","T","$","M","?","R","?","R","BOSS","M","M","$","M","$","M","R","?","T","R","M","R","M","?","R","BOSS","M","M","?","M","M","R","?","M","T","M","$","R","M","?","R","BOSS"],"build_version":"2019-01-23","purchased_purges":2,"victory":true,"max_hp_per_floor":[75,75,75,75,75,75,75,75,75,75,75,75,75,75,75,75,75,75,75,75,75,75,75,75,75,75,75,75,75,75,75,75,75,75,75,75,75,75,75,75,75,75,75,75,75,75,75,75,75,75],"card_choices":[{"not_picked":["Stack","Double Energy"],"picked":"Cold Snap","floor":1.0},{"not_picked":["Rebound","Conserve Battery","Lockon"],"picked":"SKIP","floor":5.0},{"not_picked":["Rebound","Conserve Battery"],"picked":"Lockon","floor":5.0},{"not_picked":["Reinforced Body","Heatsinks"],"picked":"Chill","floor":7.0},{"not_picked":["Beam Cell","Turbo"],"picked":"Capacitor","floor":11.0},{"not_picked":["Hyperbeam","Buffer"],"picked":"Multi-Cast","floor":16.0},{"not_picked":[],"picked":"Recycle","floor":18.0},{"not_picked":["Streamline+1"],"picked":"SKIP","floor":19.0},{"not_picked":["Rip and Tear"],"picked":"SKIP","floor":21.0},{"not_picked":[],"picked":"Compile Driver+1","floor":23.0},{"not_picked":[],"picked":"Capacitor+1","floor":28.0},{"not_picked":["Streamline"],"picked":"SKIP","floor":30.0},{"not_picked":[],"picked":"Reboot","floor":33.0},{"not_picked":["Compile Driver"],"picked":"SKIP","floor":35},{"not_picked":["Compile Driver"],"picked":"SKIP","floor":36},{"not_picked":["Glacier"],"picked":"SKIP","floor":38},{"not_picked":["Barrage"],"picked":"SKIP","floor":39},{"not_picked":["Self Repair+1"],"picked":"SKIP","floor":42},{"not_picked":["Cold Snap+1"],"picked":"SKIP","floor":44},{"not_picked":[],"picked":"Coolheaded+1","floor":47}],"player_experience":5110631,"relics_obtained":[{"floor":7.0,"key":"Bronze Scales"},{"floor":9.0,"key":"Juzu Bracelet"},{"floor":26.0,"key":"Gremlin Horn"},{"floor":43,"key":"Whetstone"}],"event_choices":[{"cards_removed":["Strike_B"],"damage_healed":0.0,"max_hp_gain":0.0,"max_hp_loss":0.0,"gold_gain":0.0,"event_name":"Living Wall","player_choice":"Forget","floor":2.0,"gold_loss":0.0,"damage_taken":0.0},{"damage_healed":0.0,"max_hp_gain":0.0,"max_hp_loss":0.0,"gold_gain":75.0,"event_name":"World of Goop","player_choice":"Gather Gold","floor":3.0,"gold_loss":0.0,"damage_taken":11.0},{"damage_healed":0.0,"max_hp_gain":0.0,"max_hp_loss":0.0,"gold_gain":0.0,"event_name":"Scrap Ooze","player_choice":"Success","floor":4.0,"gold_loss":0.0,"damage_taken":3.0,"relics_obtained":["Dodecahedron"]},{"cards_removed":["Strike_B"],"damage_healed":0.0,"max_hp_gain":0.0,"max_hp_loss":0.0,"gold_gain":0.0,"event_name":"Golden Wing","player_choice":"Card Removal","floor":12.0,"gold_loss":0.0,"damage_taken":7.0},{"cards_removed":["Strike_B"],"damage_healed":0.0,"max_hp_gain":0.0,"max_hp_loss":0.0,"gold_gain":0.0,"event_name":"Bonfire Elementals","player_choice":"Offered Basic","floor":14.0,"gold_loss":0.0,"damage_taken":0.0},{"damage_healed":0.0,"max_hp_gain":0.0,"max_hp_loss":0.0,"gold_gain":0.0,"event_name":"Vampires","player_choice":"Ignored","floor":25.0,"gold_loss":0.0,"damage_taken":0.0},{"damage_healed":0.0,"max_hp_gain":0.0,"max_hp_loss":0.0,"gold_gain":0.0,"event_name":"The Library","player_choice":"Read","floor":31.0,"gold_loss":0.0,"damage_taken":0.0,"cards_obtained":["Skim"]},{"damage_healed":0,"gold_gain":0,"player_choice":"Memory 1","damage_taken":0,"max_hp_gain":0,"max_hp_loss":0,"event_name":"SensoryStone","floor":37,"gold_loss":0},{"cards_removed":["Redo"],"damage_healed":0,"gold_gain":0,"player_choice":"Gave Card","damage_taken":0,"relics_obtained":["Ancient Tea Set"],"max_hp_gain":0,"max_hp_loss":0,"event_name":"WeMeetAgain","floor":41,"gold_loss":0},{"damage_healed":0,"gold_gain":0,"player_choice":"Ignored","damage_taken":0,"max_hp_gain":0,"max_hp_loss":0,"event_name":"Mysterious Sphere","floor":48,"gold_loss":0}],"is_beta":false,"boss_relics":[{"not_picked":["Eternal Feather","White Beast Statue"],"picked":"Busted Crown"},{"not_picked":["Tiny House","Fusion Hammer"],"picked":"Nuclear Battery"}],"items_purged_floors":[20,45],"is_endless":false,"potions_floor_spawned":[7,11,16,18,21,30,35,39,42,44],"ascension_level":0}