{"gold_per_floor":[218,229,23,23,37,37,49,80,104,104],"floor_reached":10,"playtime":310,"items_purged":["Strike_B"],"score":136,"play_id":"fb923491-76ef-40b9-bc69-6c404f7076d9","local_time":"20190101005146","is_ascension_mode":true,"campfire_choices":[{"data":"Dualcast","floor":6,"key":"SMITH"}],"neow_cost":"NONE","seed_source_timestamp":49671934671691,"circlet_count":0,"master_deck":["AscendersBane","Strike_B","Strike_B","Strike_B","Defend_B","Defend_B","Defend_B","Defend_B","Zap","Dualcast+1","Darkness","Conserve Battery","Capacitor","Glacier","Glacier","Conserve Battery","Recycle"],"relics":["Cracked Core","DataDisk","Anchor"],"potions_floor_usage":[5,10],"damage_taken":[{"damage":7,"enemies":"Jaw Worm","floor":1,"turns":4},{"damage":12,"enemies":"2 Louse","floor":2,"turns":3},{"damage":0,"enemies":"Cultist","floor":5,"turns":5},{"damage":0,"enemies":"2 Fungi Beasts","floor":7,"turns":5},{"damage":37,"enemies":"3 Sentries","floor":8,"turns":7},{"damage":14,"enemies":"Gremlin Nob","floor":10,"turns":4}],"seed_played":"-3882263395243729143","potions_obtained":[{"floor":1,"key":"Regen Potion"},{"floor":2,"key":"Energy Potion"},{"floor":5,"key":"SteroidPotion"}],"is_trial":false,"path_per_floor":["M","M","$","?","M","R","M","E","T","E"],"character_chosen":"DEFECT","items_purchased":["Capacitor","Glacier"],"campfire_rested":0,"item_purchase_floors":[3,3],"current_hp_per_floor":[57,45,45,45,59,59,59,22,22,8],"gold":104,"neow_bonus":"HUNDRED_GOLD","is_prod":false,"is_daily":false,"chose_seed":false,"campfire_upgraded":1,"win_rate":0,"timestamp":1546275106,"path_taken":["M","M","$","?","M","R","M","E","T","E"],"build_version":"2018-12-20","purchased_purges":1,"victory":false,"max_hp_per_floor":[71,71,71,71,71,71,71,71,71,71],"card_choices":[{"not_picked":["Reinforced Body","Coolheaded"],"picked":"Darkness","floor":1},{"not_picked":["Go for the Eyes","Rebound"],"picked":"Conserve Battery","floor":2},{"not_picked":["Doom and Gloom","Gash"],"picked":"Glacier","floor":5},{"not_picked":["Steam Power","Compile Driver"],"picked":"Conserve Battery","floor":7},{"not_picked":["Scrape","Leap"],"picked":"Recycle","floor":8}],"player_experience":1629143,"relics_obtained":[{"floor":8,"key":"DataDisk"},{"floor":9,"key":"Anchor"}],"event_choices":[{"damage_healed":0,"gold_gain":0,"player_choice":"Ignored","damage_taken":0,"max_hp_gain":0,"max_hp_loss":0,"event_name":"Liars Game","floor":4,"gold_loss":0}],"is_beta":false,"boss_relics":[],"items_purged_floors":[3],"is_endless":false,"potions_floor_spawned":[1,2,5,8],"killed_by":"Gremlin Nob","ascension_level":20}