{"gold_per_floor":[117,129,54,54,54,84,101,113,113,13,13,46,61,76,76,76],"floor_reached":16,"playtime":465,"items_purged":["Strike_B","Strike_B"],"score":274,"play_id":"5c1cedb2-ada1-4585-9419-80d634c60272","local_time":"20190115220120","is_ascension_mode":true,"campfire_choices":[{"data":"Sunder","floor":11,"key":"SMITH"},{"data":"Capacitor","floor":15,"key":"SMITH"}],"neow_cost":"NONE","seed_source_timestamp":37193900407837,"circlet_count":0,"master_deck":["AscendersBane","Strike_B","Defend_B","Defend_B","Defend_B","Defend_B","Zap","Dualcast","Self Repair","Multi-Cast","Seek","Zap","Thunder Strike","Sunder+1","Capacitor+1","Ball Lightning","Fusion","Self Repair","Reinforced Body","Hologram"],"special_seed":0,"relics":["Cracked Core","NeowsBlessing","Regal Pillow","Bottled Lightning","Girya"],"potions_floor_usage":[12,12,14],"damage_taken":[{"damage":0.0,"enemies":"Cultist","floor":1.0,"turns":1.0},{"damage":0.0,"enemies":"Small Slimes","floor":2.0,"turns":1.0},{"damage":0,"enemies":"Gremlin Nob","floor":6,"turns":1},{"damage":21,"enemies":"Jaw Worm","floor":7,"turns":5},{"damage":14,"enemies":"Gremlin Gang","floor":8,"turns":4},{"damage":10,"enemies":"3 Sentries","floor":12,"turns":2},{"damage":13,"enemies":"Red Slaver","floor":13,"turns":3},{"damage":17,"enemies":"Lots of Slimes","floor":14,"turns":3},{"damage":0,"enemies":"Slime Boss","floor":16,"turns":4}],"seed_played":"-8007662561189599837","potions_obtained":[{"floor":6,"key":"Fire Potion"},{"floor":7,"key":"PowerPotion"},{"floor":13,"key":"Swift Potion"}],"is_trial":false,"path_per_floor":["M","M","$","?","?","E","M","M","T","$","R","E","M","M","R","B"],"character_chosen":"DEFECT","items_purchased":[],"campfire_rested":0,"item_purchase_floors":[],"current_hp_per_floor":[64,71,71,71,71,71,57,50,50,50,50,40,27,17,17,17],"gold":76,"neow_bonus":"THREE_ENEMY_KILL","is_prod":false,"is_daily":false,"chose_seed":false,"campfire_upgraded":2,"win_rate":0,"timestamp":1547560880,"path_taken":["M","M","$","?","?","E","M","M","T","$","R","E","M","?","R","BOSS"],"build_version":"2019-01-10","purchased_purges":2,"victory":false,"max_hp_per_floor":[71,71,71,71,71,71,71,71,71,71,71,71,71,71,71,71],"card_choices":[{"not_picked":["Turbo","Ball Lightning"],"picked":"Self Repair","floor":1.0},{"not_picked":["Streamline","Steam"],"picked":"Multi-Cast","floor":2.0},{"not_picked":["Gash","Undo"],"picked":"Capacitor","floor":6},{"not_picked":["Stack","Turbo"],"picked":"Ball Lightning","floor":7},{"not_picked":["Conserve Battery","Sunder"],"picked":"Fusion","floor":8},{"not_picked":["Cold Snap","Heatsinks"],"picked":"Self Repair","floor":12},{"not_picked":["Beam Cell","Redo"],"picked":"Reinforced Body","floor":13},{"not_picked":["Redo","Force Field"],"picked":"Hologram","floor":14}],"player_experience":2062160,"relics_obtained":[{"floor":6,"key":"Regal Pillow"},{"floor":9,"key":"Bottled Lightning"},{"floor":12,"key":"Girya"}],"event_choices":[{"damage_healed":0.0,"max_hp_gain":0.0,"max_hp_loss":0.0,"gold_gain":0.0,"cards_transformed":["Strike_B"],"event_name":"Living Wall","player_choice":"Change","floor":4.0,"gold_loss":0.0,"damage_taken":0.0,"cards_obtained":["Seek"]},{"damage_healed":0,"gold_gain":0,"player_choice":"3 cards matched","damage_taken":0,"max_hp_gain":0,"max_hp_loss":0,"event_name":"Match and Keep!","floor":5,"gold_loss":0,"cards_obtained":["Zap","Thunder Strike","Sunder"]}],"is_beta":false,"boss_relics":[],"items_purged_floors":[3,10],"is_endless":false,"potions_floor_spawned":[6,7,8,13],"killed_by":"Slime Boss","ascension_level":20}