{"gold_per_floor":[111,111,28,28,44,75,75,90,90,90,118,130,130,155,155,227,227,245,264,280,330,330,330,32,45,125,40,51,51,51],"floor_reached":30,"playtime":712,"items_purged":[],"score":546,"play_id":"588ba39a-4eb4-4772-be89-e694191944ea","local_time":"20190223203612","is_ascension_mode":true,"campfire_choices":[{"data":"Chaos","floor":7.0,"key":"SMITH"},{"data":"Coolheaded","floor":10.0,"key":"SMITH"},{"data":"Zap","floor":13.0,"key":"SMITH"},{"data":"Dualcast","floor":15,"key":"SMITH"},{"data":"Beam Cell","floor":23,"key":"SMITH"},{"data":"Blizzard","floor":29,"key":"SMITH"}],"neow_cost":"NONE","seed_source_timestamp":520517398924722,"circlet_count":0,"master_deck":["AscendersBane","Strike_B+1","Strike_B+1","Strike_B+1","Strike_B+1","Defend_B+1","Defend_B+1","Defend_B+1","Defend_B+1","Zap+1","Dualcast+1","Ball Lightning+1","Blizzard+1","Beam Cell+1","Chaos+1","Coolheaded+1","Doom and Gloom+1","Compile Driver+1","Undo","Electrodynamics","Go for the Eyes+1","Turbo","Chill","Capacitor","Glacier","FTL+1","Stack","Leap"],"special_seed":0,"relics":["Cracked Core","NeowsBlessing","Darkstone Periapt","Molten Egg 2","Lantern","Cables","Coffee Dripper","Question Card"],"potions_floor_usage":[14],"damage_taken":[{"damage":0.0,"enemies":"2 Louse","floor":1.0,"turns":1.0},{"damage":0.0,"enemies":"Jaw Worm","floor":5.0,"turns":1.0},{"damage":0.0,"enemies":"Gremlin Nob","floor":6.0,"turns":1.0},{"damage":0.0,"enemies":"Small Slimes","floor":8.0,"turns":2.0},{"damage":21.0,"enemies":"3 Sentries","floor":11.0,"turns":7.0},{"damage":0.0,"enemies":"3 Louse","floor":12.0,"turns":1.0},{"damage":11,"enemies":"Lagavulin","floor":14,"turns":5},{"damage":4,"enemies":"The Guardian","floor":16,"turns":11},{"damage":0,"enemies":"Chosen","floor":18,"turns":3},{"damage":9,"enemies":"2 Thieves","floor":19,"turns":2},{"damage":0,"enemies":"3 Cultists","floor":20,"turns":2},{"damage":15,"enemies":"Chosen and Byrds","floor":25,"turns":6},{"damage":26,"enemies":"Centurion and Healer","floor":28,"turns":5},{"damage":23,"enemies":"Cultist and Chosen","floor":30,"turns":5}],"seed_played":"-3340636528927138492","potions_obtained":[{"floor":6.0,"key":"Regen Potion"},{"floor":11.0,"key":"Explosive Potion"},{"floor":12.0,"key":"FearPotion"},{"floor":16,"key":"Dexterity Potion"},{"floor":18,"key":"FocusPotion"}],"is_trial":false,"path_per_floor":["M","?","$","?","M","E","R","M","T","R","E","M","R","E","R","B",null,"M","M","M","?","?","R","$","M","T","?","M","R","M"],"character_chosen":"DEFECT","items_purchased":["Blizzard","Capacitor","Glacier","FTL+1","Stack"],"campfire_rested":0,"item_purchase_floors":[3,24,24,24,24],"current_hp_per_floor":[64,43,43,43,43,43,43,43,43,43,22,22,22,25,25,21,59,59,50,50,50,50,50,50,35,35,35,9,9,0],"gold":51,"neow_bonus":"THREE_ENEMY_KILL","is_prod":false,"is_daily":false,"chose_seed":false,"campfire_upgraded":6,"win_rate":0,"timestamp":1550925372,"path_taken":["M","?","$","?","?","E","R","M","T","R","E","M","R","E","R","BOSS","M","M","M","?","?","R","?","M","T","?","M","R","M"],"build_version":"2019-01-23","purchased_purges":0,"victory":false,"max_hp_per_floor":[71,71,71,71,71,71,71,71,71,71,71,71,71,71,71,71,71,71,71,71,71,71,71,71,71,71,71,71,71,71],"card_choices":[{"not_picked":["Gash","Rebound"],"picked":"Ball Lightning","floor":1.0},{"not_picked":["Fusion","Redo"],"picked":"Beam Cell","floor":5.0},{"not_picked":["All For One","Blizzard"],"picked":"Chaos","floor":6.0},{"not_picked":["Rebound","Gash"],"picked":"Coolheaded","floor":8.0},{"not_picked":["Ball Lightning+1","Streamline+1"],"picked":"Doom and Gloom+1","floor":11.0},{"not_picked":["Auto Shields","Cold Snap+1"],"picked":"Compile Driver+1","floor":12.0},{"not_picked":["Compile Driver+1","Beam Cell+1"],"picked":"Undo","floor":14},{"not_picked":["Amplify","Rainbow"],"picked":"Electrodynamics","floor":16},{"not_picked":["Streamline+1","Static Discharge"],"picked":"Go for the Eyes+1","floor":18},{"not_picked":["Cold Snap+1","Aggregate"],"picked":"Turbo","floor":19},{"not_picked":["Heatsinks","Hello World"],"picked":"Chill","floor":20},{"not_picked":["Scrape+1","Genetic Algorithm","Rebound+1"],"picked":"SKIP","floor":25},{"not_picked":["Redo","Stack","Ball Lightning+1"],"picked":"Leap","floor":28}],"player_experience":944800,"relics_obtained":[{"floor":6.0,"key":"Darkstone Periapt"},{"floor":9.0,"key":"Molten Egg 2"},{"floor":11.0,"key":"Lantern"},{"floor":14,"key":"Cables"}],"event_choices":[{"damage_healed":0.0,"max_hp_gain":0.0,"max_hp_loss":0.0,"gold_gain":0.0,"event_name":"Shining Light","player_choice":"Entered Light","floor":2.0,"gold_loss":0.0,"damage_taken":21.0,"cards_upgraded":["Defend_B","Ball Lightning"]},{"damage_healed":0.0,"max_hp_gain":0.0,"max_hp_loss":0.0,"gold_gain":0.0,"event_name":"The Cleric","player_choice":"Leave","floor":4.0,"gold_loss":0.0,"damage_taken":0.0},{"damage_healed":0,"gold_gain":50,"player_choice":"Stole From Cult","damage_taken":0,"max_hp_gain":0,"max_hp_loss":0,"event_name":"Nest","floor":21,"gold_loss":0},{"damage_healed":0,"gold_gain":0,"player_choice":"Simplicity","damage_taken":0,"max_hp_gain":0,"max_hp_loss":0,"event_name":"Back to Basics","floor":22,"gold_loss":0,"cards_upgraded":["Strike_B","Strike_B","Strike_B","Strike_B","Defend_B","Defend_B","Defend_B"]},{"damage_healed":0,"gold_gain":0,"player_choice":"Obtained Relic","damage_taken":0,"relics_obtained":["Question Card"],"max_hp_gain":0,"max_hp_loss":0,"event_name":"Addict","floor":27,"gold_loss":85}],"is_beta":false,"boss_relics":[{"not_picked":["Tiny House","Snecko Eye"],"picked":"Coffee Dripper"}],"items_purged_floors":[],"is_endless":false,"potions_floor_spawned":[6,11,12,16,18,19],"killed_by":"Cultist and Chosen","ascension_level":20}