{"gold_per_floor":[218,65,44,56,71,71,87,122,148,148,162,162,177,204,204,280,280,296,346,325,325],"floor_reached":21,"playtime":854,"items_purged":[],"score":482,"play_id":"69c481cf-a144-4634-91d4-a98ecef67cd8","local_time":"20190311124427","is_ascension_mode":true,"campfire_choices":[{"data":"Rampage","floor":6.0,"key":"SMITH"},{"data":"Barricade","floor":10.0,"key":"SMITH"},{"data":"Battle Trance","floor":12.0,"key":"SMITH"},{"data":"Disarm","floor":15.0,"key":"SMITH"}],"neow_cost":"NONE","seed_source_timestamp":5076912579779,"circlet_count":0,"master_deck":["AscendersBane","Strike_R","Strike_R","Strike_R","Strike_R","Strike_R","Defend_R","Defend_R","Defend_R","Defend_R","Bash","Shrug It Off","Barricade+1","Shrug It Off","Rampage+1","Battle Trance+1","Disarm+1","Disarm","Exhume","Disarm","Shrug It Off"],"special_seed":0,"relics":["Burning Blood","Tiny Chest","Blood Vial","Oddly Smooth Stone","Question Card","Cursed Key"],"potions_floor_usage":[16,18,21],"damage_taken":[{"damage":11.0,"enemies":"Jaw Worm","floor":1.0,"turns":5.0},{"damage":12.0,"enemies":"Cultist","floor":4.0,"turns":5.0},{"damage":10.0,"enemies":"Small Slimes","floor":5.0,"turns":6.0},{"damage":0.0,"enemies":"Exordium Wildlife","floor":7.0,"turns":4.0},{"damage":36.0,"enemies":"Gremlin Nob","floor":8.0,"turns":4.0},{"damage":18.0,"enemies":"Red Slaver","floor":11.0,"turns":5.0},{"damage":7.0,"enemies":"Exordium Thugs","floor":13.0,"turns":5.0},{"damage":17.0,"enemies":"3 Sentries","floor":14.0,"turns":10.0},{"damage":0,"enemies":"Hexaghost","floor":16,"turns":12},{"damage":0,"enemies":"Chosen","floor":18,"turns":8},{"damage":19,"enemies":"2 Thieves","floor":20,"turns":4},{"damage":13,"enemies":"Centurion and Healer","floor":21,"turns":5}],"seed_played":"1589569331317019855","potions_obtained":[{"floor":4.0,"key":"EssenceOfSteel"},{"floor":7.0,"key":"Weak Potion"},{"floor":13.0,"key":"Strength Potion"},{"floor":16,"key":"EssenceOfSteel"},{"floor":18,"key":"EssenceOfSteel"},{"floor":20,"key":"BloodPotion"}],"is_trial":false,"path_per_floor":["M","$","?","M","M","R","M","E","T","R","M","R","M","E","R","B",null,"M","?","M","M"],"character_chosen":"IRONCLAD","items_purchased":["Barricade"],"campfire_rested":0,"item_purchase_floors":[2],"current_hp_per_floor":[63,63,63,57,53,53,59,29,29,29,19,19,20,11,11,19,61,69,69,58,54],"gold":325,"neow_bonus":"HUNDRED_GOLD","is_prod":false,"is_daily":false,"chose_seed":false,"campfire_upgraded":4,"win_rate":0,"timestamp":1552279467,"path_taken":["M","$","?","?","M","R","M","E","T","R","M","R","M","E","R","BOSS","M","?","M","M"],"build_version":"2019-01-23","purchased_purges":0,"victory":false,"max_hp_per_floor":[75,75,75,75,75,75,75,75,75,75,75,75,75,75,75,75,75,75,75,75,75],"card_choices":[{"not_picked":["Sword Boomerang","Clothesline"],"picked":"Shrug It Off","floor":1.0},{"not_picked":["Perfected Strike","Pommel Strike"],"picked":"Shrug It Off","floor":4.0},{"not_picked":["Infernal Blade","Flex"],"picked":"Rampage","floor":5.0},{"not_picked":["Body Slam","Pommel Strike"],"picked":"Battle Trance","floor":7.0},{"not_picked":["Iron Wave","Flex","Dual Wield"],"picked":"SKIP","floor":8.0},{"not_picked":["Iron Wave","Infernal Blade","Brutality"],"picked":"SKIP","floor":11.0},{"not_picked":["Pummel","Uppercut"],"picked":"Disarm","floor":13.0},{"not_picked":["Clothesline","Thunderclap"],"picked":"Disarm","floor":14.0},{"not_picked":["Reaper","Barricade","Juggernaut"],"picked":"Exhume","floor":16},{"not_picked":["Power Through","Dual Wield","Cleave"],"picked":"Disarm","floor":18},{"not_picked":["Headbutt","Pummel","Feel No Pain"],"picked":"Shrug It Off","floor":20}],"player_experience":3474968,"relics_obtained":[{"floor":8.0,"key":"Blood Vial"},{"floor":9.0,"key":"Oddly Smooth Stone"},{"floor":14.0,"key":"Question Card"}],"event_choices":[{"damage_healed":0.0,"max_hp_gain":0.0,"max_hp_loss":0.0,"gold_gain":0.0,"event_name":"WeMeetAgain","player_choice":"Paid Gold","floor":3.0,"gold_loss":51.0,"damage_taken":0.0,"relics_obtained":["Tiny Chest"]},{"damage_healed":0,"gold_gain":50,"player_choice":"Stole From Cult","damage_taken":0,"max_hp_gain":0,"max_hp_loss":0,"event_name":"Nest","floor":19,"gold_loss":0}],"is_beta":false,"boss_relics":[{"not_picked":["Ectoplasm","Black Blood"],"picked":"Cursed Key"}],"items_purged_floors":[],"is_endless":false,"potions_floor_spawned":[4,7,13,16,18,20],"killed_by":"Centurion and Healer","ascension_level":20}