{"path_per_floor":["M","$","M","$","M","E","R","M","T","R","E","R","?","?","R","B",null,"M","M","?","?","?","R","$","R","T","R","?","E","M","M","R"],"character_chosen":"DEFECT","items_purchased":["Double Energy","Beam Cell","Oddly Smooth Stone"],"gold_per_floor":[114,45,56,33,50,76,76,91,91,91,125,125,75,55,55,159,159,139,154,154,154,154,154,7,7,7,7,7,32,47,63,63,63],"floor_reached":33,"campfire_rested":2,"playtime":1704,"current_hp_per_floor":[70,70,74,74,75,40,40,24,31,55,46,70,70,70,70,23,82,74,37,37,64,41,41,41,41,41,41,41,32,35,41,41,0],"items_purged":[],"gold":63,"score":296,"play_id":"83396b05-32b0-456d-824d-9f643c091973","local_time":"20180428222223","is_prod":false,"is_daily":false,"chose_seed":false,"is_ascension_mode":false,"campfire_upgraded":6,"timestamp":1524946943,"path_taken":["M","$","?","$","M","E","R","M","T","R","E","R","?","?","R","BOSS","M","M","?","?","?","R","$","R","T","R","?","E","?","M","R","BOSS"],"build_version":"2018-04-27v3","seed_source_timestamp":43197734388202,"purchased_purges":0,"victory":false,"master_deck":["Strike_B","Strike_B","Strike_B","Strike_B","Defend_B","Defend_B","Defend_B","Zap+1","Dualcast+1","Self Repair+1","Double Energy+1","Beam Cell","Reinforced Body+1","Double Energy","Hello World","Creative AI+1","Fission+1","Capacitor","Sunder","Writhe","Ghostly+1","Ghostly+1","Ghostly+1","Ghostly+1","Ghostly+1","FTL","Axe Kick+1","Flux Capacitor+1"],"max_hp_per_floor":[75,75,75,75,75,75,75,75,82,82,82,82,82,82,82,82,82,82,82,82,82,41,41,41,41,41,41,41,41,41,41,41,41],"relics":["Runic Dome","Vajra","Strawberry","Toxic Egg 2","Nuclear Battery","Bronze Scales","Oddly Smooth Stone","Dodecahedron","Blood Vial"],"card_choices":[{"not_picked":["Heatsinks","Axe Kick"],"picked":"Self Repair","floor":1},{"not_picked":["Stack","Barrage"],"picked":"Reinforced Body","floor":5},{"not_picked":["Cold Snap","Rebound"],"picked":"Double Energy","floor":6},{"not_picked":["Hologram","Go for the Eyes"],"picked":"Hello World","floor":8},{"not_picked":["Gash","Beam Cell"],"picked":"Creative AI","floor":11},{"not_picked":["All For One","Fusion"],"picked":"Fission","floor":16},{"not_picked":["Axe Kick","Reinforced Body"],"picked":"Capacitor","floor":18},{"not_picked":["Streamline","Capacitor"],"picked":"Sunder","floor":19},{"not_picked":["Skim","Doom and Gloom"],"picked":"FTL","floor":29},{"not_picked":["Hologram","Cold Snap"],"picked":"Axe Kick","floor":30},{"not_picked":["Ball Lightning","Rebound"],"picked":"Flux Capacitor","floor":31}],"player_experience":13504,"potions_floor_usage":[11,16,16,30],"damage_taken":[{"damage":5,"enemies":"Cultist","floor":1,"turns":4},{"damage":3,"enemies":"Small Slimes","floor":3,"turns":3},{"damage":6,"enemies":"Jaw Worm","floor":5,"turns":3},{"damage":42,"enemies":"Lagavulin","floor":6,"turns":10},{"damage":23,"enemies":"Lots of Slimes","floor":8,"turns":5},{"damage":16,"enemies":"Gremlin Nob","floor":11,"turns":4},{"damage":62,"enemies":"The Guardian","floor":16,"turns":14},{"damage":15,"enemies":"2 Thieves","floor":18,"turns":4},{"damage":44,"enemies":"Chosen","floor":19,"turns":8},{"damage":23,"enemies":"Slavers","floor":29,"turns":8},{"damage":9,"enemies":"Sentry and Sphere","floor":30,"turns":7},{"damage":6,"enemies":"Snake Plant","floor":31,"turns":5},{"damage":41,"enemies":"Collector","floor":33,"turns":7}],"event_choices":[{"event_name":"The Cleric","player_choice":"Card Removal","floor":13,"damage_taken":0},{"event_name":"The Woman in Blue","player_choice":"Bought 1 Potion","floor":14,"damage_taken":0},{"event_name":"The Mausoleum","player_choice":"Yes","floor":20,"damage_taken":0},{"event_name":"The Library","player_choice":"Heal","floor":21,"damage_taken":0},{"event_name":"Ghosts","player_choice":"Became a Ghost","floor":22,"damage_taken":0},{"event_name":"Addict","player_choice":"Ignored","floor":28,"damage_taken":0}],"boss_relics":[{"not_picked":["Cursed Key","Tiny House"],"picked":"Nuclear Battery"}],"potions_floor_spawned":[1,5,16,29,31],"seed_played":"7572024274212727697","killed_by":"Collector","ascension_level":0,"is_trial":false}