{"gold_per_floor":[116,116,133,152,66,93,93,126,204,204,5,17,17,37,37,132,132,143,143,143,160,75,75,22,38,65,92,121,133,145,4,4,109,109,121,21,38,38,38,38,70,80,80,110,110,110,110,20,20,20],"floor_reached":51,"playtime":1875,"items_purged":["Strike_B","Strike_B"],"score":784,"play_id":"7d3ad162-6cd3-4c4e-8735-b800c580ebfd","local_time":"20190617193542","is_ascension_mode":false,"campfire_choices":[{"data":"Streamline","floor":7.0,"key":"SMITH"},{"data":"Storm","floor":10.0,"key":"SMITH"},{"data":"Loop","floor":13.0,"key":"SMITH"},{"data":"Blizzard","floor":15.0,"key":"SMITH"},{"data":"Biased Cognition","floor":23.0,"key":"SMITH"},{"data":"Coolheaded","floor":30.0,"key":"SMITH"},{"data":"Coolheaded","floor":32.0,"key":"SMITH"},{"data":"Biased Cognition","floor":40.0,"key":"SMITH"},{"data":"Skim","floor":45,"key":"SMITH"},{"data":"Dualcast","floor":47,"key":"SMITH"},{"data":"Seek","floor":49,"key":"SMITH"}],"neow_cost":"NONE","seed_source_timestamp":25902909713140,"circlet_count":0,"master_deck":["Defend_B","Defend_B+1","Zap","Dualcast+1","Loop+1","Conserve Battery","Self Repair","Blizzard+1","Coolheaded+1","Storm+1","Coolheaded+1","Seek+1","Biased Cognition+1","BootSequence","Skim+1","Chill","Turbo+1","Redo+1","Glacier+1","Skim+1","Biased Cognition+1","Self Repair+1","Loop+1","Coolheaded+1","Fission+1"],"special_seed":0,"relics":["Cracked Core","Strawberry","Tiny Chest","Runic Capacitor","Odd Mushroom","Nuclear Battery","Nilry\u0027s Codex","Toxic Egg 2","MawBank","Vajra","Sozu","Bottled Tornado","Letter Opener","Cables"],"potions_floor_usage":[50,50],"damage_taken":[{"damage":7.0,"enemies":"Jaw Worm","floor":1.0,"turns":4.0},{"damage":1.0,"enemies":"Cultist","floor":3.0,"turns":3.0},{"damage":0.0,"enemies":"2 Louse","floor":4.0,"turns":2.0},{"damage":25.0,"enemies":"3 Sentries","floor":6.0,"turns":9.0},{"damage":20.0,"enemies":"Gremlin Nob","floor":8.0,"turns":5.0},{"damage":5.0,"enemies":"Looter","floor":12.0,"turns":3.0},{"damage":41.0,"enemies":"The Mushroom Lair","floor":14.0,"turns":5.0},{"damage":6.0,"enemies":"Hexaghost","floor":16.0,"turns":9.0},{"damage":8.0,"enemies":"3 Byrds","floor":18.0,"turns":4.0},{"damage":10.0,"enemies":"2 Thieves","floor":21.0,"turns":4.0},{"damage":0.0,"enemies":"Chosen and Byrds","floor":25.0,"turns":3.0},{"damage":0.0,"enemies":"Sentry and Sphere","floor":27.0,"turns":3.0},{"damage":0.0,"enemies":"Centurion and Healer","floor":28.0,"turns":5.0},{"damage":2.0,"enemies":"Collector","floor":33.0,"turns":7.0},{"damage":0.0,"enemies":"3 Shapes","floor":35.0,"turns":4.0},{"damage":1.0,"enemies":"3 Darklings","floor":37.0,"turns":3.0},{"damage":0,"enemies":"Reptomancer","floor":41,"turns":5},{"damage":0,"enemies":"Spire Growth","floor":42,"turns":3},{"damage":0,"enemies":"Giant Head","floor":44,"turns":6},{"damage":12,"enemies":"Awakened One","floor":50,"turns":6}],"seed_played":"2764480210253085317","potions_obtained":[{"floor":3.0,"key":"SteroidPotion"},{"floor":8.0,"key":"SkillPotion"},{"floor":14.0,"key":"FocusPotion"},{"floor":18.0,"key":"FearPotion"},{"floor":21.0,"key":"Energy Potion"}],"is_trial":false,"path_per_floor":["M","?","M","M","$","E","R","E","T","R","$","M","R","?","R","B",null,"M","?","?","M","?","R","$","M","T","M","M","?","R","$","R","B",null,"M","$","M","?","$","R","E","M","T","E","R","?","R","?","R","B",null],"character_chosen":"DEFECT","items_purchased":["Blizzard","Coolheaded","Runic Capacitor","Turbo+1","Skim+1"],"campfire_rested":0,"item_purchase_floors":[5,5,11,24,31],"current_hp_per_floor":[68,68,67,67,67,49,49,43,43,43,43,45,45,11,11,12,82,81,81,65,55,55,55,55,62,62,69,76,76,76,76,76,81,82,82,82,82,82,82,82,82,82,82,82,82,82,82,82,82,82],"gold":20,"neow_bonus":"TRANSFORM_CARD","is_prod":false,"is_daily":false,"chose_seed":false,"campfire_upgraded":11,"win_rate":0,"timestamp":1560771342,"path_taken":["M","?","M","?","$","E","R","E","T","R","$","M","R","?","R","BOSS","M","?","?","M","?","R","$","M","T","M","M","?","R","$","R","BOSS","M","$","M","?","?","R","E","?","T","E","R","?","R","?","R","BOSS"],"build_version":"2019-01-23","purchased_purges":2,"victory":true,"max_hp_per_floor":[75,75,75,75,75,75,75,82,82,82,82,82,82,82,82,82,82,82,82,82,82,82,82,82,82,82,82,82,82,82,82,82,82,82,82,82,82,82,82,82,82,82,82,82,82,82,82,82,82,82],"card_choices":[{"not_picked":["Beam Cell","Conserve Battery"],"picked":"Streamline","floor":1.0},{"not_picked":["Stack","Lockon"],"picked":"Conserve Battery","floor":3.0},{"not_picked":["Reprogram","Hologram"],"picked":"Self Repair","floor":4.0},{"not_picked":["Scrape","Go for the Eyes","Blizzard"],"picked":"SKIP","floor":6.0},{"not_picked":["Turbo","Steam"],"picked":"Storm","floor":8.0},{"not_picked":["Redo","Blizzard"],"picked":"Coolheaded","floor":12.0},{"not_picked":["Scrape","Sunder"],"picked":"Seek","floor":14.0},{"not_picked":["Machine Learning","All For One"],"picked":"Biased Cognition","floor":16.0},{"not_picked":["BootSequence","Aggregate+1","Hello World"],"picked":"SKIP","floor":18.0},{"not_picked":["Aggregate+1","Hello World"],"picked":"BootSequence","floor":18.0},{"not_picked":["Stack","Sweeping Beam"],"picked":"Chill","floor":21.0},{"not_picked":["Rebound+1","Cold Snap"],"picked":"Redo+1","floor":25.0},{"not_picked":["Barrage","Streamline"],"picked":"Glacier+1","floor":27.0},{"not_picked":["Streamline","Redo+1","Conserve Battery+1"],"picked":"SKIP","floor":28.0},{"not_picked":["Seek+1","Reboot+1"],"picked":"Biased Cognition","floor":33.0},{"not_picked":["Leap+1","White Noise+1"],"picked":"Self Repair+1","floor":35.0},{"not_picked":["Sweeping Beam+1","Ball Lightning+1"],"picked":"Loop+1","floor":37.0},{"not_picked":["Barrage","Force Field+1","Auto Shields+1"],"picked":"SKIP","floor":41},{"not_picked":["Cold Snap","Lockon"],"picked":"Coolheaded+1","floor":42},{"not_picked":["Redo+1","Stack+1"],"picked":"Fission+1","floor":44}],"player_experience":5359937,"relics_obtained":[{"floor":8.0,"key":"Strawberry"},{"floor":9.0,"key":"Tiny Chest"},{"floor":14.0,"key":"Odd Mushroom"},{"floor":20.0,"key":"Nilry\u0027s Codex"},{"floor":26.0,"key":"MawBank"},{"floor":41,"key":"Bottled Tornado"},{"floor":43,"key":"Letter Opener"},{"floor":44,"key":"Cables"}],"event_choices":[{"cards_removed":["Strike_B"],"damage_healed":0.0,"max_hp_gain":0.0,"max_hp_loss":0.0,"gold_gain":0.0,"event_name":"Wheel of Change","player_choice":"Card Removal","floor":2.0,"gold_loss":0.0,"damage_taken":0.0},{"damage_healed":0.0,"max_hp_gain":0.0,"max_hp_loss":0.0,"gold_gain":0.0,"event_name":"Mushrooms","player_choice":"Fought Mushrooms","floor":14.0,"gold_loss":0.0,"damage_taken":0.0},{"damage_healed":0.0,"max_hp_gain":0.0,"max_hp_loss":0.0,"gold_gain":0.0,"event_name":"The Library","player_choice":"Read","floor":19.0,"gold_loss":0.0,"damage_taken":0.0,"cards_obtained":["Skim"]},{"damage_healed":0.0,"max_hp_gain":0.0,"max_hp_loss":0.0,"gold_gain":0.0,"event_name":"Cursed Tome","player_choice":"Obtained Book","floor":20.0,"gold_loss":0.0,"damage_taken":16.0},{"damage_healed":0.0,"max_hp_gain":0.0,"max_hp_loss":0.0,"gold_gain":0.0,"event_name":"Addict","player_choice":"Obtained Relic","floor":22.0,"gold_loss":85.0,"damage_taken":0.0,"relics_obtained":["Toxic Egg 2"]},{"damage_healed":0.0,"max_hp_gain":0.0,"max_hp_loss":0.0,"gold_gain":0.0,"event_name":"The Mausoleum","player_choice":"Opened","floor":29.0,"gold_loss":0.0,"damage_taken":0.0,"relics_obtained":["Vajra"]},{"cards_removed":["Defend_B"],"damage_healed":0.0,"max_hp_gain":0.0,"max_hp_loss":0.0,"gold_gain":0.0,"event_name":"Purifier","player_choice":"Purged","floor":38.0,"gold_loss":0.0,"damage_taken":0.0},{"cards_removed":["Streamline"],"damage_healed":0,"gold_gain":0,"player_choice":"Removed Attack","damage_taken":0,"max_hp_gain":0,"max_hp_loss":0,"event_name":"Falling","floor":46,"gold_loss":0},{"cards_removed":["Defend_B"],"damage_healed":0,"gold_gain":0,"player_choice":"Upgrade and Remove","damage_taken":0,"max_hp_gain":0,"max_hp_loss":0,"event_name":"Designer","floor":48,"gold_loss":90,"cards_upgraded":["Defend_B"]}],"is_beta":false,"boss_relics":[{"not_picked":["FrozenCore","Calling Bell"],"picked":"Nuclear Battery"},{"not_picked":["Runic Dome","Inserter"],"picked":"Sozu"}],"items_purged_floors":[31,36],"is_endless":false,"potions_floor_spawned":[3,8,14,18,21,37,44],"ascension_level":0}