{"gold_per_floor":[119,2,2,14,32,32,4,4,53,400,412,453,465,494,506,592,604,587,610,622,559,132,132,132],"floor_reached":24,"playtime":808,"items_purged":["Strike_G","Strike_G+1"],"score":504,"play_id":"b4c09467-1e18-4bf9-9ca3-abbdb8bff3df","local_time":"20190125183308","is_ascension_mode":true,"campfire_choices":[{"data":"Bouncing Flask","floor":6,"key":"SMITH"},{"data":"Deadly Poison","floor":11,"key":"SMITH"},{"data":"Prepared","floor":13,"key":"SMITH"},{"data":"Neutralize","floor":15,"key":"SMITH"},{"data":"Burst","floor":23,"key":"SMITH"}],"neow_cost":"NONE","seed_source_timestamp":30563333480680,"circlet_count":0,"master_deck":["AscendersBane","Defend_G","Defend_G","Defend_G","Defend_G","Defend_G","Survivor","Neutralize+1","Bouncing Flask+1","Acrobatics","Deadly Poison+1","Prepared+1","Burst+1","Footwork","Concentrate"],"relics":["Ring of the Snake","Whetstone","MawBank","Old Coin","Empty Cage","MealTicket"],"potions_floor_usage":[14,16,16,16,24],"damage_taken":[{"damage":0,"enemies":"Cultist","floor":1,"turns":4},{"damage":2,"enemies":"Jaw Worm","floor":4,"turns":3},{"damage":3,"enemies":"Small Slimes","floor":5,"turns":3},{"damage":32,"enemies":"Gremlin Nob","floor":10,"turns":4},{"damage":12,"enemies":"Lagavulin","floor":12,"turns":6},{"damage":0,"enemies":"Exordium Wildlife","floor":14,"turns":4},{"damage":0,"enemies":"Hexaghost","floor":16,"turns":7},{"damage":20,"enemies":"2 Thieves","floor":18,"turns":4},{"damage":0,"enemies":"Spheric Guardian","floor":19,"turns":3},{"damage":7,"enemies":"Snake Plant","floor":24,"turns":6}],"seed_played":"-1930879385342897172","potions_obtained":[{"floor":1,"key":"EntropicBrew"},{"floor":5,"key":"GhostInAJar"},{"floor":19,"key":"Fire Potion"}],"is_trial":false,"path_per_floor":["M","$","?","M","M","R","$","$","T","E","R","E","R","M","R","B",null,"M","M","?","?","$","R","M"],"character_chosen":"THE_SILENT","items_purchased":["Bouncing Flask","Prepared","MealTicket","Footwork","Concentrate"],"campfire_rested":0,"item_purchase_floors":[2,7,22,22,22],"current_hp_per_floor":[59,59,59,57,54,54,54,54,54,22,22,10,10,10,10,25,56,36,36,18,18,18,18,11],"gold":132,"neow_bonus":"RANDOM_COMMON_RELIC","is_prod":false,"is_daily":false,"chose_seed":false,"campfire_upgraded":5,"win_rate":0,"timestamp":1548412388,"path_taken":["M","$","?","M","M","R","?","$","T","E","R","E","R","M","R","BOSS","M","M","?","?","?","R","M"],"build_version":"2019-01-23","purchased_purges":2,"victory":false,"max_hp_per_floor":[66,66,66,66,66,66,66,66,66,66,66,66,66,66,66,66,66,66,66,71,71,71,71,71],"card_choices":[{"not_picked":["Dodge and Roll","Blade Dance","Setup"],"picked":"SKIP","floor":1},{"not_picked":["Flying Knee","PiercingWail"],"picked":"Acrobatics","floor":4},{"not_picked":["Acrobatics","Infinite Blades"],"picked":"Deadly Poison","floor":5},{"not_picked":["Dagger Throw","Dagger Spray","Flechettes"],"picked":"SKIP","floor":10},{"not_picked":["Quick Slash","Bane","Flying Knee"],"picked":"SKIP","floor":12},{"not_picked":["Deadly Poison","Poisoned Stab","Quick Slash"],"picked":"SKIP","floor":14},{"not_picked":["Glass Knife","Phantasmal Killer"],"picked":"Burst","floor":16},{"not_picked":["Deadly Poison","Bane","Blade Dance"],"picked":"SKIP","floor":18},{"not_picked":["Underhanded Strike","Slice","Backflip"],"picked":"SKIP","floor":19}],"player_experience":1345560,"relics_obtained":[{"floor":9,"key":"MawBank"},{"floor":10,"key":"Old Coin"}],"event_choices":[{"damage_healed":0,"gold_gain":0,"player_choice":"Ignored","damage_taken":0,"max_hp_gain":0,"max_hp_loss":0,"event_name":"Liars Game","floor":3,"gold_loss":0},{"damage_healed":0,"gold_gain":0,"player_choice":"Shed Blood","damage_taken":23,"max_hp_gain":5,"max_hp_loss":0,"event_name":"Forgotten Altar","floor":20,"gold_loss":0},{"cards_removed":["Strike_G"],"damage_healed":0,"gold_gain":0,"player_choice":"Gave Gold","damage_taken":0,"max_hp_gain":0,"max_hp_loss":0,"event_name":"Beggar","floor":21,"gold_loss":75}],"is_beta":true,"boss_relics":[{"not_picked":["Pandora\u0027s Box","Fusion Hammer"],"picked":"Empty Cage"}],"items_purged_floors":[2,22],"is_endless":false,"potions_floor_spawned":[1,5,19],"killed_by":"Snake Plant","ascension_level":20}