{"gold_per_floor":[112,37,47,47,63,63,78,106,106,65,45],"floor_reached":11,"playtime":329,"items_purged":["Strike_G"],"score":146,"play_id":"6930dea6-f0e7-403e-84b4-23d1af3d6373","local_time":"20190118153556","is_ascension_mode":true,"campfire_choices":[{"data":"Metamorphosis","floor":6,"key":"SMITH"}],"neow_cost":"TEN_PERCENT_HP_LOSS","seed_source_timestamp":13281847676879,"circlet_count":0,"master_deck":["AscendersBane","Defend_G","Defend_G","Defend_G","Defend_G","Defend_G","Strike_G","Strike_G","Strike_G","Strike_G","Survivor","Neutralize","Metamorphosis+1","Madness","Escape Plan","Tactician","Pain","Reflex","Well Laid Plans"],"relics":["Ring of the Snake","WarpedTongs","Pen Nib","Lantern"],"potions_floor_usage":[7],"damage_taken":[{"damage":0,"enemies":"Cultist","floor":1,"turns":4},{"damage":0,"enemies":"Small Slimes","floor":3,"turns":3},{"damage":6,"enemies":"Jaw Worm","floor":5,"turns":4},{"damage":12,"enemies":"Gremlin Gang","floor":7,"turns":3},{"damage":38,"enemies":"Gremlin Nob","floor":8,"turns":4},{"damage":1,"enemies":"Looter","floor":11,"turns":2}],"seed_played":"5025199134541762130","potions_obtained":[{"floor":3,"key":"Strength Potion"}],"is_trial":false,"path_per_floor":["M","$","M","?","M","R","M","E","T","$","M"],"character_chosen":"THE_SILENT","items_purchased":["Well Laid Plans"],"campfire_rested":0,"item_purchase_floors":[10],"current_hp_per_floor":[59,59,59,59,53,53,41,3,3,3,2],"gold":45,"neow_bonus":"RANDOM_COLORLESS_2","is_prod":false,"is_daily":false,"chose_seed":false,"campfire_upgraded":1,"win_rate":0,"timestamp":1547796956,"path_taken":["M","$","M","?","M","R","M","E","T","$","M"],"build_version":"2019-01-17","purchased_purges":1,"victory":false,"max_hp_per_floor":[60,60,60,60,60,60,60,60,60,60,60],"card_choices":[{"not_picked":["Distraction","Deadly Poison"],"picked":"Escape Plan","floor":1},{"not_picked":["Cloak And Dagger","Endless Agony"],"picked":"Tactician","floor":3},{"not_picked":["Terror","Quick Slash","Endless Agony"],"picked":"SKIP","floor":5},{"not_picked":["Blur","Dagger Throw","Caltrops"],"picked":"SKIP","floor":7},{"not_picked":["Underhanded Strike","Heel Hook"],"picked":"Reflex","floor":8}],"player_experience":2001701,"relics_obtained":[{"floor":8,"key":"Pen Nib"},{"floor":9,"key":"Lantern"}],"event_choices":[{"damage_healed":0,"gold_gain":0,"player_choice":"Rummage","damage_taken":0,"relics_obtained":["WarpedTongs"],"max_hp_gain":0,"max_hp_loss":0,"event_name":"Accursed Blacksmith","floor":4,"gold_loss":0,"cards_obtained":["Pain"]}],"is_beta":false,"boss_relics":[],"items_purged_floors":[2],"is_endless":false,"potions_floor_spawned":[3],"killed_by":"Looter","ascension_level":20}