{"gold_per_floor":[114,128,138,138,158,158,194,119,119,142,142,165,165,185,185,185],"floor_reached":16,"playtime":378,"items_purged":[],"score":208,"play_id":"6c033be7-ab97-4ea7-85d3-42da0ebd530c","local_time":"20190223213429","is_ascension_mode":true,"campfire_choices":[{"data":"Zap","floor":6.0,"key":"SMITH"},{"data":"Dualcast","floor":13.0,"key":"SMITH"},{"data":"Coolheaded","floor":15.0,"key":"SMITH"}],"neow_cost":"NONE","seed_source_timestamp":524196550351665,"circlet_count":0,"master_deck":["AscendersBane","Strike_B","Strike_B","Strike_B","Defend_B","Defend_B","Defend_B","Defend_B","Zap+1","Dualcast+1","Blizzard+1","Turbo","Go for the Eyes","Melter","Chill","Glacier","Cold Snap","Coolheaded+1"],"special_seed":0,"relics":["Cracked Core","NeowsBlessing","Golden Idol","Calipers","Letter Opener"],"potions_floor_usage":[16,16],"damage_taken":[{"damage":0.0,"enemies":"2 Louse","floor":1.0,"turns":1.0},{"damage":0.0,"enemies":"Small Slimes","floor":2.0,"turns":1.0},{"damage":0.0,"enemies":"Cultist","floor":3.0,"turns":1.0},{"damage":18.0,"enemies":"Large Slime","floor":5.0,"turns":6.0},{"damage":25.0,"enemies":"Lagavulin","floor":7.0,"turns":7.0},{"damage":5.0,"enemies":"3 Louse","floor":10.0,"turns":3.0},{"damage":6.0,"enemies":"Blue Slaver","floor":12.0,"turns":2.0},{"damage":3.0,"enemies":"Looter","floor":14.0,"turns":2.0},{"damage":9,"enemies":"Slime Boss","floor":16,"turns":10}],"seed_played":"-6863352590939037323","potions_obtained":[{"floor":1.0,"key":"SpeedPotion"},{"floor":2.0,"key":"SteroidPotion"}],"is_trial":false,"path_per_floor":["M","M","M","?","M","R","E","?","T","M","?","M","R","M","R","B"],"character_chosen":"DEFECT","items_purchased":[],"campfire_rested":0,"item_purchase_floors":[],"current_hp_per_floor":[64,64,64,64,46,46,21,21,21,16,16,10,10,7,7,0],"gold":185,"neow_bonus":"THREE_ENEMY_KILL","is_prod":false,"is_daily":false,"chose_seed":false,"campfire_upgraded":3,"win_rate":0,"timestamp":1550928869,"path_taken":["M","M","M","?","M","R","E","?","T","M","?","M","R","M","R","BOSS"],"build_version":"2019-01-23","purchased_purges":0,"victory":false,"max_hp_per_floor":[71,71,71,64,64,64,64,64,64,64,64,64,64,64,64,64],"card_choices":[{"not_picked":["Loop","Cold Snap"],"picked":"Blizzard","floor":1.0},{"not_picked":["White Noise","Steam"],"picked":"Turbo","floor":2.0},{"not_picked":["Streamline","Beam Cell"],"picked":"Go for the Eyes","floor":3.0},{"not_picked":["Auto Shields","Reprogram"],"picked":"Melter","floor":5.0},{"not_picked":["Lockon","Beam Cell"],"picked":"Chill","floor":7.0},{"not_picked":["Heatsinks","Ball Lightning"],"picked":"Glacier","floor":10.0},{"not_picked":["Reprogram","Fusion"],"picked":"Cold Snap","floor":12.0},{"not_picked":["Compile Driver","Hologram"],"picked":"Coolheaded","floor":14.0}],"player_experience":947982,"relics_obtained":[{"floor":7.0,"key":"Calipers"},{"floor":9.0,"key":"Letter Opener"}],"event_choices":[{"damage_healed":0.0,"max_hp_gain":0.0,"max_hp_loss":7.0,"gold_gain":0.0,"event_name":"Golden Idol","player_choice":"Lose Max HP","floor":4.0,"gold_loss":0.0,"damage_taken":0.0,"relics_obtained":["Golden Idol"]},{"cards_removed":["Strike_B"],"damage_healed":0.0,"max_hp_gain":0.0,"max_hp_loss":0.0,"gold_gain":0.0,"event_name":"The Cleric","player_choice":"Card Removal","floor":8.0,"gold_loss":75.0,"damage_taken":0.0},{"damage_healed":0.0,"max_hp_gain":0.0,"max_hp_loss":0.0,"gold_gain":0.0,"event_name":"Living Wall","player_choice":"Grow","floor":11.0,"gold_loss":0.0,"damage_taken":0.0,"cards_upgraded":["Blizzard"]}],"is_beta":false,"boss_relics":[],"items_purged_floors":[],"is_endless":false,"potions_floor_spawned":[1,2,14],"killed_by":"Slime Boss","ascension_level":20}