{"gold_per_floor":[109,109,109,10,25,82,96,96,123,143,156,156,169,187,187,264,264,277,192,5,0,0,0,0,0,0,18,36,36,36,36,36,115,115,125,25,35,51,51,51,71,171,171,171,181,56,84,84,84,84,84],"floor_reached":51,"playtime":2011,"items_purged":["Strike_G","Strike_G","Strike_G"],"score":1575,"play_id":"28e47d6f-9304-463c-95ca-713c695766db","local_time":"20181117115143","is_ascension_mode":true,"campfire_choices":[{"data":"Bouncing Flask","floor":8.0,"key":"SMITH"},{"data":"Noxious Fumes","floor":12.0,"key":"SMITH"},{"data":"Deadly Poison","floor":15.0,"key":"SMITH"},{"data":"Apotheosis","floor":23,"key":"SMITH"},{"data":"Well Laid Plans","floor":25,"key":"SMITH"},{"floor":32,"key":"REST"},{"floor":40,"key":"REST"},{"floor":44,"key":"REST"},{"floor":49,"key":"RECALL"}],"neow_cost":"NONE","seed_source_timestamp":2267836591554,"circlet_count":0,"master_deck":["AscendersBane","Defend_G","Defend_G","Defend_G","Defend_G","Defend_G","Strike_G","Survivor","Neutralize","Well Laid Plans+1","Acrobatics","Noxious Fumes+1","Bouncing Flask+1","Masterful Stab","Deadly Poison+1","Backflip","Apotheosis+1","Prepared","After Image","Prepared+1","Reflex","Crippling Poison","Backflip+1","Leg Sweep","Tactician","Secret Technique"],"special_seed":0,"relics":["Ring of the Snake","NeowsBlessing","Bag of Preparation","Tiny Chest","Oddly Smooth Stone","Sozu","Potion Belt","Kunai","Enchiridion","Ice Cream","Fusion Hammer","Pocketwatch","Dodecahedron","Dream Catcher"],"potions_floor_usage":[33],"damage_taken":[{"damage":0.0,"enemies":"Small Slimes","floor":1.0,"turns":1.0},{"damage":0.0,"enemies":"Jaw Worm","floor":5.0,"turns":1.0},{"damage":0.0,"enemies":"3 Sentries","floor":6.0,"turns":1.0},{"damage":2.0,"enemies":"Cultist","floor":7.0,"turns":4.0},{"damage":6.0,"enemies":"2 Fungi Beasts","floor":10.0,"turns":4.0},{"damage":0.0,"enemies":"Large Slime","floor":11.0,"turns":7.0},{"damage":5.0,"enemies":"Looter","floor":13.0,"turns":3.0},{"damage":0.0,"enemies":"2 Fungi Beasts","floor":14.0,"turns":2.0},{"damage":0,"enemies":"Hexaghost","floor":16,"turns":7},{"damage":14,"enemies":"2 Thieves","floor":18,"turns":3},{"damage":0,"enemies":"Spheric Guardian","floor":27,"turns":3},{"damage":6,"enemies":"Centurion and Healer","floor":28,"turns":4},{"damage":0,"enemies":"Collector","floor":33,"turns":6},{"damage":0,"enemies":"3 Darklings","floor":35,"turns":2},{"damage":9,"enemies":"3 Shapes","floor":37,"turns":3},{"damage":11,"enemies":"Sphere and 2 Shapes","floor":38,"turns":5},{"damage":14,"enemies":"Transient","floor":41,"turns":6},{"damage":0,"enemies":"Mind Bloom Boss Battle","floor":42,"turns":6},{"damage":10,"enemies":"3 Darklings","floor":45,"turns":4},{"damage":19,"enemies":"Reptomancer","floor":47,"turns":6},{"damage":4,"enemies":"Donu and Deca","floor":50,"turns":10},{"damage":28,"enemies":"Time Eater","floor":51,"turns":3}],"seed_played":"-2595006358957695207","potions_obtained":[{"floor":3.0,"key":"SmokeBomb"},{"floor":3.0,"key":"SkillPotion"},{"floor":10.0,"key":"Ancient Potion"},{"floor":14.0,"key":"Energy Potion"}],"is_trial":false,"path_per_floor":["M","?","?","$","M","E","M","R","T","M","M","R","M","M","R","B",null,"M","?","$","?","?","R","?","R","T","M","M","?","?","T","R","B",null,"M","$","M","M","?","R","M","?","T","R","M","$","E","?","R","B","B"],"character_chosen":"THE_SILENT","items_purchased":["Acrobatics","Apotheosis"],"campfire_rested":3,"item_purchase_floors":[4,20],"current_hp_per_floor":[59,24,24,24,24,24,22,22,22,16,16,16,11,11,11,11,52,38,38,38,38,38,38,38,38,38,38,32,11,11,11,30,30,57,57,57,48,37,37,56,42,42,42,61,51,51,32,32,32,28,0],"gold":84,"neow_bonus":"THREE_ENEMY_KILL","is_prod":false,"is_daily":false,"chose_seed":false,"campfire_upgraded":5,"win_rate":0,"timestamp":1542426703,"path_taken":["M","?","?","$","M","E","M","R","T","?","M","R","M","M","R","BOSS","M","?","$","?","?","R","?","R","T","?","M","?","?","?","R","BOSS","M","$","M","M","?","R","M","?","T","R","M","?","E","?","R","BOSS","BOSS"],"build_version":"2018-11-15","purchased_purges":3,"victory":false,"max_hp_per_floor":[66,66,66,66,66,66,66,66,66,66,66,66,66,66,66,66,66,66,66,66,66,66,66,66,66,66,66,66,66,66,66,66,66,66,66,66,66,66,66,66,66,66,66,66,66,66,66,66,66,66,66],"card_choices":[{"not_picked":["Poisoned Stab","Blade Dance"],"picked":"Well Laid Plans","floor":1.0},{"not_picked":["Eviscerate","Outmaneuver","Flechettes"],"picked":"SKIP","floor":5.0},{"not_picked":["Endless Agony","Finisher"],"picked":"Noxious Fumes","floor":6.0},{"not_picked":["Prepared","PiercingWail"],"picked":"Bouncing Flask","floor":7.0},{"not_picked":["Dagger Throw","Flying Knee","Glass Knife"],"picked":"SKIP","floor":10.0},{"not_picked":["Backflip","Bane"],"picked":"Masterful Stab","floor":11.0},{"not_picked":["PiercingWail","Cloak And Dagger"],"picked":"Deadly Poison","floor":13.0},{"not_picked":["Choke","Backstab","Setup"],"picked":"SKIP","floor":14.0},{"not_picked":["Burst","Glass Knife"],"picked":"Corpse Explosion","floor":16},{"not_picked":["Underhanded Strike","Endless Agony"],"picked":"Backflip","floor":18},{"not_picked":["Dagger Throw","Acrobatics","Quick Slash"],"picked":"SKIP","floor":27},{"not_picked":["Crippling Poison","Dagger Throw"],"picked":"Prepared","floor":28},{"not_picked":["Die Die Die","Venomology"],"picked":"After Image","floor":33},{"not_picked":["Outmaneuver","Dagger Spray","Prepared"],"picked":"SKIP","floor":35},{"not_picked":["Tactician","Leg Sweep"],"picked":"Prepared+1","floor":37},{"not_picked":["Concentrate","Prepared"],"picked":"Reflex","floor":38},{"not_picked":["Riddle With Holes","Expertise"],"picked":"Crippling Poison","floor":41},{"not_picked":["Prepared+1","Slice"],"picked":"Backflip+1","floor":42},{"not_picked":["Flying Knee+1","Infinite Blades"],"picked":"Leg Sweep","floor":45},{"not_picked":["Dagger Throw","Prepared"],"picked":"Tactician","floor":47},{"not_picked":["Good Instincts","Forethought"],"picked":"Secret Technique","floor":48}],"player_experience":1087022,"relics_obtained":[{"floor":6.0,"key":"Tiny Chest"},{"floor":9.0,"key":"Oddly Smooth Stone"},{"floor":26,"key":"Kunai"},{"floor":29,"key":"Enchiridion"},{"floor":31,"key":"Ice Cream"},{"floor":42,"key":"Pocketwatch"},{"floor":43,"key":"Dodecahedron"},{"floor":47,"key":"Dream Catcher"}],"event_choices":[{"damage_healed":0.0,"max_hp_gain":0.0,"max_hp_loss":0.0,"gold_gain":0.0,"event_name":"Scrap Ooze","player_choice":"Success","floor":2.0,"gold_loss":0.0,"damage_taken":35.0,"relics_obtained":["Bag of Preparation"]},{"damage_healed":0.0,"max_hp_gain":0.0,"max_hp_loss":0.0,"gold_gain":0.0,"event_name":"Lab","player_choice":"Got Potions","floor":3.0,"gold_loss":0.0,"damage_taken":0.0},{"damage_healed":0,"gold_gain":0,"player_choice":"Obtained Relic","damage_taken":0,"relics_obtained":["Potion Belt"],"max_hp_gain":0,"max_hp_loss":0,"event_name":"Addict","floor":19,"gold_loss":85},{"damage_healed":0,"gold_gain":0,"player_choice":"Paid Fearfully","damage_taken":0,"max_hp_gain":0,"max_hp_loss":0,"event_name":"Masked Bandits","floor":21,"gold_loss":5},{"damage_healed":0,"gold_gain":0,"player_choice":"Ignored","damage_taken":0,"max_hp_gain":0,"max_hp_loss":0,"event_name":"Vampires","floor":22,"gold_loss":0},{"cards_removed":["Strike_G"],"damage_healed":0,"gold_gain":0,"player_choice":"Card Removal","damage_taken":0,"max_hp_gain":0,"max_hp_loss":0,"event_name":"Wheel of Change","floor":24,"gold_loss":0},{"damage_healed":0,"gold_gain":0,"player_choice":"Obtained Book","damage_taken":21,"max_hp_gain":0,"max_hp_loss":0,"event_name":"Cursed Tome","floor":29,"gold_loss":0},{"damage_healed":0,"gold_gain":0,"player_choice":"Ignored","damage_taken":0,"max_hp_gain":0,"max_hp_loss":0,"event_name":"Beggar","floor":30,"gold_loss":0},{"cards_removed":["Corpse Explosion"],"damage_healed":0,"gold_gain":0,"player_choice":"Removed Skill","damage_taken":0,"max_hp_gain":0,"max_hp_loss":0,"event_name":"Falling","floor":39,"gold_loss":0},{"damage_healed":0,"gold_gain":0,"player_choice":"Fight","damage_taken":0,"max_hp_gain":0,"max_hp_loss":0,"event_name":"MindBloom","floor":42,"gold_loss":0},{"damage_healed":0,"gold_gain":0,"player_choice":"Memory 1","damage_taken":0,"max_hp_gain":0,"max_hp_loss":0,"event_name":"SensoryStone","floor":48,"gold_loss":0}],"is_beta":true,"boss_relics":[{"not_picked":["Snecko Eye","Runic Pyramid"],"picked":"Sozu"},{"not_picked":["Velvet Choker","Lizard Tail"],"picked":"Fusion Hammer"}],"items_purged_floors":[4,36,46],"is_endless":false,"potions_floor_spawned":[10,11,13,14,27,35,38,42,45],"killed_by":"Time Eater","ascension_level":20}