{"gold_per_floor":[109,109,109,135,135,135,166,241,241,241,253,253,265,277,277,277],"floor_reached":16,"playtime":286,"items_purged":[],"score":246,"play_id":"c66aad4d-50d2-4a20-8ed4-b0916fde3cfa","local_time":"20181219223633","is_ascension_mode":true,"campfire_choices":[{"data":"Bash","floor":6,"key":"SMITH"},{"data":"Defend_R","floor":10,"key":"PURGE"},{"data":"Strike_R","floor":12,"key":"PURGE"},{"data":"Uppercut","floor":15,"key":"SMITH"}],"neow_cost":"NONE","seed_source_timestamp":8372896816530,"circlet_count":0,"master_deck":["AscendersBane","Strike_R","Strike_R","Strike_R","Defend_R","Defend_R","Bash+1","Flex","Evolve","Uppercut+1","Disarm"],"special_seed":0,"relics":["Burning Blood","NeowsBlessing","Anchor","Peace Pipe"],"potions_floor_usage":[],"damage_taken":[{"damage":0.0,"enemies":"Jaw Worm","floor":1.0,"turns":1.0},{"damage":0,"enemies":"Gremlin Nob","floor":7,"turns":1},{"damage":0,"enemies":"2 Louse","floor":11,"turns":1},{"damage":4,"enemies":"Small Slimes","floor":13,"turns":4},{"damage":6,"enemies":"Looter","floor":14,"turns":3},{"damage":80,"enemies":"Slime Boss","floor":16,"turns":9}],"seed_played":"6934143651903038980","potions_obtained":[{"floor":7,"key":"Dexterity Potion"}],"is_trial":false,"path_per_floor":["M","?","?","T","?","R","E","?","T","R","M","R","M","M","R","B"],"character_chosen":"IRONCLAD","items_purchased":[],"campfire_rested":0,"item_purchase_floors":[],"current_hp_per_floor":[74,67,72,72,72,72,78,67,67,67,73,73,75,75,75,0],"gold":277,"neow_bonus":"THREE_ENEMY_KILL","is_prod":false,"is_daily":false,"chose_seed":false,"campfire_upgraded":2,"win_rate":0,"timestamp":1545230193,"path_taken":["M","?","?","?","?","R","E","?","T","R","M","R","M","?","R","BOSS"],"build_version":"2018-12-13","purchased_purges":0,"victory":false,"max_hp_per_floor":[75,75,80,80,80,80,80,80,80,80,80,80,80,80,80,80],"card_choices":[{"not_picked":["Shrug It Off","Infernal Blade"],"picked":"Flex","floor":1.0},{"not_picked":["Havoc","Sentinel","Iron Wave"],"picked":"SKIP","floor":7},{"not_picked":["Armaments","Feel No Pain"],"picked":"Evolve","floor":11},{"not_picked":["Twin Strike","Anger"],"picked":"Uppercut","floor":13},{"not_picked":["Clothesline","Evolve"],"picked":"Disarm","floor":14}],"player_experience":1392151,"relics_obtained":[{"floor":4.0,"key":"Anchor"},{"floor":7,"key":"Peace Pipe"}],"event_choices":[{"cards_removed":["Strike_R"],"damage_healed":0.0,"max_hp_gain":0.0,"max_hp_loss":0.0,"gold_gain":0.0,"event_name":"Golden Wing","player_choice":"Card Removal","floor":2.0,"gold_loss":0.0,"damage_taken":7.0},{"damage_healed":0.0,"max_hp_gain":5.0,"max_hp_loss":0.0,"gold_gain":0.0,"event_name":"Big Fish","player_choice":"Donut","floor":3.0,"gold_loss":0.0,"damage_taken":0.0},{"cards_removed":["Defend_R"],"damage_healed":0,"gold_gain":0,"player_choice":"Forget","damage_taken":0,"max_hp_gain":0,"max_hp_loss":0,"event_name":"Living Wall","floor":5,"gold_loss":0},{"damage_healed":0,"gold_gain":75,"player_choice":"Gather Gold","damage_taken":11,"max_hp_gain":0,"max_hp_loss":0,"event_name":"World of Goop","floor":8,"gold_loss":0}],"is_beta":false,"boss_relics":[],"items_purged_floors":[],"is_endless":false,"potions_floor_spawned":[7],"killed_by":"Slime Boss","ascension_level":20}