{"gold_per_floor":[117,134,59,59,73,73,91,91,91,16,16,42,61,86,86,86],"floor_reached":16,"playtime":669,"items_purged":["Strike_G"],"score":200,"play_id":"09badbc4-4964-4c38-a5af-160b6621c5bd","local_time":"20190218172054","is_ascension_mode":true,"campfire_choices":[{"data":"Deadly Poison","floor":6,"key":"SMITH"},{"data":"Neutralize","floor":8,"key":"SMITH"},{"data":"Night Terror","floor":11,"key":"SMITH"},{"data":"Footwork","floor":15,"key":"SMITH"}],"neow_cost":"PERCENT_DAMAGE","seed_source_timestamp":33050365798692,"circlet_count":0,"master_deck":["AscendersBane","Defend_G+1","Defend_G","Defend_G","Defend_G","Defend_G","Strike_G","Strike_G+1","Strike_G","Survivor","Neutralize+1","After Image","Deadly Poison+1","Calculated Gamble","Night Terror+1","Calculated Gamble+1","Footwork+1"],"relics":["Ring of the Snake","Paper Crane","Toxic Egg 2","Centennial Puzzle"],"potions_floor_usage":[16,16],"damage_taken":[{"damage":0,"enemies":"Cultist","floor":1,"turns":4},{"damage":0,"enemies":"Small Slimes","floor":2,"turns":4},{"damage":0,"enemies":"2 Louse","floor":5,"turns":4},{"damage":0,"enemies":"Looter","floor":7,"turns":4},{"damage":21,"enemies":"3 Sentries","floor":12,"turns":15},{"damage":1,"enemies":"Red Slaver","floor":13,"turns":6},{"damage":22,"enemies":"Slime Boss","floor":16,"turns":10}],"seed_played":"-4217147826057891053","potions_obtained":[{"floor":7,"key":"LiquidBronze"},{"floor":12,"key":"Swift Potion"},{"floor":13,"key":"Regen Potion"}],"is_trial":false,"path_per_floor":["M","M","$","?","M","R","M","R","T","?","R","E","M","T","R","B"],"character_chosen":"THE_SILENT","items_purchased":[],"campfire_rested":0,"item_purchase_floors":[],"current_hp_per_floor":[44,44,44,24,24,24,24,24,24,24,24,3,2,2,2,0],"gold":86,"neow_bonus":"THREE_RARE_CARDS","is_prod":false,"is_daily":false,"chose_seed":false,"campfire_upgraded":4,"win_rate":0,"timestamp":1550481654,"path_taken":["M","?","?","?","M","R","M","R","T","?","R","E","M","?","R","BOSS"],"build_version":"2019-01-23","purchased_purges":1,"victory":false,"max_hp_per_floor":[66,66,66,66,66,66,66,66,66,66,66,66,66,66,66,66],"card_choices":[{"not_picked":["Wraith Form v2","Tools of the Trade"],"picked":"After Image","floor":0},{"not_picked":["Quick Slash","Dagger Spray"],"picked":"Deadly Poison","floor":1},{"not_picked":["Heel Hook","Dagger Spray","Blade Dance"],"picked":"SKIP","floor":2},{"not_picked":["Acrobatics","Quick Slash"],"picked":"Calculated Gamble","floor":5},{"not_picked":["Dagger Throw","Acrobatics"],"picked":"Night Terror","floor":7},{"not_picked":["Backflip","Dodge and Roll"],"picked":"Calculated Gamble","floor":12},{"not_picked":["Riddle With Holes","Underhanded Strike"],"picked":"Footwork","floor":13}],"player_experience":2910818,"relics_obtained":[{"floor":9,"key":"Paper Crane"},{"floor":12,"key":"Toxic Egg 2"},{"floor":14,"key":"Centennial Puzzle"}],"event_choices":[{"damage_healed":0,"gold_gain":0,"player_choice":"Entered Light","damage_taken":20,"max_hp_gain":0,"max_hp_loss":0,"event_name":"Shining Light","floor":4,"gold_loss":0,"cards_upgraded":["Defend_G","Strike_G"]},{"cards_removed":["Strike_G"],"damage_healed":0,"gold_gain":0,"player_choice":"Card Removal","damage_taken":0,"max_hp_gain":0,"max_hp_loss":0,"event_name":"The Cleric","floor":10,"gold_loss":75}],"is_beta":false,"boss_relics":[],"items_purged_floors":[3],"is_endless":false,"potions_floor_spawned":[7,12,13],"killed_by":"Slime Boss","ascension_level":20}