{"gold_per_floor":[118,293,45,45,56,56,16,16,16,16,16,49,49,84,84,189,189,207,207,226,326,339,339,368,382,382,416,416,416,416,428,428,529,529,540,232,248,268,268,268,286,317,340,340,364,376,400,444,456,468,480,492,3,29,29],"floor_reached":56,"playtime":2789,"items_purged":["Doubt","Bash"],"score":1351,"play_id":"e561d27b-d953-45d9-9188-bfb331672adf","local_time":"20190614232006","is_ascension_mode":false,"campfire_choices":[{"data":"Shockwave","floor":6.0,"key":"SMITH"},{"data":"Inflame","floor":11.0,"key":"SMITH"},{"data":"Disarm","floor":13.0,"key":"SMITH"},{"data":"Disarm","floor":15.0,"key":"SMITH"},{"data":"Limit Break","floor":23.0,"key":"SMITH"},{"data":"Strike_R","floor":28.0,"key":"PURGE"},{"data":"Decay","floor":30.0,"key":"PURGE"},{"data":"Strike_R","floor":32.0,"key":"PURGE"},{"data":"Strike_R","floor":40.0,"key":"PURGE"},{"data":"Strike_R+1","floor":46.0,"key":"PURGE"},{"floor":49.0,"key":"RECALL"},{"data":"Disarm","floor":52,"key":"SMITH"}],"neow_cost":"NONE","seed_source_timestamp":43719739448996,"circlet_count":0,"master_deck":["Defend_R","Defend_R","Defend_R","Defend_R","Flex+1","Inflame+1","Shrug It Off","Shockwave+1","Disarm+1","Disarm+1","Pummel","Bludgeon+1","Limit Break+1","Evolve","Feed","Spot Weakness+1","Burning Pact+1","Reaper","Second Wind","Disarm+1","Disarm+1","Inflame+1","Sword Boomerang"],"special_seed":0,"relics":["Burning Blood","NeowsBlessing","Dream Catcher","Self Forming Clay","Whetstone","Sozu","Peace Pipe","Matryoshka","Question Card","Happy Flower","Mercury Hourglass","Potion Belt","Velvet Choker","ClockworkSouvenir","theFactory:ChargeChargeCharge","Bottled Lightning","Darkstone Periapt","MawBank","Sundial","TheAbacus","Magic Flower","Du-Vu Doll"],"potions_floor_usage":[55,55,55],"damage_taken":[{"damage":0.0,"enemies":"Jaw Worm","floor":1.0,"turns":1.0},{"damage":0.0,"enemies":"2 Louse","floor":5.0,"turns":1.0},{"damage":0.0,"enemies":"Lagavulin","floor":12.0,"turns":1.0},{"damage":18.0,"enemies":"3 Sentries","floor":14.0,"turns":7.0},{"damage":20.0,"enemies":"Hexaghost","floor":16.0,"turns":8.0},{"damage":8.0,"enemies":"Chosen","floor":18.0,"turns":5.0},{"damage":7.0,"enemies":"Shell Parasite","floor":20.0,"turns":4.0},{"damage":7.0,"enemies":"Colosseum Slavers","floor":21.0,"turns":3.0},{"damage":24.0,"enemies":"Colosseum Nobs","floor":21.0,"turns":5.0},{"damage":4.0,"enemies":"Snecko","floor":22.0,"turns":4.0},{"damage":13.0,"enemies":"Gremlin Leader","floor":24.0,"turns":7.0},{"damage":0.0,"enemies":"Centurion and Healer","floor":25.0,"turns":4.0},{"damage":23.0,"enemies":"Book of Stabbing","floor":27.0,"turns":4.0},{"damage":15.0,"enemies":"Snake Plant","floor":31.0,"turns":3.0},{"damage":6.0,"enemies":"Champ","floor":33.0,"turns":8.0},{"damage":7.0,"enemies":"theFactory:4_Mini-Bots","floor":35.0,"turns":5.0},{"damage":13.0,"enemies":"theFactory:2_Experiment_Personnel","floor":37.0,"turns":6.0},{"damage":6.0,"enemies":"theFactory:DefectiveSentry","floor":38.0,"turns":4.0},{"damage":7.0,"enemies":"theFactory:Sentries_and_Big_Bot","floor":41.0,"turns":7.0},{"damage":23.0,"enemies":"theFactory:Manservantes","floor":42.0,"turns":6.0},{"damage":18.0,"enemies":"theFactory:Orbs_and_Orb_Walker","floor":45.0,"turns":4.0},{"damage":59.0,"enemies":"theFactory:Personnel_and_Mini-Bots","floor":47.0,"turns":6.0},{"damage":9.0,"enemies":"theFactory:SmogElemental","floor":48.0,"turns":10.0},{"damage":13,"enemies":"theFactory:SPIDER","floor":50,"turns":8},{"damage":26,"enemies":"Shield and Spear","floor":54,"turns":4},{"damage":97,"enemies":"The Heart","floor":55,"turns":9}],"seed_played":"2348475290840347574","potions_obtained":[{"floor":1.0,"key":"Dexterity Potion"},{"floor":12.0,"key":"Weak Potion"},{"floor":16.0,"key":"Regen Potion"}],"is_trial":false,"path_per_floor":["M","?","$","?","M","R","$","$","T","$","R","E","R","E","R","B",null,"M","?","M","?","M","R","E","M","T","E","R","?","R","M","R","B",null,"M","$","M","M","?","R","M","E","T","?","M","R","M","E","R","B",null,"R","$","E","B",null],"character_chosen":"IRONCLAD","items_purchased":["Inflame","Shrug It Off","Shockwave","Disarm","ClockworkSouvenir","TheAbacus","Magic Flower"],"campfire_rested":0,"item_purchase_floors":[3,3,3,7,36,53,53],"current_hp_per_floor":[80,80,80,80,80,80,80,80,80,80,80,80,80,68,68,54,80,78,78,77,58,60,60,56,62,62,48,48,48,48,39,39,42,89,91,91,95,95,95,95,98,84,84,75,99,99,72,107,107,103,110,110,110,110,49],"gold":29,"neow_bonus":"THREE_ENEMY_KILL","is_prod":false,"is_daily":false,"chose_seed":false,"campfire_upgraded":6,"win_rate":0,"timestamp":1560525606,"path_taken":["M","?","$","?","?","R","?","$","T","$","R","E","R","E","R","BOSS","M","?","M","?","M","R","E","M","T","E","R","?","R","?","R","BOSS","M","$","M","M","?","R","M","E","T","?","M","R","M","E","R","BOSS","R","$","E","BOSS"],"build_version":"2019-01-23","purchased_purges":2,"victory":true,"max_hp_per_floor":[80,80,80,80,80,80,80,80,80,80,80,80,80,80,80,80,80,80,80,80,80,80,80,83,83,83,86,86,86,86,86,86,89,89,92,92,95,95,95,95,98,101,101,101,101,101,104,107,107,110,110,110,110,110,113],"card_choices":[{"not_picked":["Infernal Blade","Combust"],"picked":"Flex","floor":1.0},{"not_picked":["Iron Wave","Havoc"],"picked":"Disarm","floor":5.0},{"not_picked":["Perfected Strike","Warcry"],"picked":"Pummel","floor":12.0},{"not_picked":["Anger","Seeing Red"],"picked":"Bludgeon","floor":14.0},{"not_picked":["Immolate","Offering"],"picked":"Limit Break","floor":16.0},{"not_picked":["Havoc","Carnage","Anger"],"picked":"SKIP","floor":18.0},{"not_picked":["Whirlwind","Dropkick"],"picked":"Evolve","floor":20.0},{"not_picked":["Clothesline","Thunderclap"],"picked":"Feed","floor":22.0},{"not_picked":["Perfected Strike","Flex","Sentinel"],"picked":"SKIP","floor":24.0},{"not_picked":["Clothesline","Body Slam","Rampage"],"picked":"Spot Weakness+1","floor":25.0},{"not_picked":["Flex","Double Tap","Wild Strike+1","Metallicize+1"],"picked":"SKIP","floor":27.0},{"not_picked":["Corruption","Thunderclap","Hemokinesis"],"picked":"Burning Pact+1","floor":31.0},{"not_picked":["Fiend Fire","Feed","Barricade"],"picked":"Reaper","floor":33.0},{"not_picked":["Havoc+1","Armaments+1","Clash","Body Slam+1"],"picked":"SKIP","floor":35.0},{"not_picked":["Clothesline","Corruption","Warcry+1","Clash"],"picked":"SKIP","floor":37.0},{"not_picked":["True Grit","Pommel Strike","Iron Wave"],"picked":"Second Wind","floor":38.0},{"not_picked":["Havoc","Barricade","Flex"],"picked":"Disarm+1","floor":41.0},{"not_picked":["Iron Wave+1","Wild Strike","Shrug It Off","Twin Strike"],"picked":"SKIP","floor":42.0},{"not_picked":["Reckless Charge+1","Flame Barrier","Sword Boomerang"],"picked":"Disarm","floor":45.0},{"not_picked":["Body Slam","Intimidate","Combust+1"],"picked":"Inflame+1","floor":47.0},{"not_picked":["Double Tap","Flame Barrier+1","Sword Boomerang","Infernal Blade+1"],"picked":"SKIP","floor":48.0},{"not_picked":["Double Tap","Flame Barrier+1","Infernal Blade+1"],"picked":"Sword Boomerang","floor":48.0},{"not_picked":["Ghostly Armor","Armaments","Clash+1","Uppercut"],"picked":"SKIP","floor":54}],"player_experience":5216768,"relics_obtained":[{"floor":9.0,"key":"Dream Catcher"},{"floor":12.0,"key":"Self Forming Clay"},{"floor":14.0,"key":"Whetstone"},{"floor":21.0,"key":"Peace Pipe"},{"floor":21.0,"key":"Matryoshka"},{"floor":24.0,"key":"Question Card"},{"floor":26.0,"key":"Happy Flower"},{"floor":26.0,"key":"Mercury Hourglass"},{"floor":27.0,"key":"Potion Belt"},{"floor":42.0,"key":"Bottled Lightning"},{"floor":43.0,"key":"Darkstone Periapt"},{"floor":48.0,"key":"Sundial"},{"floor":54,"key":"Du-Vu Doll"}],"event_choices":[{"damage_healed":0.0,"max_hp_gain":0.0,"max_hp_loss":0.0,"gold_gain":175.0,"event_name":"Liars Game","player_choice":"AGREE","floor":2.0,"gold_loss":0.0,"damage_taken":0.0,"cards_obtained":["Doubt"]},{"damage_healed":0.0,"max_hp_gain":0.0,"max_hp_loss":0.0,"gold_gain":0.0,"event_name":"Upgrade Shrine","player_choice":"Upgraded","floor":4.0,"gold_loss":0.0,"damage_taken":0.0,"cards_upgraded":["Flex"]},{"cards_removed":["Strike_R"],"damage_healed":0.0,"max_hp_gain":0.0,"max_hp_loss":0.0,"gold_gain":0.0,"event_name":"Back to Basics","player_choice":"Elegance","floor":19.0,"gold_loss":0.0,"damage_taken":0.0},{"damage_healed":0.0,"max_hp_gain":0.0,"max_hp_loss":0.0,"gold_gain":0.0,"event_name":"Colosseum","player_choice":"Fight","floor":21.0,"gold_loss":0.0,"damage_taken":0.0},{"damage_healed":0.0,"max_hp_gain":0.0,"max_hp_loss":0.0,"gold_gain":0.0,"event_name":"Colosseum","player_choice":"Fought Nobs","floor":21.0,"gold_loss":0.0,"damage_taken":0.0},{"damage_healed":0.0,"max_hp_gain":0.0,"max_hp_loss":0.0,"gold_gain":0.0,"event_name":"Wheel of Change","player_choice":"Cursed","floor":29.0,"gold_loss":0.0,"damage_taken":0.0,"cards_obtained":["Decay"]}],"is_beta":false,"boss_relics":[{"not_picked":["Calling Bell","Empty Cage"],"picked":"Sozu"},{"not_picked":["Black Star","Orrery"],"picked":"Velvet Choker"}],"items_purged_floors":[3,36],"is_endless":false,"potions_floor_spawned":[1,12,16,21,21,27,31,33,37,38,48,50,54],"ascension_level":0}