{"gold_per_floor":[364,364,210,310,324,351,365,400,400,400,431,431,91,105,105,203,203,221,232,84,84,9,9,9,9,9,40,50,50,84,95,95,200,200,211,227,13,23,38,38,69,86,86,86,106,135,145,160,160,160],"floor_reached":51,"playtime":5353,"items_purged":["Decay","Strike_R"],"score":867,"play_id":"915b350b-9330-46ed-911c-e3a8f50882fe","local_time":"20180624164519","is_ascension_mode":false,"campfire_choices":[{"floor":10.0,"key":"REST"},{"floor":12.0,"key":"REST"},{"data":"Bludgeon","floor":15.0,"key":"SMITH"},{"floor":23,"key":"REST"},{"data":"Demon Form","floor":25,"key":"SMITH"},{"floor":29,"key":"REST"},{"data":"Flex","floor":32,"key":"SMITH"},{"data":"Reaper","floor":40,"key":"SMITH"},{"data":"Fiend Fire","floor":44,"key":"SMITH"},{"data":"Corruption","floor":49,"key":"SMITH"}],"neow_cost":"","seed_source_timestamp":0,"circlet_count":0,"master_deck":["Bash","Headbutt","Bludgeon+1","Whirlwind","Burning Pact","Spot Weakness","Havoc","Demon Form+1","Feel No Pain+1","Reaper+1","Feel No Pain+1","Flex+1","Offering","Offering","Anger","Combust","Anger","Disarm","Perfected Strike","Wild Strike","Perfected Strike","Armaments+1","Warcry+1","Fiend Fire+1","Corruption+1","Pummel+1","Flex+1","True Grit"],"special_seed":0,"relics":["Burning Blood","Singing Bowl","Dead Branch","Strawberry","Letter Opener","Torii","Paper Frog","Runic Pyramid","Orichalcum","Magic Flower","Potion Belt","Pandora\u0027s Box","Art of War","Bronze Scales","Matryoshka"],"potions_floor_usage":[18,18,27,30,33,38],"damage_taken":[{"damage":7.0,"enemies":"Small Slimes","floor":1.0,"turns":4.0},{"damage":5.0,"enemies":"2 Louse","floor":5.0,"turns":4.0},{"damage":31.0,"enemies":"Lagavulin","floor":6.0,"turns":6.0},{"damage":6.0,"enemies":"Cultist","floor":7.0,"turns":3.0},{"damage":22.0,"enemies":"3 Sentries","floor":8.0,"turns":6.0},{"damage":31.0,"enemies":"Lagavulin","floor":11.0,"turns":5.0},{"damage":13.0,"enemies":"Blue Slaver","floor":14.0,"turns":3.0},{"damage":25.0,"enemies":"The Guardian","floor":16.0,"turns":9.0},{"damage":56,"enemies":"2 Thieves","floor":18,"turns":4},{"damage":34,"enemies":"Shell Parasite","floor":19,"turns":4},{"damage":52,"enemies":"Book of Stabbing","floor":27,"turns":6},{"damage":9,"enemies":"Cultist and Chosen","floor":28,"turns":7},{"damage":26,"enemies":"Slavers","floor":30,"turns":3},{"damage":19,"enemies":"Snake Plant","floor":31,"turns":3},{"damage":76,"enemies":"Automaton","floor":33,"turns":9},{"damage":5,"enemies":"3 Shapes","floor":35,"turns":3},{"damage":33,"enemies":"Orb Walker","floor":36,"turns":4},{"damage":51,"enemies":"Maw","floor":38,"turns":9},{"damage":22,"enemies":"3 Darklings","floor":39,"turns":3},{"damage":13,"enemies":"Nemesis","floor":41,"turns":7},{"damage":7,"enemies":"4 Shapes","floor":42,"turns":6},{"damage":10,"enemies":"Sphere and 2 Shapes","floor":45,"turns":2},{"damage":8,"enemies":"Giant Head","floor":46,"turns":6},{"damage":6,"enemies":"3 Darklings","floor":47,"turns":3},{"damage":12,"enemies":"Maw","floor":48,"turns":4},{"damage":64,"enemies":"Donu and Deca","floor":50,"turns":8}],"seed_played":"8279515881818932068","potions_obtained":[{"floor":1.0,"key":"Strength Potion"},{"floor":6.0,"key":"SpeedPotion"},{"floor":11.0,"key":"SpeedPotion"},{"floor":16.0,"key":"Fruit Juice"},{"floor":19,"key":"PowerPotion"},{"floor":27,"key":"Poison Potion"},{"floor":28,"key":"SteroidPotion"},{"floor":33,"key":"EntropicBrew"},{"floor":45,"key":"GamblersBrew"},{"floor":47,"key":"SkillPotion"},{"floor":48,"key":"PowerPotion"}],"is_trial":false,"path_per_floor":["M","?","$","?","M","E","M","E","T","R","E","R","$","M","R","B",null,"M","M","$","?","?","R","$","R","T","E","M","R","E","M","R","B",null,"M","M","$","M","M","R","E","M","T","R","M","E","M","M","R","B"],"character_chosen":"IRONCLAD","items_purchased":["Bludgeon","Paper Frog","Reaper","Fiend Fire","Corruption"],"campfire_rested":4,"item_purchase_floors":[],"current_hp_per_floor":[79,61,61,61,64,39,39,35,35,63,38,66,66,59,59,40,94,51,23,23,23,23,53,53,53,53,29,56,88,73,79,79,44,111,111,111,111,74,104,104,110,114,114,114,125,131,133,130,130,87],"gold":160,"neow_bonus":"","is_prod":false,"is_daily":false,"chose_seed":false,"campfire_upgraded":6,"win_rate":0,"timestamp":1529851519,"path_taken":["M","?","$","?","M","E","M","E","T","R","E","R","$","M","R","BOSS","M","M","$","?","?","R","$","R","T","E","M","R","E","M","R","BOSS","M","?","$","M","M","R","E","M","T","R","M","E","M","M","R","BOSS"],"build_version":"2018-06-21v2","purchased_purges":2,"victory":true,"max_hp_per_floor":[80,80,80,80,82,82,82,94,94,94,94,94,94,94,94,94,94,101,101,101,101,101,101,101,101,101,101,107,107,109,111,111,111,111,111,111,111,114,119,119,121,123,123,123,131,131,133,133,133,133],"card_choices":[{"not_picked":["Clothesline","Pommel Strike"],"picked":"Headbutt","floor":1.0},{"not_picked":["Evolve","Twin Strike","Pummel"],"picked":"Singing Bowl","floor":5.0},{"not_picked":["Spot Weakness","Iron Wave"],"picked":"Whirlwind","floor":6.0},{"not_picked":["Disarm","Spot Weakness"],"picked":"Burning Pact","floor":7.0},{"not_picked":["Wild Strike","Pummel","Evolve"],"picked":"Singing Bowl","floor":8.0},{"not_picked":["Warcry","Rage"],"picked":"Spot Weakness","floor":11.0},{"not_picked":["Body Slam","Perfected Strike"],"picked":"Havoc","floor":14.0},{"not_picked":["Immolate","Barricade"],"picked":"Demon Form","floor":16.0},{"not_picked":["Wild Strike+1","Feel No Pain","Headbutt"],"picked":"Singing Bowl","floor":18},{"not_picked":["Combust","Intimidate"],"picked":"Feel No Pain+1","floor":19},{"not_picked":["Twin Strike","Havoc"],"picked":"Flex","floor":27},{"not_picked":["Clash","Thunderclap"],"picked":"Offering","floor":28},{"not_picked":["Combust+1","Iron Wave","Perfected Strike"],"picked":"Singing Bowl","floor":30},{"not_picked":["Seeing Red","Iron Wave+1","Anger"],"picked":"Singing Bowl","floor":31},{"not_picked":["Double Tap","Berserk"],"picked":"Offering","floor":33},{"not_picked":["Perfected Strike","Anger+1"],"picked":"Armaments+1","floor":35},{"not_picked":["Ghostly Armor+1","Inflame"],"picked":"Warcry+1","floor":36},{"not_picked":["Pommel Strike+1","Headbutt+1"],"picked":"Pummel+1","floor":38},{"not_picked":["Spot Weakness+1","Headbutt+1","Shockwave+1"],"picked":"Singing Bowl","floor":39},{"not_picked":["Cleave","Flex+1","Perfected Strike+1"],"picked":"Singing Bowl","floor":41},{"not_picked":["Wild Strike","Clash+1","Metallicize+1"],"picked":"Singing Bowl","floor":42},{"not_picked":["Sword Boomerang+1","Entrench","Searing Blow"],"picked":"Singing Bowl","floor":45},{"not_picked":["Iron Wave","Havoc"],"picked":"Flex+1","floor":46},{"not_picked":["Power Through","Immolate","Flex+1"],"picked":"Singing Bowl","floor":47},{"not_picked":["Headbutt","Iron Wave+1"],"picked":"True Grit","floor":48}],"player_experience":273346,"relics_obtained":[{"floor":6.0,"key":"Dead Branch"},{"floor":8.0,"key":"Strawberry"},{"floor":9.0,"key":"Letter Opener"},{"floor":11.0,"key":"Torii"},{"floor":26,"key":"Orichalcum"},{"floor":27,"key":"Magic Flower"},{"floor":30,"key":"Potion Belt"},{"floor":41,"key":"Art of War"},{"floor":43,"key":"Bronze Scales"},{"floor":46,"key":"Matryoshka"}],"event_choices":[{"event_name":"Scrap Ooze","player_choice":"success","floor":2.0,"damage_taken":18.0},{"event_name":"Wheel of Change","player_choice":"Gold","floor":4.0,"damage_taken":0.0},{"event_name":"Duplicator","player_choice":"One dupe","floor":21,"damage_taken":0},{"event_name":"Beggar","player_choice":"Gave Gold","floor":22,"damage_taken":0}],"boss_relics":[{"not_picked":["Calling Bell","Eternal Feather"],"picked":"Runic Pyramid"},{"not_picked":["Snecko Eye","Orrery"],"picked":"Pandora\u0027s Box"}],"items_purged_floors":[],"is_endless":false,"potions_floor_spawned":[1,6,11,16,19,27,28,33,39,45,47,48],"ascension_level":0}