{"gold_per_floor":[121,151,180,210,222,234,271,283,295,317,347,359],"floor_reached":12,"playtime":350,"items_purged":[],"score":164,"play_id":"81f4b303-af41-4249-af0c-a4f43f5b948f","local_time":"20190223220826","is_ascension_mode":true,"campfire_choices":[{"data":"Zap","floor":6,"key":"SMITH"},{"data":"Hologram","floor":8,"key":"SMITH"}],"neow_cost":"NONE","seed_source_timestamp":526457770737232,"circlet_count":0,"master_deck":["AscendersBane","Strike_B","Strike_B","Strike_B","Strike_B","Defend_B","Defend_B","Defend_B","Defend_B","Zap+1","Dualcast","Loop","Turbo","Stack","Hologram+1","Rainbow","BootSequence","Darkness"],"relics":["Cracked Core","MawBank","Ornamental Fan","Matryoshka"],"potions_floor_usage":[2,11],"damage_taken":[{"damage":1,"enemies":"Cultist","floor":1,"turns":4},{"damage":0,"enemies":"Jaw Worm","floor":2,"turns":3},{"damage":7,"enemies":"Small Slimes","floor":3,"turns":4},{"damage":11,"enemies":"Blue Slaver","floor":4,"turns":4},{"damage":25,"enemies":"Lagavulin","floor":7,"turns":7},{"damage":15,"enemies":"2 Fungi Beasts","floor":10,"turns":4},{"damage":2,"enemies":"Exordium Wildlife","floor":11,"turns":6},{"damage":37,"enemies":"Gremlin Nob","floor":12,"turns":3}],"seed_played":"-5946164952979847468","potions_obtained":[{"floor":1,"key":"Fire Potion"},{"floor":5,"key":"Dexterity Potion"},{"floor":5,"key":"LiquidBronze"},{"floor":7,"key":"Regen Potion"},{"floor":11,"key":"EssenceOfSteel"}],"is_trial":false,"path_per_floor":["M","M","M","M","?","R","E","R","T","M","M","E"],"character_chosen":"DEFECT","items_purchased":[],"campfire_rested":0,"item_purchase_floors":[],"current_hp_per_floor":[63,63,56,45,45,45,20,20,20,5,17,0],"gold":359,"neow_bonus":"RANDOM_COMMON_RELIC","is_prod":false,"is_daily":false,"chose_seed":false,"campfire_upgraded":2,"win_rate":0,"timestamp":1550930906,"path_taken":["M","?","M","M","?","R","E","R","T","M","?","E"],"build_version":"2019-01-23","purchased_purges":0,"victory":false,"max_hp_per_floor":[71,71,71,71,71,71,71,71,71,71,71,71],"card_choices":[{"not_picked":["Redo","Conserve Battery"],"picked":"Loop","floor":1},{"not_picked":["Barrage","Scrape"],"picked":"Turbo","floor":2},{"not_picked":["Heatsinks","Rebound"],"picked":"Stack","floor":3},{"not_picked":["Barrage","Sweeping Beam"],"picked":"Hologram","floor":4},{"not_picked":["Beam Cell","Ball Lightning"],"picked":"Rainbow","floor":7},{"not_picked":["Stack","Force Field"],"picked":"BootSequence","floor":10},{"not_picked":["Steam","Cold Snap"],"picked":"Darkness","floor":11}],"player_experience":949739,"relics_obtained":[{"floor":7,"key":"Ornamental Fan"},{"floor":9,"key":"Matryoshka"}],"event_choices":[{"damage_healed":0,"gold_gain":0,"player_choice":"Got Potions","damage_taken":0,"max_hp_gain":0,"max_hp_loss":0,"event_name":"Lab","floor":5,"gold_loss":0}],"is_beta":false,"boss_relics":[],"items_purged_floors":[],"is_endless":false,"potions_floor_spawned":[1,7,11],"killed_by":"Gremlin Nob","ascension_level":20}