{"gold_per_floor":[119,119,131,406,581,581,612,612,639,639,658,202,222,252,252,252],"floor_reached":16,"playtime":760,"items_purged":["Regret"],"score":167,"play_id":"872c4417-7e1f-4aef-a701-216c59179dbf","local_time":"20180922014342","is_ascension_mode":true,"campfire_choices":[{"data":"True Grit","floor":6.0,"key":"SMITH"},{"data":"Power Through","floor":8.0,"key":"SMITH"},{"floor":10.0,"key":"REST"},{"data":"Bash","floor":15.0,"key":"SMITH"}],"neow_cost":"NONE","seed_source_timestamp":46835559067180,"circlet_count":0,"master_deck":["Strike_R","Strike_R","Strike_R","Strike_R","Defend_R","Defend_R","Defend_R","Defend_R","Bash+1","AscendersBane","True Grit+1","Ghostly Armor","Doubt","Power Through+1","Shrug It Off","Second Wind","Offering"],"special_seed":0,"relics":["Burning Blood","Centennial Puzzle","Strawberry","Potion Belt","Sundial","Molten Egg 2"],"potions_floor_usage":[16],"damage_taken":[{"damage":12.0,"enemies":"Jaw Worm","floor":1.0,"turns":3.0},{"damage":0.0,"enemies":"Cultist","floor":3.0,"turns":4.0},{"damage":60.0,"enemies":"Gremlin Nob","floor":7.0,"turns":6.0},{"damage":8.0,"enemies":"2 Louse","floor":11.0,"turns":4.0},{"damage":15.0,"enemies":"Lots of Slimes","floor":13.0,"turns":7.0},{"damage":8.0,"enemies":"3 Sentries","floor":14.0,"turns":22.0},{"damage":12,"enemies":"Hexaghost","floor":16,"turns":19}],"seed_played":"-6234555522210763984","potions_obtained":[{"floor":3.0,"key":"SkillPotion"},{"floor":7.0,"key":"Dexterity Potion"}],"is_trial":false,"path_per_floor":["M","?","M","?","?","R","E","R","T","R","M","$","M","E","R"],"character_chosen":"IRONCLAD","items_purchased":["Second Wind","Sundial","PowerPotion"],"campfire_rested":1,"item_purchase_floors":[12,12,12],"current_hp_per_floor":[66,66,72,72,72,72,25,25,25,51,49,49,40,38,38,26],"gold":252,"neow_bonus":"RANDOM_COMMON_RELIC","is_prod":false,"is_daily":false,"chose_seed":false,"campfire_upgraded":3,"win_rate":0,"timestamp":1537551822,"path_taken":["M","?","M","?","?","R","E","R","T","R","M","$","M","E","R","BOSS"],"build_version":"2018-09-20","purchased_purges":1,"victory":false,"max_hp_per_floor":[80,80,80,80,80,80,87,87,87,87,87,87,87,87,87,87],"card_choices":[{"not_picked":["Dual Wield","Shockwave"],"picked":"True Grit","floor":1.0},{"not_picked":["Headbutt","Anger","Clash"],"picked":"SKIP","floor":3.0},{"not_picked":["Thunderclap","Brutality"],"picked":"Power Through","floor":7.0},{"not_picked":["Heavy Blade","Hemokinesis"],"picked":"Shrug It Off","floor":11.0},{"not_picked":["Wild Strike","Pommel Strike","Thunderclap"],"picked":"SKIP","floor":13.0},{"not_picked":["Bludgeon","Flex"],"picked":"Offering","floor":14.0}],"player_experience":85091,"relics_obtained":[{"floor":7.0,"key":"Strawberry"},{"floor":9.0,"key":"Potion Belt"},{"floor":14.0,"key":"Molten Egg 2"}],"event_choices":[{"event_name":"Living Wall","player_choice":"Change","floor":2.0,"damage_taken":0.0},{"event_name":"Golden Shrine","player_choice":"Desecrate","floor":4.0,"damage_taken":0.0},{"event_name":"Liars Game","player_choice":"agreed","floor":5.0,"damage_taken":0.0}],"is_beta":false,"boss_relics":[],"items_purged_floors":[12],"is_endless":false,"potions_floor_spawned":[3,7],"killed_by":"Hexaghost","ascension_level":11}