{"gold_per_floor":[110,32,32,52,63,63,76,76,100,100,100,129,140,160,160,234,234,244,169,169,69,87,87,117,117,117,133,8,8,34,48,48,121,121,131,131,142,162,176,176,59,59],"floor_reached":42,"playtime":1317,"items_purged":["Strike_B","Strike_B","Defend_B"],"score":986,"play_id":"f0e0db28-02c5-4997-97d7-d4f8a7d3e9cc","local_time":"20190223002047","is_ascension_mode":true,"campfire_choices":[{"data":"Darkness","floor":6.0,"key":"SMITH"},{"data":"Redo","floor":8.0,"key":"SMITH"},{"data":"Loop","floor":11.0,"key":"SMITH"},{"data":"Capacitor","floor":15.0,"key":"SMITH"},{"data":"Dualcast","floor":23.0,"key":"SMITH"},{"data":"Go for the Eyes","floor":25.0,"key":"SMITH"},{"data":"White Noise","floor":29.0,"key":"SMITH"},{"data":"Rainbow","floor":32.0,"key":"SMITH"},{"data":"Defragment","floor":40,"key":"SMITH"}],"neow_cost":"TEN_PERCENT_HP_LOSS","seed_source_timestamp":49519364107669,"circlet_count":0,"master_deck":["AscendersBane","Defend_B","Zap","Dualcast+1","Core Surge","Darkness+1","Capacitor+1","Go for the Eyes+1","Undo","White Noise+1","Redo+1","Loop+1","Glacier","Rainbow+1","Reinforced Body+1","Creative AI","Defragment+1","Chill","Recycle","Capacitor"],"special_seed":0,"relics":["FrozenCore","Oddly Smooth Stone","Coffee Dripper","Singing Bowl","Matryoshka","Bag of Marbles","Omamori"],"potions_floor_usage":[33],"damage_taken":[{"damage":1.0,"enemies":"2 Louse","floor":1.0,"turns":2.0},{"damage":4.0,"enemies":"Small Slimes","floor":4.0,"turns":4.0},{"damage":0.0,"enemies":"Cultist","floor":5.0,"turns":4.0},{"damage":12.0,"enemies":"3 Louse","floor":7.0,"turns":3.0},{"damage":17.0,"enemies":"Lagavulin","floor":12.0,"turns":5.0},{"damage":0.0,"enemies":"Exordium Thugs","floor":13.0,"turns":4.0},{"damage":12.0,"enemies":"Lots of Slimes","floor":14.0,"turns":3.0},{"damage":0.0,"enemies":"The Guardian","floor":16.0,"turns":10.0},{"damage":2.0,"enemies":"Chosen","floor":18.0,"turns":5.0},{"damage":0.0,"enemies":"Spheric Guardian","floor":22.0,"turns":5.0},{"damage":4.0,"enemies":"Book of Stabbing","floor":24.0,"turns":5.0},{"damage":20.0,"enemies":"Centurion and Healer","floor":27.0,"turns":6.0},{"damage":16.0,"enemies":"Snake Plant","floor":31.0,"turns":3.0},{"damage":11,"enemies":"Collector","floor":33,"turns":7},{"damage":24,"enemies":"3 Darklings","floor":35,"turns":8},{"damage":13,"enemies":"Orb Walker","floor":37,"turns":6},{"damage":0,"enemies":"Maw","floor":38,"turns":7},{"damage":5,"enemies":"Spire Growth","floor":39,"turns":6},{"damage":0,"enemies":"Reptomancer","floor":42,"turns":1}],"seed_played":"620669977921117797","potions_obtained":[{"floor":1.0,"key":"SteroidPotion"},{"floor":4.0,"key":"SteroidPotion"},{"floor":16.0,"key":"Swift Potion"},{"floor":18.0,"key":"PowerPotion"},{"floor":39,"key":"Weak Potion"}],"is_trial":false,"path_per_floor":["M","$","?","M","M","R","M","R","T","?","R","E","M","M","R","B",null,"M","$","?","$","M","R","E","R","T","M","$","R","T","M","R","B",null,"M","?","M","M","M","R","$","E"],"character_chosen":"DEFECT","items_purchased":["Capacitor","Recycle","Capacitor"],"campfire_rested":0,"item_purchase_floors":[2,41,41],"current_hp_per_floor":[63,63,63,59,59,59,47,47,47,47,47,30,30,18,18,18,53,51,51,51,51,51,51,49,49,49,29,29,29,29,15,15,4,52,28,28,17,19,16,16,16,16],"gold":59,"neow_bonus":"THREE_RARE_CARDS","is_prod":false,"is_daily":false,"chose_seed":false,"campfire_upgraded":9,"win_rate":0,"timestamp":1550852447,"path_taken":["M","$","?","M","M","R","M","R","T","?","R","E","?","M","R","BOSS","M","$","?","$","M","R","E","R","T","M","$","R","?","?","R","BOSS","M","?","M","M","M","R","?","E"],"build_version":"2019-01-23","purchased_purges":3,"victory":false,"max_hp_per_floor":[64,64,64,64,64,64,64,64,64,64,64,64,64,64,64,64,64,64,64,64,64,64,64,66,66,66,66,66,66,66,68,68,68,68,68,68,70,72,74,74,74,74],"card_choices":[{"not_picked":["Rainbow","Hyperbeam"],"picked":"Core Surge","floor":0.0},{"not_picked":["Auto Shields","FTL"],"picked":"Darkness","floor":1.0},{"not_picked":["Redo","Cold Snap"],"picked":"Undo","floor":4.0},{"not_picked":["Melter","Hologram"],"picked":"White Noise","floor":5.0},{"not_picked":["Cold Snap","Stack"],"picked":"Redo","floor":7.0},{"not_picked":["Compile Driver","Go for the Eyes","Redo"],"picked":"SKIP","floor":12.0},{"not_picked":["Rebound","Heatsinks","Barrage"],"picked":"SKIP","floor":13.0},{"not_picked":["Doom and Gloom","Hologram"],"picked":"Glacier","floor":14.0},{"not_picked":["Machine Learning","Amplify"],"picked":"Rainbow","floor":16.0},{"not_picked":["Doom and Gloom","Rebound","Compile Driver"],"picked":"SKIP","floor":18.0},{"not_picked":["Conserve Battery","Go for the Eyes","FTL+1"],"picked":"SKIP","floor":22.0},{"not_picked":["Cold Snap","Steam Power","Darkness"],"picked":"Singing Bowl","floor":24.0},{"not_picked":["Redo","Genetic Algorithm"],"picked":"Reinforced Body+1","floor":27.0},{"not_picked":["Reinforced Body","Loop","Beam Cell"],"picked":"Singing Bowl","floor":31.0},{"not_picked":["Electrodynamics","Core Surge"],"picked":"Creative AI","floor":33},{"not_picked":["Rebound+1","Gash+1"],"picked":"Defragment","floor":35},{"not_picked":["Skim","Darkness+1","Compile Driver"],"picked":"Singing Bowl","floor":37},{"not_picked":["Reprogram","Streamline","Reinforced Body+1"],"picked":"Singing Bowl","floor":38},{"not_picked":["Chaos","Genetic Algorithm","Conserve Battery"],"picked":"Singing Bowl","floor":39}],"player_experience":3064455,"relics_obtained":[{"floor":12.0,"key":"Oddly Smooth Stone"},{"floor":24.0,"key":"Singing Bowl"},{"floor":26.0,"key":"Matryoshka"},{"floor":30.0,"key":"Bag of Marbles"},{"floor":30.0,"key":"Omamori"}],"event_choices":[{"damage_healed":0.0,"max_hp_gain":0.0,"max_hp_loss":0.0,"gold_gain":0.0,"cards_transformed":["Strike_B"],"event_name":"Living Wall","player_choice":"Change","floor":3.0,"gold_loss":0.0,"damage_taken":0.0,"cards_obtained":["Go for the Eyes"]},{"damage_healed":0.0,"max_hp_gain":0.0,"max_hp_loss":0.0,"gold_gain":0.0,"cards_transformed":["Strike_B"],"event_name":"Transmorgrifier","player_choice":"Transformed","floor":10.0,"gold_loss":0.0,"damage_taken":0.0,"cards_obtained":["Loop"]},{"cards_removed":["Defend_B"],"damage_healed":0.0,"max_hp_gain":0.0,"max_hp_loss":0.0,"gold_gain":0.0,"event_name":"Back to Basics","player_choice":"Elegance","floor":20.0,"gold_loss":0.0,"damage_taken":0.0},{"damage_healed":0,"gold_gain":0,"cards_transformed":["Defend_B"],"player_choice":"Transformed","damage_taken":0,"max_hp_gain":0,"max_hp_loss":0,"event_name":"Transmorgrifier","floor":36,"gold_loss":0,"cards_obtained":["Chill"]}],"is_beta":false,"boss_relics":[{"not_picked":["Ectoplasm","Astrolabe"],"picked":"Coffee Dripper"},{"not_picked":["Lizard Tail","Snecko Eye"],"picked":"FrozenCore"}],"items_purged_floors":[19,21,28],"is_endless":false,"potions_floor_spawned":[1,4,13,16,18,27,39],"killed_by":"Reptomancer","ascension_level":20}