{"gold_per_floor":[119,133,133,83,3,3,3,30,53,77,102,148,160,247,259,374,436,463,488,516,528,555,567,614,626,662,599,628,628,647,647,647,747,747,759,759,504,520,44,74,74,74,74,99,99,149,149,159,159,159],"floor_reached":51,"playtime":2248,"items_purged":["Strike_G","Strike_G","Strike_G"],"score":965,"play_id":"c5cfb574-70ec-4040-b26b-b160463693c5","local_time":"20180919130706","is_ascension_mode":true,"campfire_choices":[{"data":"Noxious Fumes","floor":6.0,"key":"SMITH"},{"data":"Footwork","floor":13.0,"key":"SMITH"},{"floor":15.0,"key":"REST"},{"data":"Footwork","floor":23,"key":"SMITH"},{"data":"Footwork","floor":25,"key":"SMITH"},{"floor":32,"key":"REST"},{"data":"Bouncing Flask","floor":42,"key":"SMITH"},{"data":"Adrenaline","floor":45,"key":"SMITH"},{"floor":49,"key":"REST"}],"neow_cost":"PERCENT_DAMAGE","seed_source_timestamp":90675688737640,"circlet_count":0,"master_deck":["Defend_G","Defend_G","Defend_G","Defend_G","Survivor","Neutralize","Bouncing Flask+1","Sucker Punch+1","Noxious Fumes+1","Footwork+1","Escape Plan","Adrenaline+1","Footwork+1","Bane","Backflip+1","Footwork+1","Flechettes+1","Burst","Blur+1"],"special_seed":0,"relics":["Ring of the Snake","Tough Bandages","PreservedInsect","MawBank","Bottled Flame","Tiny House","Snake Skull","Dead Branch","Blood Vial","Shovel","Blue Candle","MutagenicStrength","Busted Crown","Strawberry","TwistedFunnel","Juzu Bracelet","Smiling Mask","Mercury Hourglass","Art of War","FossilizedHelix"],"potions_floor_usage":[18,22,24,30,40,44,50,50],"damage_taken":[{"damage":0.0,"enemies":"Small Slimes","floor":1.0,"turns":4.0},{"damage":0.0,"enemies":"Cultist","floor":2.0,"turns":4.0},{"damage":15.0,"enemies":"3 Sentries","floor":8.0,"turns":7.0},{"damage":4.0,"enemies":"Jaw Worm","floor":10.0,"turns":3.0},{"damage":5.0,"enemies":"2 Fungi Beasts","floor":11.0,"turns":4.0},{"damage":16.0,"enemies":"Gremlin Nob","floor":12.0,"turns":5.0},{"damage":22,"enemies":"Hexaghost","floor":16,"turns":11},{"damage":15,"enemies":"3 Byrds","floor":18,"turns":5},{"damage":0,"enemies":"Chosen","floor":19,"turns":5},{"damage":18,"enemies":"Centurion and Healer","floor":20,"turns":7},{"damage":0,"enemies":"Snake Plant","floor":22,"turns":5},{"damage":6,"enemies":"Gremlin Leader","floor":24,"turns":7},{"damage":22,"enemies":"Slavers","floor":28,"turns":6},{"damage":11,"enemies":"Chosen and Byrds","floor":30,"turns":7},{"damage":17,"enemies":"Collector","floor":33,"turns":10},{"damage":27,"enemies":"3 Darklings","floor":35,"turns":6},{"damage":0,"enemies":"3 Shapes","floor":38,"turns":4},{"damage":33,"enemies":"Nemesis","floor":40,"turns":5},{"damage":0,"enemies":"Giant Head","floor":44,"turns":9},{"damage":7,"enemies":"Mysterious Sphere","floor":46,"turns":5},{"damage":0,"enemies":"3 Darklings","floor":48,"turns":4},{"damage":0,"enemies":"Time Eater","floor":50,"turns":11}],"seed_played":"5023791499233066522","potions_obtained":[{"floor":1.0,"key":"Swift Potion"},{"floor":12.0,"key":"FearPotion"},{"floor":16,"key":"SpeedPotion"},{"floor":17,"key":"EssenceOfSteel"},{"floor":19,"key":"AttackPotion"},{"floor":24,"key":"FearPotion"},{"floor":28,"key":"Explosive Potion"},{"floor":35,"key":"FearPotion"},{"floor":44,"key":"SneckoOil"},{"floor":46,"key":"Strength Potion"},{"floor":48,"key":"Dexterity Potion"}],"is_trial":false,"path_per_floor":["M","M","?","?","$","R","?","E","T","M","M","E","R","?","R","B",null,"M","M","M","?","M","R","E","R","T","$","E","T","M","?","R","B",null,"M","?","$","M","$","E","?","R","T","E","R","?","?","M","R","B"],"character_chosen":"THE_SILENT","items_purchased":["Noxious Fumes","Strawberry","TwistedFunnel","Juzu Bracelet"],"campfire_rested":3,"item_purchase_floors":[5,37,39,39],"current_hp_per_floor":[49,49,49,49,49,49,54,39,39,35,30,14,14,3,25,3,80,65,65,47,47,47,47,41,41,41,41,21,21,12,12,36,21,80,53,53,60,62,62,31,31,31,31,33,33,28,28,30,54,56],"gold":159,"neow_bonus":"ONE_RARE_RELIC","is_prod":false,"is_daily":false,"chose_seed":false,"campfire_upgraded":6,"win_rate":0,"timestamp":1537333626,"path_taken":["M","M","?","?","?","R","?","E","T","?","?","E","R","?","R","BOSS","M","M","?","?","M","R","E","R","T","$","E","?","M","?","R","BOSS","M","?","$","M","$","E","?","R","T","E","R","?","?","M","R","BOSS"],"build_version":"2018-09-06","purchased_purges":3,"victory":true,"max_hp_per_floor":[70,70,70,70,70,70,75,75,75,75,75,75,75,75,75,75,80,80,80,80,80,80,80,80,80,80,80,80,80,80,80,80,80,80,80,80,87,87,87,87,83,83,83,83,83,83,83,83,83,83],"card_choices":[{"not_picked":["Leg Sweep","Outmaneuver"],"picked":"Bouncing Flask","floor":1.0},{"not_picked":["Flying Knee","Infinite Blades"],"picked":"Sucker Punch","floor":2.0},{"not_picked":["Sucker Punch","Underhanded Strike","Dodge and Roll"],"picked":"SKIP","floor":8.0},{"not_picked":["Acrobatics","Endless Agony"],"picked":"Footwork","floor":10.0},{"not_picked":["Flechettes","Prepared"],"picked":"Escape Plan","floor":11.0},{"not_picked":["Slice","Cloak And Dagger","Flying Knee"],"picked":"SKIP","floor":12.0},{"not_picked":["Glass Knife","Storm of Steel"],"picked":"Adrenaline","floor":16},{"not_picked":["Predator","Dagger Spray"],"picked":"Footwork","floor":17},{"not_picked":["Dodge and Roll","Outmaneuver"],"picked":"Bane","floor":18},{"not_picked":["Infinite Blades","PiercingWail"],"picked":"Backflip+1","floor":19},{"not_picked":["Outmaneuver+1","PiercingWail","Slice"],"picked":"SKIP","floor":20},{"not_picked":["Leg Sweep","Prepared+1","Blade Dance"],"picked":"SKIP","floor":22},{"not_picked":["Skewer","Choke"],"picked":"Footwork","floor":24},{"not_picked":["Endless Agony","Flechettes","Bouncing Flask"],"picked":"SKIP","floor":28},{"not_picked":["Cloak And Dagger","Blade Dance"],"picked":"Flechettes+1","floor":30},{"not_picked":["Venomology","Die Die Die"],"picked":"Burst","floor":33},{"not_picked":[],"picked":"Blur+1","floor":35},{"not_picked":["Acrobatics"],"picked":"SKIP","floor":38},{"not_picked":["Outmaneuver+1"],"picked":"SKIP","floor":40},{"not_picked":["PiercingWail"],"picked":"SKIP","floor":44},{"not_picked":["Bullet Time"],"picked":"SKIP","floor":48}],"player_experience":21332,"relics_obtained":[{"floor":8.0,"key":"PreservedInsect"},{"floor":9.0,"key":"MawBank"},{"floor":12.0,"key":"Bottled Flame"},{"floor":24,"key":"Dead Branch"},{"floor":26,"key":"Blood Vial"},{"floor":28,"key":"Shovel"},{"floor":29,"key":"Blue Candle"},{"floor":40,"key":"Smiling Mask"},{"floor":43,"key":"Mercury Hourglass"},{"floor":44,"key":"Art of War"},{"floor":46,"key":"FossilizedHelix"}],"event_choices":[{"event_name":"Bonfire Elementals","player_choice":"BASIC","floor":3.0,"damage_taken":0.0},{"event_name":"The Cleric","player_choice":"Card Removal","floor":4.0,"damage_taken":0.0},{"event_name":"Big Fish","player_choice":"Donut","floor":7.0,"damage_taken":0.0},{"event_name":"World of Goop","player_choice":"Gather Gold","floor":14.0,"damage_taken":0.0},{"event_name":"The Mausoleum","player_choice":"Yes","floor":21,"damage_taken":0},{"event_name":"Drug Dealer","player_choice":"Inject Mutagens","floor":31,"damage_taken":0},{"event_name":"Match and Keep!","player_choice":"0 cards matched","floor":36,"damage_taken":0},{"event_name":"Winding Halls","player_choice":"Max HP","floor":41,"damage_taken":0},{"event_name":"Mysterious Sphere","player_choice":"Fight","floor":46,"damage_taken":0},{"event_name":"Falling","player_choice":"Removed Skill","floor":47,"damage_taken":0}],"is_beta":false,"boss_relics":[{"not_picked":["HoveringKite","Fusion Hammer"],"picked":"Tiny House"},{"not_picked":["Ring of the Serpent","Black Star"],"picked":"Busted Crown"}],"items_purged_floors":[27,37,39],"is_endless":false,"potions_floor_spawned":[1,12,16,19,24,28,35,44,46,48],"ascension_level":3}