{"gold_per_floor":[117,136,96,115,129,129,143,178,258,31,31,42,42],"floor_reached":13,"playtime":570,"items_purged":[],"score":174,"play_id":"aead7151-0250-412e-885c-c1a2c7307b85","local_time":"20190319165251","is_ascension_mode":true,"campfire_choices":[{"data":"Neutralize","floor":6,"key":"SMITH"},{"data":"Masterful Stab","floor":11,"key":"SMITH"}],"neow_cost":"PERCENT_DAMAGE","seed_source_timestamp":21850975556131,"circlet_count":0,"master_deck":["AscendersBane","Defend_G","Defend_G","Defend_G","Defend_G","Defend_G","Strike_G","Strike_G","Strike_G","Strike_G","Strike_G","Survivor","Neutralize+1","Good Instincts","Madness","Calculated Gamble","Footwork","Tactician","Masterful Stab+1","Heel Hook","Clash"],"relics":["Ring of the Snake","Blue Candle","PrismaticShard"],"potions_floor_usage":[7,8,8,12,13],"damage_taken":[{"damage":0,"enemies":"2 Louse","floor":1,"turns":3},{"damage":3,"enemies":"Cultist","floor":2,"turns":5},{"damage":3,"enemies":"Jaw Worm","floor":4,"turns":8},{"damage":2,"enemies":"Blue Slaver","floor":5,"turns":8},{"damage":11,"enemies":"Large Slime","floor":7,"turns":13},{"damage":23,"enemies":"3 Sentries","floor":8,"turns":13},{"damage":0,"enemies":"Lots of Slimes","floor":12,"turns":2},{"damage":10,"enemies":"Lagavulin","floor":13,"turns":10}],"seed_played":"6695142736864090360","potions_obtained":[{"floor":3,"key":"Swift Potion"},{"floor":3,"key":"GhostInAJar"},{"floor":7,"key":"SkillPotion"},{"floor":8,"key":"Explosive Potion"},{"floor":12,"key":"GhostInAJar"}],"is_trial":false,"path_per_floor":["M","M","?","M","M","R","M","E","T","$","R","M","E"],"character_chosen":"THE_SILENT","items_purchased":["PrismaticShard"],"campfire_rested":0,"item_purchase_floors":[10],"current_hp_per_floor":[44,41,41,38,36,36,25,2,2,2,2,2,0],"gold":42,"neow_bonus":"RANDOM_COLORLESS_2","is_prod":false,"is_daily":false,"chose_seed":false,"campfire_upgraded":2,"win_rate":0,"timestamp":1552985571,"path_taken":["M","M","?","?","M","R","M","E","T","$","R","M","E"],"build_version":"2019-01-23","purchased_purges":0,"victory":false,"max_hp_per_floor":[66,66,66,66,66,66,66,66,66,66,66,66,66],"card_choices":[{"not_picked":["Sucker Punch","PiercingWail"],"picked":"Calculated Gamble","floor":1},{"not_picked":["Dagger Throw","Distraction"],"picked":"Footwork","floor":2},{"not_picked":["Noxious Fumes","Bane"],"picked":"Tactician","floor":4},{"not_picked":["Venomology","Flying Knee","Concentrate"],"picked":"SKIP","floor":5},{"not_picked":["Sucker Punch","Infinite Blades"],"picked":"Masterful Stab","floor":7},{"not_picked":["Predator","Choke"],"picked":"Heel Hook","floor":8},{"not_picked":["Pommel Strike","Cloak And Dagger"],"picked":"Clash","floor":12}],"player_experience":3725059,"relics_obtained":[{"floor":8,"key":"Blue Candle"}],"event_choices":[{"damage_healed":0,"gold_gain":0,"player_choice":"Bought 3 Potions","damage_taken":0,"max_hp_gain":0,"max_hp_loss":0,"event_name":"The Woman in Blue","floor":3,"gold_loss":0}],"is_beta":false,"boss_relics":[],"items_purged_floors":[],"is_endless":false,"potions_floor_spawned":[7,8,12],"killed_by":"Lagavulin","ascension_level":20}