{"gold_per_floor":[110,110,121,221,234,269,269,289,289,289,307,307,322,340,340,440,440,455,472,53,53,64,64,64,64,64,64,83,115,115,130,130,226,226,241,241,241,68,68,68,100,114,114,134,134,147,147,174,174,174],"floor_reached":51,"playtime":1833,"items_purged":["Strike_B","Pain"],"score":752,"play_id":"d2c0a87e-3073-49e0-a4dc-67ea51b4230d","local_time":"20190613030723","is_ascension_mode":false,"campfire_choices":[{"data":"Darkness","floor":7,"key":"SMITH"},{"data":"Dualcast","floor":10,"key":"SMITH"},{"data":"Zap","floor":12,"key":"SMITH"},{"data":"Turbo","floor":15,"key":"SMITH"},{"data":"Defragment","floor":23,"key":"SMITH"},{"data":"Fission","floor":27,"key":"SMITH"},{"data":"Undo","floor":30,"key":"SMITH"},{"floor":32,"key":"REST"},{"data":"Consume","floor":40,"key":"SMITH"},{"data":"Recycle","floor":45,"key":"SMITH"},{"data":"Impatience","floor":47,"key":"SMITH"},{"data":"Skim","floor":49,"key":"SMITH"}],"neow_cost":"PERCENT_DAMAGE","seed_source_timestamp":58677033555677,"circlet_count":0,"master_deck":["Strike_B","Defend_B","Defend_B","Defend_B","Defend_B+1","Zap+1","Dualcast+1","Tempest","Darkness+1","Self Repair","Undo+1","Reboot","Turbo+1","Fission+1","Hologram+1","Seek","Defragment+1","Undo+1","Chill","Glacier","Biased Cognition+1","Skim+1","Chaos+1","Recycle+1","Consume+1","Mayhem+1","Impatience+1","Mayhem+1","Self Repair+1","Skim","Skim+1","Parasite","Hologram+1","Capacitor+1"],"relics":["Cracked Core","Incense Burner","Art of War","Strawberry","Runic Dome","Chemical X","WarpedTongs","Centennial Puzzle","Frozen Egg 2","Orrery","Mango","Shuriken","Symbiotic Virus"],"potions_floor_usage":[11,18,29,29,50,50],"damage_taken":[{"damage":1,"enemies":"2 Louse","floor":1,"turns":2},{"damage":0,"enemies":"Cultist","floor":3,"turns":3},{"damage":0,"enemies":"Small Slimes","floor":5,"turns":3},{"damage":9,"enemies":"Lagavulin","floor":6,"turns":7},{"damage":9,"enemies":"Exordium Thugs","floor":8,"turns":3},{"damage":3,"enemies":"Blue Slaver","floor":11,"turns":4},{"damage":0,"enemies":"Exordium Wildlife","floor":13,"turns":3},{"damage":0,"enemies":"Red Slaver","floor":14,"turns":3},{"damage":13,"enemies":"The Guardian","floor":16,"turns":8},{"damage":8,"enemies":"2 Thieves","floor":18,"turns":3},{"damage":0,"enemies":"Spheric Guardian","floor":19,"turns":4},{"damage":16,"enemies":"Shelled Parasite and Fungi","floor":22,"turns":5},{"damage":10,"enemies":"3 Cultists","floor":28,"turns":3},{"damage":24,"enemies":"Gremlin Leader","floor":29,"turns":6},{"damage":12,"enemies":"Snake Plant","floor":31,"turns":3},{"damage":66,"enemies":"Collector","floor":33,"turns":12},{"damage":2,"enemies":"3 Darklings","floor":35,"turns":7},{"damage":5,"enemies":"Giant Head","floor":41,"turns":7},{"damage":7,"enemies":"Orb Walker","floor":42,"turns":3},{"damage":0,"enemies":"Maw","floor":44,"turns":4},{"damage":5,"enemies":"Writhing Mass","floor":46,"turns":4},{"damage":20,"enemies":"Nemesis","floor":48,"turns":5},{"damage":33,"enemies":"Time Eater","floor":50,"turns":5}],"seed_played":"-1446807087328411346","potions_obtained":[{"floor":5,"key":"EssenceOfSteel"},{"floor":6,"key":"AttackPotion"},{"floor":11,"key":"SneckoOil"},{"floor":14,"key":"Block Potion"},{"floor":18,"key":"Explosive Potion"},{"floor":28,"key":"Swift Potion"},{"floor":31,"key":"Dexterity Potion"},{"floor":33,"key":"Poison Potion"},{"floor":42,"key":"Swift Potion"}],"is_trial":false,"path_per_floor":["M","?","M","?","M","E","R","M","T","R","M","R","M","M","R","B",null,"M","M","$","?","M","R","$","?","T","R","M","E","R","M","R","B",null,"M","?","?","$","?","R","E","M","T","M","R","M","R","E","R","B",null],"character_chosen":"DEFECT","items_purchased":["Seek","Defragment","Chemical X","Self Repair+1"],"campfire_rested":1,"item_purchase_floors":[20,20,20,38],"current_hp_per_floor":[53,38,38,38,38,29,29,20,27,27,31,31,38,45,45,39,82,74,81,81,81,72,72,72,72,72,72,69,52,52,47,71,12,82,82,72,72,72,72,72,96,89,89,96,96,96,96,93,93,77],"gold":174,"neow_bonus":"ONE_RARE_RELIC","is_prod":false,"is_daily":false,"chose_seed":false,"campfire_upgraded":11,"win_rate":0,"timestamp":1560366443,"path_taken":["M","?","M","?","?","E","R","M","T","R","M","R","M","M","R","BOSS","M","M","$","?","M","R","?","?","T","R","M","E","R","?","R","BOSS","M","?","?","$","?","R","E","?","T","M","R","M","R","E","R","BOSS"],"build_version":"2019-01-23","purchased_purges":2,"victory":true,"max_hp_per_floor":[75,75,75,75,75,75,75,75,82,82,82,82,82,82,82,82,82,82,82,82,82,82,82,82,82,82,82,82,82,82,82,82,82,82,82,82,82,82,82,82,96,96,96,96,96,96,96,96,96,96],"card_choices":[{"not_picked":["Compile Driver","Stack"],"picked":"Tempest","floor":1},{"not_picked":["BootSequence","Barrage","Steam"],"picked":"SKIP","floor":3},{"not_picked":["BootSequence","Barrage","Steam"],"picked":"SKIP","floor":3},{"not_picked":["Heatsinks","Sweeping Beam"],"picked":"Darkness","floor":5},{"not_picked":["Glacier","Scrape"],"picked":"Self Repair","floor":6},{"not_picked":["Melter","Go for the Eyes"],"picked":"Undo","floor":8},{"not_picked":["Go for the Eyes","Blizzard","Gash"],"picked":"SKIP","floor":11},{"not_picked":["Ball Lightning","Gash"],"picked":"Reboot","floor":13},{"not_picked":["Coolheaded","Cold Snap"],"picked":"Turbo","floor":14},{"not_picked":["Core Surge","Echo Form"],"picked":"Fission","floor":16},{"not_picked":["Go for the Eyes","Sweeping Beam","Barrage"],"picked":"SKIP","floor":18},{"not_picked":["Coolheaded","Rebound+1"],"picked":"Hologram+1","floor":19},{"not_picked":["Cold Snap","Reprogram","Gash"],"picked":"SKIP","floor":22},{"not_picked":["Darkness+1","Compile Driver"],"picked":"Undo+1","floor":28},{"not_picked":["Rebound+1","BootSequence+1"],"picked":"Chill","floor":29},{"not_picked":["Darkness+1","Chaos"],"picked":"Glacier","floor":31},{"not_picked":["Core Surge","Electrodynamics+1"],"picked":"Biased Cognition+1","floor":33},{"not_picked":["Lockon+1","Streamline+1"],"picked":"Skim+1","floor":34},{"not_picked":["Scrape","White Noise"],"picked":"Chaos+1","floor":34},{"not_picked":["Capacitor+1","Lockon"],"picked":"Recycle","floor":34},{"not_picked":["Aggregate+1","Compile Driver"],"picked":"Consume","floor":34},{"not_picked":["Lockon","Go for the Eyes","Stack+1"],"picked":"SKIP","floor":35},{"not_picked":["The Bomb","Panacea"],"picked":"Mayhem+1","floor":36},{"not_picked":["Mind Blast","Madness"],"picked":"Impatience","floor":36},{"not_picked":["Swift Strike","Good Instincts"],"picked":"Mayhem+1","floor":36},{"not_picked":["Stack+1","Compile Driver"],"picked":"Skim","floor":41},{"not_picked":["Stack","Hologram","Steam"],"picked":"SKIP","floor":42},{"not_picked":["Turbo+1","Gash+1"],"picked":"Skim","floor":44},{"not_picked":["Coolheaded","Stack+1"],"picked":"Hologram+1","floor":46},{"not_picked":["Leap+1","Gash+1"],"picked":"Capacitor+1","floor":48}],"player_experience":5127987,"relics_obtained":[{"floor":6,"key":"Art of War"},{"floor":9,"key":"Strawberry"},{"floor":26,"key":"Centennial Puzzle"},{"floor":29,"key":"Frozen Egg 2"},{"floor":41,"key":"Mango"},{"floor":43,"key":"Shuriken"},{"floor":48,"key":"Symbiotic Virus"}],"event_choices":[{"damage_healed":0,"gold_gain":0,"player_choice":"Entered Light","damage_taken":15,"max_hp_gain":0,"max_hp_loss":0,"event_name":"Shining Light","floor":2,"gold_loss":0,"cards_upgraded":["Defend_B","Strike_B"]},{"damage_healed":0,"gold_gain":100,"player_choice":"Pray","damage_taken":0,"max_hp_gain":0,"max_hp_loss":0,"event_name":"Golden Shrine","floor":4,"gold_loss":0},{"damage_healed":0,"gold_gain":0,"player_choice":"Rummage","damage_taken":0,"relics_obtained":["WarpedTongs"],"max_hp_gain":0,"max_hp_loss":0,"event_name":"Accursed Blacksmith","floor":21,"gold_loss":0,"cards_obtained":["Pain"]},{"damage_healed":0,"gold_gain":0,"player_choice":"Ignored","damage_taken":0,"max_hp_gain":0,"max_hp_loss":0,"event_name":"Vampires","floor":25,"gold_loss":0},{"damage_healed":0,"gold_gain":0,"player_choice":"Memory 3","damage_taken":10,"max_hp_gain":0,"max_hp_loss":0,"event_name":"SensoryStone","floor":36,"gold_loss":0},{"cards_removed":["Strike_B"],"damage_healed":0,"gold_gain":0,"player_choice":"Removed Attack","damage_taken":0,"max_hp_gain":0,"max_hp_loss":0,"event_name":"Falling","floor":37,"gold_loss":0},{"cards_removed":["Strike_B"],"damage_healed":0,"gold_gain":0,"player_choice":"Offered Basic","damage_taken":0,"max_hp_gain":0,"max_hp_loss":0,"event_name":"Bonfire Elementals","floor":39,"gold_loss":0}],"is_beta":false,"boss_relics":[{"not_picked":["Eternal Feather","Busted Crown"],"picked":"Runic Dome"},{"not_picked":["Calling Bell","Fusion Hammer"],"picked":"Orrery"}],"items_purged_floors":[20,38],"is_endless":false,"potions_floor_spawned":[5,6,11,14,18,28,31,33,35,42,48],"ascension_level":0}