{"gold_per_floor":[116,0,0,0,19,19,60,60,60,95,116,137,137,173,173,272,272,285,128,128,128,153,153,197,197,197,235,235,258,277,297,297,387,387,400,733,750,763,222,251,251,282,282,312,41,59,59,59,59,59,59],"floor_reached":52,"playtime":1720,"items_purged":["Strike_R","Defend_R","Defend_R"],"score":2992,"play_id":"f4f14665-c08b-4d6f-ac8f-863b625c26a6","local_time":"20181031120318","is_ascension_mode":true,"campfire_choices":[{"data":"Candy","floor":6.0,"key":"SMITH"},{"data":"Candy","floor":13.0,"key":"SMITH"},{"data":"1","floor":15.0,"key":"LIFT"},{"data":"2","floor":23,"key":"LIFT"},{"data":"3","floor":25,"key":"LIFT"},{"data":"Rupture","floor":28,"key":"SMITH"},{"data":"Candy","floor":32,"key":"SMITH"},{"data":"Discovery","floor":41,"key":"SMITH"},{"data":"Seeing Red","floor":49,"key":"SMITH"}],"neow_cost":"NONE","seed_source_timestamp":2798451008654,"circlet_count":0,"master_deck":["Strike_R","Strike_R+1","Strike_R","Defend_R+1","Bash","AscendersBane","Pain","Clumsy","Regret","Candy+1","Rupture+1","Candy+1","Trick+1","Candy+1","Trick+1","Candy+1","Clash+1","Writhe","Dropkick+1","Infernal Blade+1","Seeing Red+1","Pommel Strike+1","Candy+1","Feel No Pain","Discovery+1","Shrug It Off","Master of Strategy"],"special_seed":0,"relics":["Halloween","Blue Candle","Calling Bell","Lantern","Paper Frog","Girya","Ginger","Molten Egg 2","Ornamental Fan","Letter Opener","Runic Cube","Ancient Tea Set","Enchiridion","Matryoshka","War Paint","Bird Faced Urn","Whetstone","Orrery","Lee\u0027s Waffle","Kunai","StoneCalendar","Meat on the Bone","Pantograph","Nunchaku","Bottled Tornado"],"potions_floor_usage":[51],"damage_taken":[{"damage":3.0,"enemies":"Cultist","floor":1.0,"turns":2.0},{"damage":4.0,"enemies":"Jaw Worm","floor":5.0,"turns":2.0},{"damage":4.0,"enemies":"Lagavulin","floor":7.0,"turns":4.0},{"damage":4.0,"enemies":"Gremlin Nob","floor":10.0,"turns":2.0},{"damage":3.0,"enemies":"2 Louse","floor":11.0,"turns":2.0},{"damage":5.0,"enemies":"Blue Slaver","floor":12.0,"turns":2.0},{"damage":16.0,"enemies":"3 Sentries","floor":14.0,"turns":3.0},{"damage":9.0,"enemies":"Slime Boss","floor":16.0,"turns":3.0},{"damage":10,"enemies":"3 Byrds","floor":18,"turns":1},{"damage":4,"enemies":"Chosen","floor":22,"turns":1},{"damage":4,"enemies":"Slavers","floor":24,"turns":1},{"damage":9,"enemies":"Book of Stabbing","floor":27,"turns":1},{"damage":16,"enemies":"3 Cultists","floor":29,"turns":1},{"damage":4,"enemies":"Sentry and Sphere","floor":30,"turns":1},{"damage":5,"enemies":"Chosen and Byrds","floor":31,"turns":1},{"damage":18,"enemies":"Collector","floor":33,"turns":1},{"damage":11,"enemies":"3 Darklings","floor":35,"turns":2},{"damage":11,"enemies":"3 Shapes","floor":37,"turns":1},{"damage":5,"enemies":"Spire Growth","floor":38,"turns":1},{"damage":3,"enemies":"Giant Head","floor":40,"turns":1},{"damage":12,"enemies":"Reptomancer","floor":42,"turns":1},{"damage":5,"enemies":"Nemesis","floor":44,"turns":1},{"damage":9,"enemies":"Writhing Mass","floor":46,"turns":1},{"damage":11,"enemies":"Awakened One","floor":50,"turns":5},{"damage":24,"enemies":"Time Eater","floor":51,"turns":3}],"seed_played":"-9032418035566563882","potions_obtained":[{"floor":5.0,"key":"BloodPotion"},{"floor":14.0,"key":"Dexterity Potion"}],"is_trial":false,"path_per_floor":["M","$","?","?","M","R","E","?","T","E","M","M","R","E","R","B",null,"M","$","?","?","M","R","E","R","T","E","R","M","M","M","R","B",null,"M","?","M","M","$","E","R","E","T","E","$","M","?","?","R","B","B"],"character_chosen":"IRONCLAD","items_purchased":["Rupture","Clash+1","Lee\u0027s Waffle","Feel No Pain","Discovery","Shrug It Off","Bottled Tornado"],"campfire_rested":0,"item_purchase_floors":[2,19,39,39,39,39,45],"current_hp_per_floor":[65,65,65,70,70,70,73,66,66,70,73,72,72,61,61,68,72,73,73,73,52,64,64,73,73,73,73,73,72,73,73,73,73,73,71,71,73,73,80,80,80,80,80,80,80,80,80,80,80,78,74],"gold":59,"neow_bonus":"BOSS_RELIC","is_prod":false,"is_daily":false,"chose_seed":false,"campfire_upgraded":6,"win_rate":0,"timestamp":1540958598,"path_taken":["M","?","?","?","M","R","E","?","T","E","M","?","R","E","R","BOSS","M","$","?","?","M","R","E","R","T","E","R","M","M","M","R","BOSS","M","?","M","M","$","E","R","E","T","E","?","?","?","?","R","BOSS","BOSS"],"build_version":"2018-10-25v2","purchased_purges":3,"victory":true,"max_hp_per_floor":[75,75,68,73,73,73,73,73,73,73,73,73,73,73,73,73,73,73,73,73,73,73,73,73,73,73,73,73,73,73,73,73,73,73,73,73,73,73,80,80,80,80,80,80,80,80,80,80,80,80,80],"card_choices":[{"not_picked":["Trick","GhostCostume"],"picked":"Candy","floor":1.0},{"not_picked":["Trick","GhostCostume"],"picked":"Candy","floor":5.0},{"not_picked":["GhostCostume","Candy"],"picked":"Trick","floor":7.0},{"not_picked":["GhostCostume","Trick+1"],"picked":"Candy","floor":10.0},{"not_picked":["GhostCostume","Candy"],"picked":"Trick+1","floor":11.0},{"not_picked":["Trick+1","GhostCostume"],"picked":"Candy","floor":12.0},{"not_picked":["Candy","GhostCostume","Trick+1"],"picked":"SKIP","floor":14.0},{"not_picked":["GhostCostume","Candy","Trick+1"],"picked":"SKIP","floor":18},{"not_picked":["Candy","GhostCostume","Trick+1"],"picked":"SKIP","floor":22},{"not_picked":["GhostCostume","Trick+1","Candy"],"picked":"SKIP","floor":24},{"not_picked":["GhostCostume","Candy","Trick+1"],"picked":"SKIP","floor":27},{"not_picked":["Trick+1","GhostCostume","Candy"],"picked":"SKIP","floor":29},{"not_picked":["Candy","Trick+1","GhostCostume+1"],"picked":"SKIP","floor":30},{"not_picked":["GhostCostume+1","Trick+1","Candy"],"picked":"SKIP","floor":31},{"not_picked":["Entrench","Inflame"],"picked":"Dropkick+1","floor":34},{"not_picked":["Rampage+1","Havoc"],"picked":"Infernal Blade+1","floor":34},{"not_picked":["Battle Trance","Perfected Strike+1"],"picked":"Seeing Red","floor":34},{"not_picked":["Havoc","Clash+1"],"picked":"Pommel Strike+1","floor":34},{"not_picked":["Candy","GhostCostume","Trick+1"],"picked":"SKIP","floor":35},{"not_picked":["GhostCostume+1","Trick+1","Candy"],"picked":"SKIP","floor":37},{"not_picked":["GhostCostume+1","Trick+1"],"picked":"Candy+1","floor":38},{"not_picked":["Candy+1","Trick+1","GhostCostume"],"picked":"SKIP","floor":40},{"not_picked":["Trick+1","Candy+1","GhostCostume"],"picked":"SKIP","floor":42},{"not_picked":["Trick+1","GhostCostume","Candy"],"picked":"SKIP","floor":44},{"not_picked":["Trick+1","Candy","GhostCostume"],"picked":"SKIP","floor":46},{"not_picked":["Secret Technique","Chrysalis"],"picked":"Master of Strategy","floor":48}],"player_experience":424569,"relics_obtained":[{"floor":0.0,"key":"Lantern"},{"floor":0.0,"key":"Paper Frog"},{"floor":0.0,"key":"Girya"},{"floor":7.0,"key":"Ginger"},{"floor":9.0,"key":"Molten Egg 2"},{"floor":10.0,"key":"Ornamental Fan"},{"floor":14.0,"key":"Letter Opener"},{"floor":21,"key":"Enchiridion"},{"floor":24,"key":"Matryoshka"},{"floor":26,"key":"War Paint"},{"floor":26,"key":"Bird Faced Urn"},{"floor":27,"key":"Whetstone"},{"floor":40,"key":"Kunai"},{"floor":42,"key":"StoneCalendar"},{"floor":43,"key":"Meat on the Bone"},{"floor":43,"key":"Pantograph"},{"floor":44,"key":"Nunchaku"}],"event_choices":[{"damage_healed":0.0,"max_hp_gain":0.0,"max_hp_loss":7.0,"gold_gain":0.0,"event_name":"Golden Idol","player_choice":"Lose Max HP","floor":3.0,"gold_loss":0.0,"damage_taken":0.0,"relics_obtained":["Golden Idol"]},{"damage_healed":0.0,"max_hp_gain":5.0,"max_hp_loss":0.0,"gold_gain":0.0,"event_name":"Big Fish","player_choice":"Donut","floor":4.0,"gold_loss":0.0,"damage_taken":0.0},{"cards_removed":["Defend_R"],"damage_healed":0.0,"max_hp_gain":0.0,"max_hp_loss":0.0,"gold_gain":0.0,"event_name":"Golden Wing","player_choice":"Card Removal","floor":8.0,"gold_loss":0.0,"damage_taken":7.0},{"damage_healed":0,"gold_gain":0,"player_choice":"Opened","damage_taken":0,"relics_obtained":["Ancient Tea Set"],"max_hp_gain":0,"max_hp_loss":0,"event_name":"The Mausoleum","floor":20,"gold_loss":0,"cards_obtained":["Writhe"]},{"damage_healed":0,"gold_gain":0,"player_choice":"Obtained Book","damage_taken":21,"max_hp_gain":0,"max_hp_loss":0,"event_name":"Cursed Tome","floor":21,"gold_loss":0},{"damage_healed":0,"gold_gain":333,"player_choice":"Gave Idol","damage_taken":0,"max_hp_gain":0,"max_hp_loss":0,"event_name":"The Moai Head","floor":36,"relics_lost":["Golden Idol"],"gold_loss":0},{"cards_removed":["Strike_R"],"damage_healed":0,"gold_gain":0,"player_choice":"Removed Attack","damage_taken":0,"max_hp_gain":0,"max_hp_loss":0,"event_name":"Falling","floor":47,"gold_loss":0},{"damage_healed":0,"gold_gain":0,"player_choice":"Memory 1","damage_taken":0,"max_hp_gain":0,"max_hp_loss":0,"event_name":"SensoryStone","floor":48,"gold_loss":0}],"is_beta":false,"boss_relics":[{"not_picked":["Pandora\u0027s Box","Black Star"],"picked":"Runic Cube"},{"not_picked":["Snecko Eye","Mark of Pain"],"picked":"Orrery"}],"items_purged_floors":[2,19,39],"is_endless":false,"potions_floor_spawned":[5,14,16,22,27,29,33,38,44],"ascension_level":20}