{"path_per_floor":["M","?","T","M","?","R","E","?","T","E","R","?","E","?","R","B",null,"M","?","$","?","?","M","R","T","T","E","$","E","M","T","R","B",null,"M","M","?","?","M","E","R","E","T","T","?","?","?","$","R","B"],"character_chosen":"THE_SILENT","items_purchased":["Molten Egg 2","Infinite Blades","Happy Flower","Infinite Blades","Adrenaline","Blur","Madness","Sucker Punch+1"],"gold_per_floor":[115,115,115,138,138,138,179,213,213,246,246,246,287,287,287,410,448,472,397,114,114,114,129,129,184,254,285,16,47,60,60,60,185,185,209,227,227,286,299,335,335,378,431,431,431,431,431,37,37,37],"floor_reached":51,"campfire_rested":1,"playtime":1941,"item_purchase_floors":[20,20,28,28,48,48,48,48],"current_hp_per_floor":[63,48,48,48,48,48,42,34,34,21,21,44,40,40,40,2,58,41,41,41,41,41,41,41,41,41,34,34,2,2,2,39,3,57,57,53,85,62,65,40,40,40,40,40,30,74,74,74,74,57],"items_purged":["Strike_G","Defend_G"],"gold":37,"score":1250,"play_id":"9a081f27-7aa7-4554-8719-923b0cd66b52","local_time":"20180613223648","is_prod":false,"is_daily":false,"chose_seed":false,"is_ascension_mode":true,"campfire_upgraded":6,"win_rate":0,"timestamp":1528900608,"campfire_choices":[{"data":"Predator","floor":6,"key":"SMITH"},{"data":"Glass Knife","floor":11,"key":"SMITH"},{"data":"Slice","floor":15,"key":"SMITH"},{"data":"Infinite Blades","floor":24,"key":"SMITH"},{"floor":32,"key":"REST"},{"data":"After Image","floor":41,"key":"SMITH"},{"data":"Magnetism","floor":49,"key":"SMITH"}],"path_taken":["M","?","?","?","?","R","E","?","T","E","R","?","E","?","R","BOSS","M","?","?","?","?","M","R","?","T","E","$","E","M","?","R","BOSS","M","M","?","?","M","E","R","E","T","?","?","?","?","$","R","BOSS"],"build_version":"2018-06-12","seed_source_timestamp":33248518156615,"purchased_purges":2,"victory":true,"master_deck":["Defend_G","Strike_G+1","Strike_G+1","Survivor","Neutralize+1","AscendersBane","Predator+1","Slice+1","Storm of Steel+1","Infinite Blades+1","Cloak And Dagger","Dodge and Roll+1","Slice+1","Infinite Blades","Cloak And Dagger","After Image+1","Infinite Blades+1","Well Laid Plans+1","Outmaneuver+1","Poisoned Stab+1","Cloak And Dagger+1","Trip","Finesse","Magnetism+1","Adrenaline","Blur","Madness","Sucker Punch+1"],"max_hp_per_floor":[63,63,63,63,63,63,63,63,63,70,70,70,70,70,70,70,75,75,75,75,75,75,75,75,75,75,75,75,75,75,75,75,75,75,75,75,85,85,85,85,85,85,85,85,85,74,74,74,74,74],"special_seed":17695,"relics":["Ring of the Snake","Golden Idol","Kunai","Matryoshka","Odd Mushroom","Incense Burner","Whetstone","Strawberry","Regal Pillow","Mercury Hourglass","Tiny House","Molten Egg 2","Bag of Marbles","Potion Belt","Darkstone Periapt","Smiling Mask","Happy Flower","Boot","Snake Skull","Astrolabe","Sundial","Pen Nib","Du-Vu Doll","Bronze Scales","Juzu Bracelet"],"card_choices":[{"not_picked":["Infinite Blades","Dodge and Roll","Bane"],"picked":"SKIP","floor":1},{"not_picked":["Sucker Punch","Underhanded Strike","Quick Slash"],"picked":"SKIP","floor":4},{"not_picked":["Skewer","Reflex","Setup"],"picked":"SKIP","floor":7},{"not_picked":["Poisoned Stab","Dagger Spray"],"picked":"Slice","floor":8},{"not_picked":["Backflip","Calculated Gamble"],"picked":"Glass Knife","floor":10},{"not_picked":["Deadly Poison","Deflect","Riddle With Holes"],"picked":"SKIP","floor":13},{"not_picked":["Die Die Die","A Thousand Cuts"],"picked":"Storm of Steel","floor":16},{"not_picked":["Prepared","Distraction","Acrobatics"],"picked":"SKIP","floor":18},{"not_picked":["Dagger Spray+1","Riddle With Holes+1"],"picked":"Dodge and Roll+1","floor":23},{"not_picked":["Dodge and Roll+1","All Out Attack+1"],"picked":"Slice+1","floor":27},{"not_picked":["PiercingWail","Outmaneuver","Sucker Punch+1"],"picked":"SKIP","floor":29},{"not_picked":["Doppelganger","Heel Hook+1"],"picked":"Cloak And Dagger","floor":30},{"not_picked":["Phantasmal Killer","Storm of Steel"],"picked":"After Image","floor":33},{"not_picked":["Underhanded Strike+1","Leg Sweep"],"picked":"Poisoned Stab+1","floor":35},{"not_picked":["Quick Slash+1","Dash+1","All Out Attack+1"],"picked":"SKIP","floor":36},{"not_picked":["Deflect","PiercingWail","Riddle With Holes+1"],"picked":"SKIP","floor":39},{"not_picked":["Backstab+1","Underhanded Strike+1"],"picked":"Cloak And Dagger+1","floor":40},{"not_picked":["Malaise+1","Backflip","Caltrops+1"],"picked":"SKIP","floor":42},{"not_picked":["Bandage Up","Swift Strike+1"],"picked":"Trip","floor":45},{"not_picked":["Enlightenment","Dark Shackles"],"picked":"Finesse","floor":45},{"not_picked":["Thinking Ahead","Sadistic Nature"],"picked":"Magnetism","floor":45}],"player_experience":587855,"potions_floor_usage":[7,27,33,39,40,50,50,50],"damage_taken":[{"damage":0,"enemies":"Small Slimes","floor":1,"turns":3},{"damage":0,"enemies":"2 Louse","floor":4,"turns":2},{"damage":6,"enemies":"Gremlin Nob","floor":7,"turns":3},{"damage":8,"floor":8,"turns":4},{"damage":20,"enemies":"Lagavulin","floor":10,"turns":6},{"damage":4,"enemies":"Gremlin Nob","floor":13,"turns":3},{"damage":38,"enemies":"The Guardian","floor":16,"turns":9},{"damage":17,"enemies":"Shell Parasite","floor":18,"turns":5},{"damage":0,"enemies":"3 Byrds","floor":23,"turns":4},{"damage":7,"enemies":"Slavers","floor":27,"turns":5},{"damage":32,"enemies":"Book of Stabbing","floor":29,"turns":7},{"damage":0,"enemies":"Snecko","floor":30,"turns":3},{"damage":36,"enemies":"Champ","floor":33,"turns":17},{"damage":0,"enemies":"Orb Walker","floor":35,"turns":3},{"damage":4,"enemies":"3 Shapes","floor":36,"turns":4},{"damage":23,"floor":38,"turns":5},{"damage":11,"enemies":"Sphere and 2 Shapes","floor":39,"turns":8},{"damage":25,"enemies":"2 Orb Walkers","floor":40,"turns":5},{"damage":0,"enemies":"Giant Head","floor":42,"turns":9},{"damage":17,"enemies":"Donu and Deca","floor":50,"turns":10}],"relics_obtained":[{"floor":3,"key":"Kunai"},{"floor":7,"key":"Matryoshka"},{"floor":8,"key":"Odd Mushroom"},{"floor":9,"key":"Incense Burner"},{"floor":9,"key":"Whetstone"},{"floor":10,"key":"Strawberry"},{"floor":13,"key":"Regal Pillow"},{"floor":25,"key":"Bag of Marbles"},{"floor":25,"key":"Potion Belt"},{"floor":26,"key":"Darkstone Periapt"},{"floor":27,"key":"Smiling Mask"},{"floor":29,"key":"Boot"},{"floor":31,"key":"Snake Skull"},{"floor":38,"key":"Sundial"},{"floor":40,"key":"Pen Nib"},{"floor":42,"key":"Du-Vu Doll"},{"floor":43,"key":"Bronze Scales"},{"floor":44,"key":"Juzu Bracelet"}],"event_choices":[{"event_name":"Golden Idol","player_choice":"Take Damage","floor":2,"damage_taken":0},{"event_name":"Upgrade Shrine","player_choice":"Upgraded","floor":5,"damage_taken":0},{"event_name":"Mushrooms","player_choice":"Fought Mushrooms","floor":8,"damage_taken":0},{"event_name":"Big Fish","player_choice":"Banana","floor":12,"damage_taken":0},{"event_name":"Accursed Blacksmith","player_choice":"Rummage","floor":14,"damage_taken":0},{"event_name":"Beggar","player_choice":"Gave Gold","floor":19,"damage_taken":0},{"event_name":"Wheel of Change","player_choice":"Card Removal","floor":21,"damage_taken":0},{"event_name":"The Library","player_choice":"Read","floor":22,"damage_taken":0},{"event_name":"Bonfire Elementals","player_choice":"RARE","floor":37,"damage_taken":0},{"event_name":"Mysterious Sphere","player_choice":"Fight","floor":38,"damage_taken":0},{"event_name":"SensoryStone","player_choice":"Memory 3","floor":45,"damage_taken":0},{"event_name":"The Moai Head","player_choice":"Heal","floor":46,"damage_taken":0},{"event_name":"Tomb of Lord Red Mask","player_choice":"Ignored","floor":47,"damage_taken":0}],"boss_relics":[{"not_picked":["Busted Crown","Fusion Hammer"],"picked":"Tiny House"},{"not_picked":["Snecko Eye","Cursed Key"],"picked":"Astrolabe"}],"items_purged_floors":[28,48],"potions_floor_spawned":[1,13,16,27,30,33,35,36,40,42],"seed_played":"-462270630654917222","ascension_level":11,"potions_obtained":[{"floor":1,"key":"Poison Potion"},{"floor":13,"key":"SteroidPotion"},{"floor":16,"key":"Energy Potion"},{"floor":27,"key":"FairyPotion"},{"floor":30,"key":"Fire Potion"},{"floor":33,"key":"EssenceOfSteel"},{"floor":35,"key":"Regen Potion"},{"floor":40,"key":"Weak Potion"},{"floor":42,"key":"Dexterity Potion"}],"is_trial":false}