{"gold_per_floor":[218,231,231,254,179,179,179,196,221,221,97,112,130,41,41,119,119,131,43,93,113,159,159,84,84,84,84,84,100,120,135,135,211,211,228,240,21,21,21,21],"floor_reached":40,"playtime":1673,"items_purged":["Strike_B"],"score":852,"play_id":"b9d34c17-714c-493d-991f-444e71980256","local_time":"20190213094552","is_ascension_mode":true,"campfire_choices":[{"data":"Dualcast","floor":6.0,"key":"SMITH"},{"data":"Conserve Battery","floor":10.0,"key":"SMITH"},{"data":"Chaos","floor":15.0,"key":"SMITH"},{"data":"Biased Cognition","floor":23.0,"key":"SMITH"},{"data":"Capacitor","floor":28.0,"key":"SMITH"},{"data":"Capacitor","floor":32.0,"key":"SMITH"}],"neow_cost":"NONE","seed_source_timestamp":4743538970603,"circlet_count":0,"master_deck":["AscendersBane","Strike_B","Strike_B","Defend_B+1","Defend_B","Defend_B","Defend_B+1","Zap+1","Dualcast+1","Conserve Battery+1","Coolheaded+1","Undo+1","Capacitor+1","Chaos+1","Darkness","Core Surge","Biased Cognition+1","Self Repair","Coolheaded","Hologram+1","White Noise+1","Creative AI","Compile Driver+1"],"special_seed":0,"relics":["Cracked Core","Ancient Tea Set","War Paint","Coffee Dripper","Bag of Preparation","Toxic Egg 2","Nuclear Battery","Runic Capacitor"],"potions_floor_usage":[36,38],"damage_taken":[{"damage":1.0,"enemies":"2 Louse","floor":1.0,"turns":2.0},{"damage":2.0,"enemies":"Jaw Worm","floor":2.0,"turns":3.0},{"damage":0.0,"enemies":"Cultist","floor":8.0,"turns":4.0},{"damage":3.0,"enemies":"Exordium Thugs","floor":12.0,"turns":7.0},{"damage":0.0,"enemies":"Large Slime","floor":13.0,"turns":7.0},{"damage":11.0,"enemies":"The Guardian","floor":16.0,"turns":11.0},{"damage":0.0,"enemies":"Shell Parasite","floor":18.0,"turns":6.0},{"damage":15.0,"enemies":"2 Thieves","floor":21.0,"turns":4.0},{"damage":4.0,"enemies":"Colosseum Slavers","floor":27.0,"turns":6.0},{"damage":8.0,"enemies":"Cultist and Chosen","floor":29.0,"turns":5.0},{"damage":0.0,"enemies":"Snecko","floor":30.0,"turns":7.0},{"damage":1.0,"enemies":"3 Cultists","floor":31.0,"turns":6.0},{"damage":0.0,"enemies":"Automaton","floor":33.0,"turns":12.0},{"damage":21,"enemies":"3 Darklings","floor":35,"turns":7},{"damage":9,"enemies":"3 Shapes","floor":36,"turns":3},{"damage":0,"enemies":"Writhing Mass","floor":38,"turns":1},{"damage":81,"enemies":"Reptomancer","floor":40,"turns":2}],"seed_played":"-2618567064756140162","potions_obtained":[{"floor":1.0,"key":"Explosive Potion"},{"floor":2.0,"key":"Weak Potion"},{"floor":21.0,"key":"SpeedPotion"},{"floor":30.0,"key":"SmokeBomb"},{"floor":35,"key":"Fire Potion"}],"is_trial":false,"path_per_floor":["M","M","?","T","$","R","?","M","T","R","$","M","M","$","R","B",null,"M","$","?","M","T","R","?","T","T","?","R","M","M","M","R","B",null,"M","M","$","M","?","E"],"character_chosen":"DEFECT","items_purchased":["Capacitor","Chaos","Core Surge","Self Repair","Runic Capacitor"],"campfire_rested":0,"item_purchase_floors":[11,11,14,19,37],"current_hp_per_floor":[63,61,40,40,40,40,40,40,40,40,40,37,37,37,37,26,60,60,60,60,52,52,52,52,52,52,55,55,54,61,67,67,71,71,57,55,55,55,55,0],"gold":21,"neow_bonus":"HUNDRED_GOLD","is_prod":false,"is_daily":false,"chose_seed":false,"campfire_upgraded":6,"win_rate":0,"timestamp":1550022352,"path_taken":["M","M","?","?","$","R","?","M","T","R","$","M","?","?","R","BOSS","M","$","?","M","?","R","?","?","T","?","R","M","?","M","R","BOSS","M","M","$","M","?","E"],"build_version":"2019-01-23","purchased_purges":1,"victory":false,"max_hp_per_floor":[71,71,71,71,71,71,71,71,71,71,71,71,71,71,71,71,71,71,71,71,71,71,71,71,71,71,71,71,71,71,71,71,71,71,71,71,71,71,71,71],"card_choices":[{"not_picked":["Go for the Eyes","Doom and Gloom"],"picked":"Conserve Battery","floor":1.0},{"not_picked":["Barrage","Stack"],"picked":"Coolheaded","floor":2.0},{"not_picked":["Turbo","Ball Lightning"],"picked":"Undo","floor":8.0},{"not_picked":["Coolheaded","Cold Snap"],"picked":"Darkness","floor":12.0},{"not_picked":["Go for the Eyes","Gash"],"picked":"Capacitor","floor":13.0},{"not_picked":["Creative AI","Core Surge"],"picked":"Biased Cognition","floor":16.0},{"not_picked":["Blizzard","Redo","Genetic Algorithm"],"picked":"SKIP","floor":18.0},{"not_picked":["Beam Cell","Hologram"],"picked":"Coolheaded","floor":21.0},{"not_picked":["Leap+1","Gash","Steam+1"],"picked":"SKIP","floor":29.0},{"not_picked":["Turbo+1","Fusion+1"],"picked":"Hologram+1","floor":30.0},{"not_picked":["Steam+1","Hello World"],"picked":"White Noise+1","floor":31.0},{"not_picked":["Hyperbeam","Amplify+1"],"picked":"Creative AI","floor":33.0},{"not_picked":["Lockon","Beam Cell"],"picked":"Compile Driver+1","floor":35},{"not_picked":["Conserve Battery+1","Stack+1","Reprogram+1"],"picked":"SKIP","floor":36}],"player_experience":2672584,"relics_obtained":[{"floor":4.0,"key":"Ancient Tea Set"},{"floor":9.0,"key":"War Paint"},{"floor":22.0,"key":"Bag of Preparation"},{"floor":26.0,"key":"Toxic Egg 2"}],"event_choices":[{"damage_healed":0.0,"max_hp_gain":0.0,"max_hp_loss":0.0,"gold_gain":0.0,"event_name":"Shining Light","player_choice":"Entered Light","floor":3.0,"gold_loss":0.0,"damage_taken":21.0,"cards_upgraded":["Coolheaded","Defend_B"]},{"damage_healed":0.0,"max_hp_gain":0.0,"max_hp_loss":0.0,"gold_gain":0.0,"event_name":"Upgrade Shrine","player_choice":"Upgraded","floor":7.0,"gold_loss":0.0,"damage_taken":0.0,"cards_upgraded":["Zap"]},{"damage_healed":0.0,"max_hp_gain":0.0,"max_hp_loss":0.0,"gold_gain":50.0,"event_name":"Nest","player_choice":"Stole From Cult","floor":20.0,"gold_loss":0.0,"damage_taken":0.0},{"cards_removed":["Strike_B"],"damage_healed":0.0,"max_hp_gain":0.0,"max_hp_loss":0.0,"gold_gain":0.0,"event_name":"Beggar","player_choice":"Gave Gold","floor":24.0,"gold_loss":75.0,"damage_taken":0.0},{"damage_healed":0.0,"max_hp_gain":0.0,"max_hp_loss":0.0,"gold_gain":0.0,"event_name":"Colosseum","player_choice":"Fight","floor":27.0,"gold_loss":0.0,"damage_taken":0.0},{"damage_healed":0.0,"max_hp_gain":0.0,"max_hp_loss":0.0,"gold_gain":0.0,"event_name":"Colosseum","player_choice":"Fled From Nobs","floor":27.0,"gold_loss":0.0,"damage_taken":0.0},{"cards_removed":["Capacitor"],"damage_healed":0,"gold_gain":0,"player_choice":"Removed Power","damage_taken":0,"max_hp_gain":0,"max_hp_loss":0,"event_name":"Falling","floor":39,"gold_loss":0}],"is_beta":false,"boss_relics":[{"not_picked":["Snecko Eye","Sozu"],"picked":"Coffee Dripper"},{"not_picked":["FrozenCore","Pandora\u0027s Box"],"picked":"Nuclear Battery"}],"items_purged_floors":[5],"is_endless":false,"potions_floor_spawned":[1,2,13,16,21,27,30,35,38],"killed_by":"Reptomancer","ascension_level":20}