{"gold_per_floor":[19,19,32,44,44,44,59,59,86,86,99,110,67,100,100,177,177,191,203,203,128,147,147,163,163,187,199,211,273,285,317,329,417,429,458,483,420,520,420,420,420,420,420,71,417,445,445,295,295,295,295,295,295,120,155,155],"floor_reached":57,"playtime":3748,"items_purged":["Underhanded Strike","Predator","Dash","Finisher+1","Survivor"],"score":2827,"play_id":"34d9778f-80f5-4658-ada1-9c6823ae1b37","local_time":"20190417003745","is_ascension_mode":true,"campfire_choices":[{"data":"Tactician","floor":6.0,"key":"SMITH"},{"data":"Flechettes","floor":8.0,"key":"SMITH"},{"data":"Neutralize","floor":10.0,"key":"SMITH"},{"data":"Well Laid Plans","floor":15.0,"key":"SMITH"},{"data":"Acrobatics","floor":23.0,"key":"SMITH"},{"data":"Prepared","floor":25.0,"key":"SMITH"},{"data":"Tools of the Trade","floor":28.0,"key":"SMITH"},{"data":"Venomology","floor":30.0,"key":"SMITH"},{"data":"Concentrate","floor":32.0,"key":"SMITH"},{"data":"Night Terror","floor":40.0,"key":"SMITH"},{"floor":42.0,"key":"RECALL"},{"data":"Footwork","floor":49,"key":"SMITH"},{"data":"Backflip","floor":53,"key":"SMITH"}],"neow_cost":"NO_GOLD","seed_source_timestamp":66683453144103,"circlet_count":0,"master_deck":["AscendersBane","Neutralize+1","Venomology+1","Expertise+1","Tactician+1","Flechettes+1","Acrobatics+1","Well Laid Plans+1","Tools of the Trade+1","Prepared+1","Footwork+1","Concentrate+1","After Image","Infinite Blades","Crippling Poison","Accuracy","Master of Strategy","AscendersBane","Backflip+1"],"special_seed":0,"relics":["Ring of the Snake","Bag of Marbles","Oddly Smooth Stone","Runic Pyramid","MawBank","Pandora\u0027s Box","WingedGreaves","DollysMirror","Old Coin","Meat on the Bone","StoneCalendar"],"potions_floor_usage":[45,45,50,50,55,56],"damage_taken":[{"damage":1.0,"enemies":"Cultist","floor":1.0,"turns":5.0},{"damage":1.0,"enemies":"2 Louse","floor":3.0,"turns":4.0},{"damage":1.0,"enemies":"Jaw Worm","floor":4.0,"turns":6.0},{"damage":0.0,"enemies":"2 Fungi Beasts","floor":7.0,"turns":6.0},{"damage":1.0,"enemies":"Exordium Thugs","floor":11.0,"turns":4.0},{"damage":0.0,"enemies":"3 Louse","floor":12.0,"turns":2.0},{"damage":10.0,"enemies":"Lagavulin","floor":14.0,"turns":7.0},{"damage":17.0,"enemies":"Slime Boss","floor":16.0,"turns":11.0},{"damage":1.0,"enemies":"Spheric Guardian","floor":18.0,"turns":4.0},{"damage":0.0,"enemies":"3 Byrds","floor":19.0,"turns":4.0},{"damage":6.0,"enemies":"Shelled Parasite and Fungi","floor":22.0,"turns":5.0},{"damage":0.0,"enemies":"3 Cultists","floor":24.0,"turns":5.0},{"damage":10.0,"enemies":"Snecko","floor":31.0,"turns":6.0},{"damage":8.0,"enemies":"Automaton","floor":33.0,"turns":7.0},{"damage":0.0,"enemies":"Orb Walker","floor":35.0,"turns":3.0},{"damage":0.0,"enemies":"3 Shapes","floor":36.0,"turns":7.0},{"damage":0.0,"enemies":"Mind Bloom Boss Battle","floor":38.0,"turns":4.0},{"damage":0,"enemies":"2 Orb Walkers","floor":45,"turns":2},{"damage":0,"enemies":"Giant Head","floor":46,"turns":2},{"damage":0,"enemies":"Time Eater","floor":50,"turns":8},{"damage":0,"enemies":"Donu and Deca","floor":51,"turns":3},{"damage":0,"enemies":"Shield and Spear","floor":55,"turns":1},{"damage":40,"enemies":"The Heart","floor":56,"turns":5}],"seed_played":"-3238824078951101974","potions_obtained":[{"floor":1.0,"key":"SpeedPotion"},{"floor":24.0,"key":"Fruit Juice"},{"floor":31.0,"key":"Regen Potion"},{"floor":33.0,"key":"SteroidPotion"},{"floor":55,"key":"GamblersBrew"}],"is_trial":false,"path_per_floor":["M","?","M","M","?","R","M","R","T","R","M","M","$","E","R","B",null,"M","M","?","?","M","R","M","R","T","?","R","?","R","M","R","B",null,"M","M","$","?","$","R","?","R","T","$","?","E","?","$","R","B","B",null,"R","$","E","B",null],"character_chosen":"THE_SILENT","items_purchased":["Well Laid Plans","DollysMirror"],"campfire_rested":0,"item_purchase_floors":[13,44],"current_hp_per_floor":[58,58,57,56,36,36,36,36,36,36,35,35,35,25,25,8,52,51,51,51,51,45,45,50,50,50,50,50,50,50,40,40,47,65,65,65,65,65,65,65,60,60,60,60,60,60,60,60,60,60,60,68,68,68,68,40],"gold":155,"neow_bonus":"REMOVE_TWO","is_prod":false,"is_daily":false,"chose_seed":false,"campfire_upgraded":12,"win_rate":0,"timestamp":1555432665,"path_taken":["M","?","M","?","?","R","M","R","T","R","M","M","$","E","R","BOSS","M","M","?","?","?","R","M","R","T","?","R","?","R","M","R","BOSS","M","M","$","?","$","R","?","R","T","?","?","E","?","$","R","BOSS","BOSS","R","$","E","BOSS"],"build_version":"2019-01-23","purchased_purges":5,"victory":true,"max_hp_per_floor":[66,66,66,66,66,66,66,66,66,66,66,66,66,66,66,66,66,66,66,66,66,66,66,71,71,71,71,71,71,71,71,71,71,71,71,71,71,71,71,71,71,71,71,71,71,71,71,71,71,71,71,71,71,71,71,71],"card_choices":[{"not_picked":["Masterful Stab","Leg Sweep"],"picked":"Finisher","floor":1.0},{"not_picked":["Reflex","Dodge and Roll"],"picked":"Expertise","floor":3.0},{"not_picked":["Sucker Punch","Predator"],"picked":"Tactician","floor":4.0},{"not_picked":["Sucker Punch","Outmaneuver"],"picked":"Flechettes","floor":7.0},{"not_picked":["Quick Slash","Deflect"],"picked":"Predator","floor":11.0},{"not_picked":["Dodge and Roll","Prepared"],"picked":"Acrobatics","floor":12.0},{"not_picked":["Poisoned Stab","Slice"],"picked":"Night Terror","floor":14.0},{"not_picked":["Glass Knife","Unload"],"picked":"Tools of the Trade","floor":16.0},{"not_picked":["Dagger Throw","Slice+1"],"picked":"Prepared","floor":18.0},{"not_picked":["Flechettes+1","Outmaneuver","Slice"],"picked":"SKIP","floor":19.0},{"not_picked":["Dagger Spray","Deflect","Poisoned Stab"],"picked":"SKIP","floor":22.0},{"not_picked":["Blade Dance","PiercingWail"],"picked":"Footwork","floor":24.0},{"not_picked":["Bane","Dodge and Roll"],"picked":"Concentrate","floor":31.0},{"not_picked":["A Thousand Cuts","Envenom"],"picked":"After Image","floor":33.0},{"not_picked":["Dagger Throw+1","Deadly Poison","Bane"],"picked":"SKIP","floor":35.0},{"not_picked":["Underhanded Strike+1","Slice","Acrobatics"],"picked":"SKIP","floor":36.0},{"not_picked":["Jack Of All Trades","Dramatic Entrance"],"picked":"Master of Strategy","floor":41.0},{"not_picked":["Dagger Spray","Reflex"],"picked":"Backflip","floor":46},{"not_picked":["Dagger Spray","Quick Slash","Catalyst+1"],"picked":"SKIP","floor":55}],"player_experience":4332046,"relics_obtained":[{"floor":9.0,"key":"Bag of Marbles"},{"floor":14.0,"key":"Oddly Smooth Stone"},{"floor":26.0,"key":"MawBank"},{"floor":38.0,"key":"WingedGreaves"},{"floor":45,"key":"Old Coin"},{"floor":46,"key":"Meat on the Bone"},{"floor":55,"key":"StoneCalendar"}],"event_choices":[{"damage_healed":0.0,"max_hp_gain":0.0,"max_hp_loss":0.0,"gold_gain":0.0,"cards_transformed":["Strike_G"],"event_name":"Transmorgrifier","player_choice":"Transformed","floor":2.0,"gold_loss":0.0,"damage_taken":0.0,"cards_obtained":["Venomology"]},{"damage_healed":0.0,"max_hp_gain":0.0,"max_hp_loss":0.0,"gold_gain":0.0,"event_name":"Shining Light","player_choice":"Entered Light","floor":5.0,"gold_loss":0.0,"damage_taken":20.0,"cards_upgraded":["Expertise","Finisher"]},{"damage_healed":0.0,"max_hp_gain":0.0,"max_hp_loss":0.0,"gold_gain":0.0,"event_name":"Vampires","player_choice":"Ignored","floor":20.0,"gold_loss":0.0,"damage_taken":0.0},{"cards_removed":["Strike_G"],"damage_healed":0.0,"max_hp_gain":0.0,"max_hp_loss":0.0,"gold_gain":0.0,"event_name":"Beggar","player_choice":"Gave Gold","floor":21.0,"gold_loss":75.0,"damage_taken":0.0},{"cards_removed":["Strike_G"],"damage_healed":0.0,"max_hp_gain":0.0,"max_hp_loss":0.0,"gold_gain":0.0,"event_name":"Back to Basics","player_choice":"Elegance","floor":27.0,"gold_loss":0.0,"damage_taken":0.0},{"damage_healed":0.0,"max_hp_gain":0.0,"max_hp_loss":0.0,"gold_gain":50.0,"event_name":"Nest","player_choice":"Stole From Cult","floor":29.0,"gold_loss":0.0,"damage_taken":0.0},{"damage_healed":0.0,"max_hp_gain":0.0,"max_hp_loss":0.0,"gold_gain":0.0,"event_name":"MindBloom","player_choice":"Fight","floor":38.0,"gold_loss":0.0,"damage_taken":0.0},{"damage_healed":0.0,"max_hp_gain":0.0,"max_hp_loss":0.0,"gold_gain":0.0,"event_name":"SensoryStone","player_choice":"Memory 2","floor":41.0,"gold_loss":0.0,"damage_taken":5.0},{"damage_healed":0,"gold_gain":0,"player_choice":"Fight","damage_taken":0,"max_hp_gain":0,"max_hp_loss":0,"event_name":"Mysterious Sphere","floor":45,"gold_loss":0},{"cards_removed":["Night Terror"],"damage_healed":0,"gold_gain":0,"player_choice":"Removed Skill","damage_taken":0,"max_hp_gain":0,"max_hp_loss":0,"event_name":"Falling","floor":47,"gold_loss":0}],"is_beta":false,"boss_relics":[{"not_picked":["Lizard Tail","Empty Cage"],"picked":"Runic Pyramid"},{"not_picked":["Eternal Feather","WristBlade"],"picked":"Pandora\u0027s Box"}],"items_purged_floors":[37,39,44,48,54],"is_endless":false,"potions_floor_spawned":[1,4,16,24,31,33,35,46,55],"ascension_level":20}