{"gold_per_floor":[112,122,122,142,67,67,78,78,129,129,141,169,169,9,9,86,86,97,108,23,0,0,0,0],"floor_reached":24,"playtime":910,"items_purged":["Strike_G"],"score":388,"play_id":"3fcb63f6-8976-4300-a030-8879dcfc11d1","local_time":"20190328010703","is_ascension_mode":true,"campfire_choices":[{"data":"Deadly Poison","floor":6.0,"key":"SMITH"},{"data":"Poisoned Stab","floor":8.0,"key":"SMITH"},{"data":"Neutralize","floor":13.0,"key":"SMITH"},{"data":"Noxious Fumes","floor":15.0,"key":"SMITH"},{"data":"Calculated Gamble","floor":23,"key":"SMITH"}],"neow_cost":"TEN_PERCENT_HP_LOSS","seed_source_timestamp":47457638304397,"circlet_count":0,"master_deck":["AscendersBane","Survivor","Neutralize+1","Panacea","Blind","Poisoned Stab+1","Deadly Poison+1","Noxious Fumes+1","After Image","Catalyst","Expertise","Choke","Setup","Slice","Blade Dance","Bullet Time","Calculated Gamble+1","Tactician"],"special_seed":0,"relics":["Ring of the Snake","Pen Nib","Sundial","Bag of Marbles","Pandora\u0027s Box","Oddly Smooth Stone"],"potions_floor_usage":[24],"damage_taken":[{"damage":0.0,"enemies":"Small Slimes","floor":1.0,"turns":4.0},{"damage":4.0,"enemies":"2 Louse","floor":2.0,"turns":3.0},{"damage":9.0,"enemies":"Jaw Worm","floor":4.0,"turns":6.0},{"damage":4.0,"enemies":"Large Slime","floor":7.0,"turns":6.0},{"damage":9.0,"enemies":"Blue Slaver","floor":11.0,"turns":3.0},{"damage":7.0,"enemies":"Lagavulin","floor":12.0,"turns":7.0},{"damage":7.0,"enemies":"Hexaghost","floor":16.0,"turns":9.0},{"damage":5.0,"enemies":"3 Byrds","floor":18.0,"turns":4.0},{"damage":8.0,"enemies":"Shell Parasite","floor":19.0,"turns":3.0},{"damage":27,"enemies":"Slavers","floor":24,"turns":5}],"seed_played":"-7550524415677799716","potions_obtained":[{"floor":7.0,"key":"SkillPotion"},{"floor":11.0,"key":"GhostInAJar"}],"is_trial":false,"path_per_floor":["M","M","?","M","?","R","M","R","T","T","M","E","R","$","R","B",null,"M","M","?","?","?","R","E"],"character_chosen":"THE_SILENT","items_purchased":["Noxious Fumes"],"campfire_rested":0,"item_purchase_floors":[14],"current_hp_per_floor":[59,55,48,39,39,39,35,35,35,35,26,19,19,19,19,12,48,43,35,35,35,35,35,8],"gold":0,"neow_bonus":"RANDOM_COLORLESS_2","is_prod":false,"is_daily":false,"chose_seed":false,"campfire_upgraded":5,"win_rate":0,"timestamp":1553706423,"path_taken":["M","M","?","M","?","R","M","R","T","?","M","E","R","$","R","BOSS","M","M","?","?","?","R","E"],"build_version":"2019-01-23","purchased_purges":1,"victory":false,"max_hp_per_floor":[60,60,60,60,60,60,60,60,60,60,60,60,60,60,60,60,60,60,60,60,60,60,60,60],"card_choices":[{"not_picked":["Distraction","Dagger Throw"],"picked":"Poisoned Stab","floor":1.0},{"not_picked":["Slice","Outmaneuver","Dodge and Roll"],"picked":"SKIP","floor":2.0},{"not_picked":["Sucker Punch","Leg Sweep"],"picked":"Deadly Poison","floor":4.0},{"not_picked":["Prepared","Die Die Die","Slice"],"picked":"SKIP","floor":7.0},{"not_picked":["Infinite Blades","Cloak And Dagger","Dagger Spray"],"picked":"SKIP","floor":11.0},{"not_picked":["Terror","Expertise","Finisher"],"picked":"SKIP","floor":12.0},{"not_picked":["Malaise","Adrenaline"],"picked":"After Image","floor":16.0},{"not_picked":["Leg Sweep+1","Bane"],"picked":"Calculated Gamble","floor":18.0},{"not_picked":["Underhanded Strike","PiercingWail","Catalyst"],"picked":"SKIP","floor":19.0}],"player_experience":3916026,"relics_obtained":[{"floor":9.0,"key":"Pen Nib"},{"floor":10.0,"key":"Sundial"},{"floor":12.0,"key":"Bag of Marbles"}],"event_choices":[{"cards_removed":["Strike_G"],"damage_healed":0.0,"max_hp_gain":0.0,"max_hp_loss":0.0,"gold_gain":0.0,"event_name":"Golden Wing","player_choice":"Card Removal","floor":3.0,"gold_loss":0.0,"damage_taken":7.0},{"cards_removed":["Strike_G"],"damage_healed":0.0,"max_hp_gain":0.0,"max_hp_loss":0.0,"gold_gain":0.0,"event_name":"The Cleric","player_choice":"Card Removal","floor":5.0,"gold_loss":75.0,"damage_taken":0.0},{"damage_healed":0.0,"max_hp_gain":0.0,"max_hp_loss":0.0,"gold_gain":0.0,"event_name":"Addict","player_choice":"Obtained Relic","floor":20.0,"gold_loss":85.0,"damage_taken":0.0,"relics_obtained":["Oddly Smooth Stone"]},{"damage_healed":0,"gold_gain":0,"player_choice":"Paid Fearfully","damage_taken":0,"max_hp_gain":0,"max_hp_loss":0,"event_name":"Masked Bandits","floor":21,"gold_loss":23},{"damage_healed":0,"gold_gain":0,"player_choice":"Read","damage_taken":0,"max_hp_gain":0,"max_hp_loss":0,"event_name":"The Library","floor":22,"gold_loss":0,"cards_obtained":["Tactician"]}],"is_beta":false,"boss_relics":[{"not_picked":["Snecko Eye","Sozu"],"picked":"Pandora\u0027s Box"}],"items_purged_floors":[14],"is_endless":false,"potions_floor_spawned":[7,11,12],"killed_by":"Slavers","ascension_level":20}