{"gold_per_floor":[118,136,148,148,223,223,253,253,280,300,318,318],"floor_reached":12,"playtime":332,"items_purged":[],"score":140,"play_id":"6cbab386-5871-4bfa-916a-93282db6a52e","local_time":"20190311113633","is_ascension_mode":true,"campfire_choices":[{"data":"Feed","floor":6,"key":"SMITH"},{"data":"Bash","floor":8,"key":"SMITH"}],"neow_cost":"NONE","seed_source_timestamp":1792511769643,"circlet_count":0,"master_deck":["AscendersBane","Strike_R","Strike_R","Strike_R","Strike_R","Strike_R","Defend_R","Defend_R","Defend_R","Defend_R","Bash+1","Feed+1","Burning Pact","Armaments","Hemokinesis","True Grit"],"relics":["Burning Blood","Orichalcum","Tiny Chest","Oddly Smooth Stone"],"potions_floor_usage":[3],"damage_taken":[{"damage":8,"enemies":"2 Louse","floor":1,"turns":3},{"damage":14,"enemies":"Small Slimes","floor":2,"turns":4},{"damage":7,"enemies":"Jaw Worm","floor":3,"turns":3},{"damage":12,"enemies":"Gremlin Gang","floor":10,"turns":7},{"damage":14,"enemies":"Red Slaver","floor":11,"turns":5},{"damage":9,"enemies":"Large Slime","floor":12,"turns":3}],"seed_played":"3998123264125990590","potions_obtained":[{"floor":1,"key":"SteroidPotion"},{"floor":3,"key":"Swift Potion"}],"is_trial":false,"path_per_floor":["M","M","M","?","?","R","T","R","T","M","M","M"],"character_chosen":"IRONCLAD","items_purchased":[],"campfire_rested":0,"item_purchase_floors":[],"current_hp_per_floor":[69,64,66,31,20,20,20,20,20,18,14,5],"gold":318,"neow_bonus":"ONE_RANDOM_RARE_CARD","is_prod":false,"is_daily":false,"chose_seed":false,"campfire_upgraded":2,"win_rate":0,"timestamp":1552275393,"path_taken":["M","M","M","?","?","R","?","R","T","M","M","M"],"build_version":"2019-01-23","purchased_purges":0,"victory":false,"max_hp_per_floor":[78,81,84,84,84,84,84,84,84,88,92,92],"card_choices":[{"not_picked":["Metallicize","Clothesline"],"picked":"Burning Pact","floor":1},{"not_picked":["Havoc","Body Slam"],"picked":"Armaments","floor":2},{"not_picked":["Pommel Strike","Anger","Pummel"],"picked":"SKIP","floor":3},{"not_picked":["Perfected Strike","Headbutt"],"picked":"Hemokinesis","floor":10},{"not_picked":["Headbutt","Sever Soul"],"picked":"True Grit","floor":11}],"player_experience":3472657,"relics_obtained":[{"floor":7,"key":"Tiny Chest"},{"floor":9,"key":"Oddly Smooth Stone"}],"event_choices":[{"damage_healed":0,"gold_gain":0,"player_choice":"Success","damage_taken":35,"relics_obtained":["Orichalcum"],"max_hp_gain":0,"max_hp_loss":0,"event_name":"Scrap Ooze","floor":4,"gold_loss":0},{"damage_healed":0,"gold_gain":75,"player_choice":"Gather Gold","damage_taken":11,"max_hp_gain":0,"max_hp_loss":0,"event_name":"World of Goop","floor":5,"gold_loss":0}],"is_beta":false,"boss_relics":[],"items_purged_floors":[],"is_endless":false,"potions_floor_spawned":[1,3],"killed_by":"Large Slime","ascension_level":20}