{"gold_per_floor":[111,111,122,122,22,22,47,47,47,58,71,85,85,110,110,187,187,197,69,96,96,111,111,121,121,144,174,189,221,67,67,67,139,139,152,374,374,374,391,391,424,438,461,461,489,503,521,555,555,555,555,555,555,158,186,186],"floor_reached":57,"playtime":7018,"items_purged":["Strike_B","Strike_B","Defend_B+1"],"score":3426,"play_id":"2b355350-5dd4-4d96-b1d9-3cc96861ae44","local_time":"20190306234647","is_ascension_mode":true,"campfire_choices":[{"data":"Discovery","floor":6.0,"key":"SMITH"},{"data":"Zap","floor":8.0,"key":"SMITH"},{"data":"Dualcast","floor":15.0,"key":"SMITH"},{"data":"Hologram","floor":23.0,"key":"SMITH"},{"data":"Turbo","floor":25.0,"key":"SMITH"},{"data":"Ghostly","floor":32.0,"key":"SMITH"},{"data":"Skim","floor":40.0,"key":"SMITH"},{"floor":44.0,"key":"RECALL"},{"data":"Seek","floor":49.0,"key":"SMITH"},{"data":"Cold Snap","floor":53,"key":"SMITH"}],"neow_cost":"NONE","seed_source_timestamp":45461059967641,"circlet_count":0,"master_deck":["AscendersBane","Defend_B+1","Defend_B+1","Defend_B+1","Zap+1","Dualcast+1","Undo+1","Discovery+1","Conserve Battery+1","Undo+1","Genetic Algorithm+1","Turbo+1","Echo Form+1","Hologram+1","White Noise+1","Ghostly+1","Ghostly+1","Ghostly+1","Fission+1","Heatsinks+1","Echo Form+1","Skim+1","Cold Snap+1","Seek+1","Consume+1"],"special_seed":0,"relics":["Cracked Core","NeowsBlessing","Oddly Smooth Stone","Blue Candle","Letter Opener","Darkstone Periapt","Runic Dome","Red Mask","Orichalcum","Happy Flower","Pen Nib","Black Star","Mark of the Bloom","DataDisk","Whetstone","War Paint","Regal Pillow","Bag of Preparation","Medical Kit","Bag of Marbles","Symbiotic Virus"],"potions_floor_usage":[56,56,56],"damage_taken":[{"damage":0.0,"enemies":"Small Slimes","floor":1.0,"turns":1.0},{"damage":0.0,"enemies":"Jaw Worm","floor":3.0,"turns":1.0},{"damage":0.0,"enemies":"3 Sentries","floor":7.0,"turns":1.0},{"damage":0.0,"enemies":"2 Louse","floor":10.0,"turns":2.0},{"damage":3.0,"enemies":"Looter","floor":11.0,"turns":3.0},{"damage":0.0,"enemies":"Large Slime","floor":12.0,"turns":5.0},{"damage":8.0,"enemies":"Lagavulin","floor":14.0,"turns":9.0},{"damage":34.0,"enemies":"Hexaghost","floor":16.0,"turns":14.0},{"damage":2.0,"enemies":"Chosen","floor":18.0,"turns":6.0},{"damage":24.0,"enemies":"Masked Bandits","floor":20.0,"turns":5.0},{"damage":2.0,"enemies":"Shell Parasite","floor":22.0,"turns":8.0},{"damage":14.0,"enemies":"Snake Plant","floor":24.0,"turns":5.0},{"damage":12.0,"enemies":"Slavers","floor":27.0,"turns":7.0},{"damage":0.0,"enemies":"Centurion and Healer","floor":28.0,"turns":11.0},{"damage":0.0,"enemies":"Gremlin Leader","floor":29.0,"turns":7.0},{"damage":0.0,"enemies":"Collector","floor":33.0,"turns":10.0},{"damage":0.0,"enemies":"3 Darklings","floor":35.0,"turns":6.0},{"damage":0.0,"enemies":"3 Shapes","floor":39.0,"turns":4.0},{"damage":0.0,"enemies":"Giant Head","floor":41.0,"turns":9.0},{"damage":0.0,"enemies":"Transient","floor":42.0,"turns":6.0},{"damage":0.0,"enemies":"Nemesis","floor":45.0,"turns":7.0},{"damage":0.0,"enemies":"Sphere and 2 Shapes","floor":46.0,"turns":5.0},{"damage":0.0,"enemies":"4 Shapes","floor":47.0,"turns":3.0},{"damage":0.0,"enemies":"Giant Head","floor":48.0,"turns":9.0},{"damage":0.0,"enemies":"Donu and Deca","floor":50.0,"turns":7.0},{"damage":0,"enemies":"Awakened One","floor":51,"turns":8},{"damage":0,"enemies":"Shield and Spear","floor":55,"turns":8},{"damage":8,"enemies":"The Heart","floor":56,"turns":13}],"seed_played":"-1621863330460538061","potions_obtained":[{"floor":7.0,"key":"Swift Potion"},{"floor":10.0,"key":"Poison Potion"},{"floor":12.0,"key":"Fire Potion"},{"floor":16.0,"key":"Ancient Potion"},{"floor":18.0,"key":"Poison Potion"},{"floor":20.0,"key":"Fire Potion"},{"floor":24.0,"key":"Dexterity Potion"},{"floor":28.0,"key":"FocusPotion"},{"floor":41.0,"key":"Fire Potion"},{"floor":47.0,"key":"EntropicBrew"}],"is_trial":false,"path_per_floor":["M","?","M","T","$","R","E","R","T","M","M","M","?","E","R","B",null,"M","$","?","?","M","R","M","R","T","E","M","E","$","?","R","B",null,"M","?","?","?","M","R","E","M","T","R","E","M","M","E","R","B","B",null,"R","$","E","B",null],"character_chosen":"DEFECT","items_purchased":["Discovery","Hologram","SkillPotion","Medical Kit","Swift Potion"],"campfire_rested":0,"item_purchase_floors":[5,19,30,54,54],"current_hp_per_floor":[64,69,69,69,69,69,69,69,69,69,66,66,43,35,35,1,57,55,55,31,31,29,29,15,15,15,3,3,3,3,3,3,3,29,29,29,29,29,29,29,29,29,29,29,29,29,29,29,29,29,29,29,29,29,29,21],"gold":186,"neow_bonus":"THREE_ENEMY_KILL","is_prod":false,"is_daily":false,"chose_seed":false,"campfire_upgraded":9,"win_rate":0,"timestamp":1551887207,"path_taken":["M","?","M","?","$","R","E","R","T","M","M","M","?","E","R","BOSS","M","$","?","?","M","R","M","R","T","E","M","E","$","?","R","BOSS","M","?","?","?","M","R","E","?","T","R","E","M","M","E","R","BOSS","BOSS","R","$","E","BOSS"],"build_version":"2019-01-23","purchased_purges":3,"victory":true,"max_hp_per_floor":[71,76,76,76,76,76,76,76,76,76,76,76,76,76,76,76,76,76,76,76,38,38,38,38,38,38,38,38,38,38,38,38,38,38,38,38,38,38,38,38,38,38,38,38,38,38,38,38,38,38,38,38,38,38,38,38],"card_choices":[{"not_picked":["Ball Lightning","Rebound"],"picked":"Undo","floor":1.0},{"not_picked":["Storm","Reprogram","Rebound"],"picked":"SKIP","floor":3.0},{"not_picked":["Static Discharge","FTL"],"picked":"Conserve Battery","floor":7.0},{"not_picked":["Coolheaded","Leap"],"picked":"Undo","floor":10.0},{"not_picked":["Force Field","Scrape"],"picked":"Genetic Algorithm","floor":11.0},{"not_picked":["Hello World","FTL"],"picked":"Turbo","floor":12.0},{"not_picked":["Lockon","Gash","Leap"],"picked":"SKIP","floor":14.0},{"not_picked":["Hyperbeam","Biased Cognition"],"picked":"Echo Form","floor":16.0},{"not_picked":["Go for the Eyes","Chaos","Melter"],"picked":"SKIP","floor":18.0},{"not_picked":["Redo","Ball Lightning"],"picked":"White Noise","floor":20.0},{"not_picked":["Leap","Genetic Algorithm","Beam Cell"],"picked":"SKIP","floor":22.0},{"not_picked":["Stack","Redo","Beam Cell"],"picked":"SKIP","floor":24.0},{"not_picked":["Gash","Reprogram"],"picked":"Fission","floor":27.0},{"not_picked":["Conserve Battery+1","Barrage","Ball Lightning"],"picked":"SKIP","floor":28.0},{"not_picked":["Conserve Battery+1","Barrage","Ball Lightning"],"picked":"SKIP","floor":28.0},{"not_picked":["Barrage","Stack"],"picked":"Heatsinks","floor":29.0},{"not_picked":["All For One","Fission"],"picked":"Echo Form","floor":33.0},{"not_picked":["Hologram","Conserve Battery","Genetic Algorithm+1"],"picked":"SKIP","floor":35.0},{"not_picked":["Leap","Storm","Force Field"],"picked":"SKIP","floor":39.0},{"not_picked":["Steam Power","Leap+1","Ball Lightning"],"picked":"SKIP","floor":41.0},{"not_picked":["Gash","Machine Learning","Blizzard"],"picked":"SKIP","floor":42.0},{"not_picked":["Scrape+1","Turbo","Undo"],"picked":"SKIP","floor":45.0},{"not_picked":["Leap","Sunder"],"picked":"Cold Snap","floor":46.0},{"not_picked":["Redo+1","Turbo+1","Scrape+1"],"picked":"SKIP","floor":47.0},{"not_picked":["Thunder Strike","Leap"],"picked":"Seek","floor":48.0},{"not_picked":["Conserve Battery","Static Discharge"],"picked":"Consume+1","floor":55}],"player_experience":3369665,"relics_obtained":[{"floor":4.0,"key":"Oddly Smooth Stone"},{"floor":7.0,"key":"Blue Candle"},{"floor":9.0,"key":"Letter Opener"},{"floor":14.0,"key":"Darkstone Periapt"},{"floor":20.0,"key":"Red Mask"},{"floor":26.0,"key":"Orichalcum"},{"floor":27.0,"key":"Happy Flower"},{"floor":29.0,"key":"Pen Nib"},{"floor":41.0,"key":"DataDisk"},{"floor":41.0,"key":"Whetstone"},{"floor":45.0,"key":"War Paint"},{"floor":45.0,"key":"Regal Pillow"},{"floor":48.0,"key":"Bag of Preparation"},{"floor":55,"key":"Bag of Marbles"},{"floor":55,"key":"Symbiotic Virus"}],"event_choices":[{"damage_healed":0.0,"max_hp_gain":5.0,"max_hp_loss":0.0,"gold_gain":0.0,"event_name":"Big Fish","player_choice":"Donut","floor":2.0,"gold_loss":0.0,"damage_taken":0.0},{"damage_healed":0.0,"max_hp_gain":0.0,"max_hp_loss":0.0,"gold_gain":0.0,"event_name":"Shining Light","player_choice":"Entered Light","floor":13.0,"gold_loss":0.0,"damage_taken":23.0,"cards_upgraded":["Defend_B","Undo"]},{"damage_healed":0.0,"max_hp_gain":0.0,"max_hp_loss":0.0,"gold_gain":0.0,"event_name":"Masked Bandits","player_choice":"Fought Bandits","floor":20.0,"gold_loss":0.0,"damage_taken":0.0},{"damage_healed":0.0,"max_hp_gain":0.0,"max_hp_loss":38.0,"gold_gain":0.0,"event_name":"Ghosts","player_choice":"Became a Ghost","floor":21.0,"gold_loss":0.0,"damage_taken":0.0,"cards_obtained":["Ghostly","Ghostly","Ghostly"]},{"cards_removed":["Strike_B"],"damage_healed":0.0,"max_hp_gain":0.0,"max_hp_loss":0.0,"gold_gain":0.0,"event_name":"Back to Basics","player_choice":"Elegance","floor":31.0,"gold_loss":0.0,"damage_taken":0.0},{"damage_healed":0.0,"max_hp_gain":0.0,"max_hp_loss":0.0,"gold_gain":222.0,"event_name":"Tomb of Lord Red Mask","player_choice":"Wore Mask","floor":36.0,"gold_loss":0.0,"damage_taken":0.0},{"damage_healed":0.0,"max_hp_gain":0.0,"max_hp_loss":0.0,"gold_gain":0.0,"event_name":"MindBloom","player_choice":"Upgrade","floor":37.0,"gold_loss":0.0,"damage_taken":0.0,"cards_upgraded":["Strike_B","Defend_B","Defend_B","Defend_B","Undo","Conserve Battery","Genetic Algorithm","Echo Form","White Noise","Ghostly","Ghostly","Fission","Heatsinks","Echo Form"],"relics_obtained":["Mark of the Bloom"]},{"damage_healed":0.0,"max_hp_gain":0.0,"max_hp_loss":0.0,"gold_gain":0.0,"cards_transformed":["Strike_B"],"event_name":"Transmorgrifier","player_choice":"Transformed","floor":38.0,"gold_loss":0.0,"damage_taken":0.0,"cards_obtained":["Skim"]}],"is_beta":false,"boss_relics":[{"not_picked":["Inserter","Fusion Hammer"],"picked":"Runic Dome"},{"not_picked":["FrozenCore","White Beast Statue"],"picked":"Black Star"}],"items_purged_floors":[19,30,54],"is_endless":false,"potions_floor_spawned":[7,10,12,16,18,20,24,28,41,47,48],"ascension_level":20}