{"gold_per_floor":[113,25,42,61,73,108,124,124,124,140,140,173,185,48,48,48],"floor_reached":16,"playtime":597,"items_purged":["Strike_R"],"score":224,"play_id":"628ac438-a4e5-4abd-8236-f5926fa7324c","local_time":"20190528005806","is_ascension_mode":true,"campfire_choices":[{"data":"Shockwave","floor":8,"key":"SMITH"},{"data":"Spot Weakness","floor":11,"key":"SMITH"},{"data":"Burning Pact","floor":15,"key":"SMITH"}],"neow_cost":"TEN_PERCENT_HP_LOSS","seed_source_timestamp":127607393451943,"circlet_count":0,"master_deck":["AscendersBane","Strike_R","Strike_R","Strike_R","Strike_R","Defend_R","Defend_R","Defend_R","Defend_R","Bash","Dropkick","Evolve","Shockwave+1","Spot Weakness+1","Offering","Burning Pact+1"],"special_seed":0,"relics":["Burning Blood","Calipers","Shovel","Bottled Lightning","MawBank"],"potions_floor_usage":[5,12,12],"damage_taken":[{"damage":6.0,"enemies":"Cultist","floor":1.0,"turns":3.0},{"damage":7,"enemies":"Small Slimes","floor":3,"turns":4},{"damage":4,"enemies":"Jaw Worm","floor":4,"turns":4},{"damage":12,"enemies":"3 Louse","floor":5,"turns":3},{"damage":27,"enemies":"Gremlin Nob","floor":6,"turns":4},{"damage":9,"enemies":"Looter","floor":7,"turns":4},{"damage":13,"enemies":"Blue Slaver","floor":10,"turns":3},{"damage":41,"enemies":"3 Sentries","floor":12,"turns":6},{"damage":19,"enemies":"Hexaghost","floor":16,"turns":7}],"seed_played":"5604247360804250495","potions_obtained":[{"floor":4,"key":"SkillPotion"},{"floor":5,"key":"BloodPotion"},{"floor":10,"key":"Regen Potion"}],"is_trial":false,"path_per_floor":["M","$","M","M","M","E","M","R","T","M","R","E","?","$","R","B"],"character_chosen":"IRONCLAD","items_purchased":["Evolve","Burning Pact"],"campfire_rested":0,"item_purchase_floors":[2,14],"current_hp_per_floor":[68,68,67,68,62,41,38,38,38,31,31,14,14,14,14,0],"gold":48,"neow_bonus":"ONE_RARE_RELIC","is_prod":false,"is_daily":false,"chose_seed":false,"campfire_upgraded":3,"win_rate":0,"timestamp":1558976286,"path_taken":["M","$","M","?","?","E","M","R","T","M","R","E","?","?","R","BOSS"],"build_version":"2019-01-23","purchased_purges":1,"victory":false,"max_hp_per_floor":[68,68,68,68,68,68,68,68,68,68,68,68,68,68,68,68],"card_choices":[{"not_picked":["Cleave","True Grit"],"picked":"Dropkick","floor":1.0},{"not_picked":["Hemokinesis","Perfected Strike"],"picked":"Shockwave","floor":3},{"not_picked":["Cleave","Twin Strike","Warcry"],"picked":"SKIP","floor":4},{"not_picked":["Dual Wield","Twin Strike"],"picked":"Spot Weakness","floor":5},{"not_picked":["Headbutt","Searing Blow"],"picked":"Offering","floor":6},{"not_picked":["Carnage","Pommel Strike","Metallicize"],"picked":"SKIP","floor":7},{"not_picked":["Havoc","Clothesline","Rupture"],"picked":"SKIP","floor":10},{"not_picked":["Clash","Cleave","Pummel"],"picked":"SKIP","floor":12}],"player_experience":4885926,"relics_obtained":[{"floor":6,"key":"Shovel"},{"floor":9,"key":"Bottled Lightning"},{"floor":12,"key":"MawBank"}],"event_choices":[{"damage_healed":0,"gold_gain":0,"player_choice":"Ignored","damage_taken":0,"max_hp_gain":0,"max_hp_loss":0,"event_name":"Shining Light","floor":13,"gold_loss":0}],"is_beta":false,"boss_relics":[],"items_purged_floors":[14],"is_endless":false,"potions_floor_spawned":[4,5,10],"killed_by":"Hexaghost","ascension_level":20}