{"gold_per_floor":[115,40,54,64,74,74,94,94,94,104,104,104,116,16,16,16],"floor_reached":16,"playtime":405,"items_purged":["Strike_R","Defend_R"],"score":188,"play_id":"03b7c498-96f4-4800-b2ae-f84f64f78260","local_time":"20190123123409","is_ascension_mode":true,"campfire_choices":[{"data":"Shockwave","floor":6.0,"key":"SMITH"},{"data":"Bash","floor":8.0,"key":"SMITH"},{"data":"Feed","floor":11,"key":"SMITH"},{"data":"Flex","floor":15,"key":"SMITH"}],"neow_cost":"TEN_PERCENT_HP_LOSS","seed_source_timestamp":956184191775,"circlet_count":0,"master_deck":["AscendersBane","Strike_R","Strike_R","Defend_R","Defend_R","Defend_R","Bash+1","Shrug It Off","Sword Boomerang","Shockwave+1","Feed+1","Flex+1"],"special_seed":0,"relics":["Burning Blood","Orichalcum"],"potions_floor_usage":[10,10],"damage_taken":[{"damage":1.0,"enemies":"Small Slimes","floor":1.0,"turns":4.0},{"damage":9.0,"enemies":"Jaw Worm","floor":3.0,"turns":4.0},{"damage":3.0,"enemies":"Cultist","floor":4.0,"turns":5.0},{"damage":10.0,"enemies":"Red Slaver","floor":5.0,"turns":3.0},{"damage":41.0,"enemies":"Gremlin Gang","floor":7.0,"turns":5.0},{"damage":25,"enemies":"Large Slime","floor":10,"turns":7},{"damage":0,"enemies":"3 Louse","floor":13,"turns":4},{"damage":6,"enemies":"Hexaghost","floor":16,"turns":3}],"seed_played":"-8197882679228036325","potions_obtained":[{"floor":3.0,"key":"LiquidBronze"},{"floor":5.0,"key":"Swift Potion"},{"floor":13,"key":"Energy Potion"}],"is_trial":false,"path_per_floor":["M","$","M","M","M","R","M","R","T","M","R","?","M","$","R","B"],"character_chosen":"IRONCLAD","items_purchased":[],"campfire_rested":0,"item_purchase_floors":[],"current_hp_per_floor":[68,68,65,68,64,64,29,29,29,10,10,15,25,25,25,19],"gold":16,"neow_bonus":"REMOVE_TWO","is_prod":false,"is_daily":false,"chose_seed":false,"campfire_upgraded":4,"win_rate":0,"timestamp":1548218049,"path_taken":["M","$","M","M","M","R","M","R","T","M","R","?","M","$","R","BOSS"],"build_version":"2019-01-17v2","purchased_purges":2,"victory":false,"max_hp_per_floor":[68,68,68,68,68,68,68,68,68,68,68,73,77,77,77,77],"card_choices":[{"not_picked":["Headbutt","Havoc","Blood for Blood"],"picked":"SKIP","floor":1.0},{"not_picked":["Intimidate","Rage"],"picked":"Shrug It Off","floor":3.0},{"not_picked":["Wild Strike","Warcry"],"picked":"Sword Boomerang","floor":4.0},{"not_picked":["Havoc","Twin Strike"],"picked":"Shockwave","floor":5.0},{"not_picked":["Clothesline","Thunderclap","Warcry"],"picked":"SKIP","floor":7.0},{"not_picked":["Iron Wave","Wild Strike"],"picked":"Feed","floor":10},{"not_picked":["Metallicize","Anger"],"picked":"Flex","floor":13}],"player_experience":2154087,"relics_obtained":[{"floor":9.0,"key":"Orichalcum"}],"event_choices":[{"damage_healed":0,"gold_gain":0,"player_choice":"Donut","damage_taken":0,"max_hp_gain":5,"max_hp_loss":0,"event_name":"Big Fish","floor":12,"gold_loss":0}],"is_beta":false,"boss_relics":[],"items_purged_floors":[2,14],"is_endless":false,"potions_floor_spawned":[3,5,13],"killed_by":"Hexaghost","ascension_level":20}