{"gold_per_floor":[116,116,191,191,208,208,208,222,222,222,46,46,64,94,94,190,190,203,403,305,318,318,350,350,385,385,405,420,420,451,461,461,557,557,576,576,593,441,452,482,482,507,534,534,561,561,586,597,597,597,597,597,1,27,27],"floor_reached":56,"playtime":4690,"items_purged":["Strike_G"],"score":3004,"play_id":"92475d55-a30e-4cba-86d9-f1d145637611","local_time":"20190313163020","is_ascension_mode":true,"campfire_choices":[{"data":"Apotheosis","floor":6.0,"key":"SMITH"},{"data":"Backflip","floor":10.0,"key":"SMITH"},{"data":"Well Laid Plans","floor":12.0,"key":"SMITH"},{"data":"Poisoned Stab","floor":15.0,"key":"SMITH"},{"data":"Distraction","floor":24.0,"key":"SMITH"},{"floor":29.0,"key":"RECALL"},{"floor":32.0,"key":"REST"},{"data":"Masterful Stab","floor":41.0,"key":"PURGE"},{"data":"Blade Dance","floor":49.0,"key":"PURGE"},{"data":"Well Laid Plans","floor":52,"key":"PURGE"}],"neow_cost":"PERCENT_DAMAGE","seed_source_timestamp":0,"circlet_count":0,"master_deck":["AscendersBane","Survivor","Neutralize","PanicButton","Apotheosis+1","Backflip+1","Acrobatics","Well Laid Plans+1","Distraction+1","Malaise","Tools of the Trade","Tactician+1","Venomology","Dagger Throw","A Thousand Cuts","Crippling Poison","Calculated Gamble","Impatience","Blur","Prepared","After Image","Panacea","Reflex"],"special_seed":0,"relics":["Ring of the Snake","Kunai","Bottled Lightning","Paper Crane","Pandora\u0027s Box","Molten Egg 2","Sundial","Happy Flower","Peace Pipe","Coffee Dripper","Vajra","Darkstone Periapt","Blood Vial","Pantograph","Centennial Puzzle","TheAbacus","Ginger","Shuriken"],"potions_floor_usage":[54,55,55,55,55],"damage_taken":[{"damage":4.0,"enemies":"2 Louse","floor":1.0,"turns":3.0},{"damage":0.0,"enemies":"Small Slimes","floor":5.0,"turns":4.0},{"damage":0.0,"enemies":"Jaw Worm","floor":8.0,"turns":4.0},{"damage":0.0,"enemies":"Exordium Thugs","floor":13.0,"turns":5.0},{"damage":8.0,"enemies":"Lagavulin","floor":14.0,"turns":9.0},{"damage":0.0,"enemies":"The Guardian","floor":16.0,"turns":10.0},{"damage":0.0,"enemies":"Chosen","floor":18.0,"turns":4.0},{"damage":0.0,"enemies":"Shell Parasite","floor":21.0,"turns":3.0},{"damage":0.0,"enemies":"Book of Stabbing","floor":23.0,"turns":3.0},{"damage":0.0,"enemies":"Gremlin Leader","floor":25.0,"turns":3.0},{"damage":9.0,"enemies":"Snake Plant","floor":27.0,"turns":3.0},{"damage":0.0,"enemies":"3 Cultists","floor":28.0,"turns":2.0},{"damage":0.0,"enemies":"Book of Stabbing","floor":30.0,"turns":3.0},{"damage":0.0,"enemies":"Shelled Parasite and Fungi","floor":31.0,"turns":3.0},{"damage":0.0,"enemies":"Collector","floor":33.0,"turns":3.0},{"damage":0.0,"enemies":"Orb Walker","floor":35.0,"turns":3.0},{"damage":0.0,"enemies":"3 Shapes","floor":37.0,"turns":3.0},{"damage":0.0,"enemies":"Maw","floor":39.0,"turns":2.0},{"damage":0.0,"enemies":"Giant Head","floor":40.0,"turns":3.0},{"damage":0.0,"enemies":"Reptomancer","floor":42.0,"turns":2.0},{"damage":0.0,"enemies":"Nemesis","floor":45.0,"turns":7.0},{"damage":0.0,"enemies":"Giant Head","floor":47.0,"turns":3.0},{"damage":0.0,"enemies":"Jaw Worm Horde","floor":48.0,"turns":3.0},{"damage":0.0,"enemies":"Awakened One","floor":50.0,"turns":3.0},{"damage":0,"enemies":"Shield and Spear","floor":54,"turns":3},{"damage":0,"enemies":"The Heart","floor":55,"turns":5}],"seed_played":"6329788129731193555","potions_obtained":[{"floor":8.0,"key":"Swift Potion"},{"floor":54,"key":"Ancient Potion"}],"is_trial":false,"path_per_floor":["M","?","?","?","M","R","?","M","T","R","$","R","M","E","R","B",null,"M","?","$","M","?","E","R","E","T","M","M","R","E","M","R","B",null,"M","$","M","$","M","E","R","E","T","?","E","?","E","M","R","B",null,"R","$","E","B",null],"character_chosen":"THE_SILENT","items_purchased":["Acrobatics","Well Laid Plans","Impatience","Vajra","TheAbacus","Ginger","EntropicBrew"],"campfire_rested":1,"item_purchase_floors":[11,11,20,38,53,53,53],"current_hp_per_floor":[41,41,30,30,30,30,27,27,27,27,27,27,27,19,19,19,57,57,57,57,57,57,57,57,57,57,48,48,48,48,48,69,69,70,70,70,70,70,70,70,70,70,70,65,67,67,69,70,70,70,70,70,70,70,70],"gold":27,"neow_bonus":"RANDOM_COLORLESS_2","is_prod":false,"is_daily":false,"chose_seed":false,"campfire_upgraded":5,"win_rate":0,"timestamp":1552462220,"path_taken":["M","?","?","?","M","R","?","M","T","R","?","R","M","E","R","BOSS","M","?","?","?","?","E","R","E","T","?","M","R","E","M","R","BOSS","M","$","M","$","M","E","R","E","T","?","E","?","E","M","R","BOSS","R","$","E","BOSS"],"build_version":"2019-01-23","purchased_purges":1,"victory":true,"max_hp_per_floor":[70,70,70,70,70,70,70,70,70,70,70,70,70,70,70,70,70,70,70,70,70,70,70,70,70,70,70,70,70,70,70,70,70,70,70,70,70,70,70,70,70,70,70,70,70,70,70,70,70,70,70,70,70,70,70],"card_choices":[{"not_picked":["Poisoned Stab","Deadly Poison","Cloak And Dagger"],"picked":"SKIP","floor":1.0},{"not_picked":["Masterful Stab","Cloak And Dagger"],"picked":"Backflip","floor":5.0},{"not_picked":["Leg Sweep","Poisoned Stab","Dagger Spray"],"picked":"SKIP","floor":8.0},{"not_picked":["Prepared","Outmaneuver"],"picked":"Distraction","floor":13.0},{"not_picked":["Die Die Die","Dagger Spray"],"picked":"Poisoned Stab","floor":14.0},{"not_picked":["Unload","Wraith Form v2"],"picked":"Malaise","floor":16.0},{"not_picked":["Distraction","Dagger Spray"],"picked":"Calculated Gamble","floor":18.0},{"not_picked":["Prepared","Tactician"],"picked":"Blur","floor":21.0},{"not_picked":["Dagger Throw","Cloak And Dagger","Accuracy"],"picked":"SKIP","floor":23.0},{"not_picked":["Quick Slash+1","Glass Knife+1"],"picked":"Prepared","floor":25.0},{"not_picked":["Underhanded Strike+1","Prepared","Quick Slash+1"],"picked":"SKIP","floor":27.0},{"not_picked":["Deflect","Riddle With Holes+1","Predator+1"],"picked":"SKIP","floor":28.0},{"not_picked":["Blade Dance","Poisoned Stab+1","Infinite Blades"],"picked":"SKIP","floor":30.0},{"not_picked":["Deadly Poison","Concentrate","Slice+1"],"picked":"SKIP","floor":31.0},{"not_picked":["Corpse Explosion","Burst"],"picked":"After Image","floor":33.0},{"not_picked":["Quick Slash+1","Infinite Blades+1","Predator+1"],"picked":"SKIP","floor":35.0},{"not_picked":["Footwork","Deflect","All Out Attack+1"],"picked":"SKIP","floor":37.0},{"not_picked":["Footwork","Deflect","All Out Attack+1"],"picked":"SKIP","floor":37.0},{"not_picked":["Footwork","Caltrops","Eviscerate+1"],"picked":"SKIP","floor":39.0},{"not_picked":["Concentrate+1","Outmaneuver","Adrenaline"],"picked":"SKIP","floor":40.0},{"not_picked":["Deadly Poison","Outmaneuver+1","Prepared"],"picked":"SKIP","floor":42.0},{"not_picked":["Deep Breath","Finesse"],"picked":"Panacea","floor":44.0},{"not_picked":["Backflip+1","Blade Dance+1","Deadly Poison"],"picked":"SKIP","floor":45.0},{"not_picked":["Dagger Spray+1","Tactician","Eviscerate+1"],"picked":"SKIP","floor":47.0},{"not_picked":["Quick Slash+1","Deadly Poison+1","Leg Sweep+1"],"picked":"SKIP","floor":48.0},{"not_picked":["Poisoned Stab+1","Setup+1"],"picked":"Reflex","floor":54}],"player_experience":74794,"relics_obtained":[{"floor":9.0,"key":"Bottled Lightning"},{"floor":14.0,"key":"Paper Crane"},{"floor":23.0,"key":"Molten Egg 2"},{"floor":25.0,"key":"Sundial"},{"floor":26.0,"key":"Happy Flower"},{"floor":30.0,"key":"Peace Pipe"},{"floor":40.0,"key":"Darkstone Periapt"},{"floor":42.0,"key":"Blood Vial"},{"floor":45.0,"key":"Pantograph"},{"floor":47.0,"key":"Centennial Puzzle"},{"floor":54,"key":"Shuriken"}],"event_choices":[{"damage_healed":0.0,"max_hp_gain":0.0,"max_hp_loss":0.0,"gold_gain":0.0,"event_name":"Liars Game","player_choice":"Ignored","floor":2.0,"gold_loss":0.0,"damage_taken":0.0},{"damage_healed":0.0,"max_hp_gain":0.0,"max_hp_loss":0.0,"gold_gain":75.0,"event_name":"World of Goop","player_choice":"Gather Gold","floor":3.0,"gold_loss":0.0,"damage_taken":11.0},{"damage_healed":0.0,"max_hp_gain":0.0,"max_hp_loss":0.0,"gold_gain":0.0,"cards_transformed":["Swift Strike"],"event_name":"Living Wall","player_choice":"Change","floor":4.0,"gold_loss":0.0,"damage_taken":0.0,"cards_obtained":["Apotheosis"]},{"damage_healed":0.0,"max_hp_gain":0.0,"max_hp_loss":0.0,"gold_gain":0.0,"event_name":"Scrap Ooze","player_choice":"Success","floor":7.0,"gold_loss":0.0,"damage_taken":3.0,"relics_obtained":["Kunai"]},{"damage_healed":0.0,"max_hp_gain":0.0,"max_hp_loss":0.0,"gold_gain":250.0,"event_name":"The Joust","player_choice":"Bet on Owner","floor":19.0,"gold_loss":50.0,"damage_taken":0.0},{"cards_removed":["Poisoned Stab"],"damage_healed":0.0,"max_hp_gain":0.0,"max_hp_loss":0.0,"gold_gain":0.0,"event_name":"Purifier","player_choice":"Purged","floor":22.0,"gold_loss":0.0,"damage_taken":0.0},{"damage_healed":0.0,"max_hp_gain":0.0,"max_hp_loss":0.0,"gold_gain":0.0,"event_name":"SensoryStone","player_choice":"Memory 2","floor":44.0,"gold_loss":0.0,"damage_taken":5.0},{"damage_healed":0.0,"max_hp_gain":0.0,"max_hp_loss":0.0,"gold_gain":0.0,"event_name":"Accursed Blacksmith","player_choice":"Forge","floor":46.0,"gold_loss":0.0,"damage_taken":0.0,"cards_upgraded":["Tactician"]}],"is_beta":false,"boss_relics":[{"not_picked":["Ring of the Serpent","Calling Bell"],"picked":"Pandora\u0027s Box"},{"not_picked":["Runic Dome","Fusion Hammer"],"picked":"Coffee Dripper"}],"items_purged_floors":[11],"is_endless":false,"potions_floor_spawned":[8,18,21,28,31,33,35,37,42,54],"ascension_level":11}