{"gold_per_floor":[20,120,135,146,146,146,96,96,141,141,152,168,168,93,93,196,196,215,229,240,272,290,290,301,315,341,341,341,341,94,112,112,207,207,218,93,145,161,173,200,200,422,496,34,49,49,49,59,59,59],"floor_reached":51,"playtime":1799,"items_purged":["Strike_R","Strike_R","Bash","Defend_R"],"score":769,"play_id":"88351cc4-1d96-4c71-965f-c0fe92152ec9","local_time":"20190705125434","is_ascension_mode":false,"campfire_choices":[{"data":"Searing Blow","floor":6.0,"key":"SMITH"},{"data":"Searing Blow+1","floor":8.0,"key":"SMITH"},{"data":"Searing Blow+2","floor":10.0,"key":"SMITH"},{"data":"Searing Blow+3","floor":15.0,"key":"SMITH"},{"data":"Searing Blow+4","floor":23.0,"key":"SMITH"},{"data":"Searing Blow+6","floor":27.0,"key":"SMITH"},{"data":"Searing Blow+7","floor":29.0,"key":"SMITH"},{"data":"Searing Blow+8","floor":32.0,"key":"SMITH"},{"data":"Searing Blow+9","floor":41,"key":"SMITH"},{"data":"Searing Blow+10","floor":46,"key":"SMITH"},{"data":"Searing Blow+11","floor":49,"key":"SMITH"}],"neow_cost":"NO_GOLD","seed_source_timestamp":5477096471112,"circlet_count":0,"master_deck":["Defend_R","Defend_R","Defend_R","Feed+1","Fire Breathing","Dual Wield","Searing Blow+12","Evolve","Battle Trance","True Grit+1","Searing Blow+10"],"special_seed":0,"relics":["Black Blood","Potion Belt","Oddly Smooth Stone","Velvet Choker","Red Mask","Whetstone","Bag of Marbles","Torii","Self Forming Clay","Shuriken","DollysMirror"],"potions_floor_usage":[37,50,50,50,50,50],"damage_taken":[{"damage":7.0,"enemies":"Jaw Worm","floor":1.0,"turns":6.0},{"damage":3.0,"enemies":"Cultist","floor":3.0,"turns":5.0},{"damage":0.0,"enemies":"Small Slimes","floor":4.0,"turns":3.0},{"damage":4.0,"enemies":"Looter","floor":11.0,"turns":2.0},{"damage":22.0,"enemies":"Gremlin Gang","floor":12.0,"turns":5.0},{"damage":45.0,"enemies":"Slime Boss","floor":16.0,"turns":10.0},{"damage":5.0,"enemies":"3 Byrds","floor":18.0,"turns":4.0},{"damage":14.0,"enemies":"Shell Parasite","floor":19.0,"turns":6.0},{"damage":12.0,"enemies":"Centurion and Healer","floor":20.0,"turns":4.0},{"damage":38.0,"enemies":"Masked Bandits","floor":21.0,"turns":5.0},{"damage":9.0,"enemies":"3 Cultists","floor":22.0,"turns":5.0},{"damage":2.0,"enemies":"Snecko","floor":24.0,"turns":3.0},{"damage":3.0,"enemies":"Snake Plant","floor":25.0,"turns":2.0},{"damage":10.0,"enemies":"Centurion and Healer","floor":31.0,"turns":3.0},{"damage":52.0,"enemies":"Automaton","floor":33.0,"turns":5.0},{"damage":7.0,"enemies":"3 Darklings","floor":35.0,"turns":4.0},{"damage":6,"enemies":"2 Orb Walkers","floor":37,"turns":4},{"damage":0,"enemies":"3 Shapes","floor":38,"turns":4},{"damage":0,"enemies":"3 Darklings","floor":39,"turns":2},{"damage":22,"enemies":"Giant Head","floor":40,"turns":6},{"damage":0,"enemies":"Jaw Worm Horde","floor":45,"turns":4},{"damage":0,"enemies":"Maw","floor":48,"turns":1},{"damage":52,"enemies":"Awakened One","floor":50,"turns":4}],"seed_played":"9130374658103138133","potions_obtained":[{"floor":1.0,"key":"EssenceOfSteel"},{"floor":3.0,"key":"Swift Potion"},{"floor":4.0,"key":"Fruit Juice"},{"floor":12.0,"key":"Fire Potion"},{"floor":21.0,"key":"Swift Potion"},{"floor":31.0,"key":"FearPotion"},{"floor":38,"key":"Ancient Potion"},{"floor":39,"key":"SteroidPotion"}],"is_trial":false,"path_per_floor":["M","?","M","M","?","R","?","R","T","R","M","M","?","$","R","B",null,"M","M","M","?","M","R","M","M","T","R","?","R","$","M","R","B",null,"M","$","?","M","M","E","R","?","T","$","M","R","$","M","R","B",null],"character_chosen":"IRONCLAD","items_purchased":["Bag of Marbles","DollysMirror","AttackPotion","EssenceOfSteel"],"campfire_rested":0,"item_purchase_floors":[30,44,44,44],"current_hp_per_floor":[82,82,86,94,87,87,87,87,87,87,89,79,79,79,79,46,106,106,98,95,66,63,63,67,73,73,73,73,73,73,69,69,27,119,119,119,123,123,123,111,111,111,111,111,121,121,121,123,123,81],"gold":59,"neow_bonus":"TRANSFORM_TWO_CARDS","is_prod":false,"is_daily":false,"chose_seed":false,"campfire_upgraded":11,"win_rate":0,"timestamp":1562302474,"path_taken":["M","?","?","M","?","R","?","R","T","R","M","M","?","$","R","BOSS","M","?","M","?","M","R","M","M","T","R","?","R","$","M","R","BOSS","M","$","?","M","M","E","R","?","T","$","M","R","?","M","R","BOSS"],"build_version":"2019-07-01","purchased_purges":4,"victory":true,"max_hp_per_floor":[83,83,86,94,94,94,94,94,94,94,94,100,100,100,100,106,106,106,106,109,112,112,112,112,115,115,115,115,115,115,115,115,119,119,119,119,123,123,123,123,123,123,123,123,123,123,123,123,123,123],"card_choices":[{"not_picked":["Warcry","Entrench"],"picked":"Dual Wield","floor":1.0},{"not_picked":["Perfected Strike","Bloodletting"],"picked":"Searing Blow","floor":3.0},{"not_picked":["Shrug It Off","Twin Strike"],"picked":"Evolve","floor":4.0},{"not_picked":["Havoc","Wild Strike","Clash"],"picked":"SKIP","floor":11.0},{"not_picked":["Anger","Wild Strike","Flex"],"picked":"SKIP","floor":12.0},{"not_picked":["Flex+1","Armaments","Heavy Blade+1"],"picked":"SKIP","floor":18.0},{"not_picked":["True Grit","Ghostly Armor+1","Dropkick"],"picked":"SKIP","floor":19.0},{"not_picked":["Blood for Blood+1","Twin Strike","Armaments"],"picked":"SKIP","floor":20.0},{"not_picked":["Warcry+1","Shrug It Off+1"],"picked":"Battle Trance","floor":22.0},{"not_picked":["Pummel","Blood for Blood","Feel No Pain+1"],"picked":"SKIP","floor":24.0},{"not_picked":["Hemokinesis","Uppercut","Anger"],"picked":"SKIP","floor":25.0},{"not_picked":["Exhume","Heavy Blade","Armaments"],"picked":"SKIP","floor":31.0},{"not_picked":["Spot Weakness","Infernal Blade+1"],"picked":"True Grit+1","floor":35.0},{"not_picked":["Cleave","Heavy Blade+1","Iron Wave+1"],"picked":"SKIP","floor":38},{"not_picked":["Anger","Burning Pact","Pummel+1"],"picked":"SKIP","floor":39},{"not_picked":["Iron Wave","Flex+1","Wild Strike"],"picked":"SKIP","floor":40},{"not_picked":["Perfected Strike","Pommel Strike+1","Wild Strike+1"],"picked":"SKIP","floor":45},{"not_picked":["Wild Strike","Clash","Dual Wield+1"],"picked":"SKIP","floor":48}],"player_experience":5684532,"relics_obtained":[{"floor":9.0,"key":"Oddly Smooth Stone"},{"floor":21.0,"key":"Red Mask"},{"floor":26.0,"key":"Whetstone"},{"floor":37,"key":"Torii"},{"floor":40,"key":"Self Forming Clay"},{"floor":43,"key":"Shuriken"}],"event_choices":[{"damage_healed":0.0,"max_hp_gain":0.0,"max_hp_loss":0.0,"gold_gain":100.0,"event_name":"Golden Shrine","player_choice":"Pray","floor":2.0,"gold_loss":0.0,"damage_taken":0.0},{"damage_healed":0.0,"max_hp_gain":0.0,"max_hp_loss":0.0,"gold_gain":0.0,"event_name":"Scrap Ooze","player_choice":"Success","floor":5.0,"gold_loss":0.0,"damage_taken":7.0,"relics_obtained":["Potion Belt"]},{"cards_removed":["Strike_R"],"damage_healed":0.0,"max_hp_gain":0.0,"max_hp_loss":0.0,"gold_gain":0.0,"event_name":"The Cleric","player_choice":"Card Removal","floor":7.0,"gold_loss":50.0,"damage_taken":0.0},{"damage_healed":0.0,"max_hp_gain":0.0,"max_hp_loss":0.0,"gold_gain":0.0,"event_name":"The Woman in Blue","player_choice":"Bought 0 Potions","floor":13.0,"gold_loss":0.0,"damage_taken":0.0},{"damage_healed":0.0,"max_hp_gain":0.0,"max_hp_loss":0.0,"gold_gain":0.0,"event_name":"Masked Bandits","player_choice":"Fought Bandits","floor":21.0,"gold_loss":0.0,"damage_taken":0.0},{"damage_healed":0.0,"max_hp_gain":0.0,"max_hp_loss":0.0,"gold_gain":0.0,"event_name":"Cursed Tome","player_choice":"Ignored","floor":28.0,"gold_loss":0.0,"damage_taken":0.0},{"damage_healed":0,"gold_gain":0,"player_choice":"Fight","damage_taken":0,"max_hp_gain":0,"max_hp_loss":0,"event_name":"Mysterious Sphere","floor":37,"gold_loss":0},{"damage_healed":0,"gold_gain":222,"player_choice":"Wore Mask","damage_taken":0,"max_hp_gain":0,"max_hp_loss":0,"event_name":"Tomb of Lord Red Mask","floor":42,"gold_loss":0}],"is_beta":false,"boss_relics":[{"not_picked":["Mark of Pain","Runic Dome"],"picked":"Velvet Choker"},{"not_picked":["Snecko Eye","Astrolabe"],"picked":"Black Blood"}],"items_purged_floors":[14,30,36,44],"is_endless":false,"potions_floor_spawned":[1,3,4,12,21,31,38,39,48],"ascension_level":0}