{"gold_per_floor":[118,7,21,21,21,21,33,33,109,109,136,56,69,69,69,142,142,158,188,200,250,266,266,301,315,363,363,363,129,229,47,47,118,118,131,131,61,78,89,118,130,156,183,283,283,294,294,516,516,516,516,516,516,65,100,100],"floor_reached":57,"playtime":2144,"items_purged":["Regret","Strike_R","Strike_R","Strike_R","Strike_R"],"score":2827,"play_id":"1ed86632-73d8-40e3-832f-7a49bd4d6ac6","local_time":"20190211174228","is_ascension_mode":true,"campfire_choices":[{"data":"Body Slam","floor":6.0,"key":"SMITH"},{"data":"Disarm","floor":8.0,"key":"SMITH"},{"data":"Spot Weakness","floor":15.0,"key":"SMITH"},{"data":"Whirlwind","floor":23.0,"key":"SMITH"},{"data":"Shockwave","floor":27.0,"key":"SMITH"},{"data":"True Grit","floor":32.0,"key":"SMITH"},{"data":"Offering","floor":45.0,"key":"SMITH"},{"data":"Burning Pact","floor":47.0,"key":"SMITH"},{"floor":49.0,"key":"RECALL"},{"data":"Power Through","floor":53.0,"key":"SMITH"}],"neow_cost":"NONE","seed_source_timestamp":1210298765862320,"circlet_count":0,"master_deck":["AscendersBane","Strike_R","Defend_R","Defend_R","Defend_R","Defend_R","Bash","Decay","Writhe","Body Slam+1","Spot Weakness+1","Disarm+1","Shrug It Off","Shockwave+1","Offering+1","Whirlwind+1","Sword Boomerang+1","Second Wind+1","Evolve","True Grit+1","Burning Pact+1","Impervious","Pommel Strike+1","Battle Trance","Power Through+1"],"special_seed":0,"relics":["Calling Bell","Pen Nib","Meat on the Bone","Thread and Needle","Matryoshka","Pantograph","Dodecahedron","The Courier","Paper Frog","Turnip","Blood Vial","Coffee Dripper","Red Mask","Boot","Juzu Bracelet","Bag of Marbles","Du-Vu Doll","Bottled Flame","Runic Pyramid","Sundial","Shuriken","Girya","Charon\u0027s Ashes","Letter Opener"],"potions_floor_usage":[55,55,56],"damage_taken":[{"damage":20.0,"enemies":"Cultist","floor":1.0,"turns":6.0},{"damage":9.0,"enemies":"Jaw Worm","floor":3.0,"turns":4.0},{"damage":5.0,"enemies":"2 Louse","floor":7.0,"turns":3.0},{"damage":4.0,"enemies":"Gremlin Nob","floor":11.0,"turns":3.0},{"damage":10.0,"enemies":"Gremlin Gang","floor":13.0,"turns":6.0},{"damage":29.0,"enemies":"The Guardian","floor":16.0,"turns":12.0},{"damage":9.0,"enemies":"3 Byrds","floor":18.0,"turns":6.0},{"damage":8.0,"enemies":"Masked Bandits","floor":19.0,"turns":2.0},{"damage":8.0,"enemies":"Chosen","floor":20.0,"turns":3.0},{"damage":15.0,"enemies":"Snecko","floor":22.0,"turns":5.0},{"damage":26.0,"enemies":"Book of Stabbing","floor":24.0,"turns":5.0},{"damage":0.0,"enemies":"Snake Plant","floor":25.0,"turns":2.0},{"damage":0.0,"enemies":"Colosseum Slavers","floor":30.0,"turns":1.0},{"damage":6.0,"enemies":"Colosseum Nobs","floor":30.0,"turns":2.0},{"damage":11.0,"enemies":"Champ","floor":33.0,"turns":10.0},{"damage":0.0,"enemies":"3 Darklings","floor":35.0,"turns":1.0},{"damage":8.0,"enemies":"3 Shapes","floor":38.0,"turns":2.0},{"damage":6.0,"enemies":"Transient","floor":39.0,"turns":6.0},{"damage":7.0,"enemies":"Reptomancer","floor":40.0,"turns":6.0},{"damage":0.0,"enemies":"Jaw Worm Horde","floor":41.0,"turns":1.0},{"damage":17.0,"enemies":"Nemesis","floor":42.0,"turns":5.0},{"damage":24.0,"enemies":"Mind Bloom Boss Battle","floor":44.0,"turns":6.0},{"damage":6.0,"enemies":"Writhing Mass","floor":46.0,"turns":4.0},{"damage":26.0,"enemies":"Donu and Deca","floor":50.0,"turns":6.0},{"damage":26.0,"enemies":"Awakened One","floor":51.0,"turns":7.0},{"damage":6,"enemies":"Shield and Spear","floor":55,"turns":4},{"damage":62,"enemies":"The Heart","floor":56,"turns":8}],"seed_played":"4781130570471547990","potions_obtained":[{"floor":1.0,"key":"Poison Potion"},{"floor":3.0,"key":"Strength Potion"},{"floor":13.0,"key":"Swift Potion"},{"floor":18.0,"key":"PowerPotion"},{"floor":24.0,"key":"BloodPotion"},{"floor":25.0,"key":"EssenceOfSteel"},{"floor":38.0,"key":"Energy Potion"},{"floor":55,"key":"PowerPotion"}],"is_trial":false,"path_per_floor":["M","$","M","T","T","R","M","R","T","?","E","$","M","?","R","B",null,"M","?","M","?","M","R","E","M","T","R","?","$","?","$","R","B",null,"M","?","$","M","M","E","M","E","T","?","R","M","R","?","R","B","B",null,"R","$","E","B",null],"character_chosen":"IRONCLAD","items_purchased":["Spot Weakness","Bag of Marbles","Burning Pact","Battle Trance","Charon\u0027s Ashes","Block Potion"],"campfire_rested":0,"item_purchase_floors":[2,29,31,37,54,54],"current_hp_per_floor":[48,48,39,39,39,39,46,46,46,46,42,42,44,44,44,42,67,60,54,48,48,47,47,35,49,49,49,49,49,47,47,47,63,72,74,74,74,67,63,58,60,45,45,48,48,44,44,44,44,45,46,68,68,68,69,25],"gold":100,"neow_bonus":"BOSS_RELIC","is_prod":false,"is_daily":false,"chose_seed":false,"campfire_upgraded":9,"win_rate":0,"timestamp":1549878148,"path_taken":["M","$","M","?","?","R","M","R","T","?","E","$","?","?","R","BOSS","M","?","M","?","M","R","E","?","T","R","?","$","?","$","R","BOSS","M","?","$","M","M","E","M","E","T","?","R","M","R","?","R","BOSS","BOSS","R","$","E","BOSS"],"build_version":"2019-01-23","purchased_purges":5,"victory":true,"max_hp_per_floor":[75,75,75,75,75,75,75,75,75,75,75,75,75,75,75,75,75,75,75,75,75,75,75,75,75,75,75,75,75,75,75,75,75,75,75,75,75,75,75,75,75,75,75,75,75,75,75,75,75,75,75,75,75,75,75,75],"card_choices":[{"not_picked":["Wild Strike","Sentinel"],"picked":"Body Slam","floor":1.0},{"not_picked":["Battle Trance","Searing Blow"],"picked":"Disarm","floor":3.0},{"not_picked":["Twin Strike","Pommel Strike"],"picked":"Shrug It Off","floor":7.0},{"not_picked":["Warcry","Body Slam","Armaments"],"picked":"SKIP","floor":11.0},{"not_picked":["Searing Blow","Clash"],"picked":"Shockwave","floor":13.0},{"not_picked":["Bludgeon","Brutality"],"picked":"Offering","floor":16.0},{"not_picked":["Inflame","Dual Wield+1"],"picked":"Whirlwind","floor":18.0},{"not_picked":["Iron Wave","Twin Strike"],"picked":"Sword Boomerang+1","floor":20.0},{"not_picked":["Headbutt","Sentinel","Armaments"],"picked":"SKIP","floor":22.0},{"not_picked":["Demon Form","Bloodletting"],"picked":"Second Wind+1","floor":24.0},{"not_picked":["Flex","Second Wind"],"picked":"Evolve","floor":25.0},{"not_picked":["Body Slam","Evolve"],"picked":"True Grit","floor":30.0},{"not_picked":["Demon Form","Fiend Fire"],"picked":"Impervious","floor":33.0},{"not_picked":["Anger","Twin Strike"],"picked":"Pommel Strike+1","floor":35.0},{"not_picked":["Body Slam","Thunderclap"],"picked":"Power Through","floor":38.0},{"not_picked":["Twin Strike","Flex","Heavy Blade+1"],"picked":"SKIP","floor":39.0},{"not_picked":["Combust","Shrug It Off","Disarm"],"picked":"SKIP","floor":40.0},{"not_picked":["Combust","Shrug It Off","Disarm"],"picked":"SKIP","floor":40.0},{"not_picked":["Power Through","Shrug It Off+1","Feed"],"picked":"SKIP","floor":41.0},{"not_picked":["Flex","Evolve","Havoc"],"picked":"SKIP","floor":42.0},{"not_picked":["Cleave","Hemokinesis+1","Warcry"],"picked":"SKIP","floor":46.0},{"not_picked":["Headbutt","Intimidate+1","Shockwave"],"picked":"SKIP","floor":55}],"player_experience":726780,"relics_obtained":[{"floor":0.0,"key":"Pen Nib"},{"floor":0.0,"key":"Meat on the Bone"},{"floor":0.0,"key":"Thread and Needle"},{"floor":4.0,"key":"Matryoshka"},{"floor":5.0,"key":"Pantograph"},{"floor":5.0,"key":"Dodecahedron"},{"floor":9.0,"key":"The Courier"},{"floor":9.0,"key":"Paper Frog"},{"floor":11.0,"key":"Turnip"},{"floor":19.0,"key":"Red Mask"},{"floor":24.0,"key":"Boot"},{"floor":26.0,"key":"Juzu Bracelet"},{"floor":30.0,"key":"Du-Vu Doll"},{"floor":30.0,"key":"Bottled Flame"},{"floor":40.0,"key":"Sundial"},{"floor":42.0,"key":"Shuriken"},{"floor":44.0,"key":"Girya"},{"floor":55,"key":"Letter Opener"}],"event_choices":[{"damage_healed":0.0,"max_hp_gain":0.0,"max_hp_loss":0.0,"gold_gain":0.0,"event_name":"Lab","player_choice":"Got Potions","floor":10.0,"gold_loss":0.0,"damage_taken":0.0},{"damage_healed":0.0,"max_hp_gain":0.0,"max_hp_loss":0.0,"gold_gain":0.0,"event_name":"Dead Adventurer","player_choice":"Searched \u00272\u0027 times","floor":14.0,"gold_loss":0.0,"damage_taken":0.0,"relics_obtained":["Blood Vial"]},{"damage_healed":0.0,"max_hp_gain":0.0,"max_hp_loss":0.0,"gold_gain":0.0,"event_name":"Masked Bandits","player_choice":"Fought Bandits","floor":19.0,"gold_loss":0.0,"damage_taken":0.0},{"damage_healed":0.0,"max_hp_gain":0.0,"max_hp_loss":0.0,"gold_gain":100.0,"event_name":"The Joust","player_choice":"Bet on Murderer","floor":21.0,"gold_loss":50.0,"damage_taken":0.0},{"damage_healed":0.0,"max_hp_gain":0.0,"max_hp_loss":0.0,"gold_gain":0.0,"event_name":"Ghosts","player_choice":"Ignored","floor":28.0,"gold_loss":0.0,"damage_taken":0.0},{"damage_healed":0.0,"max_hp_gain":0.0,"max_hp_loss":0.0,"gold_gain":0.0,"event_name":"Colosseum","player_choice":"Fight","floor":30.0,"gold_loss":0.0,"damage_taken":0.0},{"damage_healed":0.0,"max_hp_gain":0.0,"max_hp_loss":0.0,"gold_gain":0.0,"event_name":"Colosseum","player_choice":"Fought Nobs","floor":30.0,"gold_loss":0.0,"damage_taken":0.0},{"damage_healed":0.0,"max_hp_gain":0.0,"max_hp_loss":0.0,"gold_gain":0.0,"event_name":"SensoryStone","player_choice":"Memory 1","floor":36.0,"gold_loss":0.0,"damage_taken":0.0},{"damage_healed":0.0,"max_hp_gain":0.0,"max_hp_loss":0.0,"gold_gain":0.0,"event_name":"MindBloom","player_choice":"Fight","floor":44.0,"gold_loss":0.0,"damage_taken":0.0},{"damage_healed":0.0,"max_hp_gain":0.0,"max_hp_loss":0.0,"gold_gain":222.0,"event_name":"Tomb of Lord Red Mask","player_choice":"Wore Mask","floor":48.0,"gold_loss":0.0,"damage_taken":0.0}],"is_beta":false,"boss_relics":[{"not_picked":["Astrolabe","Mark of Pain"],"picked":"Coffee Dripper"},{"not_picked":["Pandora\u0027s Box","Fusion Hammer"],"picked":"Runic Pyramid"}],"items_purged_floors":[2,12,29,31,54],"is_endless":false,"potions_floor_spawned":[1,3,13,18,24,25,30,33,38,41,42,46,55],"ascension_level":20}