{"gold_per_floor":[110,35,54,54,64,64,80,80,150,70,88,88,108,8,8,82,82,82],"floor_reached":18,"playtime":735,"items_purged":["Strike_G","Strike_G"],"score":304,"play_id":"f1256e5a-a22b-450d-ae15-f59e2f59aacc","local_time":"20190213122026","is_ascension_mode":true,"campfire_choices":[{"data":"Calculated Gamble","floor":6.0,"key":"SMITH"},{"data":"Neutralize","floor":8.0,"key":"SMITH"},{"data":"Well Laid Plans","floor":12.0,"key":"SMITH"},{"data":"Reflex","floor":15.0,"key":"SMITH"}],"neow_cost":"NONE","seed_source_timestamp":14933689283923,"circlet_count":0,"master_deck":["AscendersBane","Defend_G","Defend_G","Defend_G","Defend_G","Defend_G","Strike_G","Strike_G","Strike_G","Survivor","Neutralize+1","Dash","Adrenaline","Dagger Throw","Reflex+1","Calculated Gamble+1","Footwork","Well Laid Plans+1","Backstab","Night Terror"],"special_seed":0,"relics":["Ring of the Snake","NeowsBlessing","Philosopher\u0027s Stone"],"potions_floor_usage":[18,18],"damage_taken":[{"damage":0.0,"enemies":"Jaw Worm","floor":1.0,"turns":1.0},{"damage":0.0,"enemies":"Cultist","floor":3.0,"turns":1.0},{"damage":0.0,"enemies":"2 Louse","floor":5.0,"turns":1.0},{"damage":5.0,"enemies":"Red Slaver","floor":7.0,"turns":4.0},{"damage":3.0,"enemies":"Large Slime","floor":11.0,"turns":6.0},{"damage":5.0,"enemies":"Exordium Wildlife","floor":13.0,"turns":7.0},{"damage":20.0,"enemies":"The Guardian","floor":16.0,"turns":19.0},{"damage":1,"enemies":"3 Byrds","floor":18,"turns":4}],"seed_played":"1444928629024531437","potions_obtained":[{"floor":1.0,"key":"Poison Potion"},{"floor":5.0,"key":"SpeedPotion"},{"floor":16.0,"key":"Swift Potion"}],"is_trial":false,"path_per_floor":["M","$","M","?","M","R","M","R","T","$","M","R","M","$","R","B",null,"M"],"character_chosen":"THE_SILENT","items_purchased":["Well Laid Plans"],"campfire_rested":0,"item_purchase_floors":[10],"current_hp_per_floor":[59,59,59,59,59,59,54,54,54,54,51,51,46,46,46,26,56,55],"gold":82,"neow_bonus":"THREE_ENEMY_KILL","is_prod":false,"is_daily":false,"chose_seed":false,"campfire_upgraded":4,"win_rate":0,"timestamp":1550031626,"path_taken":["M","$","M","?","M","R","?","R","T","?","?","R","M","$","R","BOSS","M"],"build_version":"2019-01-23","purchased_purges":2,"victory":false,"max_hp_per_floor":[66,66,66,66,66,66,66,66,66,66,66,66,66,66,66,66,66,66],"card_choices":[{"not_picked":["Dagger Throw","Dodge and Roll","Underhanded Strike"],"picked":"SKIP","floor":1.0},{"not_picked":["Finisher","PiercingWail"],"picked":"Dash","floor":3.0},{"not_picked":["Backflip","Quick Slash"],"picked":"Calculated Gamble","floor":5.0},{"not_picked":["Heel Hook","Masterful Stab"],"picked":"Footwork","floor":7.0},{"not_picked":["Sucker Punch","Leg Sweep","Blade Dance"],"picked":"SKIP","floor":11.0},{"not_picked":["Dagger Spray","Dagger Throw"],"picked":"Backstab","floor":13.0},{"not_picked":["Venomology","Malaise"],"picked":"Night Terror","floor":16.0}],"player_experience":2681369,"relics_obtained":[],"event_choices":[{"damage_healed":0.0,"max_hp_gain":0.0,"max_hp_loss":0.0,"gold_gain":0.0,"event_name":"Match and Keep!","player_choice":"3 cards matched","floor":4.0,"gold_loss":0.0,"damage_taken":0.0,"cards_obtained":["Adrenaline","Dagger Throw","Reflex"]}],"is_beta":false,"boss_relics":[{"not_picked":["Orrery","Calling Bell"],"picked":"Philosopher\u0027s Stone"}],"items_purged_floors":[2,14],"is_endless":false,"potions_floor_spawned":[1,5,7,16],"killed_by":"3 Byrds","ascension_level":20}