{"gold_per_floor":[116,130,149,160,160,160,195,195,247,277,277,296,328,345,345,345],"floor_reached":16,"playtime":628,"items_purged":[],"score":244,"play_id":"45769a46-ade3-4012-ad2d-53307a4901c9","local_time":"20181116220627","is_ascension_mode":true,"campfire_choices":[{"data":"Predator","floor":6,"key":"SMITH"},{"data":"Bouncing Flask","floor":11,"key":"SMITH"},{"data":"Calculated Gamble","floor":15,"key":"SMITH"}],"neow_cost":"NONE","seed_source_timestamp":11797544351294,"circlet_count":0,"master_deck":["AscendersBane","Defend_G","Defend_G","Defend_G","Defend_G","Defend_G","Strike_G","Strike_G","Strike_G","Strike_G","Survivor","Neutralize","Calculated Gamble+1","Predator+1","Bouncing Flask+1","Deflect","Masterful Stab","Grand Finale"],"relics":["Ring of the Snake","NeowsBlessing","Dodecahedron","Anchor","Bronze Scales","Incense Burner","Bottled Lightning"],"potions_floor_usage":[7,10,16],"damage_taken":[{"damage":0,"enemies":"Small Slimes","floor":1,"turns":2},{"damage":0,"enemies":"Jaw Worm","floor":2,"turns":1},{"damage":0,"enemies":"Cultist","floor":3,"turns":1},{"damage":9,"enemies":"Red Slaver","floor":4,"turns":7},{"damage":8,"enemies":"Gremlin Nob","floor":7,"turns":3},{"damage":16,"enemies":"3 Sentries","floor":10,"turns":9},{"damage":5,"enemies":"Gremlin Gang","floor":12,"turns":4},{"damage":12,"enemies":"Lagavulin","floor":13,"turns":5},{"damage":0,"enemies":"Large Slime","floor":14,"turns":4},{"damage":8,"enemies":"Hexaghost","floor":16,"turns":7}],"seed_played":"2249302339086607374","potions_obtained":[{"floor":3,"key":"Fire Potion"},{"floor":4,"key":"FairyPotion"},{"floor":7,"key":"SteroidPotion"},{"floor":14,"key":"LiquidBronze"}],"is_trial":false,"path_per_floor":["M","M","M","M","?","R","E","?","T","E","R","M","E","M","R","B"],"character_chosen":"THE_SILENT","items_purchased":[],"campfire_rested":0,"item_purchase_floors":[],"current_hp_per_floor":[59,59,59,50,45,45,37,30,30,14,14,9,6,6,6,0],"gold":345,"neow_bonus":"THREE_ENEMY_KILL","is_prod":false,"is_daily":false,"chose_seed":false,"campfire_upgraded":3,"win_rate":0,"timestamp":1542377187,"path_taken":["M","M","M","M","?","R","E","?","T","E","R","M","E","M","R","BOSS"],"build_version":"2018-11-15","purchased_purges":0,"victory":false,"max_hp_per_floor":[66,66,66,66,66,66,66,66,66,66,66,66,66,66,66,66],"card_choices":[{"not_picked":["Sucker Punch","Escape Plan"],"picked":"Calculated Gamble","floor":1},{"not_picked":["Underhanded Strike","Sucker Punch","Expertise"],"picked":"SKIP","floor":2},{"not_picked":["Blade Dance","Sucker Punch","Quick Slash"],"picked":"SKIP","floor":3},{"not_picked":["Dodge and Roll","Caltrops"],"picked":"Predator","floor":4},{"not_picked":["Accuracy","Night Terror"],"picked":"Bouncing Flask","floor":7},{"not_picked":["Heel Hook","Dodge and Roll","Underhanded Strike"],"picked":"SKIP","floor":10},{"not_picked":["Prepared","Tactician"],"picked":"Deflect","floor":12},{"not_picked":["Cloak And Dagger","Flying Knee"],"picked":"Masterful Stab","floor":13},{"not_picked":["Finisher","Setup","Grand Finale"],"picked":"SKIP","floor":14},{"not_picked":["Finisher","Setup"],"picked":"Grand Finale","floor":14}],"player_experience":1078799,"relics_obtained":[{"floor":7,"key":"Anchor"},{"floor":9,"key":"Bronze Scales"},{"floor":10,"key":"Incense Burner"},{"floor":13,"key":"Bottled Lightning"}],"event_choices":[{"damage_healed":0,"gold_gain":0,"player_choice":"Success","damage_taken":5,"relics_obtained":["Dodecahedron"],"max_hp_gain":0,"max_hp_loss":0,"event_name":"Scrap Ooze","floor":5,"gold_loss":0},{"cards_removed":["Strike_G"],"damage_healed":0,"gold_gain":0,"player_choice":"Card Removal","damage_taken":7,"max_hp_gain":0,"max_hp_loss":0,"event_name":"Golden Wing","floor":8,"gold_loss":0}],"is_beta":true,"boss_relics":[],"items_purged_floors":[],"is_endless":false,"potions_floor_spawned":[3,4,7,14],"killed_by":"Hexaghost","ascension_level":20}