{"gold_per_floor":[114,133,145,156,156,156,81,81,81,81,99,116,116,135,135,230,230,245,245,69,119,119,119,130,146,146,210,228,76,76,86,86,185,185,202,52,69,88,104,104,199,249,275,425,250,250,265,326,326,326],"floor_reached":51,"playtime":1696,"items_purged":["Strike_G","Defend_G","Strike_G","Defend_G","Survivor"],"score":693,"play_id":"780348e9-c1b3-42be-84d8-da892ec8bd81","local_time":"20181027110439","is_ascension_mode":false,"campfire_choices":[{"data":"Neutralize","floor":6.0,"key":"SMITH"},{"data":"Backflip","floor":8.0,"key":"SMITH"},{"data":"All Out Attack","floor":10.0,"key":"SMITH"},{"data":"Deadly Poison","floor":15.0,"key":"SMITH"},{"data":"Well Laid Plans","floor":23.0,"key":"SMITH"},{"data":"Grand Finale","floor":30.0,"key":"SMITH"},{"data":"Backflip","floor":32.0,"key":"SMITH"},{"data":"Acrobatics","floor":40,"key":"SMITH"},{"data":"Dagger Throw","floor":46,"key":"SMITH"},{"floor":49,"key":"REST"}],"neow_cost":"NONE","seed_source_timestamp":1135700742678,"circlet_count":0,"master_deck":["Defend_G+1","Strike_G+1","Neutralize+1","Backflip+1","Dagger Throw+1","All Out Attack+1","Deadly Poison+1","Grand Finale+1","Well Laid Plans+1","Backflip+1","Unload+1","Corpse Explosion+1","Poisoned Stab+1","Acrobatics+1","Backflip+1"],"special_seed":0,"relics":["Ring of the Snake","Darkstone Periapt","Pantograph","Busted Crown","SsserpentHead","Gremlin Horn","Astrolabe","Tingsha","Vajra","StoneCalendar"],"potions_floor_usage":[50,50,50],"damage_taken":[{"damage":1.0,"enemies":"2 Louse","floor":1.0,"turns":3.0},{"damage":0.0,"enemies":"Jaw Worm","floor":2.0,"turns":5.0},{"damage":0.0,"enemies":"Small Slimes","floor":3.0,"turns":3.0},{"damage":4.0,"enemies":"Looter","floor":4.0,"turns":3.0},{"damage":0.0,"enemies":"Gremlin Gang","floor":11.0,"turns":3.0},{"damage":0.0,"enemies":"Exordium Thugs","floor":12.0,"turns":4.0},{"damage":2.0,"enemies":"Looter","floor":14.0,"turns":3.0},{"damage":25.0,"enemies":"Slime Boss","floor":16.0,"turns":10.0},{"damage":0.0,"enemies":"Chosen","floor":18.0,"turns":3.0},{"damage":0.0,"enemies":"Shell Parasite","floor":24.0,"turns":4.0},{"damage":14.0,"enemies":"Shelled Parasite and Fungi","floor":25.0,"turns":6.0},{"damage":2.0,"enemies":"Centurion and Healer","floor":27.0,"turns":6.0},{"damage":0.0,"enemies":"Snake Plant","floor":28.0,"turns":4.0},{"damage":0.0,"enemies":"Snecko","floor":31.0,"turns":3.0},{"damage":24.0,"enemies":"Champ","floor":33.0,"turns":7.0},{"damage":0,"enemies":"3 Shapes","floor":35,"turns":3},{"damage":0,"enemies":"Orb Walker","floor":37,"turns":3},{"damage":0,"enemies":"Transient","floor":38,"turns":5},{"damage":0,"enemies":"Jaw Worm Horde","floor":39,"turns":2},{"damage":2,"enemies":"2 Orb Walkers","floor":41,"turns":3},{"damage":0,"enemies":"Mind Bloom Boss Battle","floor":44,"turns":3},{"damage":0,"enemies":"Writhing Mass","floor":47,"turns":4},{"damage":0,"enemies":"3 Darklings","floor":48,"turns":1},{"damage":24,"enemies":"Donu and Deca","floor":50,"turns":6}],"seed_played":"2641377544387967754","potions_obtained":[{"floor":1.0,"key":"Poison Potion"},{"floor":4.0,"key":"SpeedPotion"},{"floor":14.0,"key":"LiquidBronze"},{"floor":16.0,"key":"Strength Potion"},{"floor":27.0,"key":"SpeedPotion"}],"is_trial":false,"path_per_floor":["M","M","M","M","?","R","$","R","T","R","M","M","?","M","R","B",null,"M","?","$","?","$","R","M","M","T","M","M","$","R","M","R","B",null,"M","$","M","M","M","R","?","?","T","?","$","R","M","M","R","B"],"character_chosen":"THE_SILENT","items_purchased":["Well Laid Plans","Backflip"],"campfire_rested":1,"item_purchase_floors":[20,29],"current_hp_per_floor":[69,69,69,65,51,51,51,51,51,51,51,51,44,42,42,42,70,70,70,70,70,70,70,70,56,56,54,54,54,54,54,54,46,70,70,70,70,70,70,70,68,68,68,70,70,70,70,70,70,46],"gold":326,"neow_bonus":"REMOVE_CARD","is_prod":false,"is_daily":false,"chose_seed":false,"campfire_upgraded":9,"win_rate":0,"timestamp":1540609479,"path_taken":["M","M","M","M","?","R","$","R","T","R","M","M","?","M","R","BOSS","M","?","$","?","$","R","M","M","T","?","M","$","R","M","R","BOSS","M","$","M","M","M","R","?","?","T","?","$","R","M","?","R","BOSS"],"build_version":"2018-10-25v2","purchased_purges":5,"victory":true,"max_hp_per_floor":[70,70,70,70,70,70,70,70,70,70,70,70,70,70,70,70,70,70,70,70,70,70,70,70,70,70,70,70,70,70,70,70,70,70,70,70,70,70,70,70,70,70,70,70,70,70,70,70,70,70],"card_choices":[{"not_picked":["Dodge and Roll","PiercingWail"],"picked":"Backflip","floor":1.0},{"not_picked":["Outmaneuver","Bane"],"picked":"Dagger Throw","floor":2.0},{"not_picked":["Infinite Blades","Tactician"],"picked":"All Out Attack","floor":3.0},{"not_picked":["Expertise","Sucker Punch","Prepared"],"picked":"SKIP","floor":4.0},{"not_picked":["Eviscerate","Heel Hook"],"picked":"Poisoned Stab","floor":11.0},{"not_picked":["Caltrops","Deflect"],"picked":"Deadly Poison","floor":12.0},{"not_picked":["Prepared","Blade Dance","Slice"],"picked":"SKIP","floor":14.0},{"not_picked":["Die Die Die","Burst"],"picked":"Grand Finale","floor":16.0},{"not_picked":["Cloak And Dagger"],"picked":"SKIP","floor":18.0},{"not_picked":["Underhanded Strike+1"],"picked":"SKIP","floor":24.0},{"not_picked":["Sucker Punch"],"picked":"SKIP","floor":25.0},{"not_picked":["Cloak And Dagger"],"picked":"SKIP","floor":27.0},{"not_picked":["Deflect"],"picked":"SKIP","floor":28.0},{"not_picked":["Underhanded Strike+1"],"picked":"SKIP","floor":31.0},{"not_picked":[],"picked":"Acrobatics","floor":35},{"not_picked":["Dagger Throw+1"],"picked":"SKIP","floor":37},{"not_picked":[],"picked":"Backflip+1","floor":38},{"not_picked":["Outmaneuver"],"picked":"SKIP","floor":39},{"not_picked":["Poisoned Stab"],"picked":"SKIP","floor":47},{"not_picked":["Flying Knee"],"picked":"SKIP","floor":48}],"player_experience":663273,"relics_obtained":[{"floor":9.0,"key":"Darkstone Periapt"},{"floor":26.0,"key":"Gremlin Horn"},{"floor":41,"key":"Tingsha"},{"floor":43,"key":"Vajra"},{"floor":44,"key":"StoneCalendar"}],"event_choices":[{"damage_healed":0.0,"max_hp_gain":0.0,"max_hp_loss":0.0,"gold_gain":0.0,"event_name":"Shining Light","player_choice":"Entered Light","floor":5.0,"gold_loss":0.0,"damage_taken":14.0,"cards_upgraded":["Strike_G","Defend_G"]},{"damage_healed":0.0,"max_hp_gain":0.0,"max_hp_loss":0.0,"gold_gain":0.0,"event_name":"Scrap Ooze","player_choice":"Success","floor":13.0,"gold_loss":0.0,"damage_taken":7.0,"relics_obtained":["Pantograph"]},{"damage_healed":0.0,"max_hp_gain":0.0,"max_hp_loss":0.0,"gold_gain":0.0,"event_name":"FaceTrader","player_choice":"Trade","floor":19.0,"gold_loss":0.0,"damage_taken":0.0,"relics_obtained":["SsserpentHead"]},{"damage_healed":0.0,"max_hp_gain":0.0,"max_hp_loss":0.0,"gold_gain":0.0,"event_name":"Cursed Tome","player_choice":"Ignored","floor":21.0,"gold_loss":0.0,"damage_taken":0.0},{"damage_healed":0,"gold_gain":0,"player_choice":"Fight","damage_taken":0,"max_hp_gain":0,"max_hp_loss":0,"event_name":"Mysterious Sphere","floor":41,"gold_loss":0},{"cards_removed":["Poisoned Stab"],"damage_healed":0,"gold_gain":0,"player_choice":"Removed Attack","damage_taken":0,"max_hp_gain":0,"max_hp_loss":0,"event_name":"Falling","floor":42,"gold_loss":0},{"damage_healed":0,"gold_gain":0,"player_choice":"Fight","damage_taken":0,"max_hp_gain":0,"max_hp_loss":0,"event_name":"MindBloom","floor":44,"gold_loss":0}],"is_beta":false,"boss_relics":[{"not_picked":["White Beast Statue","Calling Bell"],"picked":"Busted Crown"},{"not_picked":["Ring of the Serpent","HoveringKite"],"picked":"Astrolabe"}],"items_purged_floors":[7,20,29,36,45],"is_endless":false,"potions_floor_spawned":[1,4,14,16,18,27,31,37,39,41],"ascension_level":0}