{"gold_per_floor":[416,98,98,98,118,118,138,154,154,154,76,92,92,107,107,183,233,248,148,168,168,168,203,214,245,245,245,259,259,287,306,306,383,383,400,446,463,482,482,513,513,539,539,574,588,618,629,640,640,640,640,640,640,96,124,124],"floor_reached":58,"playtime":2168,"items_purged":["Strike_G","Strike_G","Acrobatics+1"],"score":3833,"play_id":"c6f6c6ef-685d-4d92-9fb4-527531bd818a","local_time":"20190808110034","is_ascension_mode":true,"campfire_choices":[{"data":"Acrobatics","floor":6.0,"key":"SMITH"},{"data":"Tactician","floor":10.0,"key":"SMITH"},{"data":"Flechettes","floor":15.0,"key":"SMITH"},{"data":"Calculated Gamble","floor":29.0,"key":"SMITH"},{"data":"Reflex","floor":32.0,"key":"SMITH"},{"data":"Prepared","floor":42.0,"key":"SMITH"},{"floor":50.0,"key":"RECALL"},{"data":"Defend_G","floor":54.0,"key":"PURGE"}],"neow_cost":"TEN_PERCENT_HP_LOSS","seed_source_timestamp":165279046284096,"circlet_count":0,"master_deck":["AscendersBane","Defend_G","Defend_G","Defend_G","Defend_G","Survivor","Tactician+1","PiercingWail","Flechettes+1","Acrobatics+1","Reflex+1","Calculated Gamble+1","Prepared+1","Backflip+1"],"special_seed":0,"relics":["Ring of the Snake","Old Coin","TheAbacus","Tough Bandages","Tiny House","Lantern","Sundial","Pantograph","Mercury Hourglass","Empty Cage","Ice Cream","Gambling Chip","Nunchaku","Peace Pipe","The Courier","Ninja Scroll","Shuriken","Ginger","Blue Candle"],"potions_floor_usage":[57,57],"damage_taken":[{"damage":6.0,"enemies":"Jaw Worm","floor":1.0,"turns":5.0},{"damage":5.0,"enemies":"2 Louse","floor":5.0,"turns":3.0},{"damage":0.0,"enemies":"Cultist","floor":7.0,"turns":4.0},{"damage":0.0,"enemies":"Blue Slaver","floor":8.0,"turns":5.0},{"damage":3.0,"enemies":"2 Fungi Beasts","floor":12.0,"turns":4.0},{"damage":0.0,"enemies":"3 Louse","floor":14.0,"turns":3.0},{"damage":0.0,"enemies":"The Guardian","floor":16.0,"turns":13.0},{"damage":0.0,"enemies":"Chosen","floor":18.0,"turns":3.0},{"damage":1.0,"enemies":"Shell Parasite","floor":20.0,"turns":2.0},{"damage":0.0,"enemies":"Book of Stabbing","floor":23.0,"turns":3.0},{"damage":0.0,"enemies":"Sentry and Sphere","floor":24.0,"turns":2.0},{"damage":0.0,"enemies":"Gremlin Leader","floor":25.0,"turns":2.0},{"damage":2.0,"enemies":"Snecko","floor":28.0,"turns":5.0},{"damage":0.0,"enemies":"Slavers","floor":30.0,"turns":3.0},{"damage":0.0,"enemies":"Snake Plant","floor":31.0,"turns":2.0},{"damage":0.0,"enemies":"Automaton","floor":33.0,"turns":2.0},{"damage":0.0,"enemies":"3 Darklings","floor":36.0,"turns":2.0},{"damage":0.0,"enemies":"2 Orb Walkers","floor":37.0,"turns":1.0},{"damage":0.0,"enemies":"Orb Walker","floor":38.0,"turns":1.0},{"damage":0.0,"enemies":"3 Darklings","floor":39.0,"turns":2.0},{"damage":0.0,"enemies":"Reptomancer","floor":41.0,"turns":1.0},{"damage":0.0,"enemies":"Nemesis","floor":43.0,"turns":1.0},{"damage":0.0,"enemies":"Reptomancer","floor":45.0,"turns":1.0},{"damage":0.0,"enemies":"Sphere and 2 Shapes","floor":46.0,"turns":1.0},{"damage":0.0,"enemies":"Nemesis","floor":47.0,"turns":1.0},{"damage":0.0,"enemies":"Maw","floor":48.0,"turns":1.0},{"damage":0.0,"enemies":"Spire Growth","floor":49.0,"turns":1.0},{"damage":0.0,"enemies":"Time Eater","floor":51.0,"turns":5.0},{"damage":0.0,"enemies":"Donu and Deca","floor":52.0,"turns":1.0},{"damage":0.0,"enemies":"Shield and Spear","floor":56.0,"turns":1.0},{"damage":1,"enemies":"The Heart","floor":57,"turns":6}],"seed_played":"-2031968323551798885","potions_obtained":[{"floor":1.0,"key":"Poison Potion"},{"floor":14.0,"key":"LiquidBronze"},{"floor":16.0,"key":"EssenceOfSteel"},{"floor":17.0,"key":"AttackPotion"},{"floor":18.0,"key":"GamblersBrew"},{"floor":25.0,"key":"Poison Potion"},{"floor":28.0,"key":"SpeedPotion"}],"is_trial":false,"path_per_floor":["M","$","?","?","M","R","M","M","T","R","$","M","?","M","R","B",null,"M","$","M","?","?","E","M","E","T","?","M","R","E","M","R","B",null,"M","?","M","M","?","E","R","E","T","E","M","E","M","M","R","B","B",null,"R","$","E","B",null],"character_chosen":"THE_SILENT","items_purchased":["TheAbacus","Deadly Poison","Flechettes","Shuriken","Ginger"],"campfire_rested":0,"item_purchase_floors":[2,2,11,55,55],"current_hp_per_floor":[53,53,18,18,13,13,13,13,13,13,13,10,3,3,3,3,51,51,51,50,50,50,50,50,50,50,32,30,30,30,30,30,55,69,69,69,69,69,69,69,69,69,69,69,69,69,69,69,69,70,70,70,70,70,70,69],"gold":124,"neow_bonus":"ONE_RARE_RELIC","is_prod":false,"is_daily":false,"chose_seed":false,"campfire_upgraded":6,"win_rate":0,"timestamp":1565229634,"path_taken":["M","$","?","?","M","R","M","M","T","R","$","?","?","M","R","BOSS","M","$","M","?","?","E","M","E","T","?","M","R","E","M","R","BOSS","M","?","M","M","?","E","R","E","T","E","M","E","M","?","R","BOSS","BOSS","R","$","E","BOSS"],"build_version":"2019-07-17","purchased_purges":3,"victory":true,"max_hp_per_floor":[60,60,60,60,60,60,60,60,60,60,60,60,60,60,60,60,65,65,65,65,65,65,65,65,65,65,70,70,70,70,70,70,70,70,70,70,70,70,70,70,70,70,70,70,70,70,70,70,70,70,70,70,70,70,70,70],"card_choices":[{"not_picked":["Eviscerate","Dagger Spray","Infinite Blades"],"picked":"SKIP","floor":1.0},{"not_picked":["Backstab","Expertise"],"picked":"Acrobatics","floor":5.0},{"not_picked":["Backflip","Deadly Poison"],"picked":"Tactician","floor":7.0},{"not_picked":["Cloak And Dagger","Underhanded Strike"],"picked":"PiercingWail","floor":8.0},{"not_picked":["Slice","Dodge and Roll"],"picked":"Acrobatics","floor":12.0},{"not_picked":["A Thousand Cuts","Bane"],"picked":"Reflex","floor":14.0},{"not_picked":["Underhanded Strike","Slice"],"picked":"Calculated Gamble","floor":17.0},{"not_picked":["PiercingWail","Poisoned Stab","Bane"],"picked":"SKIP","floor":18.0},{"not_picked":["Sucker Punch","Endless Agony","Prepared"],"picked":"SKIP","floor":20.0},{"not_picked":["Distraction","Masterful Stab+1","Crippling Poison"],"picked":"SKIP","floor":23.0},{"not_picked":["Dash","Sucker Punch","Dagger Throw"],"picked":"SKIP","floor":24.0},{"not_picked":["Tactician","Catalyst","Underhanded Strike"],"picked":"SKIP","floor":25.0},{"not_picked":["Deadly Poison","Prepared","Quick Slash"],"picked":"SKIP","floor":28.0},{"not_picked":["Deadly Poison","Quick Slash"],"picked":"Prepared","floor":28.0},{"not_picked":["Prepared","Noxious Fumes","Backstab"],"picked":"SKIP","floor":30.0},{"not_picked":["Dagger Spray","After Image","Bane"],"picked":"SKIP","floor":31.0},{"not_picked":["Footwork","Cloak And Dagger","Outmaneuver+1"],"picked":"SKIP","floor":36.0},{"not_picked":["Deflect+1","Cloak And Dagger+1","Quick Slash"],"picked":"SKIP","floor":38.0},{"not_picked":["Underhanded Strike+1","Concentrate","Tactician"],"picked":"SKIP","floor":39.0},{"not_picked":["Bouncing Flask","Masterful Stab","Backflip+1"],"picked":"SKIP","floor":41.0},{"not_picked":["Bouncing Flask","Masterful Stab"],"picked":"Backflip+1","floor":41.0},{"not_picked":["Catalyst+1","Skewer","Glass Knife"],"picked":"SKIP","floor":43.0},{"not_picked":["Dodge and Roll","Sucker Punch","Poisoned Stab"],"picked":"SKIP","floor":45.0},{"not_picked":["Terror+1","Bouncing Flask","Acrobatics"],"picked":"SKIP","floor":46.0},{"not_picked":["Bane+1","Flying Knee","All Out Attack"],"picked":"SKIP","floor":47.0},{"not_picked":["Distraction","Deadly Poison","Tactician"],"picked":"SKIP","floor":48.0},{"not_picked":["Poisoned Stab+1","Backflip","Prepared"],"picked":"SKIP","floor":49.0},{"not_picked":["Caltrops+1","Accuracy","Envenom"],"picked":"SKIP","floor":56.0}],"player_experience":814234,"relics_obtained":[{"floor":23.0,"key":"Lantern"},{"floor":25.0,"key":"Sundial"},{"floor":26.0,"key":"Pantograph"},{"floor":30.0,"key":"Mercury Hourglass"},{"floor":37.0,"key":"Ice Cream"},{"floor":41.0,"key":"Gambling Chip"},{"floor":43.0,"key":"Nunchaku"},{"floor":44.0,"key":"Peace Pipe"},{"floor":45.0,"key":"The Courier"},{"floor":47.0,"key":"Ninja Scroll"},{"floor":56.0,"key":"Blue Candle"}],"event_choices":[{"damage_healed":0.0,"max_hp_gain":0.0,"max_hp_loss":0.0,"gold_gain":0.0,"event_name":"Scrap Ooze","player_choice":"Success","floor":3.0,"gold_loss":0.0,"damage_taken":35.0,"relics_obtained":["Tough Bandages"]},{"cards_removed":["Strike_G"],"damage_healed":0.0,"max_hp_gain":0.0,"max_hp_loss":0.0,"gold_gain":0.0,"event_name":"Bonfire Elementals","player_choice":"Offered Basic","floor":4.0,"gold_loss":0.0,"damage_taken":0.0},{"cards_removed":["Strike_G"],"damage_healed":0.0,"max_hp_gain":0.0,"max_hp_loss":0.0,"gold_gain":0.0,"event_name":"Golden Wing","player_choice":"Card Removal","floor":13.0,"gold_loss":0.0,"damage_taken":7.0},{"cards_removed":["Strike_G"],"damage_healed":0.0,"max_hp_gain":0.0,"max_hp_loss":0.0,"gold_gain":0.0,"event_name":"Back to Basics","player_choice":"Elegance","floor":21.0,"gold_loss":0.0,"damage_taken":0.0},{"damage_healed":0.0,"max_hp_gain":0.0,"max_hp_loss":0.0,"gold_gain":0.0,"event_name":"Ghosts","player_choice":"Ignored","floor":22.0,"gold_loss":0.0,"damage_taken":0.0},{"damage_healed":0.0,"max_hp_gain":5.0,"max_hp_loss":0.0,"gold_gain":0.0,"event_name":"Forgotten Altar","player_choice":"Shed Blood","floor":27.0,"gold_loss":0.0,"damage_taken":23.0},{"damage_healed":0.0,"max_hp_gain":0.0,"max_hp_loss":0.0,"gold_gain":0.0,"event_name":"Mysterious Sphere","player_choice":"Fight","floor":37.0,"gold_loss":0.0,"damage_taken":0.0},{"damage_healed":0.0,"max_hp_gain":0.0,"max_hp_loss":0.0,"gold_gain":0.0,"event_name":"SecretPortal","player_choice":"Ignored","floor":40.0,"gold_loss":0.0,"damage_taken":0.0}],"is_beta":false,"boss_relics":[{"not_picked":["Philosopher\u0027s Stone","Coffee Dripper"],"picked":"Tiny House"},{"not_picked":["Orrery","Lizard Tail"],"picked":"Empty Cage"}],"items_purged_floors":[2,19,55],"is_endless":false,"potions_floor_spawned":[1,14,16,18,20,25,28,31,36,37,46,48,49,56],"ascension_level":20}