{"gold_per_floor":[116,130,148,148,73,73,73,73,73,105,125,50,6,22,22,22],"floor_reached":16,"playtime":513,"items_purged":["Strike_G"],"score":185,"play_id":"3085cffc-d0d3-4db4-87b2-47a97d0a8589","local_time":"20181113122313","is_ascension_mode":true,"campfire_choices":[{"data":"Finisher","floor":6,"key":"SMITH"},{"data":"Neutralize","floor":8,"key":"SMITH"},{"floor":15,"key":"REST"}],"neow_cost":"NONE","seed_source_timestamp":4092840620918,"circlet_count":0,"master_deck":["AscendersBane","Defend_G","Defend_G","Defend_G","Defend_G","Defend_G","Strike_G","Survivor","Neutralize+1","Infinite Blades","All Out Attack","Finisher+1","Footwork","Heel Hook","Infinite Blades+1"],"relics":["Ring of the Snake","Frozen Egg 2","Thread and Needle","Ancient Tea Set"],"potions_floor_usage":[16],"damage_taken":[{"damage":4,"enemies":"Jaw Worm","floor":1,"turns":6},{"damage":4,"enemies":"Small Slimes","floor":2,"turns":3},{"damage":0,"enemies":"2 Louse","floor":3,"turns":3},{"damage":17,"enemies":"3 Sentries","floor":10,"turns":9},{"damage":0,"enemies":"Exordium Thugs","floor":11,"turns":6},{"damage":1,"enemies":"Lots of Slimes","floor":14,"turns":4},{"damage":32,"enemies":"Slime Boss","floor":16,"turns":8}],"seed_played":"-3072936683430623151","potions_obtained":[{"floor":2,"key":"Energy Potion"},{"floor":11,"key":"Weak Potion"}],"is_trial":false,"path_per_floor":["M","M","M","?","?","R","?","R","T","E","M","$","$","M","R","B"],"character_chosen":"THE_SILENT","items_purchased":["Infinite Blades+1"],"campfire_rested":1,"item_purchase_floors":[13],"current_hp_per_floor":[55,51,51,33,33,33,26,26,26,9,9,9,9,8,27,0],"gold":22,"neow_bonus":"TRANSFORM_CARD","is_prod":false,"is_daily":false,"chose_seed":false,"campfire_upgraded":2,"win_rate":0,"timestamp":1542082993,"path_taken":["M","M","M","?","?","R","?","R","T","E","M","?","$","M","R","BOSS"],"build_version":"2018-11-08","purchased_purges":1,"victory":false,"max_hp_per_floor":[66,66,66,66,66,66,66,66,66,66,66,66,66,66,66,66],"card_choices":[{"not_picked":["Outmaneuver","Poisoned Stab"],"picked":"All Out Attack","floor":1},{"not_picked":["Blade Dance","Bane"],"picked":"Finisher","floor":2},{"not_picked":["Bane","Quick Slash"],"picked":"Footwork","floor":3},{"not_picked":["Slice","Expertise"],"picked":"Heel Hook","floor":10},{"not_picked":["Riddle With Holes","Deflect","Acrobatics"],"picked":"SKIP","floor":11},{"not_picked":["Deadly Poison","Deflect","Setup"],"picked":"SKIP","floor":14}],"player_experience":1040987,"relics_obtained":[{"floor":9,"key":"Thread and Needle"},{"floor":10,"key":"Ancient Tea Set"}],"event_choices":[{"damage_healed":0,"gold_gain":0,"player_choice":"Success","damage_taken":18,"relics_obtained":["Frozen Egg 2"],"max_hp_gain":0,"max_hp_loss":0,"event_name":"Scrap Ooze","floor":4,"gold_loss":0},{"cards_removed":["Strike_G"],"damage_healed":0,"gold_gain":0,"player_choice":"Card Removal","damage_taken":0,"max_hp_gain":0,"max_hp_loss":0,"event_name":"The Cleric","floor":5,"gold_loss":75},{"cards_removed":["Strike_G"],"damage_healed":0,"gold_gain":0,"player_choice":"Card Removal","damage_taken":7,"max_hp_gain":0,"max_hp_loss":0,"event_name":"Golden Wing","floor":7,"gold_loss":0}],"is_beta":true,"boss_relics":[],"items_purged_floors":[12],"is_endless":false,"potions_floor_spawned":[2,11],"killed_by":"Slime Boss","ascension_level":17}