{"path_per_floor":["M","?","$","M","?","R","E","M","T","?","?","M","R","T","R","B",null,"M","$","?","?","?","E","R","M","T","E","R","M","R","M","R","B",null,"M","?","?","M","$","E","R","T","T","$","E","M","R","?","R","B"],"character_chosen":"THE_SILENT","items_purchased":["Shuriken","Bag of Preparation","Ice Cream"],"gold_per_floor":[363,363,34,54,54,54,86,98,122,122,143,157,157,181,181,279,279,291,191,291,291,291,318,318,336,336,361,361,373,373,384,384,483,483,499,545,545,558,281,310,310,337,337,24,56,68,68,68,68,68],"floor_reached":51,"campfire_rested":6,"playtime":2021,"current_hp_per_floor":[63,63,63,59,64,64,32,27,27,13,2,2,22,22,42,18,68,63,63,63,51,51,30,51,53,53,44,44,35,58,57,57,52,89,91,61,61,63,63,53,82,82,82,82,83,70,70,70,102,51],"items_purged":["Strike_G","Strike_G","Injury"],"gold":68,"score":1015,"play_id":"b84e0875-0941-44b2-80e1-6971fdb4d6d7","local_time":"20180330173401","is_prod":false,"is_daily":false,"is_ascension_mode":true,"campfire_upgraded":4,"timestamp":1522402441,"path_taken":["M","?","$","M","?","R","E","M","T","?","?","M","R","?","R","BOSS","M","$","?","?","?","E","R","M","T","E","R","M","R","M","R","BOSS","M","?","?","M","$","E","R","?","T","$","E","M","R","?","R","BOSS"],"build_version":"2018-03-29","purchased_purges":3,"victory":true,"master_deck":["Defend_G","Defend_G","Defend_G","Strike_G+1","Strike_G+1","Neutralize+1","Well Laid Plans+1","Dagger Throw+1","Cloak And Dagger+1","Grand Finale+1","Reflex+1","Prepared+1","Eviscerate+1","Riddle With Holes+1","Escape Plan+1","Terror+1"],"max_hp_per_floor":[63,63,63,63,68,68,68,68,68,68,68,68,68,68,68,68,68,68,68,68,73,73,73,73,75,75,77,77,77,77,79,79,81,89,91,93,93,95,95,97,97,97,97,97,99,101,101,101,103,103],"relics":["Ring of the Snake","Shuriken","Ancient Tea Set","Vajra","Odd Mushroom","Anchor","Astrolabe","Singing Bowl","Bottled Tornado","Whetstone","Orrery","Unceasing Top","Bag of Preparation","Snake Skull","Bag of Marbles","Dream Catcher","Ice Cream","Blue Candle"],"card_choices":[{"not_picked":["Prepared","Flying Knee"],"picked":"Well Laid Plans","floor":4.0},{"not_picked":["Heel Hook","Phantasmal Killer"],"picked":"Dagger Throw","floor":7.0},{"not_picked":["Dodge and Roll","Underhanded Strike"],"picked":"Cloak And Dagger","floor":12.0},{"not_picked":["Tools of the Trade","After Image"],"picked":"Grand Finale","floor":16.0},{"not_picked":["Acrobatics","Noxious Fumes"],"picked":"Riddle With Holes","floor":23.0},{"not_picked":["Sucker Punch","Predator"],"picked":"Escape Plan","floor":29.0},{"not_picked":["Prepared","Expertise"],"picked":"Terror","floor":34.0}],"player_experience":356054,"potions_floor_usage":[50,50,50],"damage_taken":[{"damage":0.0,"enemies":"Cultist","floor":1.0,"turns":5.0},{"damage":4.0,"enemies":"Jaw Worm","floor":4.0,"turns":4.0},{"damage":32.0,"enemies":"Lagavulin","floor":7.0,"turns":7.0},{"damage":5.0,"enemies":"2 Louse","floor":8.0,"turns":4.0},{"damage":11.0,"enemies":"The Mushroom Lair","floor":11.0,"turns":4.0},{"damage":0.0,"enemies":"Blue Slaver","floor":12.0,"turns":4.0},{"damage":24.0,"enemies":"Hexaghost","floor":16.0,"turns":11.0},{"damage":5.0,"enemies":"2 Thieves","floor":18.0,"turns":4.0},{"damage":21.0,"enemies":"Slavers","floor":23.0,"turns":3.0},{"damage":0.0,"enemies":"Chosen","floor":25.0,"turns":2.0},{"damage":11.0,"enemies":"Book of Stabbing","floor":27.0,"turns":4.0},{"damage":9.0,"enemies":"Centurion and Healer","floor":29.0,"turns":3.0},{"damage":3.0,"enemies":"Snake Plant","floor":31.0,"turns":2.0},{"damage":7.0,"enemies":"Collector","floor":33.0,"turns":5.0},{"damage":0.0,"enemies":"3 Shapes","floor":35.0,"turns":3.0},{"damage":32.0,"enemies":"…Ò√ÿ‘≤«Ú","floor":36.0,"turns":3.0},{"damage":0.0,"enemies":"Orb Walker","floor":38.0,"turns":2.0},{"damage":12.0,"enemies":"Nemesis","floor":40.0,"turns":3.0},{"damage":1,"enemies":"2 Orb Walkers","floor":45,"turns":2},{"damage":15,"enemies":"Maw","floor":46,"turns":5},{"damage":51,"enemies":"Awakened One","floor":50,"turns":5}],"event_choices":[{"event_name":"Living Wall","player_choice":"Change","floor":2.0,"damage_taken":0.0},{"event_name":"Big Fish","player_choice":"Donut","floor":5.0,"damage_taken":0.0},{"event_name":"Shining Light","player_choice":"Entered Light","floor":10.0,"damage_taken":0.0},{"event_name":"Mushrooms","player_choice":"Fought Mushrooms","floor":11.0,"damage_taken":0.0},{"event_name":"Golden Shrine","player_choice":"Pray","floor":20.0,"damage_taken":0.0},{"event_name":"Forgotten Altar","player_choice":"Shed Blood","floor":21.0,"damage_taken":0.0},{"event_name":"Drug Dealer","player_choice":"Ignored","floor":22.0,"damage_taken":0.0},{"event_name":"Mysterious Sphere","player_choice":"Fight","floor":36.0,"damage_taken":0.0},{"event_name":"Accursed Blacksmith","player_choice":"Forge","floor":37.0,"damage_taken":0.0}],"boss_relics":[],"potions_floor_spawned":[7,8,16,18,27,29,35,45,46],"seed_played":"1807457187099107256","ascension_level":3,"is_trial":false}