{"gold_per_floor":[114,114,125,125,137,137,149,74,74,85,85,85,85,85,85,157,157,172,0,16,16,35,35,35,35,35,45,64,78,106,121,121,196,196,209,149,149,168,168,168,197,1,1,1,1,20,40,59,59,59,59,59,31,60,60],"floor_reached":56,"playtime":3640,"items_purged":["Crippling Poison","Bullet Time+1"],"score":2093,"play_id":"bdfcf1b9-c8bf-4398-ab88-a6b4e5bf155d","local_time":"20190216015124","is_ascension_mode":true,"campfire_choices":[{"data":"Neutralize","floor":6.0,"key":"SMITH"},{"data":"Deadly Poison","floor":11.0,"key":"SMITH"},{"data":"Well Laid Plans","floor":13.0,"key":"SMITH"},{"floor":15.0,"key":"REST"},{"data":"Concentrate","floor":23.0,"key":"SMITH"},{"data":"Acrobatics","floor":32.0,"key":"SMITH"},{"data":"Acrobatics","floor":40.0,"key":"SMITH"},{"data":"Catalyst","floor":45.0,"key":"SMITH"},{"floor":49.0,"key":"RECALL"},{"data":"Reflex","floor":52.0,"key":"SMITH"}],"neow_cost":"PERCENT_DAMAGE","seed_source_timestamp":279796616885209,"circlet_count":0,"master_deck":["AscendersBane","Defend_G+1","Survivor+1","Neutralize+1","Well Laid Plans+1","Deadly Poison+1","Backflip+1","Die Die Die+1","Acrobatics+1","Concentrate+1","After Image","Acrobatics+1","Catalyst+1","Well Laid Plans","After Image","Reflex+1","Heel Hook","Footwork+1","Tactician"],"special_seed":0,"relics":["Ring of the Snake","Ginger","Orichalcum","Astrolabe","The Courier","Question Card","Empty Cage","Vajra","Oddly Smooth Stone","Prayer Wheel","Frozen Egg 2","Snake Skull"],"potions_floor_usage":[],"damage_taken":[{"damage":4.0,"enemies":"Small Slimes","floor":1.0,"turns":4.0},{"damage":0.0,"enemies":"Cultist","floor":3.0,"turns":5.0},{"damage":0.0,"enemies":"2 Louse","floor":5.0,"turns":4.0},{"damage":3.0,"enemies":"2 Fungi Beasts","floor":7.0,"turns":5.0},{"damage":4.0,"enemies":"Blue Slaver","floor":10.0,"turns":4.0},{"damage":0.0,"enemies":"The Guardian","floor":16.0,"turns":11.0},{"damage":1.0,"enemies":"3 Byrds","floor":18.0,"turns":5.0},{"damage":0.0,"enemies":"Shell Parasite","floor":20.0,"turns":5.0},{"damage":10.0,"enemies":"Snake Plant","floor":22.0,"turns":5.0},{"damage":1.0,"enemies":"3 Cultists","floor":27.0,"turns":7.0},{"damage":3.0,"enemies":"Centurion and Healer","floor":28.0,"turns":8.0},{"damage":0.0,"enemies":"Snecko","floor":29.0,"turns":6.0},{"damage":11.0,"enemies":"Slavers","floor":30.0,"turns":9.0},{"damage":15.0,"enemies":"Cultist and Chosen","floor":31.0,"turns":7.0},{"damage":0.0,"enemies":"Champ","floor":33.0,"turns":8.0},{"damage":16.0,"enemies":"3 Shapes","floor":35.0,"turns":5.0},{"damage":8.0,"enemies":"3 Darklings","floor":38.0,"turns":6.0},{"damage":0.0,"enemies":"Nemesis","floor":41.0,"turns":7.0},{"damage":5.0,"enemies":"Jaw Worm Horde","floor":46.0,"turns":3.0},{"damage":0.0,"enemies":"Maw","floor":47.0,"turns":4.0},{"damage":0.0,"enemies":"Spire Growth","floor":48.0,"turns":3.0},{"damage":13.0,"enemies":"Donu and Deca","floor":50.0,"turns":6.0},{"damage":5.0,"enemies":"Shield and Spear","floor":54.0,"turns":5.0},{"damage":21,"enemies":"The Heart","floor":55,"turns":6}],"seed_played":"3849342025030610716","potions_obtained":[{"floor":3.0,"key":"Explosive Potion"},{"floor":4.0,"key":"GamblersBrew"},{"floor":20.0,"key":"GhostInAJar"},{"floor":30.0,"key":"Fire Potion"},{"floor":31.0,"key":"EssenceOfSteel"},{"floor":35.0,"key":"Energy Potion"},{"floor":47.0,"key":"Weak Potion"}],"is_trial":false,"path_per_floor":["M","?","M","?","M","R","M","?","T","M","R","?","R","?","R","B",null,"M","?","M","T","M","R","$","?","T","M","M","M","E","M","R","B",null,"M","$","?","M","?","R","E","$","T","?","R","M","M","M","R","B",null,"R","$","E","B",null],"character_chosen":"THE_SILENT","items_purchased":["Oddly Smooth Stone","Footwork+1"],"campfire_rested":1,"item_purchase_floors":[42,53],"current_hp_per_floor":[40,40,40,40,40,40,37,37,37,33,33,13,13,6,25,25,56,55,55,55,55,45,45,45,45,45,44,41,41,30,15,15,15,53,37,37,37,29,54,54,54,54,54,54,54,49,49,49,49,36,50,50,50,45,24],"gold":60,"neow_bonus":"ONE_RARE_RELIC","is_prod":false,"is_daily":false,"chose_seed":false,"campfire_upgraded":8,"win_rate":0,"timestamp":1550253084,"path_taken":["M","?","?","?","M","R","?","?","T","M","R","?","R","?","R","BOSS","M","?","M","?","M","R","?","?","T","M","M","?","E","M","R","BOSS","M","$","?","M","?","R","E","$","T","?","R","?","M","M","R","BOSS","R","$","E","BOSS"],"build_version":"2019-01-23","purchased_purges":2,"victory":true,"max_hp_per_floor":[66,66,66,66,66,66,66,66,66,66,66,66,66,66,66,66,66,66,66,66,66,66,66,66,66,66,66,66,66,66,66,66,66,66,66,66,66,66,54,54,54,54,54,54,54,54,54,54,54,54,54,54,54,54,54],"card_choices":[{"not_picked":["Deflect","Quick Slash"],"picked":"Well Laid Plans","floor":1.0},{"not_picked":["Backflip","Slice","Flying Knee"],"picked":"SKIP","floor":3.0},{"not_picked":["Bane","Slice"],"picked":"Deadly Poison","floor":5.0},{"not_picked":["Dagger Throw","Well Laid Plans"],"picked":"Crippling Poison","floor":7.0},{"not_picked":["Infinite Blades","Unload","Terror"],"picked":"SKIP","floor":10.0},{"not_picked":["Underhanded Strike","Dagger Spray","Dagger Throw+1"],"picked":"SKIP","floor":18.0},{"not_picked":["Sucker Punch","Dagger Spray+1"],"picked":"Acrobatics","floor":20.0},{"not_picked":["Bane","Deflect"],"picked":"Concentrate","floor":22.0},{"not_picked":["Blur","Finisher","Infinite Blades"],"picked":"SKIP","floor":27.0},{"not_picked":["Poisoned Stab","Underhanded Strike","Backflip"],"picked":"SKIP","floor":28.0},{"not_picked":["Predator","Corpse Explosion"],"picked":"Acrobatics","floor":29.0},{"not_picked":["Deadly Poison","Masterful Stab"],"picked":"Catalyst","floor":30.0},{"not_picked":["Accuracy","Well Laid Plans","Choke","Dagger Throw"],"picked":"SKIP","floor":31.0},{"not_picked":["Accuracy","Choke","Dagger Throw"],"picked":"Well Laid Plans","floor":31.0},{"not_picked":["Tools of the Trade","Malaise","Bullet Time"],"picked":"After Image","floor":33.0},{"not_picked":["Underhanded Strike","Dash+1","Outmaneuver","Prepared+1"],"picked":"SKIP","floor":35.0},{"not_picked":["Prepared+1","Flying Knee","Deflect"],"picked":"Reflex","floor":38.0},{"not_picked":["Well Laid Plans","Bane","Bouncing Flask"],"picked":"Heel Hook","floor":41.0},{"not_picked":["Flechettes","Backflip","Finisher","Slice"],"picked":"SKIP","floor":46.0},{"not_picked":["Escape Plan","Slice","Dodge and Roll+1","Cloak And Dagger"],"picked":"SKIP","floor":46.0},{"not_picked":["Skewer","Backstab","Bouncing Flask+1","Dagger Throw"],"picked":"SKIP","floor":47.0},{"not_picked":["Bane+1","Acrobatics","Quick Slash","Burst"],"picked":"SKIP","floor":47.0},{"not_picked":["Backflip","Acrobatics","Dagger Spray+1","Dodge and Roll"],"picked":"SKIP","floor":48.0},{"not_picked":["Setup+1","Blade Dance","Dodge and Roll","Underhanded Strike"],"picked":"SKIP","floor":48.0},{"not_picked":["Quick Slash","Dodge and Roll","Deflect"],"picked":"Tactician","floor":54.0}],"player_experience":775055,"relics_obtained":[{"floor":9.0,"key":"Orichalcum"},{"floor":26.0,"key":"The Courier"},{"floor":30.0,"key":"Question Card"},{"floor":41.0,"key":"Vajra"},{"floor":43.0,"key":"Prayer Wheel"},{"floor":54.0,"key":"Snake Skull"}],"event_choices":[{"cards_removed":["Strike_G"],"damage_healed":0.0,"max_hp_gain":0.0,"max_hp_loss":0.0,"gold_gain":0.0,"event_name":"Purifier","player_choice":"Purged","floor":2.0,"gold_loss":0.0,"damage_taken":0.0},{"damage_healed":0.0,"max_hp_gain":0.0,"max_hp_loss":0.0,"gold_gain":0.0,"event_name":"Lab","player_choice":"Got Potions","floor":4.0,"gold_loss":0.0,"damage_taken":0.0},{"cards_removed":["Strike_G"],"damage_healed":0.0,"max_hp_gain":0.0,"max_hp_loss":0.0,"gold_gain":0.0,"event_name":"The Cleric","player_choice":"Card Removal","floor":8.0,"gold_loss":75.0,"damage_taken":0.0},{"damage_healed":0.0,"max_hp_gain":0.0,"max_hp_loss":0.0,"gold_gain":0.0,"event_name":"Shining Light","player_choice":"Entered Light","floor":12.0,"gold_loss":0.0,"damage_taken":20.0,"cards_upgraded":["Defend_G","Survivor"]},{"cards_removed":["Strike_G"],"damage_healed":0.0,"max_hp_gain":0.0,"max_hp_loss":0.0,"gold_gain":0.0,"event_name":"Golden Wing","player_choice":"Card Removal","floor":14.0,"gold_loss":0.0,"damage_taken":7.0},{"damage_healed":0.0,"max_hp_gain":0.0,"max_hp_loss":0.0,"gold_gain":0.0,"event_name":"Masked Bandits","player_choice":"Paid Fearfully","floor":19.0,"gold_loss":172.0,"damage_taken":0.0},{"damage_healed":0.0,"max_hp_gain":0.0,"max_hp_loss":0.0,"gold_gain":0.0,"cards_transformed":["Defend_G"],"event_name":"Transmorgrifier","player_choice":"Transformed","floor":25.0,"gold_loss":0.0,"damage_taken":0.0,"cards_obtained":["After Image"]},{"damage_healed":0.0,"max_hp_gain":0.0,"max_hp_loss":0.0,"gold_gain":0.0,"event_name":"Mysterious Sphere","player_choice":"Ignored","floor":37.0,"gold_loss":0.0,"damage_taken":0.0},{"damage_healed":54.0,"max_hp_gain":0.0,"max_hp_loss":12.0,"gold_gain":0.0,"event_name":"The Moai Head","player_choice":"Heal","floor":39.0,"gold_loss":0.0,"damage_taken":0.0},{"damage_healed":0.0,"max_hp_gain":0.0,"max_hp_loss":0.0,"gold_gain":0.0,"event_name":"WeMeetAgain","player_choice":"Gave Potion","floor":44.0,"gold_loss":0.0,"damage_taken":0.0,"relics_obtained":["Frozen Egg 2"]}],"is_beta":false,"boss_relics":[{"not_picked":["HoveringKite","Philosopher\u0027s Stone"],"picked":"Astrolabe"},{"not_picked":["Ring of the Serpent","Lizard Tail"],"picked":"Empty Cage"}],"items_purged_floors":[36,42],"is_endless":false,"potions_floor_spawned":[3,5,20,28,30,31,35,47],"ascension_level":15}