{"gold_per_floor":[113,113,126,201,201,201,233,252,252,252],"floor_reached":10,"playtime":122,"items_purged":[],"score":182,"play_id":"a6b25be3-2e16-4d70-9b33-343bfc15c3ec","local_time":"20190116095210","is_ascension_mode":true,"campfire_choices":[{"data":"Neutralize","floor":6,"key":"SMITH"}],"neow_cost":"NONE","seed_source_timestamp":1447478380703,"circlet_count":0,"master_deck":["AscendersBane","Defend_G","Defend_G","Defend_G","Defend_G","Defend_G","Strike_G","Strike_G","Strike_G","Strike_G","Strike_G","Survivor","Neutralize+1","Reflex","Well Laid Plans","Prepared"],"relics":["Ring of the Snake","NeowsBlessing","Letter Opener","Sundial","Blue Candle"],"potions_floor_usage":[],"damage_taken":[{"damage":0,"enemies":"Cultist","floor":1,"turns":1},{"damage":0,"enemies":"2 Louse","floor":3,"turns":1},{"damage":0,"enemies":"Gremlin Nob","floor":7,"turns":1},{"damage":8,"enemies":"Jaw Worm","floor":8,"turns":5},{"damage":0,"enemies":"Large Slime","floor":10,"turns":3}],"seed_played":"-7570102675430782710","potions_obtained":[{"floor":7,"key":"Dexterity Potion"}],"is_trial":false,"path_per_floor":["M","T","M","?","?","R","E","M","T","M"],"character_chosen":"THE_SILENT","items_purchased":[],"campfire_rested":0,"item_purchase_floors":[],"current_hp_per_floor":[59,59,59,48,13,13,13,5,5,5],"gold":252,"neow_bonus":"THREE_ENEMY_KILL","is_prod":false,"is_daily":false,"chose_seed":false,"campfire_upgraded":1,"win_rate":0,"timestamp":1547603530,"path_taken":["M","?","?","?","?","R","E","M","T","M"],"build_version":"2019-01-14v2","purchased_purges":0,"victory":false,"max_hp_per_floor":[66,66,66,66,66,66,66,66,66,66],"card_choices":[{"not_picked":["Bane","Quick Slash"],"picked":"Reflex","floor":1},{"not_picked":["Backstab","Quick Slash","Poisoned Stab"],"picked":"SKIP","floor":3},{"not_picked":["Envenom","Setup"],"picked":"Well Laid Plans","floor":7},{"not_picked":["Masterful Stab","Dodge and Roll"],"picked":"Prepared","floor":8}],"player_experience":1287143,"relics_obtained":[{"floor":7,"key":"Sundial"},{"floor":9,"key":"Blue Candle"}],"event_choices":[{"damage_healed":0,"gold_gain":75,"player_choice":"Gather Gold","damage_taken":11,"max_hp_gain":0,"max_hp_loss":0,"event_name":"World of Goop","floor":4,"gold_loss":0},{"damage_healed":0,"gold_gain":0,"player_choice":"Success","damage_taken":35,"relics_obtained":["Letter Opener"],"max_hp_gain":0,"max_hp_loss":0,"event_name":"Scrap Ooze","floor":5,"gold_loss":0}],"is_beta":true,"boss_relics":[],"items_purged_floors":[],"is_endless":false,"potions_floor_spawned":[7],"killed_by":"Large Slime","ascension_level":20}