{"gold_per_floor":[111,186,196,214,231,231,243,274,274,309,309,327,327,4,4,102,102,121,132,148,148,168,168,184,184,233,249,259,259,270,290,290,394,394,405,415,434,414,414,414,414,414,441,459,470,489,764,95,95,95],"floor_reached":50,"playtime":4390,"items_purged":["Strike_B","Regret"],"score":907,"play_id":"e9f980d2-aef1-4646-b31b-05fc03e67857","local_time":"20181011123842","is_ascension_mode":true,"campfire_choices":[{"data":"Hyperbeam","floor":6,"key":"SMITH"},{"data":"Hyperbeam","floor":11,"key":"SMITH"},{"data":"Coolheaded","floor":13,"key":"SMITH"},{"data":"Zap","floor":15,"key":"SMITH"},{"floor":23,"key":"REST"},{"floor":25,"key":"REST"},{"floor":29,"key":"REST"},{"data":"Creative AI","floor":32,"key":"SMITH"},{"floor":40,"key":"REST"},{"data":"Hyperbeam","floor":42,"key":"SMITH"},{"floor":49,"key":"REST"}],"neow_cost":"TEN_PERCENT_HP_LOSS","seed_source_timestamp":379201734922,"circlet_count":0,"master_deck":["Strike_B","Strike_B","Strike_B","Defend_B","Defend_B","Defend_B","Defend_B","Zap+1","Dualcast","AscendersBane","Hyperbeam+1","Coolheaded+1","Melter","Hyperbeam+1","Turbo","Chill","Machine Learning","Hyperbeam+1","Creative AI+1","White Noise","Conserve Battery","Auto Shields","White Noise","BootSequence","Stack+1","Leap","Glacier","Sunder+1","Hyperbeam+1","Chaos+1","Force Field+1","Machine Learning","Consume+1","Coolheaded+1","Mayhem"],"relics":["Cracked Core","PreservedInsect","Gremlin Horn","Happy Flower","DollysMirror","Runic Dome","DataDisk","Eternal Feather","Anchor","Orichalcum","Toy Ornithopter"],"potions_floor_usage":[8,10,16,16,19,27,27,28,37,45,45,50],"damage_taken":[{"damage":0,"enemies":"Cultist","floor":1,"turns":2},{"damage":0,"enemies":"2 Louse","floor":3,"turns":3},{"damage":3,"enemies":"Small Slimes","floor":4,"turns":3},{"damage":0,"enemies":"Gremlin Gang","floor":5,"turns":1},{"damage":12,"enemies":"Lots of Slimes","floor":7,"turns":2},{"damage":20,"enemies":"Lagavulin","floor":8,"turns":4},{"damage":0,"enemies":"3 Sentries","floor":10,"turns":2},{"damage":6,"enemies":"Looter","floor":12,"turns":2},{"damage":2,"enemies":"Hexaghost","floor":16,"turns":13},{"damage":0,"enemies":"Spheric Guardian","floor":18,"turns":2},{"damage":1,"enemies":"Chosen","floor":19,"turns":3},{"damage":0,"enemies":"Sentry and Sphere","floor":20,"turns":2},{"damage":32,"enemies":"Centurion and Healer","floor":22,"turns":3},{"damage":26,"enemies":"Snake Plant","floor":24,"turns":4},{"damage":0,"enemies":"Snecko","floor":27,"turns":4},{"damage":0,"enemies":"Shelled Parasite and Fungi","floor":28,"turns":5},{"damage":8,"enemies":"Centurion and Healer","floor":30,"turns":8},{"damage":0,"enemies":"Sentry and Sphere","floor":31,"turns":2},{"damage":0,"enemies":"Champ","floor":33,"turns":48},{"damage":1,"enemies":"3 Shapes","floor":35,"turns":2},{"damage":0,"enemies":"3 Darklings","floor":36,"turns":2},{"damage":65,"enemies":"Transient","floor":37,"turns":5},{"damage":0,"enemies":"Reptomancer","floor":44,"turns":3},{"damage":23,"enemies":"Spire Growth","floor":45,"turns":5},{"damage":10,"enemies":"Maw","floor":46,"turns":14},{"damage":74,"enemies":"Donu and Deca","floor":50,"turns":11}],"seed_played":"2378138730488633728","potions_obtained":[{"floor":3,"key":"PowerPotion"},{"floor":5,"key":"SteroidPotion"},{"floor":8,"key":"Fruit Juice"},{"floor":16,"key":"Fire Potion"},{"floor":18,"key":"FearPotion"},{"floor":19,"key":"FearPotion"},{"floor":20,"key":"Block Potion"},{"floor":27,"key":"SkillPotion"},{"floor":28,"key":"Energy Potion"},{"floor":33,"key":"FearPotion"},{"floor":38,"key":"Block Potion"},{"floor":46,"key":"Fire Potion"}],"is_trial":false,"path_per_floor":["M","?","M","M","M","R","M","E","T","E","R","M","R","$","R","B",null,"M","M","M","?","M","R","M","R","T","M","M","R","M","M","R","B",null,"M","M","M","?","?","R","?","R","T","M","M","M","?","$","R"],"character_chosen":"DEFECT","items_purchased":["DollysMirror","PowerPotion","PowerPotion","Orichalcum","Mayhem","Toy Ornithopter"],"campfire_rested":5,"item_purchase_floors":[14,14,48,48,48,48],"current_hp_per_floor":[68,57,57,54,54,54,42,22,22,27,27,21,21,21,21,19,60,60,59,59,59,27,48,22,43,43,43,43,64,56,56,56,56,69,68,68,3,3,3,42,42,60,60,60,37,27,27,27,68,0],"gold":95,"neow_bonus":"THREE_RARE_CARDS","is_prod":false,"is_daily":false,"chose_seed":false,"campfire_upgraded":6,"win_rate":0,"timestamp":1539232722,"path_taken":["M","?","M","M","M","R","M","E","T","E","R","?","R","$","R","BOSS","M","?","?","?","M","R","M","R","T","M","M","R","M","M","R","BOSS","M","M","?","?","?","R","?","R","T","M","?","M","?","$","R","BOSS"],"build_version":"2018-10-04v2","purchased_purges":2,"victory":false,"max_hp_per_floor":[68,68,68,68,68,68,68,68,68,73,73,73,73,73,73,73,73,73,73,73,73,73,73,73,73,73,73,73,73,73,73,73,73,73,73,73,73,73,73,73,69,69,69,69,69,69,69,69,69,69],"card_choices":[{"not_picked":["Buffer","Meteor Strike"],"picked":"Hyperbeam","floor":0},{"not_picked":["Leap","Redo"],"picked":"Coolheaded","floor":1},{"not_picked":["Doom and Gloom","Barrage","Rebound"],"picked":"SKIP","floor":3},{"not_picked":["Steam","Cold Snap"],"picked":"Melter","floor":4},{"not_picked":["Stack","Barrage"],"picked":"Hyperbeam","floor":5},{"not_picked":["Compile Driver","Barrage"],"picked":"Turbo","floor":7},{"not_picked":["Steam","Rebound"],"picked":"Chill","floor":8},{"not_picked":["Steam Power","Rebound","Stack"],"picked":"SKIP","floor":10},{"not_picked":["Redo","Reprogram"],"picked":"Machine Learning","floor":12},{"not_picked":["Meteor Strike","Seek"],"picked":"Creative AI","floor":16},{"not_picked":["Loop","Force Field"],"picked":"White Noise","floor":18},{"not_picked":["Barrage","Go for the Eyes"],"picked":"Conserve Battery","floor":19},{"not_picked":["Hologram","Redo"],"picked":"Auto Shields","floor":20},{"not_picked":["Reinforced Body","Steam Power"],"picked":"BootSequence","floor":22},{"not_picked":["Double Energy","Compile Driver"],"picked":"Stack+1","floor":24},{"not_picked":["Cold Snap+1","Chaos"],"picked":"Leap","floor":27},{"not_picked":["Static Discharge","Beam Cell+1"],"picked":"Glacier","floor":28},{"not_picked":["Leap","Skim"],"picked":"Sunder+1","floor":30},{"not_picked":["Cold Snap","Chaos","Rebound"],"picked":"SKIP","floor":31},{"not_picked":["Reboot","Echo Form"],"picked":"Hyperbeam","floor":33},{"not_picked":["Barrage+1","Storm+1"],"picked":"Chaos+1","floor":35},{"not_picked":["Barrage","Hologram"],"picked":"Force Field+1","floor":36},{"not_picked":["Steam+1","Blizzard+1"],"picked":"Machine Learning","floor":37},{"not_picked":["Lockon+1","Conserve Battery","Gash+1"],"picked":"SKIP","floor":44},{"not_picked":["Storm+1","Turbo+1"],"picked":"Consume+1","floor":45},{"not_picked":["Beam Cell","Go for the Eyes+1"],"picked":"Coolheaded+1","floor":46}],"player_experience":96359,"relics_obtained":[{"floor":8,"key":"PreservedInsect"},{"floor":9,"key":"Gremlin Horn"},{"floor":10,"key":"Happy Flower"},{"floor":26,"key":"DataDisk"},{"floor":43,"key":"Anchor"}],"event_choices":[{"event_name":"World of Goop","player_choice":"Gather Gold","floor":2,"damage_taken":0},{"event_name":"The Library","player_choice":"Read","floor":21,"damage_taken":0},{"event_name":"The Woman in Blue","player_choice":"Bought 1 Potion","floor":38,"damage_taken":0},{"event_name":"Mysterious Sphere","player_choice":"Ignore","floor":39,"damage_taken":0},{"event_name":"Winding Halls","player_choice":"Max HP","floor":41,"damage_taken":0},{"event_name":"Golden Shrine","player_choice":"Desecrate","floor":47,"damage_taken":0}],"is_beta":false,"boss_relics":[{"not_picked":["Astrolabe","Nuclear Battery"],"picked":"Runic Dome"},{"not_picked":["Lizard Tail","Black Star"],"picked":"Eternal Feather"}],"items_purged_floors":[14,48],"is_endless":false,"potions_floor_spawned":[3,5,8,16,18,19,20,27,28,33,35,46],"killed_by":"Donu and Deca","ascension_level":11}