{"gold_per_floor":[117,127,140,140,65,65,92,92,138,151,184,184,184,203,203,279,279,290,310,210,210,85,97,97,97,97,97,115,115,135,147,147,224,224,238,251,251,262,262,262,292,292,292,105,105,122,122,140,140,140,140,140,140,140,167,167],"floor_reached":56,"playtime":2712,"items_purged":["Strike_B","Strike_B","Strike_B","Defend_B"],"score":1874,"play_id":"00c4a619-2b4d-4e4d-9dad-add625afdedc","local_time":"20190203131402","is_ascension_mode":true,"campfire_choices":[{"data":"Dualcast","floor":6.0,"key":"SMITH"},{"data":"Zap","floor":8.0,"key":"SMITH"},{"data":"Fission","floor":13.0,"key":"SMITH"},{"data":"Static Discharge","floor":15.0,"key":"SMITH"},{"data":"Static Discharge","floor":24.0,"key":"SMITH"},{"data":"Thunder Strike","floor":29.0,"key":"SMITH"},{"data":"Tempest","floor":32.0,"key":"SMITH"},{"data":"Reinforced Body","floor":40.0,"key":"SMITH"},{"data":"Hologram","floor":42.0,"key":"SMITH"},{"floor":49.0,"key":"RECALL"},{"data":"Madness","floor":53.0,"key":"SMITH"}],"neow_cost":"TEN_PERCENT_HP_LOSS","seed_source_timestamp":4687351118456,"circlet_count":0,"master_deck":["AscendersBane","Zap+1","Dualcast+1","Consume+1","Conserve Battery","Tempest+1","Reinforced Body+1","Hologram+1","Fission+1","Static Discharge+1","Thunder Strike+1","Ball Lightning","J.A.X.","Static Discharge+1","Self Repair","Seek","Fission+1","Skim+1","BootSequence","Finesse","PanicButton","Bandage Up","Chill","Madness","Madness+1","Tempest"],"special_seed":0,"relics":["Cracked Core","Dead Branch","Centennial Puzzle","PreservedInsect","Bag of Marbles","Bag of Preparation","Sozu","Astrolabe","Ancient Tea Set","Lantern","Art of War"],"potions_floor_usage":[56,56],"damage_taken":[{"damage":2.0,"enemies":"Jaw Worm","floor":1.0,"turns":3.0},{"damage":1.0,"enemies":"Cultist","floor":2.0,"turns":3.0},{"damage":7.0,"enemies":"Small Slimes","floor":3.0,"turns":3.0},{"damage":30.0,"enemies":"Lagavulin","floor":7.0,"turns":6.0},{"damage":1.0,"enemies":"2 Fungi Beasts","floor":10.0,"turns":4.0},{"damage":7.0,"enemies":"Gremlin Nob","floor":11.0,"turns":3.0},{"damage":0.0,"enemies":"Blue Slaver","floor":14.0,"turns":2.0},{"damage":7.0,"enemies":"Hexaghost","floor":16.0,"turns":4.0},{"damage":1.0,"enemies":"2 Thieves","floor":18.0,"turns":2.0},{"damage":9.0,"enemies":"Shell Parasite","floor":19.0,"turns":2.0},{"damage":0.0,"enemies":"Snecko","floor":23.0,"turns":4.0},{"damage":13.0,"enemies":"3 Cultists","floor":28.0,"turns":2.0},{"damage":1.0,"enemies":"Cultist and Chosen","floor":30.0,"turns":5.0},{"damage":13.0,"enemies":"Shelled Parasite and Fungi","floor":31.0,"turns":2.0},{"damage":12.0,"enemies":"Automaton","floor":33.0,"turns":5.0},{"damage":0.0,"enemies":"3 Shapes","floor":35.0,"turns":1.0},{"damage":0.0,"enemies":"Orb Walker","floor":36.0,"turns":1.0},{"damage":4.0,"enemies":"Maw","floor":38.0,"turns":4.0},{"damage":3.0,"enemies":"Giant Head","floor":41.0,"turns":4.0},{"damage":0.0,"enemies":"3 Darklings","floor":46.0,"turns":1.0},{"damage":3.0,"enemies":"4 Shapes","floor":48.0,"turns":3.0},{"damage":49.0,"enemies":"Awakened One","floor":50.0,"turns":7.0},{"damage":22.0,"enemies":"Donu and Deca","floor":51.0,"turns":5.0},{"damage":0.0,"enemies":"Shield and Spear","floor":55.0,"turns":1.0},{"damage":60,"enemies":"The Heart","floor":56,"turns":4}],"seed_played":"1317344771253490160","potions_obtained":[{"floor":1.0,"key":"Poison Potion"},{"floor":10.0,"key":"SpeedPotion"},{"floor":11.0,"key":"Regen Potion"}],"is_trial":false,"path_per_floor":["M","M","M","?","$","R","E","R","T","M","E","?","R","M","R","B",null,"M","M","$","?","$","M","R","?","T","?","M","R","M","M","R","B",null,"M","M","?","M","?","R","E","R","T","$","?","M","?","M","R","B","B",null,"R","$","E","B"],"character_chosen":"DEFECT","items_purchased":["Chill"],"campfire_rested":0,"item_purchase_floors":[44],"current_hp_per_floor":[62,61,54,54,54,54,24,24,24,23,16,11,11,11,11,4,49,48,39,39,39,39,39,39,39,39,39,26,26,32,26,26,21,53,53,60,50,50,50,50,64,64,64,64,52,52,52,60,60,22,4,49,49,49,49,2],"gold":167,"neow_bonus":"ONE_RARE_RELIC","is_prod":false,"is_daily":false,"chose_seed":false,"campfire_upgraded":10,"win_rate":0,"timestamp":1549170842,"path_taken":["M","M","M","?","$","R","E","R","T","?","E","?","R","M","R","BOSS","M","M","$","?","$","M","R","?","T","?","?","R","M","M","R","BOSS","M","M","?","M","?","R","E","R","T","$","?","M","?","M","R","BOSS","BOSS","R","$","E","BOSS"],"build_version":"2019-01-23","purchased_purges":4,"victory":false,"max_hp_per_floor":[64,64,64,64,64,64,64,64,64,64,64,64,64,64,64,64,64,64,64,64,64,64,64,64,64,64,64,64,64,64,64,64,64,64,64,64,64,64,64,64,64,64,64,64,64,64,64,64,64,64,64,64,64,64,64,64],"card_choices":[{"not_picked":["Reinforced Body","Steam"],"picked":"Consume","floor":1.0},{"not_picked":["Skim","Blizzard"],"picked":"Conserve Battery","floor":2.0},{"not_picked":["Cold Snap","Heatsinks"],"picked":"Tempest","floor":3.0},{"not_picked":["Compile Driver","Sweeping Beam"],"picked":"Reinforced Body","floor":7.0},{"not_picked":["Darkness","Compile Driver"],"picked":"Hologram","floor":10.0},{"not_picked":["Go for the Eyes","Reinforced Body"],"picked":"Fission","floor":11.0},{"not_picked":["Hologram","Redo"],"picked":"Static Discharge","floor":14.0},{"not_picked":["Hyperbeam","Electrodynamics"],"picked":"Thunder Strike","floor":16.0},{"not_picked":["Gash","Hologram","Sweeping Beam"],"picked":"SKIP","floor":18.0},{"not_picked":["Rebound","Stack"],"picked":"Ball Lightning","floor":19.0},{"not_picked":["Hologram","Reprogram"],"picked":"Static Discharge","floor":23.0},{"not_picked":["Undo","Skim+1"],"picked":"Self Repair","floor":28.0},{"not_picked":["Capacitor+1","Steam Power","Hyperbeam"],"picked":"SKIP","floor":30.0},{"not_picked":["Coolheaded","Conserve Battery","Stack"],"picked":"SKIP","floor":31.0},{"not_picked":["Reboot","Machine Learning"],"picked":"Seek","floor":33.0},{"not_picked":["Sunder","Ball Lightning","Compile Driver"],"picked":"SKIP","floor":35.0},{"not_picked":["Coolheaded","BootSequence","Defragment"],"picked":"SKIP","floor":36.0},{"not_picked":["Coolheaded","Defragment"],"picked":"BootSequence","floor":36.0},{"not_picked":["Discovery","Good Instincts"],"picked":"Finesse","floor":37.0},{"not_picked":["Enlightenment","Blind"],"picked":"PanicButton","floor":37.0},{"not_picked":["Discovery","Mayhem"],"picked":"Bandage Up","floor":37.0},{"not_picked":["Doom and Gloom","Compile Driver","Turbo"],"picked":"SKIP","floor":38.0},{"not_picked":["Redo","Reprogram","Barrage"],"picked":"SKIP","floor":41.0},{"not_picked":["Compile Driver","Coolheaded","Cold Snap"],"picked":"SKIP","floor":46.0},{"not_picked":["Gash","Lockon+1","Redo"],"picked":"SKIP","floor":48.0},{"not_picked":["Steam","Rainbow"],"picked":"Tempest","floor":55.0}],"player_experience":2474154,"relics_obtained":[{"floor":7.0,"key":"Centennial Puzzle"},{"floor":9.0,"key":"PreservedInsect"},{"floor":11.0,"key":"Bag of Marbles"},{"floor":41.0,"key":"Ancient Tea Set"},{"floor":43.0,"key":"Lantern"},{"floor":55.0,"key":"Art of War"}],"event_choices":[{"damage_healed":0.0,"max_hp_gain":0.0,"max_hp_loss":0.0,"gold_gain":0.0,"event_name":"Upgrade Shrine","player_choice":"Upgraded","floor":4.0,"gold_loss":0.0,"damage_taken":0.0,"cards_upgraded":["Consume"]},{"damage_healed":0.0,"max_hp_gain":0.0,"max_hp_loss":0.0,"gold_gain":0.0,"event_name":"Scrap Ooze","player_choice":"Success","floor":12.0,"gold_loss":0.0,"damage_taken":5.0,"relics_obtained":["Bag of Preparation"]},{"damage_healed":0.0,"max_hp_gain":0.0,"max_hp_loss":0.0,"gold_gain":0.0,"event_name":"Drug Dealer","player_choice":"Obtain J.A.X.","floor":21.0,"gold_loss":0.0,"damage_taken":0.0,"cards_obtained":["J.A.X."]},{"damage_healed":0.0,"max_hp_gain":0.0,"max_hp_loss":0.0,"gold_gain":0.0,"event_name":"Vampires","player_choice":"Ignored","floor":25.0,"gold_loss":0.0,"damage_taken":0.0},{"cards_removed":["Defend_B"],"damage_healed":0.0,"max_hp_gain":0.0,"max_hp_loss":0.0,"gold_gain":0.0,"event_name":"Bonfire Elementals","player_choice":"Offered Basic","floor":27.0,"gold_loss":0.0,"damage_taken":0.0},{"damage_healed":0.0,"max_hp_gain":0.0,"max_hp_loss":0.0,"gold_gain":0.0,"event_name":"SensoryStone","player_choice":"Memory 3","floor":37.0,"gold_loss":0.0,"damage_taken":10.0},{"damage_healed":0.0,"max_hp_gain":0.0,"max_hp_loss":0.0,"gold_gain":0.0,"event_name":"Mysterious Sphere","player_choice":"Ignored","floor":39.0,"gold_loss":0.0,"damage_taken":0.0},{"damage_healed":0.0,"max_hp_gain":0.0,"max_hp_loss":0.0,"gold_gain":0.0,"event_name":"Winding Halls","player_choice":"Embrace Madness","floor":45.0,"gold_loss":0.0,"damage_taken":12.0,"cards_obtained":["Madness","Madness"]},{"cards_removed":["Rip and Tear"],"damage_healed":0.0,"max_hp_gain":0.0,"max_hp_loss":0.0,"gold_gain":0.0,"event_name":"Falling","player_choice":"Removed Attack","floor":47.0,"gold_loss":0.0,"damage_taken":0.0}],"is_beta":false,"boss_relics":[{"not_picked":["Velvet Choker","FrozenCore"],"picked":"Sozu"},{"not_picked":["Calling Bell","Lizard Tail"],"picked":"Astrolabe"}],"items_purged_floors":[5,20,22,44],"is_endless":false,"potions_floor_spawned":[1,10,11,14,16,23,28,30,35,36,38,55],"killed_by":"The Heart","ascension_level":20}