{"path_per_floor":["M","M","?","M","M","E","R","E","T","E","M","M","R","M","R","B",null,"M","M","?","?","?","R","E","?","T","R","M","R"],"character_chosen":"THE_SILENT","items_purchased":[],"gold_per_floor":[114,126,126,147,162,201,201,245,245,285,309,334,334,355,355,479,479,500,515,515,515,440,440,473,573,573,573,592,592,592],"floor_reached":30,"campfire_rested":2,"playtime":986,"current_hp_per_floor":[63,62,62,62,62,39,39,30,30,11,10,9,30,30,30,28,61,55,55,55,55,55,55,18,18,18,18,12,33,0],"items_purged":[],"gold":592,"score":365,"play_id":"b1900e92-18d7-41cf-9198-f84e6f22f11e","local_time":"20180414222557","is_prod":false,"is_daily":false,"chose_seed":false,"is_ascension_mode":true,"campfire_upgraded":4,"timestamp":1523715957,"path_taken":["M","M","?","M","M","E","R","E","T","E","M","?","R","M","R","BOSS","M","M","?","?","?","R","E","?","T","R","M","R","E"],"build_version":"2018-04-12","seed_source_timestamp":42960576685449,"purchased_purges":0,"victory":false,"master_deck":["Defend_G","Defend_G","Defend_G","Defend_G","Defend_G","Strike_G","Strike_G","Strike_G","Strike_G","Survivor","Neutralize+1","Endless Agony","Terror+1","Quick Slash","Cloak And Dagger","Malaise+1","All Out Attack","Dagger Throw","Venomology","Unload","Prepared+1","Blur","Endless Agony","Backstab","Calculated Gamble","After Image","Concentrate","Acrobatics"],"max_hp_per_floor":[70,70,65,65,65,72,72,72,72,72,72,72,72,72,72,72,72,72,72,72,72,72,72,72,72,72,72,72,72,72],"relics":["Ring of the Snake","Golden Idol","Strawberry","Art of War","The Courier","Tingsha","Orrery","Ancient Tea Set","Dodecahedron"],"card_choices":[{"not_picked":["PiercingWail","Bouncing Flask"],"picked":"Endless Agony","floor":1},{"not_picked":["Dagger Throw","Finisher"],"picked":"Terror","floor":2},{"not_picked":["PiercingWail","Dodge and Roll"],"picked":"Slice","floor":4},{"not_picked":["Footwork","Flying Knee"],"picked":"Quick Slash","floor":5},{"not_picked":["Outmaneuver","A Thousand Cuts"],"picked":"Cloak And Dagger","floor":6},{"not_picked":["Bouncing Flask","Flying Knee"],"picked":"Malaise","floor":8},{"not_picked":["Infinite Blades","Dagger Throw"],"picked":"All Out Attack","floor":10},{"not_picked":["Quick Slash","Terror"],"picked":"Dagger Throw","floor":12},{"not_picked":["Crippling Poison","Poisoned Stab"],"picked":"Venomology","floor":14},{"not_picked":["Corpse Explosion","A Thousand Cuts"],"picked":"Unload","floor":16},{"not_picked":["Deflect","Bouncing Flask"],"picked":"Prepared","floor":17},{"not_picked":["Eviscerate","Deflect"],"picked":"Blur","floor":17},{"not_picked":["Cloak And Dagger","Dagger Throw"],"picked":"Endless Agony","floor":17},{"not_picked":["Slice","Blade Dance"],"picked":"Backstab","floor":17},{"not_picked":["Dagger Throw","Eviscerate"],"picked":"Calculated Gamble","floor":18},{"not_picked":["Flying Knee","Outmaneuver"],"picked":"After Image","floor":19},{"not_picked":["Eviscerate","Dagger Spray"],"picked":"Concentrate","floor":24},{"not_picked":["Distraction","Blur"],"picked":"Acrobatics","floor":28}],"player_experience":405066,"potions_floor_usage":[16,16,16,16,24,24,30],"damage_taken":[{"damage":0,"enemies":"2 Louse","floor":1,"turns":3},{"damage":1,"enemies":"Jaw Worm","floor":2,"turns":4},{"damage":0,"enemies":"Cultist","floor":4,"turns":3},{"damage":0,"enemies":"Large Slime","floor":5,"turns":4},{"damage":30,"enemies":"Gremlin Nob","floor":6,"turns":4},{"damage":9,"enemies":"3 Sentries","floor":8,"turns":9},{"damage":19,"enemies":"Lagavulin","floor":10,"turns":8},{"damage":1,"enemies":"Looter","floor":11,"turns":3},{"damage":1,"enemies":"Exordium Wildlife","floor":12,"turns":3},{"damage":0,"enemies":"Large Slime","floor":14,"turns":3},{"damage":2,"enemies":"Hexaghost","floor":16,"turns":9},{"damage":6,"enemies":"Shell Parasite","floor":18,"turns":6},{"damage":0,"enemies":"3 Byrds","floor":19,"turns":5},{"damage":37,"enemies":"Book of Stabbing","floor":24,"turns":5},{"damage":6,"enemies":"3 Cultists","floor":28,"turns":5},{"damage":33,"enemies":"Slavers","floor":30,"turns":2}],"event_choices":[{"event_name":"Golden Idol","player_choice":"Lose Max HP","floor":3,"damage_taken":0},{"event_name":"Ghosts","player_choice":"Ignored","floor":20,"damage_taken":0},{"event_name":"Back to Basics","player_choice":"Elegance","floor":21,"damage_taken":0},{"event_name":"Beggar","player_choice":"Gave Gold","floor":22,"damage_taken":0},{"event_name":"Golden Shrine","player_choice":"Pray","floor":25,"damage_taken":0}],"boss_relics":[{"not_picked":["White Beast Statue","Runic Pyramid"],"picked":"Orrery"}],"potions_floor_spawned":[1,5,6,12,14,28],"seed_played":"-5022333354986487939","killed_by":"Slavers","ascension_level":7,"is_trial":false}