{"gold_per_floor":[215,225,62,62,80,105,105,133,133,143,43,43,54,68,68,141,141,153,253,253,168,81,95,95,106,106,133,133,147,174,192,192,264,264,279,279,297,311,18,18,18,18,45,59,74,105,105,105,105,105,105,105,105,22,51,51],"floor_reached":57,"playtime":3536,"items_purged":["Strike_G","Strike_G","Strike_G"],"score":3239,"play_id":"af7209d2-8b1d-457f-aedf-b6ea5e0e3689","local_time":"20190601123952","is_ascension_mode":true,"campfire_choices":[{"data":"Predator","floor":7.0,"key":"SMITH"},{"data":"Well Laid Plans","floor":12.0,"key":"SMITH"},{"data":"Bullet Time","floor":15.0,"key":"SMITH"},{"data":"Catalyst","floor":24.0,"key":"SMITH"},{"data":"Bouncing Flask","floor":28.0,"key":"SMITH"},{"data":"Tactician","floor":32.0,"key":"SMITH"},{"data":"Wraith Form v2","floor":40,"key":"SMITH"},{"data":"Purity","floor":42,"key":"SMITH"},{"data":"Acrobatics","floor":47,"key":"SMITH"},{"floor":49,"key":"RECALL"},{"data":"Concentrate","floor":53,"key":"SMITH"}],"neow_cost":"NONE","seed_source_timestamp":48571237563342,"circlet_count":0,"master_deck":["AscendersBane","Defend_G","Defend_G","Defend_G","Defend_G","Defend_G","Survivor","Neutralize+1","Terror","Footwork","Well Laid Plans+1","Predator+1","Catalyst+1","Blur","Bullet Time+1","After Image","Backflip","Crippling Poison","Footwork","Bouncing Flask+1","Deadly Poison+1","Corpse Explosion","Leg Sweep","Acrobatics+1","Tactician+1","Wraith Form v2+1","Purity+1","Concentrate+1","Leg Sweep"],"special_seed":0,"relics":["Ring of the Snake","Anchor","Incense Burner","Gremlin Horn","Runic Pyramid","FossilizedHelix","Bottled Flame","Regal Pillow","Orichalcum","Pantograph","Snecko Eye","Potion Belt","Bronze Scales","Molten Egg 2","Blue Candle"],"potions_floor_usage":[55,56,56,56,56],"damage_taken":[{"damage":1.0,"enemies":"Cultist","floor":1.0,"turns":5.0},{"damage":0.0,"enemies":"2 Louse","floor":2.0,"turns":3.0},{"damage":0.0,"enemies":"Small Slimes","floor":5.0,"turns":4.0},{"damage":24.0,"enemies":"Gremlin Nob","floor":6.0,"turns":4.0},{"damage":5.0,"enemies":"3 Sentries","floor":8.0,"turns":10.0},{"damage":1.0,"enemies":"Looter","floor":10.0,"turns":2.0},{"damage":1.0,"enemies":"Exordium Thugs","floor":13.0,"turns":5.0},{"damage":0.0,"enemies":"Blue Slaver","floor":14.0,"turns":8.0},{"damage":0.0,"enemies":"Slime Boss","floor":16.0,"turns":7.0},{"damage":0.0,"enemies":"2 Thieves","floor":18.0,"turns":5.0},{"damage":0.0,"enemies":"Colosseum Slavers","floor":19.0,"turns":12.0},{"damage":0.0,"enemies":"Colosseum Nobs","floor":19.0,"turns":8.0},{"damage":0.0,"enemies":"Spheric Guardian","floor":23.0,"turns":6.0},{"damage":0.0,"enemies":"Centurion and Healer","floor":25.0,"turns":7.0},{"damage":0.0,"enemies":"Book of Stabbing","floor":27.0,"turns":6.0},{"damage":0.0,"enemies":"Chosen and Byrds","floor":29.0,"turns":3.0},{"damage":0.0,"enemies":"Gremlin Leader","floor":30.0,"turns":7.0},{"damage":14.0,"enemies":"Shelled Parasite and Fungi","floor":31.0,"turns":5.0},{"damage":0.0,"enemies":"Champ","floor":33.0,"turns":8.0},{"damage":0.0,"enemies":"Orb Walker","floor":35.0,"turns":3.0},{"damage":0,"enemies":"3 Shapes","floor":37,"turns":3},{"damage":0,"enemies":"Spire Growth","floor":38,"turns":3},{"damage":9,"enemies":"3 Darklings","floor":44,"turns":3},{"damage":0,"enemies":"Transient","floor":45,"turns":6},{"damage":0,"enemies":"Giant Head","floor":46,"turns":7},{"damage":2,"enemies":"Time Eater","floor":50,"turns":9},{"damage":0,"enemies":"Awakened One","floor":51,"turns":13},{"damage":0,"enemies":"Shield and Spear","floor":55,"turns":6},{"damage":44,"enemies":"The Heart","floor":56,"turns":11}],"seed_played":"-394134015586083928","potions_obtained":[{"floor":2.0,"key":"FearPotion"},{"floor":6.0,"key":"LiquidBronze"},{"floor":8.0,"key":"EssenceOfSteel"},{"floor":13.0,"key":"Fire Potion"},{"floor":16.0,"key":"Swift Potion"},{"floor":19.0,"key":"AttackPotion"},{"floor":27.0,"key":"LiquidBronze"},{"floor":31.0,"key":"Energy Potion"},{"floor":38,"key":"Block Potion"},{"floor":44,"key":"PowerPotion"},{"floor":55,"key":"Strength Potion"}],"is_trial":false,"path_per_floor":["M","M","$","?","M","E","R","E","T","M","$","R","M","M","R","B",null,"M","?","?","?","$","M","R","M","T","E","R","M","E","M","R","B",null,"M","?","M","M","$","R","?","R","T","M","M","E","R","?","R","B","B",null,"R","$","E","B",null],"character_chosen":"THE_SILENT","items_purchased":["Footwork","Bouncing Flask","Potion Belt","GhostInAJar"],"campfire_rested":0,"item_purchase_floors":[3,22,39,54],"current_hp_per_floor":[58,58,58,58,58,34,34,29,29,28,28,28,27,27,27,27,56,56,56,56,56,56,56,56,56,56,56,56,56,56,42,42,66,66,66,66,66,66,66,66,66,66,66,57,57,57,57,57,57,61,63,63,63,63,63,19],"gold":51,"neow_bonus":"HUNDRED_GOLD","is_prod":false,"is_daily":false,"chose_seed":false,"campfire_upgraded":10,"win_rate":0,"timestamp":1559363992,"path_taken":["M","?","$","?","?","E","R","E","T","M","$","R","M","M","R","BOSS","M","?","?","?","$","M","R","M","T","E","R","M","E","M","R","BOSS","M","?","M","M","$","R","?","R","T","M","M","E","R","?","R","BOSS","BOSS","R","$","E","BOSS"],"build_version":"2019-01-23","purchased_purges":3,"victory":true,"max_hp_per_floor":[66,66,66,66,66,66,66,66,66,66,66,66,66,66,66,66,66,66,66,66,66,66,66,66,66,66,66,66,66,66,66,66,66,66,66,66,66,66,66,66,66,66,66,66,66,66,66,63,63,63,63,63,63,63,63,63],"card_choices":[{"not_picked":["Acrobatics","Cloak And Dagger"],"picked":"Dash","floor":1.0},{"not_picked":["Backflip","PiercingWail"],"picked":"Terror","floor":2.0},{"not_picked":["Prepared","Distraction"],"picked":"Well Laid Plans","floor":5.0},{"not_picked":["Quick Slash","Terror"],"picked":"Predator","floor":6.0},{"not_picked":["Poisoned Stab","Backflip"],"picked":"Catalyst","floor":8.0},{"not_picked":["Distraction","Acrobatics"],"picked":"Blur","floor":10.0},{"not_picked":["Outmaneuver","Heel Hook","Dodge and Roll"],"picked":"SKIP","floor":13.0},{"not_picked":["Slice","Heel Hook"],"picked":"Bullet Time","floor":14.0},{"not_picked":["Burst","Doppelganger"],"picked":"After Image","floor":16.0},{"not_picked":["Sucker Punch","Outmaneuver"],"picked":"Backflip","floor":18.0},{"not_picked":["Masterful Stab","Distraction","Concentrate"],"picked":"SKIP","floor":23.0},{"not_picked":["Backflip","Setup"],"picked":"Deadly Poison+1","floor":25.0},{"not_picked":["Masterful Stab","Dagger Throw"],"picked":"Corpse Explosion","floor":27.0},{"not_picked":["PiercingWail","Distraction"],"picked":"Leg Sweep","floor":29.0},{"not_picked":["Bane","Cloak And Dagger"],"picked":"Acrobatics","floor":30.0},{"not_picked":["Slice+1","Accuracy"],"picked":"Tactician","floor":31.0},{"not_picked":["Doppelganger","Bullet Time"],"picked":"Wraith Form v2","floor":33.0},{"not_picked":["Bane","Deadly Poison","Cloak And Dagger"],"picked":"SKIP","floor":35.0},{"not_picked":["PanicButton","Violence"],"picked":"Purity","floor":36},{"not_picked":["PiercingWail","Deflect+1"],"picked":"Concentrate","floor":37},{"not_picked":["Blade Dance+1","Deadly Poison+1","Acrobatics+1"],"picked":"SKIP","floor":38},{"not_picked":["Reflex+1","Dodge and Roll","Corpse Explosion"],"picked":"SKIP","floor":44},{"not_picked":["Leg Sweep","Poisoned Stab","Footwork"],"picked":"SKIP","floor":45},{"not_picked":["Leg Sweep","Poisoned Stab","Footwork"],"picked":"SKIP","floor":45},{"not_picked":["Poisoned Stab","Footwork"],"picked":"Leg Sweep","floor":45},{"not_picked":["Dodge and Roll+1","Cloak And Dagger+1","Calculated Gamble"],"picked":"SKIP","floor":46},{"not_picked":["Sucker Punch+1","All Out Attack+1","Tactician"],"picked":"SKIP","floor":55}],"player_experience":4954590,"relics_obtained":[{"floor":6.0,"key":"Anchor"},{"floor":8.0,"key":"Incense Burner"},{"floor":9.0,"key":"Gremlin Horn"},{"floor":19.0,"key":"FossilizedHelix"},{"floor":19.0,"key":"Bottled Flame"},{"floor":27.0,"key":"Orichalcum"},{"floor":30.0,"key":"Pantograph"},{"floor":43,"key":"Bronze Scales"},{"floor":46,"key":"Molten Egg 2"},{"floor":55,"key":"Blue Candle"}],"event_choices":[{"damage_healed":0.0,"max_hp_gain":0.0,"max_hp_loss":0.0,"gold_gain":0.0,"event_name":"Upgrade Shrine","player_choice":"Upgraded","floor":4.0,"gold_loss":0.0,"damage_taken":0.0,"cards_upgraded":["Neutralize"]},{"damage_healed":0.0,"max_hp_gain":0.0,"max_hp_loss":0.0,"gold_gain":0.0,"event_name":"Colosseum","player_choice":"Fight","floor":19.0,"gold_loss":0.0,"damage_taken":0.0},{"damage_healed":0.0,"max_hp_gain":0.0,"max_hp_loss":0.0,"gold_gain":0.0,"event_name":"Colosseum","player_choice":"Fought Nobs","floor":19.0,"gold_loss":0.0,"damage_taken":0.0},{"damage_healed":0.0,"max_hp_gain":0.0,"max_hp_loss":0.0,"gold_gain":0.0,"cards_transformed":["Strike_G","Strike_G"],"event_name":"Drug Dealer","player_choice":"Became Test Subject","floor":20.0,"gold_loss":0.0,"damage_taken":0.0,"cards_obtained":["Crippling Poison","Footwork"]},{"damage_healed":0.0,"max_hp_gain":0.0,"max_hp_loss":0.0,"gold_gain":0.0,"event_name":"Addict","player_choice":"Obtained Relic","floor":21.0,"gold_loss":85.0,"damage_taken":0.0,"relics_obtained":["Regal Pillow"]},{"damage_healed":0,"gold_gain":0,"player_choice":"Memory 1","damage_taken":0,"max_hp_gain":0,"max_hp_loss":0,"event_name":"SensoryStone","floor":36,"gold_loss":0},{"cards_removed":["Dash"],"damage_healed":0,"gold_gain":0,"player_choice":"Removed Attack","damage_taken":0,"max_hp_gain":0,"max_hp_loss":0,"event_name":"Falling","floor":41,"gold_loss":0},{"damage_healed":0,"gold_gain":0,"player_choice":"Max HP","damage_taken":0,"max_hp_gain":0,"max_hp_loss":3,"event_name":"Winding Halls","floor":48,"gold_loss":0}],"is_beta":false,"boss_relics":[{"not_picked":["Tiny House","Cursed Key"],"picked":"Runic Pyramid"},{"not_picked":["Calling Bell","Coffee Dripper"],"picked":"Snecko Eye"}],"items_purged_floors":[3,11,39],"is_endless":false,"potions_floor_spawned":[2,6,8,13,16,19,19,27,30,31,38,44,55],"ascension_level":20}