{"gold_per_floor":[109,109,64,64,78,91,105,115,115,58,93,93,105,125,125,204,204,223,148,148,48,48,79,98,131,131,147,182,200,200,261,261,338,338,352,352,0,0,13,113,113],"floor_reached":41,"playtime":1398,"items_purged":["Strike_G","Defend_G","Defend_G"],"score":1042,"play_id":"d0c4b067-eed0-468b-8eca-2a15440f24a4","local_time":"20190320201438","is_ascension_mode":true,"campfire_choices":[{"data":"Glass Knife","floor":12.0,"key":"SMITH"},{"data":"Neutralize","floor":15.0,"key":"SMITH"},{"data":"Well Laid Plans","floor":30.0,"key":"SMITH"},{"data":"Footwork","floor":32.0,"key":"SMITH"}],"neow_cost":"TEN_PERCENT_HP_LOSS","seed_source_timestamp":31238750870540,"circlet_count":0,"master_deck":["AscendersBane","Defend_G","Survivor","Neutralize+1","Well Laid Plans+1","Footwork+1","Glass Knife+1","Well Laid Plans","Infinite Blades","Endless Agony+1","PiercingWail+1","A Thousand Cuts+1","Grand Finale+1","Acrobatics+1","Tactician"],"special_seed":0,"relics":["Ring of the Snake","Blood Vial","Pen Nib","Molten Egg 2","Astrolabe","Mercury Hourglass","Torii","Pantograph","Tiny Chest","Fusion Hammer","Medical Kit","FossilizedHelix"],"potions_floor_usage":[],"damage_taken":[{"damage":0.0,"enemies":"2 Louse","floor":1.0,"turns":3.0},{"damage":0.0,"enemies":"Small Slimes","floor":5.0,"turns":5.0},{"damage":0.0,"enemies":"Jaw Worm","floor":6.0,"turns":6.0},{"damage":0.0,"enemies":"2 Fungi Beasts","floor":7.0,"turns":4.0},{"damage":14.0,"enemies":"Large Slime","floor":8.0,"turns":8.0},{"damage":18.0,"enemies":"Gremlin Nob","floor":11.0,"turns":4.0},{"damage":4.0,"enemies":"Looter","floor":13.0,"turns":3.0},{"damage":11.0,"enemies":"2 Fungi Beasts","floor":14.0,"turns":3.0},{"damage":1.0,"enemies":"Hexaghost","floor":16.0,"turns":10.0},{"damage":4.0,"enemies":"Spheric Guardian","floor":18.0,"turns":3.0},{"damage":4.0,"enemies":"Slavers","floor":23.0,"turns":2.0},{"damage":9.0,"enemies":"2 Thieves","floor":24.0,"turns":3.0},{"damage":0.0,"enemies":"Gremlin Leader","floor":25.0,"turns":3.0},{"damage":11.0,"enemies":"Sentry and Sphere","floor":27.0,"turns":4.0},{"damage":1.0,"enemies":"Book of Stabbing","floor":28.0,"turns":4.0},{"damage":1.0,"enemies":"Centurion and Healer","floor":29.0,"turns":2.0},{"damage":15.0,"enemies":"Slavers","floor":31.0,"turns":2.0},{"damage":11.0,"enemies":"Champ","floor":33.0,"turns":5.0},{"damage":0,"enemies":"3 Shapes","floor":35,"turns":3},{"damage":23,"enemies":"Orb Walker","floor":39,"turns":4},{"damage":0,"enemies":"Mind Bloom Boss Battle","floor":40,"turns":3},{"damage":58,"enemies":"Reptomancer","floor":41,"turns":2}],"seed_played":"7502752456588174218","potions_obtained":[{"floor":6.0,"key":"Weak Potion"},{"floor":11.0,"key":"GhostInAJar"},{"floor":18.0,"key":"Poison Potion"},{"floor":29.0,"key":"Swift Potion"},{"floor":39,"key":"Strength Potion"}],"is_trial":false,"path_per_floor":["M","?","$","?","M","M","M","M","T","$","E","R","M","M","R","B",null,"M","$","?","$","?","E","M","E","T","M","E","M","R","E","R","B",null,"M","?","$","?","M","?","E"],"character_chosen":"THE_SILENT","items_purchased":["Footwork","AttackPotion","Medical Kit"],"campfire_rested":0,"item_purchase_floors":[3,10,37],"current_hp_per_floor":[59,52,52,41,43,45,47,35,35,35,19,19,17,8,8,9,47,45,45,45,45,45,43,36,38,38,29,30,31,31,18,18,34,54,56,56,56,56,34,57,0],"gold":113,"neow_bonus":"REMOVE_TWO","is_prod":false,"is_daily":false,"chose_seed":false,"campfire_upgraded":4,"win_rate":0,"timestamp":1553084078,"path_taken":["M","?","$","?","M","M","M","?","T","$","E","R","M","M","R","BOSS","M","$","?","$","?","E","M","E","T","M","E","M","R","E","R","BOSS","M","?","$","?","M","?","E"],"build_version":"2019-01-23","purchased_purges":3,"victory":false,"max_hp_per_floor":[60,60,60,60,60,60,60,60,60,60,60,60,60,60,60,60,60,60,60,60,60,60,60,60,60,60,60,60,60,60,60,60,60,60,60,60,60,57,57,57,57],"card_choices":[{"not_picked":["Dodge and Roll","PiercingWail"],"picked":"Well Laid Plans","floor":1.0},{"not_picked":["Blade Dance","Outmaneuver","Dodge and Roll"],"picked":"SKIP","floor":5.0},{"not_picked":["Predator","Outmaneuver"],"picked":"Glass Knife","floor":6.0},{"not_picked":["Sucker Punch","Blade Dance","Finisher"],"picked":"SKIP","floor":7.0},{"not_picked":["Cloak And Dagger","Deflect"],"picked":"Well Laid Plans","floor":8.0},{"not_picked":["Dagger Spray","Bane","Blade Dance"],"picked":"SKIP","floor":11.0},{"not_picked":["Bane","Blade Dance"],"picked":"Dagger Spray","floor":11.0},{"not_picked":["Deflect","Dagger Spray+1"],"picked":"Infinite Blades","floor":13.0},{"not_picked":["Outmaneuver","Bane+1"],"picked":"Endless Agony+1","floor":14.0},{"not_picked":["Sucker Punch+1","Prepared"],"picked":"Acrobatics+1","floor":18.0},{"not_picked":["Finisher+1","Night Terror","Slice+1"],"picked":"SKIP","floor":23.0},{"not_picked":["Quick Slash+1","Infinite Blades+1","Caltrops"],"picked":"SKIP","floor":24.0},{"not_picked":["Heel Hook+1","Dagger Spray+1","Poisoned Stab+1"],"picked":"SKIP","floor":25.0},{"not_picked":["Footwork","Prepared+1","Dodge and Roll"],"picked":"SKIP","floor":27.0},{"not_picked":["Calculated Gamble","Finisher+1","Cloak And Dagger"],"picked":"SKIP","floor":28.0},{"not_picked":["Calculated Gamble","Finisher+1","Cloak And Dagger"],"picked":"SKIP","floor":28.0},{"not_picked":["Poisoned Stab+1","Cloak And Dagger","Finisher+1"],"picked":"SKIP","floor":29.0},{"not_picked":["Choke+1","Prepared","Predator+1"],"picked":"SKIP","floor":31.0},{"not_picked":["Quick Slash+1","Dagger Spray+1","Dodge and Roll"],"picked":"SKIP","floor":35},{"not_picked":["Outmaneuver","Deflect","Concentrate"],"picked":"SKIP","floor":39},{"not_picked":["Sucker Punch+1","Finisher+1"],"picked":"Tactician","floor":40}],"player_experience":3755276,"relics_obtained":[{"floor":9.0,"key":"Pen Nib"},{"floor":11.0,"key":"Molten Egg 2"},{"floor":23.0,"key":"Mercury Hourglass"},{"floor":25.0,"key":"Torii"},{"floor":28.0,"key":"Pantograph"},{"floor":31.0,"key":"Tiny Chest"},{"floor":40,"key":"FossilizedHelix"}],"event_choices":[{"cards_removed":["Strike_G"],"damage_healed":0.0,"max_hp_gain":0.0,"max_hp_loss":0.0,"gold_gain":0.0,"event_name":"Golden Wing","player_choice":"Card Removal","floor":2.0,"gold_loss":0.0,"damage_taken":7.0},{"damage_healed":0.0,"max_hp_gain":0.0,"max_hp_loss":0.0,"gold_gain":0.0,"event_name":"Scrap Ooze","player_choice":"Success","floor":4.0,"gold_loss":0.0,"damage_taken":11.0,"relics_obtained":["Blood Vial"]},{"cards_removed":["Defend_G"],"damage_healed":0.0,"max_hp_gain":0.0,"max_hp_loss":0.0,"gold_gain":0.0,"event_name":"Back to Basics","player_choice":"Elegance","floor":20.0,"gold_loss":0.0,"damage_taken":0.0},{"damage_healed":0.0,"max_hp_gain":0.0,"max_hp_loss":0.0,"gold_gain":0.0,"event_name":"Ghosts","player_choice":"Ignored","floor":22.0,"gold_loss":0.0,"damage_taken":0.0},{"damage_healed":0,"gold_gain":0,"player_choice":"Ignored","damage_taken":0,"max_hp_gain":0,"max_hp_loss":0,"event_name":"Tomb of Lord Red Mask","floor":36,"gold_loss":0},{"damage_healed":0,"gold_gain":0,"player_choice":"Max HP","damage_taken":0,"max_hp_gain":0,"max_hp_loss":3,"event_name":"Winding Halls","floor":38,"gold_loss":0},{"damage_healed":0,"gold_gain":0,"player_choice":"Fight","damage_taken":0,"max_hp_gain":0,"max_hp_loss":0,"event_name":"MindBloom","floor":40,"gold_loss":0}],"is_beta":false,"boss_relics":[{"not_picked":["Velvet Choker","Tiny House"],"picked":"Astrolabe"},{"not_picked":["Cursed Key","Pandora\u0027s Box"],"picked":"Fusion Hammer"}],"items_purged_floors":[19,21,37],"is_endless":false,"potions_floor_spawned":[6,11,13,14,18,23,25,29,39],"killed_by":"Reptomancer","ascension_level":20}