{"gold_per_floor":[109,128,203,203,220,220,254,267,290,290,68,122,122,122,122,122],"floor_reached":16,"playtime":289,"items_purged":["Strike_R"],"score":172,"play_id":"f1c67aa3-821e-4346-b99b-2022f5b8ae09","local_time":"20190220192231","is_ascension_mode":true,"campfire_choices":[{"data":"Flex","floor":6,"key":"SMITH"},{"data":"Spot Weakness","floor":10,"key":"SMITH"},{"data":"Cleave","floor":15,"key":"SMITH"}],"neow_cost":"NONE","seed_source_timestamp":257362516644361,"circlet_count":0,"master_deck":["AscendersBane","Strike_R","Strike_R","Strike_R","Defend_R","Defend_R","Defend_R","Bash+1","Sentinel","Flex+1","Power Through","Cleave+1","Spot Weakness+1","Limit Break+1"],"relics":["Burning Blood","Ancient Tea Set","Juzu Bracelet","Tiny Chest"],"potions_floor_usage":[5,7],"damage_taken":[{"damage":4,"enemies":"Small Slimes","floor":1,"turns":5},{"damage":11,"enemies":"2 Louse","floor":2,"turns":3},{"damage":1,"enemies":"Jaw Worm","floor":5,"turns":4},{"damage":28,"enemies":"Lagavulin","floor":7,"turns":8},{"damage":11,"enemies":"Blue Slaver","floor":8,"turns":5},{"damage":6,"enemies":"Hexaghost","floor":16,"turns":7}],"seed_played":"-5038589587581178243","potions_obtained":[{"floor":1,"key":"GamblersBrew"},{"floor":2,"key":"Block Potion"},{"floor":5,"key":"Fruit Juice"}],"is_trial":false,"path_per_floor":["M","M","?","?","M","R","E","M","T","R","$","T","?","?","R","B"],"character_chosen":"IRONCLAD","items_purchased":["Limit Break"],"campfire_rested":0,"item_purchase_floors":[11],"current_hp_per_floor":[70,65,54,47,57,57,35,30,30,30,30,30,30,6,6,0],"gold":122,"neow_bonus":"TRANSFORM_CARD","is_prod":false,"is_daily":false,"chose_seed":false,"campfire_upgraded":3,"win_rate":0,"timestamp":1550661751,"path_taken":["M","M","?","?","M","R","E","M","T","R","?","?","?","?","R","BOSS"],"build_version":"2019-01-23","purchased_purges":1,"victory":false,"max_hp_per_floor":[75,75,75,75,80,80,80,80,80,80,80,80,80,80,80,80],"card_choices":[{"not_picked":["Hemokinesis","Dropkick"],"picked":"Flex","floor":1},{"not_picked":["Cleave","Flex"],"picked":"Power Through","floor":2},{"not_picked":["Ghostly Armor","Cleave","Clothesline"],"picked":"SKIP","floor":5},{"not_picked":["Ghostly Armor","Clothesline"],"picked":"Cleave","floor":5},{"not_picked":["Bloodletting","Thunderclap"],"picked":"Spot Weakness","floor":7},{"not_picked":["Cleave","Clothesline","Perfected Strike"],"picked":"SKIP","floor":8}],"player_experience":868256,"relics_obtained":[{"floor":7,"key":"Ancient Tea Set"},{"floor":9,"key":"Juzu Bracelet"},{"floor":12,"key":"Tiny Chest"}],"event_choices":[{"damage_healed":0,"gold_gain":75,"player_choice":"Gather Gold","damage_taken":11,"max_hp_gain":0,"max_hp_loss":0,"event_name":"World of Goop","floor":3,"gold_loss":0},{"cards_removed":["Defend_R"],"damage_healed":0,"gold_gain":0,"player_choice":"Card Removal","damage_taken":7,"max_hp_gain":0,"max_hp_loss":0,"event_name":"Golden Wing","floor":4,"gold_loss":0},{"damage_healed":0,"gold_gain":0,"player_choice":"Ignored","damage_taken":0,"max_hp_gain":0,"max_hp_loss":0,"event_name":"Liars Game","floor":13,"gold_loss":0},{"damage_healed":0,"gold_gain":0,"player_choice":"Entered Light","damage_taken":24,"max_hp_gain":0,"max_hp_loss":0,"event_name":"Shining Light","floor":14,"gold_loss":0,"cards_upgraded":["Bash","Limit Break"]}],"is_beta":false,"boss_relics":[],"items_purged_floors":[11],"is_endless":false,"potions_floor_spawned":[1,2,5],"killed_by":"Hexaghost","ascension_level":15}