{"gold_per_floor":[119,119,119,130,140,140,158,176,176,192,202,52,52,77,77,180,180,195,120,175,194,226,226,243,243,243,243,243,108,108,108,108,203,203,216,438,462,189,241,241,91,91,115,115,134,134,134,44,44,44],"floor_reached":51,"playtime":1982,"items_purged":["Strike_B","Strike_B","Strike_B+1","Defend_B"],"score":689,"play_id":"7ac942ed-35de-4769-8bf6-429878449dee","local_time":"20190616124554","is_ascension_mode":false,"campfire_choices":[{"data":"Sunder","floor":6.0,"key":"SMITH"},{"data":"Loop","floor":13.0,"key":"SMITH"},{"data":"Dualcast","floor":15.0,"key":"SMITH"},{"data":"Buffer","floor":23,"key":"SMITH"},{"data":"Multi-Cast","floor":25,"key":"SMITH"},{"data":"Hologram","floor":27,"key":"SMITH"},{"data":"Loop","floor":32,"key":"SMITH"},{"data":"Biased Cognition","floor":40,"key":"SMITH"},{"data":"Amplify","floor":42,"key":"SMITH"},{"data":"FTL","floor":44,"key":"SMITH"},{"data":"Undo","floor":49,"key":"SMITH"}],"neow_cost":"TEN_PERCENT_HP_LOSS","seed_source_timestamp":16800117192021,"circlet_count":0,"master_deck":["Defend_B","Zap+1","Dualcast+1","Hologram+1","Chill","Sunder+1","Glacier+1","Undo+1","Loop+1","FTL+1","Multi-Cast+1","Buffer+1","Conserve Battery+1","Beam Cell+1","Amplify+1","Loop+1","Biased Cognition+1","Darkness+1","BootSequence","White Noise+1"],"special_seed":0,"relics":["Cracked Core","Meat on the Bone","DataDisk","Dream Catcher","Runic Pyramid","Tiny Chest","Red Mask","WingedGreaves","Orrery","Whetstone","Bag of Preparation","Blood Vial","Lantern"],"potions_floor_usage":[18,50,50],"damage_taken":[{"damage":0.0,"enemies":"Small Slimes","floor":1.0,"turns":2.0},{"damage":0.0,"enemies":"Jaw Worm","floor":4.0,"turns":3.0},{"damage":0.0,"enemies":"Cultist","floor":5.0,"turns":3.0},{"damage":0.0,"enemies":"Looter","floor":7.0,"turns":3.0},{"damage":0.0,"enemies":"Large Slime","floor":8.0,"turns":3.0},{"damage":0.0,"enemies":"3 Louse","floor":10.0,"turns":2.0},{"damage":0.0,"enemies":"Looter","floor":11.0,"turns":3.0},{"damage":0.0,"enemies":"3 Sentries","floor":14.0,"turns":6.0},{"damage":47.0,"enemies":"Hexaghost","floor":16.0,"turns":9.0},{"damage":0,"enemies":"Spheric Guardian","floor":18,"turns":3},{"damage":0,"enemies":"Shell Parasite","floor":21,"turns":5},{"damage":7,"enemies":"Masked Bandits","floor":22,"turns":4},{"damage":2,"enemies":"Snake Plant","floor":24,"turns":3},{"damage":14,"enemies":"Collector","floor":33,"turns":17},{"damage":1,"enemies":"3 Darklings","floor":35,"turns":8},{"damage":0,"enemies":"Orb Walker","floor":45,"turns":4},{"damage":20,"enemies":"Awakened One","floor":50,"turns":10}],"seed_played":"-8886724730152585410","potions_obtained":[{"floor":7.0,"key":"Poison Potion"},{"floor":10.0,"key":"LiquidBronze"},{"floor":16.0,"key":"SkillPotion"},{"floor":24,"key":"SteroidPotion"},{"floor":45,"key":"SkillPotion"}],"is_trial":false,"path_per_floor":["M","?","?","M","M","R","M","M","T","M","M","$","R","E","R","B",null,"M","$","T","M","?","R","M","R","T","R","?","$","?","$","R","B",null,"M","?","T","$","T","R","$","R","T","R","M","$","?","?","R","B",null],"character_chosen":"DEFECT","items_purchased":["DataDisk","Loop","Bag of Preparation"],"campfire_rested":0,"item_purchase_floors":[12,29,38],"current_hp_per_floor":[68,68,68,68,68,68,68,68,68,68,68,68,68,68,68,33,68,68,68,68,68,61,61,59,59,59,59,59,59,47,47,47,45,73,72,72,72,72,72,72,72,72,72,72,73,73,73,73,73,53],"gold":44,"neow_bonus":"REMOVE_TWO","is_prod":false,"is_daily":false,"chose_seed":false,"campfire_upgraded":11,"win_rate":0,"timestamp":1560660354,"path_taken":["M","?","?","M","M","R","M","M","T","M","M","$","R","E","R","BOSS","M","$","?","M","?","R","M","R","T","R","?","$","?","?","R","BOSS","M","?","?","?","?","R","$","R","T","R","?","$","?","?","R","BOSS"],"build_version":"2019-01-23","purchased_purges":4,"victory":true,"max_hp_per_floor":[68,68,68,68,68,68,68,68,68,68,68,68,68,68,68,68,68,68,68,68,68,68,68,68,68,68,68,68,68,73,73,73,73,73,73,73,73,73,73,73,73,73,73,73,73,73,73,73,73,73],"card_choices":[{"not_picked":["Rebound","Conserve Battery"],"picked":"Hologram","floor":1.0},{"not_picked":["BootSequence","Double Energy"],"picked":"Chill","floor":4.0},{"not_picked":["Self Repair","Beam Cell"],"picked":"Sunder","floor":5.0},{"not_picked":["Steam Power","Steam"],"picked":"Glacier","floor":7.0},{"not_picked":["Compile Driver","Hologram"],"picked":"Undo","floor":8.0},{"not_picked":["Barrage","Hologram"],"picked":"Loop","floor":10.0},{"not_picked":["Redo","Sunder"],"picked":"FTL","floor":11.0},{"not_picked":["Melter","Hyperbeam"],"picked":"Multi-Cast","floor":14.0},{"not_picked":["Thunder Strike","Multi-Cast"],"picked":"Buffer","floor":16.0},{"not_picked":["Steam Power","Rip and Tear"],"picked":"Conserve Battery+1","floor":18},{"not_picked":["Ball Lightning","Sweeping Beam"],"picked":"Beam Cell","floor":21},{"not_picked":["Steam+1","Sunder"],"picked":"Amplify","floor":22},{"not_picked":["Streamline","Leap","Sweeping Beam"],"picked":"SKIP","floor":24},{"not_picked":["Buffer","Multi-Cast"],"picked":"Biased Cognition","floor":33},{"not_picked":["Melter","Compile Driver+1"],"picked":"Darkness+1","floor":34},{"not_picked":["Force Field","Steam+1"],"picked":"BootSequence","floor":34},{"not_picked":["Hologram","Coolheaded","Beam Cell"],"picked":"SKIP","floor":35},{"not_picked":["Steam Power+1","Go for the Eyes+1"],"picked":"White Noise+1","floor":45}],"player_experience":5297675,"relics_obtained":[{"floor":9.0,"key":"Meat on the Bone"},{"floor":14.0,"key":"Dream Catcher"},{"floor":20,"key":"Tiny Chest"},{"floor":22,"key":"Red Mask"},{"floor":26,"key":"WingedGreaves"},{"floor":37,"key":"Whetstone"},{"floor":39,"key":"Blood Vial"},{"floor":43,"key":"Lantern"}],"event_choices":[{"damage_healed":0.0,"max_hp_gain":0.0,"max_hp_loss":0.0,"gold_gain":0.0,"event_name":"Liars Game","player_choice":"Ignored","floor":2.0,"gold_loss":0.0,"damage_taken":0.0},{"damage_healed":0.0,"max_hp_gain":0.0,"max_hp_loss":0.0,"gold_gain":0.0,"event_name":"Upgrade Shrine","player_choice":"Upgraded","floor":3.0,"gold_loss":0.0,"damage_taken":0.0,"cards_upgraded":["Zap"]},{"damage_healed":0,"gold_gain":0,"player_choice":"Fought Bandits","damage_taken":0,"max_hp_gain":0,"max_hp_loss":0,"event_name":"Masked Bandits","floor":22,"gold_loss":0},{"damage_healed":0,"gold_gain":0,"player_choice":"Ignored","damage_taken":0,"max_hp_gain":0,"max_hp_loss":0,"event_name":"Vampires","floor":28,"gold_loss":0},{"damage_healed":0,"gold_gain":0,"player_choice":"Shed Blood","damage_taken":17,"max_hp_gain":5,"max_hp_loss":0,"event_name":"Forgotten Altar","floor":30,"gold_loss":0},{"damage_healed":0,"gold_gain":222,"player_choice":"Wore Mask","damage_taken":0,"max_hp_gain":0,"max_hp_loss":0,"event_name":"Tomb of Lord Red Mask","floor":36,"gold_loss":0},{"damage_healed":0,"gold_gain":0,"player_choice":"Ignored","damage_taken":0,"max_hp_gain":0,"max_hp_loss":0,"event_name":"Mysterious Sphere","floor":47,"gold_loss":0},{"cards_removed":["Defend_B"],"damage_healed":0,"gold_gain":0,"player_choice":"Upgrade and Remove","damage_taken":0,"max_hp_gain":0,"max_hp_loss":0,"event_name":"Designer","floor":48,"gold_loss":90,"cards_upgraded":["Glacier"]}],"is_beta":false,"boss_relics":[{"not_picked":["Philosopher\u0027s Stone","Velvet Choker"],"picked":"Runic Pyramid"},{"not_picked":["Nuclear Battery","Fusion Hammer"],"picked":"Orrery"}],"items_purged_floors":[19,29,38,41],"is_endless":false,"potions_floor_spawned":[7,10,16,24,33,35,45],"ascension_level":0}