{"gold_per_floor":[367,367,367,64,85,85,100,100,100,120,120,145,45,66,66,66],"floor_reached":16,"playtime":439,"items_purged":["Strike_R","Strike_R"],"score":166,"play_id":"42794d90-538f-4a26-859c-f0094d13c000","local_time":"20190129232914","is_ascension_mode":true,"campfire_choices":[{"data":"Havoc","floor":6,"key":"SMITH"},{"data":"Bash","floor":8,"key":"SMITH"},{"data":"Shrug It Off","floor":11,"key":"SMITH"},{"data":"Offering","floor":15,"key":"SMITH"}],"neow_cost":"PERCENT_DAMAGE","seed_source_timestamp":0,"circlet_count":0,"master_deck":["AscendersBane","Strike_R","Strike_R","Strike_R","Defend_R","Defend_R","Defend_R","Defend_R","Bash+1","Havoc+1","Shrug It Off+1","Dropkick","Offering+1"],"relics":["Burning Blood","Golden Idol","ClockworkSouvenir","Pantograph"],"potions_floor_usage":[10,10],"damage_taken":[{"damage":7,"enemies":"Small Slimes","floor":1,"turns":4},{"damage":12,"enemies":"2 Louse","floor":5,"turns":5},{"damage":6,"enemies":"Jaw Worm","floor":7,"turns":5},{"damage":4,"enemies":"Lots of Slimes","floor":10,"turns":5},{"damage":15,"enemies":"Gremlin Gang","floor":12,"turns":7},{"damage":2,"enemies":"Blue Slaver","floor":14,"turns":3},{"damage":80,"enemies":"The Guardian","floor":16,"turns":12}],"seed_played":"8363539207367860","potions_obtained":[{"floor":1,"key":"Block Potion"},{"floor":5,"key":"Strength Potion"}],"is_trial":false,"path_per_floor":["M","?","?","$","M","R","M","R","T","M","R","M","$","M","R","B"],"character_chosen":"IRONCLAD","items_purchased":["ClockworkSouvenir"],"campfire_rested":0,"item_purchase_floors":[4],"current_hp_per_floor":[49,49,49,49,43,43,43,43,43,45,45,36,36,40,40,0],"gold":66,"neow_bonus":"TWO_FIFTY_GOLD","is_prod":false,"is_daily":false,"chose_seed":true,"campfire_upgraded":4,"win_rate":0,"timestamp":1548775754,"path_taken":["M","?","?","$","M","R","M","R","T","M","R","M","$","M","R","BOSS"],"build_version":"2019-01-23","purchased_purges":2,"victory":false,"max_hp_per_floor":[75,68,68,68,68,68,68,68,68,68,68,68,68,68,68,68],"card_choices":[{"not_picked":["Thunderclap","Pummel"],"picked":"Havoc","floor":1},{"not_picked":["Pommel Strike","Seeing Red"],"picked":"Shrug It Off","floor":5},{"not_picked":["Sword Boomerang","Havoc"],"picked":"Dropkick","floor":7},{"not_picked":["Perfected Strike","Cleave","Clash"],"picked":"SKIP","floor":10},{"not_picked":["Sever Soul","Combust","Reckless Charge"],"picked":"SKIP","floor":12},{"not_picked":["Warcry","Iron Wave"],"picked":"Offering","floor":14}],"player_experience":2393502,"relics_obtained":[{"floor":9,"key":"Pantograph"}],"event_choices":[{"damage_healed":0,"gold_gain":0,"player_choice":"Lose Max HP","damage_taken":0,"relics_obtained":["Golden Idol"],"max_hp_gain":0,"max_hp_loss":7,"event_name":"Golden Idol","floor":2,"gold_loss":0},{"damage_healed":0,"gold_gain":0,"player_choice":"Fled","damage_taken":0,"max_hp_gain":0,"max_hp_loss":0,"event_name":"Scrap Ooze","floor":3,"gold_loss":0}],"is_beta":false,"boss_relics":[],"items_purged_floors":[4,13],"is_endless":false,"potions_floor_spawned":[1,5],"killed_by":"The Guardian","ascension_level":16}