{"gold_per_floor":[12,12,12,28,44,44,71,71,71,88,98,124,124,144,144,216,216,233,247,267,317,317,350,350,363,363,394,394],"floor_reached":28,"playtime":955,"items_purged":[],"score":590,"play_id":"78d0eaa0-71cf-4338-a8af-edc2194abbf2","local_time":"20190402095231","is_ascension_mode":true,"campfire_choices":[{"data":"Poisoned Stab","floor":6.0,"key":"SMITH"},{"data":"Glass Knife","floor":8.0,"key":"SMITH"},{"data":"Bouncing Flask","floor":15.0,"key":"SMITH"},{"data":"Neutralize","floor":24,"key":"SMITH"}],"neow_cost":"NO_GOLD","seed_source_timestamp":9831825214198,"circlet_count":0,"master_deck":["AscendersBane","Defend_G+1","Defend_G","Defend_G","Defend_G","Defend_G","Strike_G","Strike_G","Survivor","Neutralize+1","Poisoned Stab+1","Blade Dance+1","Glass Knife+1","Bouncing Flask+1","Footwork","PiercingWail+1","Caltrops+1","Sucker Punch+1","Backflip","PiercingWail+1","Calculated Gamble"],"special_seed":0,"relics":["Ring of the Snake","Du-Vu Doll","WarpedTongs","Turnip","War Paint","Astrolabe","Shuriken","Question Card","Bronze Scales"],"potions_floor_usage":[23,23],"damage_taken":[{"damage":3.0,"enemies":"Jaw Worm","floor":1.0,"turns":4.0},{"damage":1.0,"enemies":"Cultist","floor":4.0,"turns":3.0},{"damage":1.0,"enemies":"Small Slimes","floor":5.0,"turns":3.0},{"damage":15.0,"enemies":"Lagavulin","floor":7.0,"turns":6.0},{"damage":11.0,"enemies":"Gremlin Gang","floor":10.0,"turns":4.0},{"damage":6.0,"enemies":"3 Louse","floor":11.0,"turns":4.0},{"damage":2.0,"enemies":"Gremlin Nob","floor":12.0,"turns":3.0},{"damage":0.0,"enemies":"2 Fungi Beasts","floor":14.0,"turns":2.0},{"damage":12.0,"enemies":"Slime Boss","floor":16.0,"turns":8.0},{"damage":12.0,"enemies":"3 Byrds","floor":18.0,"turns":3.0},{"damage":8.0,"enemies":"Chosen","floor":19.0,"turns":5.0},{"damage":10.0,"enemies":"Snake Plant","floor":20.0,"turns":5.0},{"damage":18,"enemies":"Gremlin Leader","floor":23,"turns":9},{"damage":5,"enemies":"Snecko","floor":25,"turns":5},{"damage":38,"enemies":"Book of Stabbing","floor":27,"turns":5},{"damage":0,"enemies":"Masked Bandits","floor":28,"turns":1}],"seed_played":"5602721568457495091","potions_obtained":[{"floor":4.0,"key":"Ancient Potion"},{"floor":7.0,"key":"Swift Potion"},{"floor":16.0,"key":"Regen Potion"},{"floor":18.0,"key":"PowerPotion"},{"floor":20.0,"key":"Energy Potion"},{"floor":23,"key":"GamblersBrew"}],"is_trial":false,"path_per_floor":["M","?","$","M","M","R","E","R","T","M","M","E","?","M","R","B",null,"M","M","M","?","?","E","R","M","T","E","?"],"character_chosen":"THE_SILENT","items_purchased":[],"campfire_rested":0,"item_purchase_floors":[],"current_hp_per_floor":[56,56,56,55,54,54,39,39,39,28,22,20,20,20,20,8,52,52,44,34,34,66,48,48,43,43,5,5],"gold":394,"neow_bonus":"ONE_RARE_RELIC","is_prod":false,"is_daily":false,"chose_seed":false,"campfire_upgraded":4,"win_rate":0,"timestamp":1554169951,"path_taken":["M","?","?","M","?","R","E","R","T","M","M","E","?","?","R","BOSS","M","?","?","?","?","E","R","?","T","E","?"],"build_version":"2019-01-23","purchased_purges":0,"victory":false,"max_hp_per_floor":[66,66,66,66,66,66,66,66,66,66,66,66,66,66,66,66,66,66,66,66,66,66,66,66,66,66,66,66],"card_choices":[{"not_picked":["Dodge and Roll","Choke"],"picked":"Poisoned Stab","floor":1.0},{"not_picked":["Calculated Gamble","Slice"],"picked":"Blade Dance","floor":4.0},{"not_picked":["Setup","Expertise"],"picked":"Predator","floor":5.0},{"not_picked":["Leg Sweep","Blade Dance"],"picked":"Glass Knife","floor":7.0},{"not_picked":["Skewer","Finisher","Prepared"],"picked":"SKIP","floor":10.0},{"not_picked":["Blade Dance","Slice","Bane"],"picked":"SKIP","floor":11.0},{"not_picked":["Heel Hook","Bane"],"picked":"Bouncing Flask","floor":12.0},{"not_picked":["Backflip","Flying Knee"],"picked":"Footwork","floor":14.0},{"not_picked":["Distraction+1","Crippling Poison"],"picked":"Backflip","floor":18.0},{"not_picked":["Masterful Stab","Skewer","All Out Attack"],"picked":"SKIP","floor":19.0},{"not_picked":["Caltrops","Slice","Cloak And Dagger"],"picked":"SKIP","floor":20.0},{"not_picked":["Distraction","Terror"],"picked":"PiercingWail+1","floor":23},{"not_picked":["Deflect","Dagger Spray+1","Dodge and Roll"],"picked":"SKIP","floor":25},{"not_picked":["Bane","Masterful Stab","Accuracy"],"picked":"Calculated Gamble","floor":27}],"player_experience":4006749,"relics_obtained":[{"floor":7.0,"key":"Turnip"},{"floor":12.0,"key":"War Paint"},{"floor":23,"key":"Shuriken"},{"floor":26,"key":"Question Card"},{"floor":27,"key":"Bronze Scales"}],"event_choices":[{"damage_healed":0.0,"max_hp_gain":0.0,"max_hp_loss":0.0,"gold_gain":0.0,"event_name":"Accursed Blacksmith","player_choice":"Rummage","floor":2.0,"gold_loss":0.0,"damage_taken":0.0,"relics_obtained":["WarpedTongs"],"cards_obtained":["Pain"]},{"cards_removed":["Pain"],"damage_healed":0.0,"max_hp_gain":0.0,"max_hp_loss":0.0,"gold_gain":0.0,"event_name":"Fountain of Cleansing","player_choice":"Removed Curses","floor":13.0,"gold_loss":0.0,"damage_taken":0.0},{"damage_healed":0.0,"max_hp_gain":0.0,"max_hp_loss":0.0,"gold_gain":50.0,"event_name":"Nest","player_choice":"Stole From Cult","floor":21.0,"gold_loss":0.0,"damage_taken":0.0},{"cards_removed":["Predator"],"damage_healed":32.0,"max_hp_gain":0.0,"max_hp_loss":0.0,"gold_gain":0.0,"event_name":"Bonfire Elementals","player_choice":"Offered Uncommon","floor":22.0,"gold_loss":0.0,"damage_taken":0.0},{"damage_healed":0,"gold_gain":0,"player_choice":"Fought Bandits","damage_taken":0,"max_hp_gain":0,"max_hp_loss":0,"event_name":"Masked Bandits","floor":28,"gold_loss":0}],"is_beta":false,"boss_relics":[{"not_picked":["Ring of the Serpent","Philosopher\u0027s Stone"],"picked":"Astrolabe"}],"items_purged_floors":[],"is_endless":false,"potions_floor_spawned":[4,7,10,12,14,16,18,20,23],"killed_by":"Masked Bandits","ascension_level":20}