{"gold_per_floor":[368,383,383,383,383,383,399,409,409,409,255,255,265,165,165,269,269,283,300,300,320,320,320,334,409,409,409,53,70,70,84,84,188,188,199,49,49,49,149,149,149,149,149,167,167,183,201,201,201,201],"floor_reached":51,"playtime":1479,"items_purged":["Strike_G","Defend_G","Outmaneuver","Dagger Throw"],"score":685,"play_id":"2c4fbeb1-1867-43f0-b741-91cf7b4d23ea","local_time":"20181027165827","is_ascension_mode":false,"campfire_choices":[{"data":"Well Laid Plans","floor":6.0,"key":"SMITH"},{"data":"Corpse Explosion","floor":10.0,"key":"SMITH"},{"data":"Footwork","floor":12.0,"key":"SMITH"},{"data":"Well Laid Plans","floor":15.0,"key":"SMITH"},{"data":"Malaise","floor":23.0,"key":"SMITH"},{"data":"Survivor","floor":27.0,"key":"SMITH"},{"data":"Catalyst","floor":30.0,"key":"SMITH"},{"data":"Noxious Fumes","floor":32.0,"key":"SMITH"},{"data":"Venomology","floor":40,"key":"SMITH"},{"data":"Trip","floor":45,"key":"SMITH"},{"data":"Purity","floor":49,"key":"SMITH"}],"neow_cost":"PERCENT_DAMAGE","seed_source_timestamp":22696164181481,"circlet_count":0,"master_deck":["Strike_G+1","Survivor+1","Neutralize+1","Well Laid Plans+1","Well Laid Plans+1","Corpse Explosion+1","Footwork+1","Malaise+1","Venomology+1","Poisoned Stab+1","Outmaneuver+1","Noxious Fumes+1","Catalyst+1","Venomology+1","Endless Agony","Sadistic Nature+1","Trip+1","Purity+1","Die Die Die","Deadly Poison+1","Heel Hook+1"],"special_seed":0,"relics":["Ring of the Snake","Letter Opener","Pantograph","Astrolabe","Centennial Puzzle","Meat on the Bone","Potion Belt","Runic Dome","Ninja Scroll"],"potions_floor_usage":[44,44,46,46,46,47,50,50,50,50,50,50,50],"damage_taken":[{"damage":0.0,"enemies":"Jaw Worm","floor":1.0,"turns":4.0},{"damage":2.0,"enemies":"Small Slimes","floor":2.0,"turns":6.0},{"damage":0.0,"enemies":"Cultist","floor":7.0,"turns":4.0},{"damage":0.0,"enemies":"Exordium Wildlife","floor":8.0,"turns":4.0},{"damage":0.0,"enemies":"3 Louse","floor":13.0,"turns":1.0},{"damage":22.0,"enemies":"The Guardian","floor":16.0,"turns":9.0},{"damage":0.0,"enemies":"Spheric Guardian","floor":18.0,"turns":5.0},{"damage":0.0,"enemies":"Shell Parasite","floor":19.0,"turns":5.0},{"damage":0.0,"enemies":"Snake Plant","floor":21.0,"turns":6.0},{"damage":0.0,"enemies":"Cultist and Chosen","floor":24.0,"turns":3.0},{"damage":6.0,"enemies":"Snecko","floor":29.0,"turns":6.0},{"damage":5.0,"enemies":"Snake Plant","floor":31.0,"turns":5.0},{"damage":26.0,"enemies":"Automaton","floor":33.0,"turns":6.0},{"damage":0.0,"enemies":"3 Shapes","floor":35.0,"turns":4.0},{"damage":8,"enemies":"Orb Walker","floor":44,"turns":3},{"damage":15,"enemies":"Spire Growth","floor":46,"turns":3},{"damage":32,"enemies":"Writhing Mass","floor":47,"turns":4},{"damage":26,"enemies":"Donu and Deca","floor":50,"turns":4}],"seed_played":"-8489789662606002974","potions_obtained":[{"floor":2.0,"key":"Explosive Potion"},{"floor":16.0,"key":"Swift Potion"},{"floor":21.0,"key":"AttackPotion"},{"floor":24.0,"key":"GamblersBrew"},{"floor":31.0,"key":"Swift Potion"}],"is_trial":false,"path_per_floor":["M","M","?","T","?","R","M","M","T","R","$","R","M","$","R","B",null,"M","M","?","M","?","R","M","?","T","R","$","M","R","M","R","B",null,"M","$","?","$","?","R","?","?","T","M","R","M","M","?","R","B"],"character_chosen":"THE_SILENT","items_purchased":["Footwork","Potion Belt","Noxious Fumes"],"campfire_rested":0,"item_purchase_floors":[11,28,28],"current_hp_per_floor":[49,47,33,33,33,33,33,33,33,33,33,33,33,33,33,36,70,70,70,70,70,70,70,70,63,63,63,63,57,57,52,52,44,70,70,70,70,70,70,70,60,60,60,52,52,37,31,31,31,42],"gold":201,"neow_bonus":"TWO_FIFTY_GOLD","is_prod":false,"is_daily":false,"chose_seed":false,"campfire_upgraded":11,"win_rate":0,"timestamp":1540630707,"path_taken":["M","M","?","?","?","R","M","M","T","R","$","R","M","$","R","BOSS","M","M","?","M","?","R","?","?","T","R","$","?","R","M","R","BOSS","M","$","?","?","?","R","?","?","T","M","R","M","?","?","R","BOSS"],"build_version":"2018-10-25v2","purchased_purges":4,"victory":true,"max_hp_per_floor":[70,70,70,70,70,70,70,70,70,70,70,70,70,70,70,70,70,70,70,70,70,70,70,70,70,70,70,70,70,70,70,70,70,70,70,70,70,70,70,70,70,70,70,70,70,70,70,70,70,70],"card_choices":[{"not_picked":["Bane","Underhanded Strike","Crippling Poison"],"picked":"SKIP","floor":1.0},{"not_picked":["PiercingWail","Expertise"],"picked":"Well Laid Plans","floor":2.0},{"not_picked":["Slice","Caltrops","Quick Slash"],"picked":"SKIP","floor":7.0},{"not_picked":["Noxious Fumes","Prepared"],"picked":"Corpse Explosion","floor":8.0},{"not_picked":["Sucker Punch","Dagger Throw","Cloak And Dagger"],"picked":"SKIP","floor":13.0},{"not_picked":["After Image","Night Terror"],"picked":"Malaise","floor":16.0},{"not_picked":["Quick Slash","Deflect","Choke"],"picked":"SKIP","floor":18.0},{"not_picked":["Outmaneuver","Flying Knee+1","Cloak And Dagger+1"],"picked":"SKIP","floor":19.0},{"not_picked":["Blade Dance","Bane+1","Dagger Throw"],"picked":"SKIP","floor":21.0},{"not_picked":["Cloak And Dagger","Bouncing Flask","Bane+1"],"picked":"SKIP","floor":24.0},{"not_picked":["Poisoned Stab","Backflip"],"picked":"Catalyst","floor":29.0},{"not_picked":["Choke+1","Poisoned Stab+1","Accuracy+1"],"picked":"SKIP","floor":31.0},{"not_picked":["A Thousand Cuts","Die Die Die"],"picked":"Venomology","floor":33.0},{"not_picked":["Heel Hook","Accuracy+1","Flying Knee+1"],"picked":"SKIP","floor":35.0},{"not_picked":["Transmutation","Trip"],"picked":"Sadistic Nature","floor":41},{"not_picked":["Purity","Violence"],"picked":"Trip","floor":41},{"not_picked":["The Bomb","Trip"],"picked":"Purity","floor":41},{"not_picked":["Cloak And Dagger","Bane+1"],"picked":"Deadly Poison+1","floor":44},{"not_picked":["Flying Knee","Quick Slash","Phantasmal Killer"],"picked":"SKIP","floor":46},{"not_picked":["Outmaneuver+1","Bane+1"],"picked":"Heel Hook+1","floor":47}],"player_experience":676265,"relics_obtained":[{"floor":4.0,"key":"Letter Opener"},{"floor":9.0,"key":"Pantograph"},{"floor":26.0,"key":"Meat on the Bone"},{"floor":43,"key":"Ninja Scroll"}],"event_choices":[{"damage_healed":0.0,"max_hp_gain":0.0,"max_hp_loss":0.0,"gold_gain":0.0,"event_name":"Shining Light","player_choice":"Entered Light","floor":3.0,"gold_loss":0.0,"damage_taken":14.0,"cards_upgraded":["Strike_G","Neutralize"]},{"damage_healed":0.0,"max_hp_gain":0.0,"max_hp_loss":0.0,"gold_gain":0.0,"cards_transformed":["Strike_G"],"event_name":"Transmorgrifier","player_choice":"Transformed","floor":5.0,"gold_loss":0.0,"damage_taken":0.0,"cards_obtained":["Well Laid Plans"]},{"damage_healed":0.0,"max_hp_gain":0.0,"max_hp_loss":0.0,"gold_gain":0.0,"event_name":"The Mausoleum","player_choice":"Opened","floor":20.0,"gold_loss":0.0,"damage_taken":0.0,"relics_obtained":["Centennial Puzzle"]},{"damage_healed":0.0,"max_hp_gain":0.0,"max_hp_loss":0.0,"gold_gain":0.0,"cards_transformed":["Strike_G","Defend_G"],"event_name":"Drug Dealer","player_choice":"Became Test Subject","floor":22.0,"gold_loss":0.0,"damage_taken":0.0,"cards_obtained":["Dagger Throw","Outmaneuver"]},{"damage_healed":0.0,"max_hp_gain":0.0,"max_hp_loss":0.0,"gold_gain":75.0,"event_name":"FaceTrader","player_choice":"Touch","floor":25.0,"gold_loss":0.0,"damage_taken":7.0},{"damage_healed":0,"gold_gain":0,"cards_transformed":["Defend_G"],"player_choice":"Transformed","damage_taken":0,"max_hp_gain":0,"max_hp_loss":0,"event_name":"Transmorgrifier","floor":37,"gold_loss":0,"cards_obtained":["Endless Agony"]},{"damage_healed":0,"gold_gain":100,"player_choice":"Pray","damage_taken":0,"max_hp_gain":0,"max_hp_loss":0,"event_name":"Golden Shrine","floor":39,"gold_loss":0},{"damage_healed":0,"gold_gain":0,"player_choice":"Memory 3","damage_taken":10,"max_hp_gain":0,"max_hp_loss":0,"event_name":"SensoryStone","floor":41,"gold_loss":0},{"damage_healed":0,"gold_gain":0,"player_choice":"1 cards matched","damage_taken":0,"max_hp_gain":0,"max_hp_loss":0,"event_name":"Match and Keep!","floor":42,"gold_loss":0,"cards_obtained":["Die Die Die"]},{"damage_healed":0,"gold_gain":0,"player_choice":"Upgraded","damage_taken":0,"max_hp_gain":0,"max_hp_loss":0,"event_name":"Upgrade Shrine","floor":48,"gold_loss":0,"cards_upgraded":["Sadistic Nature"]}],"is_beta":false,"boss_relics":[{"not_picked":["HoveringKite","Pandora\u0027s Box"],"picked":"Astrolabe"},{"not_picked":["Sozu","Fusion Hammer"],"picked":"Runic Dome"}],"items_purged_floors":[11,14,28,36],"is_endless":false,"potions_floor_spawned":[2,16,19,21,24,31,44],"ascension_level":0}