{"gold_per_floor":[18,31,48,48,65,65,140,158,185,203,203,213,232,245,245,245],"floor_reached":16,"playtime":624,"items_purged":[],"score":196,"play_id":"64faecac-0ecc-49aa-91f6-3bf69a321d7d","local_time":"20190212204230","is_ascension_mode":true,"campfire_choices":[{"data":"Noxious Fumes","floor":6.0,"key":"SMITH"},{"data":"Catalyst","floor":11.0,"key":"SMITH"},{"floor":15.0,"key":"REST"}],"neow_cost":"NO_GOLD","seed_source_timestamp":39019549617247,"circlet_count":0,"master_deck":["AscendersBane","Defend_G","Defend_G","Defend_G","Defend_G","Strike_G","Strike_G","Strike_G","Survivor","Neutralize","Noxious Fumes+1","Catalyst+1","Escape Plan","Calculated Gamble"],"special_seed":0,"relics":["Ring of the Snake","Smiling Mask"],"potions_floor_usage":[],"damage_taken":[{"damage":4.0,"enemies":"Jaw Worm","floor":1.0,"turns":7.0},{"damage":0.0,"enemies":"Small Slimes","floor":2.0,"turns":4.0},{"damage":8.0,"enemies":"2 Louse","floor":3.0,"turns":4.0},{"damage":1.0,"enemies":"Looter","floor":5.0,"turns":5.0},{"damage":23.0,"enemies":"Exordium Thugs","floor":8.0,"turns":6.0},{"damage":0.0,"enemies":"3 Louse","floor":10.0,"turns":5.0},{"damage":0.0,"enemies":"Looter","floor":12.0,"turns":4.0},{"damage":1.0,"enemies":"Lots of Slimes","floor":13.0,"turns":7.0},{"damage":3.0,"enemies":"Exordium Thugs","floor":14.0,"turns":6.0},{"damage":20,"enemies":"Hexaghost","floor":16,"turns":7}],"seed_played":"-1631121664755268886","potions_obtained":[{"floor":2.0,"key":"Poison Potion"},{"floor":3.0,"key":"Energy Potion"},{"floor":8.0,"key":"SteroidPotion"},{"floor":10.0,"key":"AttackPotion"},{"floor":13.0,"key":"Ancient Potion"}],"is_trial":false,"path_per_floor":["M","M","M","?","M","R","?","M","T","M","R","M","M","M","R","B"],"character_chosen":"THE_SILENT","items_purchased":[],"campfire_rested":1,"item_purchase_floors":[],"current_hp_per_floor":[55,55,47,40,39,39,28,5,5,5,5,5,4,1,20,0],"gold":245,"neow_bonus":"REMOVE_TWO","is_prod":false,"is_daily":false,"chose_seed":false,"campfire_upgraded":2,"win_rate":0,"timestamp":1549975350,"path_taken":["M","M","M","?","M","R","?","M","T","M","R","M","M","M","R","BOSS"],"build_version":"2019-01-23","purchased_purges":0,"victory":false,"max_hp_per_floor":[66,66,66,66,66,66,66,66,66,66,66,66,66,66,66,66],"card_choices":[{"not_picked":["Sucker Punch","Expertise"],"picked":"Noxious Fumes","floor":1.0},{"not_picked":["All Out Attack","Flechettes"],"picked":"Catalyst","floor":2.0},{"not_picked":["Prepared","Tactician","All Out Attack"],"picked":"SKIP","floor":3.0},{"not_picked":["Underhanded Strike","All Out Attack"],"picked":"Escape Plan","floor":5.0},{"not_picked":["Deflect","Reflex","Bane"],"picked":"SKIP","floor":8.0},{"not_picked":["Noxious Fumes","Deflect","Endless Agony"],"picked":"SKIP","floor":10.0},{"not_picked":["Sucker Punch","Dagger Throw","Setup"],"picked":"SKIP","floor":12.0},{"not_picked":["Terror","Reflex"],"picked":"Calculated Gamble","floor":13.0},{"not_picked":["Outmaneuver","Predator","Acrobatics"],"picked":"SKIP","floor":14.0},{"not_picked":["Outmaneuver","Predator","Acrobatics"],"picked":"SKIP","floor":14.0},{"not_picked":["Outmaneuver","Predator","Acrobatics"],"picked":"SKIP","floor":14.0}],"player_experience":2660320,"relics_obtained":[{"floor":9.0,"key":"Smiling Mask"}],"event_choices":[{"cards_removed":["Strike_G"],"damage_healed":0.0,"max_hp_gain":0.0,"max_hp_loss":0.0,"gold_gain":0.0,"event_name":"Golden Wing","player_choice":"Card Removal","floor":4.0,"gold_loss":0.0,"damage_taken":7.0},{"damage_healed":0.0,"max_hp_gain":0.0,"max_hp_loss":0.0,"gold_gain":75.0,"event_name":"World of Goop","player_choice":"Gather Gold","floor":7.0,"gold_loss":0.0,"damage_taken":11.0}],"is_beta":false,"boss_relics":[],"items_purged_floors":[],"is_endless":false,"potions_floor_spawned":[2,3,8,10,13],"killed_by":"Hexaghost","ascension_level":20}