{"gold_per_floor":[111,128,228,247,247,282,282,299,348,363,438,438,160,178,178,275,275,287,77,97,97,114,114,14,27,27,27,54,72,124,156,168,280,292,321,208,208,4,4,4,56,56,81,98,98,114,125,150,150,150,150,150,0,27,27],"floor_reached":56,"playtime":1920,"items_purged":["Strike_G","Strike_G","Strike_G","Strike_G"],"score":1247,"play_id":"6427948e-f77b-4f4c-ac28-529258b6ddb8","local_time":"20190731224851","is_ascension_mode":false,"campfire_choices":[{"data":"Deadly Poison","floor":12.0,"key":"SMITH"},{"data":"Catalyst","floor":15.0,"key":"SMITH"},{"data":"Malaise","floor":23.0,"key":"SMITH"},{"floor":27.0,"key":"REST"},{"data":"Well Laid Plans","floor":32.0,"key":"SMITH"},{"data":"Acrobatics","floor":40.0,"key":"SMITH"},{"data":"Acrobatics","floor":42.0,"key":"SMITH"},{"floor":49.0,"key":"RECALL"},{"data":"Impatience","floor":52.0,"key":"SMITH"}],"neow_cost":"NONE","seed_source_timestamp":364951443420200,"circlet_count":0,"master_deck":["Strike_G+1","Defend_G","Defend_G","Defend_G","Defend_G","Defend_G","Survivor","Neutralize","Deadly Poison+1","Catalyst+1","Backflip","Deadly Poison+1","Malaise+1","Well Laid Plans+1","Acrobatics+1","Grand Finale+1","Impatience+1","Acrobatics+1","Tactician+1","Escape Plan+1"],"special_seed":0,"relics":["Ring of the Snake","NeowsBlessing","Ornamental Fan","Omamori","PreservedInsect","Anchor","Sozu","Medical Kit","Paper Crane","Shovel","MawBank","Coffee Dripper","Prayer Wheel","Whetstone","Pen Nib"],"potions_floor_usage":[55,55,55],"damage_taken":[{"damage":0.0,"enemies":"Jaw Worm","floor":1.0,"turns":1.0},{"damage":0.0,"enemies":"Cultist","floor":2.0,"turns":1.0},{"damage":0.0,"enemies":"Small Slimes","floor":4.0,"turns":1.0},{"damage":34.0,"enemies":"3 Sentries","floor":6.0,"turns":14.0},{"damage":2.0,"enemies":"2 Fungi Beasts","floor":8.0,"turns":4.0},{"damage":5.0,"enemies":"Exordium Thugs","floor":10.0,"turns":6.0},{"damage":6.0,"enemies":"Exordium Wildlife","floor":14.0,"turns":5.0},{"damage":11.0,"enemies":"The Guardian","floor":16.0,"turns":6.0},{"damage":11.0,"enemies":"Spheric Guardian","floor":18.0,"turns":4.0},{"damage":5.0,"enemies":"Shell Parasite","floor":20.0,"turns":5.0},{"damage":17.0,"enemies":"3 Cultists","floor":22.0,"turns":7.0},{"damage":27.0,"enemies":"Cultist and Chosen","floor":25.0,"turns":7.0},{"damage":11.0,"enemies":"Gremlin Leader","floor":28.0,"turns":4.0},{"damage":1.0,"enemies":"Snecko","floor":29.0,"turns":6.0},{"damage":2.0,"enemies":"Centurion and Healer","floor":31.0,"turns":6.0},{"damage":4.0,"enemies":"Champ","floor":33.0,"turns":9.0},{"damage":11.0,"enemies":"3 Darklings","floor":35.0,"turns":7.0},{"damage":13.0,"enemies":"2 Orb Walkers","floor":41.0,"turns":8.0},{"damage":0.0,"enemies":"3 Shapes","floor":44.0,"turns":2.0},{"damage":0.0,"enemies":"Sphere and 2 Shapes","floor":46.0,"turns":2.0},{"damage":1.0,"enemies":"Writhing Mass","floor":47.0,"turns":3.0},{"damage":0.0,"enemies":"Nemesis","floor":48.0,"turns":3.0},{"damage":28.0,"enemies":"Donu and Deca","floor":50.0,"turns":7.0},{"damage":16.0,"enemies":"Shield and Spear","floor":54.0,"turns":5.0},{"damage":15,"enemies":"The Heart","floor":55,"turns":8}],"seed_played":"8290685319296310764","potions_obtained":[{"floor":2.0,"key":"GamblersBrew"},{"floor":6.0,"key":"EssenceOfSteel"},{"floor":10.0,"key":"Regen Potion"},{"floor":16.0,"key":"Ancient Potion"}],"is_trial":false,"path_per_floor":["M","M","?","M","?","E","?","M","T","M","?","R","$","M","R","B",null,"M","$","M","?","M","R","$","M","T","R","E","M","T","M","R","B",null,"M","$","?","$","?","R","?","R","T","M","$","M","M","E","R","B",null,"R","$","E","B",null],"character_chosen":"THE_SILENT","items_purchased":["Backflip","Anchor","Medical Kit","Acrobatics","Pen Nib"],"campfire_rested":1,"item_purchase_floors":[13,13,19,38,53],"current_hp_per_floor":[70,70,70,70,75,41,34,32,32,27,16,16,16,10,10,11,75,64,64,59,59,42,42,42,15,15,37,26,25,25,23,23,19,75,64,64,64,64,64,64,51,51,51,51,51,51,50,50,50,22,71,71,71,55,40],"gold":27,"neow_bonus":"THREE_ENEMY_KILL","is_prod":false,"is_daily":false,"chose_seed":false,"campfire_upgraded":7,"win_rate":0,"timestamp":1564584531,"path_taken":["M","M","?","?","?","E","?","M","T","M","?","R","$","M","R","BOSS","M","$","M","?","M","R","?","M","T","R","E","M","?","M","R","BOSS","M","$","?","$","?","R","?","R","T","M","$","M","M","E","R","BOSS","R","$","E","BOSS"],"build_version":"2019-07-17","purchased_purges":4,"victory":true,"max_hp_per_floor":[70,70,70,70,75,75,75,75,75,75,75,75,75,75,75,75,75,75,75,75,75,75,75,75,75,75,75,75,75,75,75,75,75,75,75,75,75,75,71,71,71,71,71,71,71,71,71,71,71,71,71,71,71,71,71],"card_choices":[{"not_picked":["Quick Slash","Poisoned Stab"],"picked":"Deadly Poison","floor":1.0},{"not_picked":["PiercingWail","Cloak And Dagger","Dodge and Roll"],"picked":"SKIP","floor":2.0},{"not_picked":["Cloak And Dagger","Quick Slash","Accuracy"],"picked":"SKIP","floor":4.0},{"not_picked":["Outmaneuver","Bouncing Flask","Cloak And Dagger"],"picked":"SKIP","floor":6.0},{"not_picked":["Dodge and Roll","Concentrate"],"picked":"Catalyst","floor":8.0},{"not_picked":["Skewer","Eviscerate","Predator"],"picked":"SKIP","floor":10.0},{"not_picked":["Poisoned Stab","Bane"],"picked":"Deadly Poison","floor":14.0},{"not_picked":["Wraith Form v2","Night Terror"],"picked":"Malaise","floor":16.0},{"not_picked":["Crippling Poison","Choke+1","Reflex"],"picked":"SKIP","floor":18.0},{"not_picked":["Deadly Poison","Dodge and Roll","Expertise"],"picked":"SKIP","floor":20.0},{"not_picked":["Dodge and Roll+1","Dagger Throw","Skewer+1"],"picked":"SKIP","floor":22.0},{"not_picked":["Outmaneuver","Backflip","Accuracy"],"picked":"SKIP","floor":25.0},{"not_picked":["Crippling Poison","Prepared"],"picked":"Well Laid Plans","floor":28.0},{"not_picked":["Finisher","PiercingWail"],"picked":"Acrobatics","floor":29.0},{"not_picked":["Prepared","Quick Slash","Dagger Spray"],"picked":"SKIP","floor":31.0},{"not_picked":["Unload","Phantasmal Killer"],"picked":"Grand Finale","floor":33.0},{"not_picked":["Quick Slash","Deadly Poison","Poisoned Stab+1"],"picked":"SKIP","floor":35.0},{"not_picked":["Secret Weapon","Apotheosis"],"picked":"Impatience","floor":37.0},{"not_picked":["Sucker Punch+1","Quick Slash+1","Flechettes"],"picked":"SKIP","floor":44.0},{"not_picked":["Dagger Spray","Dagger Throw+1","Endless Agony"],"picked":"SKIP","floor":44.0},{"not_picked":["Setup","Sucker Punch","Acrobatics"],"picked":"SKIP","floor":46.0},{"not_picked":["Flying Knee+1","Dagger Throw","PiercingWail+1"],"picked":"SKIP","floor":46.0},{"not_picked":["Dagger Throw+1","Phantasmal Killer"],"picked":"Tactician+1","floor":47.0},{"not_picked":["Dagger Spray+1","Eviscerate"],"picked":"Escape Plan+1","floor":47.0},{"not_picked":["Backflip","Bane+1","Dagger Throw+1"],"picked":"SKIP","floor":48.0},{"not_picked":["Acrobatics","Expertise+1","Predator+1"],"picked":"SKIP","floor":54.0}],"player_experience":705066,"relics_obtained":[{"floor":6.0,"key":"Ornamental Fan"},{"floor":9.0,"key":"PreservedInsect"},{"floor":26.0,"key":"Paper Crane"},{"floor":28.0,"key":"Shovel"},{"floor":30.0,"key":"MawBank"},{"floor":41.0,"key":"Prayer Wheel"},{"floor":48.0,"key":"Whetstone"}],"event_choices":[{"damage_healed":0.0,"max_hp_gain":0.0,"max_hp_loss":0.0,"gold_gain":100.0,"event_name":"Golden Shrine","player_choice":"Pray","floor":3.0,"gold_loss":0.0,"damage_taken":0.0},{"damage_healed":0.0,"max_hp_gain":5.0,"max_hp_loss":0.0,"gold_gain":0.0,"event_name":"Big Fish","player_choice":"Donut","floor":5.0,"gold_loss":0.0,"damage_taken":0.0},{"damage_healed":0.0,"max_hp_gain":0.0,"max_hp_loss":0.0,"gold_gain":0.0,"event_name":"Scrap Ooze","player_choice":"Success","floor":7.0,"gold_loss":0.0,"damage_taken":7.0,"relics_obtained":["Omamori"]},{"damage_healed":0.0,"max_hp_gain":0.0,"max_hp_loss":0.0,"gold_gain":75.0,"event_name":"World of Goop","player_choice":"Gather Gold","floor":11.0,"gold_loss":0.0,"damage_taken":11.0},{"damage_healed":0.0,"max_hp_gain":0.0,"max_hp_loss":0.0,"gold_gain":0.0,"event_name":"Accursed Blacksmith","player_choice":"Forge","floor":21.0,"gold_loss":0.0,"damage_taken":0.0,"cards_upgraded":["Deadly Poison"]},{"damage_healed":0.0,"max_hp_gain":0.0,"max_hp_loss":0.0,"gold_gain":0.0,"event_name":"SensoryStone","player_choice":"Memory 1","floor":37.0,"gold_loss":0.0,"damage_taken":0.0},{"damage_healed":0.0,"max_hp_gain":0.0,"max_hp_loss":4.0,"gold_gain":0.0,"event_name":"Winding Halls","player_choice":"Max HP","floor":39.0,"gold_loss":0.0,"damage_taken":0.0},{"damage_healed":0.0,"max_hp_gain":0.0,"max_hp_loss":0.0,"gold_gain":0.0,"event_name":"Mysterious Sphere","player_choice":"Fight","floor":41.0,"gold_loss":0.0,"damage_taken":0.0}],"is_beta":false,"boss_relics":[{"not_picked":["Black Star","HoveringKite"],"picked":"Sozu"},{"not_picked":["Lizard Tail","Tiny House"],"picked":"Coffee Dripper"}],"items_purged_floors":[13,24,36,38],"is_endless":false,"potions_floor_spawned":[2,6,10,16,18,25,28,47,48,54],"ascension_level":0}