{"gold_per_floor":[20,20,32,32,43,74,74,74,98,98,126,126,138,158,158,260,260,277,277,376,389,407,407],"floor_reached":23,"playtime":934,"items_purged":[],"score":201,"play_id":"bde0ce83-4755-4e16-86e2-89900227c81b","local_time":"20180720015048","is_ascension_mode":false,"campfire_choices":[{"floor":7,"key":"REST"},{"data":"Double Energy","floor":12,"key":"SMITH"},{"data":"Double Energy","floor":15,"key":"SMITH"}],"neow_cost":"NO_GOLD","seed_source_timestamp":34951716534313,"circlet_count":0,"master_deck":["Strike_B","Strike_B","Strike_B","Defend_B","Defend_B","Zap","Dualcast","Cold Snap","Compile Driver","Tempest","Double Energy+1","Leap","Double Energy+1","Echo Form","Streamline+1"],"special_seed":0,"relics":["Cracked Core","Strawberry","Oddly Smooth Stone","Orichalcum","Shovel","Snecko Eye"],"potions_floor_usage":[16,22,22],"damage_taken":[{"damage":1,"enemies":"Jaw Worm","floor":1,"turns":3},{"damage":3,"enemies":"Small Slimes","floor":3,"turns":2},{"damage":0,"enemies":"Cultist","floor":5,"turns":3},{"damage":31,"enemies":"3 Sentries","floor":6,"turns":6},{"damage":18,"enemies":"Gremlin Nob","floor":11,"turns":4},{"damage":8,"enemies":"Exordium Thugs","floor":13,"turns":3},{"damage":10,"enemies":"Large Slime","floor":14,"turns":4},{"damage":42,"enemies":"Hexaghost","floor":16,"turns":10},{"damage":0,"enemies":"Shell Parasite","floor":18,"turns":3},{"damage":4,"enemies":"Chosen","floor":21,"turns":3},{"damage":18,"enemies":"Slaver and Parasite","floor":22,"turns":3},{"damage":55,"enemies":"Gremlin Leader","floor":23,"turns":5}],"seed_played":"7508427077398183130","potions_obtained":[{"floor":3,"key":"Swift Potion"},{"floor":5,"key":"Weak Potion"},{"floor":6,"key":"AttackPotion"},{"floor":11,"key":"Fire Potion"},{"floor":21,"key":"Swift Potion"}],"is_trial":false,"path_per_floor":["M","?","M","?","M","E","R","?","T","?","E","R","M","M","R","B",null,"M","?","?","M","M"],"character_chosen":"DEFECT","items_purchased":[],"campfire_rested":1,"item_purchase_floors":[],"current_hp_per_floor":[74,63,60,60,60,29,53,53,53,80,62,62,54,44,44,2,82,82,66,66,62,44,0],"gold":407,"neow_bonus":"REMOVE_TWO","is_prod":false,"is_daily":false,"chose_seed":false,"campfire_upgraded":2,"win_rate":0,"timestamp":1532044248,"path_taken":["M","?","?","?","M","E","R","?","T","?","E","R","M","M","R","BOSS","M","?","?","M","M","E"],"build_version":"2018-07-12","purchased_purges":0,"victory":false,"max_hp_per_floor":[75,82,82,82,82,82,82,82,82,82,82,82,82,82,82,82,82,82,87,87,87,87,87],"card_choices":[{"not_picked":["Barrage","Undo"],"picked":"Cold Snap","floor":1},{"not_picked":["Aggregate","Storm"],"picked":"Compile Driver","floor":3},{"not_picked":["Storm","Turbo"],"picked":"Tempest","floor":5},{"not_picked":["Rebound","Rip and Tear","Reprogram"],"picked":"SKIP","floor":6},{"not_picked":["Go for the Eyes","Rebound"],"picked":"Double Energy","floor":11},{"not_picked":["Ball Lightning","Reinforced Body"],"picked":"Leap","floor":13},{"not_picked":["Beam Cell","Compile Driver"],"picked":"Double Energy","floor":14},{"not_picked":["Multi-Cast","Electrodynamics"],"picked":"Echo Form","floor":16},{"not_picked":["Cold Snap","Barrage"],"picked":"Streamline+1","floor":18},{"not_picked":["Cold Snap","Loop+1","Hello World"],"picked":"SKIP","floor":21},{"not_picked":["Rebound+1","Stack","Sweeping Beam"],"picked":"SKIP","floor":22}],"player_experience":338076,"relics_obtained":[{"floor":6,"key":"Oddly Smooth Stone"},{"floor":9,"key":"Orichalcum"},{"floor":11,"key":"Shovel"}],"event_choices":[{"event_name":"Scrap Ooze","player_choice":"success","floor":2,"damage_taken":18},{"event_name":"Living Wall","player_choice":"Forget","floor":4,"damage_taken":0},{"event_name":"The Woman in Blue","player_choice":"Bought 0 Potions","floor":8,"damage_taken":0},{"event_name":"Big Fish","player_choice":"Banana","floor":10,"damage_taken":0},{"event_name":"Forgotten Altar","player_choice":"Shed Blood","floor":19,"damage_taken":0},{"event_name":"Nest","player_choice":"Stole From Cult","floor":20,"damage_taken":0}],"boss_relics":[{"not_picked":["Runic Dome","Eternal Feather"],"picked":"Snecko Eye"}],"items_purged_floors":[],"is_endless":false,"potions_floor_spawned":[3,5,6,11,21],"killed_by":"Gremlin Leader","ascension_level":0}