{"gold_per_floor":[110,129,279,279,55,55,120,120,120,120,134,54,54,81,81,156,156,176,95,115,17,34,34,34],"floor_reached":24,"playtime":769,"items_purged":[],"score":384,"play_id":"755f4c8b-4bfd-4d04-b095-e107b012357a","local_time":"20190224145040","is_ascension_mode":true,"campfire_choices":[{"data":"Darkness","floor":6.0,"key":"SMITH"},{"data":"Dualcast","floor":8.0,"key":"SMITH"},{"data":"Zap","floor":10.0,"key":"SMITH"},{"data":"Capacitor","floor":15.0,"key":"SMITH"},{"data":"Defragment","floor":23,"key":"SMITH"}],"neow_cost":"NONE","seed_source_timestamp":9056249890365,"circlet_count":0,"master_deck":["AscendersBane","Strike_B","Strike_B","Strike_B","Strike_B","Defend_B","Defend_B","Defend_B","Defend_B","Zap+1","Dualcast+1","Seek","Conserve Battery","Darkness+1","Doubt","Undo","Capacitor+1","Creative AI","Cold Snap","Defragment+1","Recycle","Cold Snap"],"special_seed":0,"relics":["Cracked Core","Happy Flower","ClockworkSouvenir","Tiny Chest","Ginger","Bag of Preparation","Coffee Dripper"],"potions_floor_usage":[18,18],"damage_taken":[{"damage":0.0,"enemies":"2 Louse","floor":1.0,"turns":1.0},{"damage":0.0,"enemies":"Small Slimes","floor":2.0,"turns":4.0},{"damage":11.0,"enemies":"Lagavulin","floor":7.0,"turns":6.0},{"damage":5.0,"enemies":"Jaw Worm","floor":11.0,"turns":5.0},{"damage":33.0,"enemies":"Slime Boss","floor":16.0,"turns":6.0},{"damage":4,"enemies":"3 Byrds","floor":18,"turns":4},{"damage":13,"enemies":"Shell Parasite","floor":20,"turns":9},{"damage":31,"enemies":"Snecko","floor":22,"turns":6},{"damage":0,"enemies":"Book of Stabbing","floor":24,"turns":2}],"seed_played":"-9160172026695250676","potions_obtained":[{"floor":1.0,"key":"Block Potion"},{"floor":7.0,"key":"LiquidBronze"},{"floor":16.0,"key":"Fire Potion"},{"floor":20,"key":"SteroidPotion"}],"is_trial":false,"path_per_floor":["M","M","?","?","$","R","E","R","T","R","M","$","$","T","R","B",null,"M","$","M","$","M","R","E"],"character_chosen":"DEFECT","items_purchased":["ClockworkSouvenir","Capacitor","Defragment","Recycle","Explosive Potion"],"campfire_rested":0,"item_purchase_floors":[5,12,19,21,21],"current_hp_per_floor":[64,64,64,53,53,53,42,42,42,42,37,37,37,37,37,4,54,50,50,37,37,6,6,6],"gold":34,"neow_bonus":"ONE_RANDOM_RARE_CARD","is_prod":false,"is_daily":false,"chose_seed":false,"campfire_upgraded":5,"win_rate":0,"timestamp":1550991040,"path_taken":["M","M","?","?","$","R","E","R","T","R","M","?","$","?","R","BOSS","M","$","?","$","M","R","E"],"build_version":"2019-01-23","purchased_purges":0,"victory":false,"max_hp_per_floor":[71,71,71,71,71,71,71,71,71,71,71,71,71,71,71,71,71,71,71,71,71,71,71,71],"card_choices":[{"not_picked":["Doom and Gloom","Streamline"],"picked":"Conserve Battery","floor":1.0},{"not_picked":["Beam Cell","Rip and Tear"],"picked":"Darkness","floor":2.0},{"not_picked":["Force Field","Melter"],"picked":"Undo","floor":7.0},{"not_picked":["Leap","Rip and Tear","Reprogram"],"picked":"SKIP","floor":11.0},{"not_picked":["Hyperbeam","Meteor Strike"],"picked":"Creative AI","floor":16.0},{"not_picked":["Gash+1","Skim"],"picked":"Cold Snap","floor":18},{"not_picked":["FTL","Sunder","Beam Cell"],"picked":"SKIP","floor":20},{"not_picked":["Leap+1","Sweeping Beam+1"],"picked":"Cold Snap","floor":22}],"player_experience":3092393,"relics_obtained":[{"floor":7.0,"key":"Tiny Chest"},{"floor":9.0,"key":"Ginger"},{"floor":14.0,"key":"Bag of Preparation"}],"event_choices":[{"damage_healed":0.0,"max_hp_gain":0.0,"max_hp_loss":0.0,"gold_gain":150.0,"event_name":"Liars Game","player_choice":"AGREE","floor":3.0,"gold_loss":0.0,"damage_taken":0.0,"cards_obtained":["Doubt"]},{"damage_healed":0.0,"max_hp_gain":0.0,"max_hp_loss":0.0,"gold_gain":0.0,"event_name":"Scrap Ooze","player_choice":"Success","floor":4.0,"gold_loss":0.0,"damage_taken":11.0,"relics_obtained":["Happy Flower"]}],"is_beta":false,"boss_relics":[{"not_picked":["FrozenCore","Empty Cage"],"picked":"Coffee Dripper"}],"items_purged_floors":[],"is_endless":false,"potions_floor_spawned":[1,7,16,20,22],"killed_by":"Book of Stabbing","ascension_level":20}