{"gold_per_floor":[112,125,138,238,118,118,26,26,51,51,51,70,89,89,89,193,193,204,204,192,205,225,225,235,235,235,245,264,264,63,91,91,191,191,207,224,236,236,236],"floor_reached":40,"playtime":1395,"items_purged":["Strike_G","Defend_G"],"score":675,"play_id":"bb1d2366-5ba0-43bd-8650-117fe96cd033","local_time":"20181020194549","is_ascension_mode":false,"campfire_choices":[{"data":"Footwork","floor":6.0,"key":"SMITH"},{"data":"Deadly Poison","floor":8.0,"key":"SMITH"},{"data":"Footwork","floor":10.0,"key":"SMITH"},{"data":"Poisoned Stab","floor":15.0,"key":"SMITH"},{"data":"Catalyst","floor":23.0,"key":"SMITH"},{"data":"Well Laid Plans","floor":25,"key":"SMITH"},{"data":"Catalyst","floor":32,"key":"SMITH"}],"neow_cost":"NONE","seed_source_timestamp":33148367096355,"circlet_count":0,"master_deck":["Defend_G+1","Defend_G","Defend_G","Defend_G+1","Strike_G","Strike_G","Survivor","Neutralize","Phantasmal Killer","Footwork+1","Poisoned Stab+1","Deadly Poison+1","Footwork+1","Die Die Die","Well Laid Plans+1","Catalyst+1","Deadly Poison","Escape Plan+1","Catalyst+1","Adrenaline","Night Terror","Well Laid Plans"],"special_seed":0,"relics":["Ring of the Snake","Dream Catcher","War Paint","Empty Cage","Meat on the Bone","The Courier","Bag of Preparation","Ornamental Fan","Cursed Key"],"potions_floor_usage":[24,31,39,39],"damage_taken":[{"damage":0.0,"enemies":"2 Louse","floor":1.0,"turns":2.0},{"damage":0.0,"enemies":"Cultist","floor":2.0,"turns":4.0},{"damage":0.0,"enemies":"Small Slimes","floor":3.0,"turns":7.0},{"damage":0.0,"enemies":"Looter","floor":12.0,"turns":3.0},{"damage":0.0,"enemies":"Red Slaver","floor":13.0,"turns":5.0},{"damage":35.0,"enemies":"The Guardian","floor":16.0,"turns":10.0},{"damage":0.0,"enemies":"Spheric Guardian","floor":18.0,"turns":5.0},{"damage":0.0,"enemies":"Colosseum Slavers","floor":19.0,"turns":1.0},{"damage":6.0,"enemies":"2 Thieves","floor":20.0,"turns":4.0},{"damage":18.0,"enemies":"Cultist and Chosen","floor":21.0,"turns":9.0},{"damage":6.0,"enemies":"Shelled Parasite and Fungi","floor":22.0,"turns":6.0},{"damage":4,"enemies":"3 Cultists","floor":24,"turns":5},{"damage":15,"enemies":"Snecko","floor":27,"turns":5},{"damage":0,"enemies":"Shelled Parasite and Fungi","floor":28,"turns":6},{"damage":38,"enemies":"Slavers","floor":31,"turns":8},{"damage":0,"enemies":"Champ","floor":33,"turns":5},{"damage":6,"enemies":"3 Darklings","floor":35,"turns":7},{"damage":0,"enemies":"Orb Walker","floor":36,"turns":3},{"damage":0,"enemies":"Writhing Mass","floor":37,"turns":2},{"damage":43,"enemies":"Donu and Deca","floor":39,"turns":10}],"seed_played":"4055036072838136864","potions_obtained":[{"floor":1.0,"key":"SpeedPotion"},{"floor":12.0,"key":"SmokeBomb"},{"floor":18.0,"key":"Block Potion"},{"floor":24,"key":"Dexterity Potion"},{"floor":27,"key":"SmokeBomb"},{"floor":31,"key":"Swift Potion"}],"is_trial":false,"path_per_floor":["M","M","M","?","$","R","$","R","T","R","?","M","M","$","R","B",null,"M","?","M","M","M","R","M","R","T","M","M","T","$","E","R","B",null,"M","M","M","?","B"],"character_chosen":"THE_SILENT","items_purchased":["Poisoned Stab","Deadly Poison","Footwork","Bag of Preparation"],"campfire_rested":0,"item_purchase_floors":[5,7,7,30],"current_hp_per_floor":[70,70,70,70,70,70,70,70,70,70,67,67,67,67,67,32,70,70,70,64,46,40,40,36,36,36,33,45,45,45,19,19,31,70,64,64,64,64,33],"gold":236,"neow_bonus":"ONE_RANDOM_RARE_CARD","is_prod":false,"is_daily":false,"chose_seed":false,"campfire_upgraded":7,"win_rate":0,"timestamp":1540035949,"path_taken":["M","M","M","?","$","R","$","R","T","R","?","M","M","$","R","BOSS","M","?","M","?","M","R","M","R","T","M","M","?","$","E","R","BOSS","M","?","M","?","BOSS"],"build_version":"2018-10-18","purchased_purges":2,"victory":true,"max_hp_per_floor":[70,70,70,70,70,70,70,70,70,70,70,70,70,70,70,70,70,70,70,70,70,70,70,70,70,70,70,70,70,70,70,70,70,70,70,70,70,70,70],"card_choices":[{"not_picked":["Tactician","Slice","PiercingWail"],"picked":"SKIP","floor":1.0},{"not_picked":["Acrobatics","Dagger Spray","Quick Slash"],"picked":"SKIP","floor":2.0},{"not_picked":["Underhanded Strike","Dash"],"picked":"Footwork","floor":3.0},{"not_picked":["Prepared","Deflect","Dodge and Roll"],"picked":"SKIP","floor":12.0},{"not_picked":["Calculated Gamble","Quick Slash","Flying Knee"],"picked":"SKIP","floor":13.0},{"not_picked":["Doppelganger","Phantasmal Killer"],"picked":"Die Die Die","floor":16.0},{"not_picked":["Dodge and Roll","Distraction+1","Dagger Spray+1"],"picked":"SKIP","floor":18.0},{"not_picked":["Choke","Escape Plan+1"],"picked":"Well Laid Plans","floor":20.0},{"not_picked":["Slice+1","Underhanded Strike","Envenom"],"picked":"SKIP","floor":21.0},{"not_picked":["Deadly Poison","Prepared"],"picked":"Catalyst","floor":22.0},{"not_picked":["Slice","Setup"],"picked":"Deadly Poison","floor":24},{"not_picked":["Eviscerate","Tactician"],"picked":"Escape Plan+1","floor":27},{"not_picked":["Prepared","Outmaneuver"],"picked":"Catalyst","floor":28},{"not_picked":["Deflect","Flying Knee"],"picked":"Adrenaline","floor":31},{"not_picked":["Doppelganger","Adrenaline"],"picked":"Night Terror","floor":33},{"not_picked":["Expertise+1","Heel Hook","Quick Slash"],"picked":"SKIP","floor":35},{"not_picked":["Dagger Throw+1","Sucker Punch+1","Terror+1"],"picked":"SKIP","floor":36},{"not_picked":["Sucker Punch","Distraction"],"picked":"Well Laid Plans","floor":37}],"player_experience":415831,"relics_obtained":[{"floor":9.0,"key":"Dream Catcher"},{"floor":26,"key":"Meat on the Bone"},{"floor":29,"key":"The Courier"},{"floor":31,"key":"Ornamental Fan"}],"event_choices":[{"damage_healed":0.0,"max_hp_gain":0.0,"max_hp_loss":0.0,"gold_gain":100.0,"event_name":"Wheel of Change","player_choice":"Gold","floor":4.0,"gold_loss":0.0,"damage_taken":0.0},{"damage_healed":0.0,"max_hp_gain":0.0,"max_hp_loss":0.0,"gold_gain":0.0,"event_name":"Scrap Ooze","player_choice":"Success","floor":11.0,"gold_loss":0.0,"damage_taken":3.0,"relics_obtained":["War Paint"]},{"damage_healed":0.0,"max_hp_gain":0.0,"max_hp_loss":0.0,"gold_gain":0.0,"event_name":"Colosseum","player_choice":"Fight","floor":19.0,"gold_loss":0.0,"damage_taken":0.0},{"damage_healed":0.0,"max_hp_gain":0.0,"max_hp_loss":0.0,"gold_gain":0.0,"event_name":"Colosseum","player_choice":"Fled From Nobs","floor":19.0,"gold_loss":0.0,"damage_taken":0.0},{"damage_healed":0,"gold_gain":0,"player_choice":"Took Portal","damage_taken":0,"max_hp_gain":0,"max_hp_loss":0,"event_name":"SecretPortal","floor":38,"gold_loss":0}],"is_beta":false,"boss_relics":[{"not_picked":["White Beast Statue","Tiny House"],"picked":"Empty Cage"},{"not_picked":["Sozu","Orrery"],"picked":"Cursed Key"}],"items_purged_floors":[5,30],"is_endless":false,"potions_floor_spawned":[1,12,18,24,27,28,31,35,36],"ascension_level":0}