{"gold_per_floor":[111,124,124,124,137,137,63,18,18,18,30,48,68,41,41,136,136,150,150,150,75,91,101,101,101,128,140,140,156,172,20,20,117,117,136,136,147,47,64,64,75,75,147,147,22,22,35,0,0,0],"floor_reached":51,"playtime":1591,"items_purged":["Strike_B","Strike_B","Strike_B"],"score":739,"play_id":"650c39f2-c890-4057-9a76-8952ca0e482e","local_time":"20190616083402","is_ascension_mode":false,"campfire_choices":[{"data":"Dualcast","floor":6.0,"key":"SMITH"},{"data":"Defragment","floor":10.0,"key":"SMITH"},{"data":"Lockon","floor":15.0,"key":"SMITH"},{"data":"Loop","floor":24.0,"key":"SMITH"},{"data":"Coolheaded","floor":28.0,"key":"SMITH"},{"data":"Blizzard","floor":32.0,"key":"SMITH"},{"data":"Impatience","floor":40.0,"key":"SMITH"},{"data":"Biased Cognition","floor":44,"key":"SMITH"},{"data":"Reboot","floor":46,"key":"SMITH"},{"floor":49,"key":"REST"}],"neow_cost":"TEN_PERCENT_HP_LOSS","seed_source_timestamp":2093015131624,"circlet_count":0,"master_deck":["Strike_B","Defend_B","Defend_B","Defend_B","Zap","Dualcast+1","Core Surge","White Noise","Glacier","Defragment+1","Cold Snap","Lockon+1","Reboot+1","Coolheaded+1","Hyperbeam","Ball Lightning+1","Undo","Loop+1","Blizzard+1","Biased Cognition+1","Panacea","Purity","Impatience+1","Capacitor+1","Parasite","Recycle+1","Rainbow"],"special_seed":0,"relics":["FrozenCore","Calipers","Runic Dome","Cables","Question Card","DataDisk","Pear","Red Mask"],"potions_floor_usage":[41,41,50,50],"damage_taken":[{"damage":1.0,"enemies":"Jaw Worm","floor":1.0,"turns":2.0},{"damage":0.0,"enemies":"Small Slimes","floor":2.0,"turns":2.0},{"damage":1.0,"enemies":"Cultist","floor":5.0,"turns":4.0},{"damage":0.0,"enemies":"Looter","floor":11.0,"turns":3.0},{"damage":2.0,"enemies":"3 Louse","floor":12.0,"turns":3.0},{"damage":2.0,"enemies":"Exordium Wildlife","floor":13.0,"turns":3.0},{"damage":23.0,"enemies":"Hexaghost","floor":16.0,"turns":11.0},{"damage":0.0,"enemies":"2 Thieves","floor":18.0,"turns":3.0},{"damage":0.0,"enemies":"Chosen","floor":22.0,"turns":4.0},{"damage":12.0,"enemies":"Snake Plant","floor":23.0,"turns":3.0},{"damage":9.0,"enemies":"Centurion and Healer","floor":27.0,"turns":10.0},{"damage":0.0,"enemies":"Cultist and Chosen","floor":29.0,"turns":5.0},{"damage":11.0,"enemies":"Snake Plant","floor":30.0,"turns":4.0},{"damage":5.0,"enemies":"Collector","floor":33.0,"turns":15.0},{"damage":4.0,"enemies":"3 Darklings","floor":35.0,"turns":6.0},{"damage":5.0,"enemies":"3 Shapes","floor":37.0,"turns":5.0},{"damage":0.0,"enemies":"Maw","floor":39.0,"turns":8.0},{"damage":0,"enemies":"Writhing Mass","floor":41,"turns":4},{"damage":3,"enemies":"3 Darklings","floor":47,"turns":4},{"damage":5,"enemies":"Awakened One","floor":50,"turns":11}],"seed_played":"7918137460840414073","potions_obtained":[{"floor":2.0,"key":"Explosive Potion"},{"floor":11.0,"key":"Dexterity Potion"},{"floor":16.0,"key":"Fire Potion"},{"floor":18.0,"key":"Fire Potion"},{"floor":22.0,"key":"Regen Potion"},{"floor":27.0,"key":"Dexterity Potion"},{"floor":33.0,"key":"Block Potion"},{"floor":35.0,"key":"Block Potion"},{"floor":37.0,"key":"Swift Potion"},{"floor":41,"key":"FocusPotion"}],"is_trial":false,"path_per_floor":["M","M","?","?","M","R","$","$","T","R","M","M","M","$","R","B",null,"M","?","?","$","M","M","R","T","T","M","R","M","M","$","R","B",null,"M","?","M","$","M","R","M","?","T","R","$","R","M","?","R","B",null],"character_chosen":"DEFECT","items_purchased":["Defragment","Cold Snap","Coolheaded","Blizzard","Regen Potion"],"campfire_rested":1,"item_purchase_floors":[7,8,14,31,31],"current_hp_per_floor":[67,67,72,72,71,71,71,71,71,71,71,69,67,67,67,44,73,73,73,60,60,60,57,57,57,57,48,48,48,37,37,37,47,78,74,64,59,59,59,59,59,59,69,69,69,69,66,66,88,83],"gold":0,"neow_bonus":"THREE_RARE_CARDS","is_prod":false,"is_daily":false,"chose_seed":false,"campfire_upgraded":9,"win_rate":0,"timestamp":1560645242,"path_taken":["M","M","?","?","M","R","?","$","T","R","M","?","M","$","R","BOSS","M","?","?","$","M","M","R","?","T","M","R","M","?","$","R","BOSS","M","?","M","$","M","R","M","?","T","R","?","R","?","?","R","BOSS"],"build_version":"2019-01-23","purchased_purges":3,"victory":true,"max_hp_per_floor":[68,68,73,73,73,73,73,73,73,73,73,73,73,73,73,73,73,73,73,78,78,78,78,78,78,78,78,78,78,78,78,78,78,78,78,78,78,78,78,78,78,78,88,88,88,88,88,88,88,88],"card_choices":[{"not_picked":["Creative AI","Reboot"],"picked":"Core Surge","floor":0.0},{"not_picked":["Conserve Battery","Redo"],"picked":"White Noise","floor":1.0},{"not_picked":["Scrape","Sweeping Beam"],"picked":"Glacier","floor":2.0},{"not_picked":["Steam","Scrape","Beam Cell"],"picked":"SKIP","floor":5.0},{"not_picked":["Sweeping Beam","Rebound","Fusion"],"picked":"SKIP","floor":11.0},{"not_picked":["Go for the Eyes","Hologram"],"picked":"Lockon","floor":12.0},{"not_picked":["Hologram","Stack"],"picked":"Reboot","floor":13.0},{"not_picked":["Echo Form","All For One"],"picked":"Hyperbeam","floor":16.0},{"not_picked":["Cold Snap+1","Leap+1"],"picked":"Ball Lightning+1","floor":18.0},{"not_picked":["Conserve Battery","Tempest+1"],"picked":"Undo","floor":22.0},{"not_picked":["Sweeping Beam+1","Doom and Gloom"],"picked":"Loop","floor":23.0},{"not_picked":["Rebound","Beam Cell","Redo","Conserve Battery"],"picked":"SKIP","floor":27.0},{"not_picked":["Chaos","Conserve Battery","Static Discharge+1","Streamline"],"picked":"SKIP","floor":29.0},{"not_picked":["Steam","Hologram","Barrage+1","Double Energy"],"picked":"SKIP","floor":30.0},{"not_picked":["Multi-Cast","Machine Learning","Electrodynamics"],"picked":"Biased Cognition","floor":33.0},{"not_picked":["Consume+1","Steam Power","Aggregate","Genetic Algorithm"],"picked":"SKIP","floor":35.0},{"not_picked":["Forethought","Deep Breath","Swift Strike"],"picked":"Panacea","floor":36.0},{"not_picked":["Enlightenment","Discovery","Secret Technique"],"picked":"Purity","floor":36.0},{"not_picked":["Discovery","Purity","Violence"],"picked":"Impatience","floor":36.0},{"not_picked":["Streamline","Compile Driver+1","FTL+1","Aggregate"],"picked":"SKIP","floor":37.0},{"not_picked":["Hello World","Steam+1","Beam Cell+1"],"picked":"Capacitor+1","floor":39.0},{"not_picked":["Barrage+1","Gash","Steam+1"],"picked":"Recycle+1","floor":41},{"not_picked":["Hologram","Conserve Battery","Steam"],"picked":"Rainbow","floor":47}],"player_experience":5284712,"relics_obtained":[{"floor":9.0,"key":"Calipers"},{"floor":25.0,"key":"Question Card"},{"floor":26.0,"key":"DataDisk"},{"floor":43,"key":"Pear"}],"event_choices":[{"damage_healed":0.0,"max_hp_gain":5.0,"max_hp_loss":0.0,"gold_gain":0.0,"event_name":"Big Fish","player_choice":"Donut","floor":3.0,"gold_loss":0.0,"damage_taken":0.0},{"damage_healed":0.0,"max_hp_gain":0.0,"max_hp_loss":0.0,"gold_gain":0.0,"event_name":"Liars Game","player_choice":"Ignored","floor":4.0,"gold_loss":0.0,"damage_taken":0.0},{"damage_healed":0.0,"max_hp_gain":0.0,"max_hp_loss":0.0,"gold_gain":0.0,"event_name":"The Mausoleum","player_choice":"Opened","floor":19.0,"gold_loss":0.0,"damage_taken":0.0,"relics_obtained":["Cables"]},{"damage_healed":0.0,"max_hp_gain":5.0,"max_hp_loss":0.0,"gold_gain":0.0,"event_name":"Forgotten Altar","player_choice":"Shed Blood","floor":20.0,"gold_loss":0.0,"damage_taken":18.0},{"damage_healed":0.0,"max_hp_gain":0.0,"max_hp_loss":0.0,"gold_gain":0.0,"event_name":"SensoryStone","player_choice":"Memory 3","floor":36.0,"gold_loss":0.0,"damage_taken":10.0},{"cards_removed":["Defend_B"],"damage_healed":0,"gold_gain":0,"player_choice":"Removed Skill","damage_taken":0,"max_hp_gain":0,"max_hp_loss":0,"event_name":"Falling","floor":42,"gold_loss":0},{"damage_healed":0,"gold_gain":0,"player_choice":"Paid","damage_taken":0,"relics_obtained":["Red Mask"],"max_hp_gain":0,"max_hp_loss":0,"event_name":"Tomb of Lord Red Mask","floor":48,"gold_loss":35}],"is_beta":false,"boss_relics":[{"not_picked":["Orrery","Black Star"],"picked":"Runic Dome"},{"not_picked":["Fusion Hammer","White Beast Statue"],"picked":"FrozenCore"}],"items_purged_floors":[21,38,45],"is_endless":false,"potions_floor_spawned":[2,11,16,18,22,27,30,33,35,37,41],"ascension_level":0}