{"gold_per_floor":[115,133,58,133,133,165,165,180,180,180,195,223,237,262,262,666,666,684,694,94,108,119,152,152,179,253,253,263,283,298,317,317,415,415,434,452,464,34,53,83,83,83,83,83,137,137,149,149,149,149],"floor_reached":51,"playtime":1864,"items_purged":["True Grit","Second Wind"],"score":1189,"play_id":"43d18182-e932-4cbc-9834-03edb9bd7e2f","local_time":"20181018191514","daily_mods":["SealedDeck","Vintage","Heirloom"],"is_ascension_mode":false,"campfire_choices":[{"data":"Body Slam","floor":7.0,"key":"SMITH"},{"data":"Rampage","floor":10.0,"key":"SMITH"},{"data":"Feel No Pain","floor":15.0,"key":"SMITH"},{"data":"Juggernaut","floor":24,"key":"SMITH"},{"data":"Metallicize","floor":27,"key":"SMITH"},{"data":"Flex","floor":32,"key":"SMITH"},{"data":"Body Slam+1","floor":41,"key":"PURGE"},{"data":"Headbutt+1","floor":46,"key":"PURGE"},{"data":"Heavy Blade","floor":49,"key":"SMITH"}],"neow_cost":"","seed_source_timestamp":0,"circlet_count":0,"master_deck":["Flex+1","Disarm+1","Metallicize+1","Rampage+1","Feel No Pain+1","Juggernaut+1","Shrug It Off+1","Double Tap+1","Limit Break+1","Heavy Blade+1"],"special_seed":0,"relics":["Burning Blood","Incense Burner","Kunai","Ancient Tea Set","Boot","Mercury Hourglass","Matryoshka","PreservedInsect","Singing Bowl","Dodecahedron","Darkstone Periapt","Old Coin","Orrery","The Courier","Centennial Puzzle","ClockworkSouvenir","Mummified Hand","Blood Vial","Champion Belt","Whetstone","Toxic Egg 2","Letter Opener","Meat on the Bone","Blue Candle","Strawberry","Peace Pipe","Smiling Mask","Omamori","Lantern","Sozu","Orichalcum","MawBank","Membership Card","War Paint","Bag of Preparation","Ornamental Fan","Juzu Bracelet","Bottled Flame","Happy Flower","Anchor","Potion Belt","Girya","Charon\u0027s Ashes","Gambling Chip"],"potions_floor_usage":[23,39],"damage_taken":[{"damage":0.0,"enemies":"Cultist","floor":1.0,"turns":4.0},{"damage":0.0,"enemies":"Small Slimes","floor":2.0,"turns":5.0},{"damage":0.0,"enemies":"3 Sentries","floor":6.0,"turns":8.0},{"damage":0.0,"enemies":"2 Louse","floor":8.0,"turns":3.0},{"damage":3.0,"enemies":"Blue Slaver","floor":11.0,"turns":3.0},{"damage":0.0,"enemies":"Gremlin Nob","floor":12.0,"turns":3.0},{"damage":2.0,"enemies":"Gremlin Gang","floor":13.0,"turns":4.0},{"damage":0.0,"enemies":"3 Sentries","floor":14.0,"turns":5.0},{"damage":0.0,"enemies":"Slime Boss","floor":16.0,"turns":8.0},{"damage":7.0,"enemies":"Chosen","floor":18.0,"turns":3.0},{"damage":11.0,"enemies":"Shell Parasite","floor":19.0,"turns":5.0},{"damage":23.0,"enemies":"Shelled Parasite and Fungi","floor":21.0,"turns":4.0},{"damage":0.0,"enemies":"Snecko","floor":22.0,"turns":3.0},{"damage":0,"enemies":"Book of Stabbing","floor":23,"turns":4},{"damage":21,"enemies":"Slavers","floor":25,"turns":3},{"damage":8,"enemies":"Snake Plant","floor":28,"turns":3},{"damage":3,"enemies":"3 Cultists","floor":29,"turns":3},{"damage":0,"enemies":"Centurion and Healer","floor":30,"turns":4},{"damage":0,"enemies":"Cultist and Chosen","floor":31,"turns":4},{"damage":5,"enemies":"Automaton","floor":33,"turns":6},{"damage":2,"enemies":"3 Shapes","floor":35,"turns":2},{"damage":3,"enemies":"Orb Walker","floor":36,"turns":3},{"damage":0,"enemies":"Reptomancer","floor":39,"turns":2},{"damage":0,"enemies":"2 Orb Walkers","floor":40,"turns":2},{"damage":0,"enemies":"Mysterious Sphere","floor":45,"turns":3},{"damage":6,"enemies":"3 Darklings","floor":47,"turns":4},{"damage":0,"enemies":"Mind Bloom Boss Battle","floor":48,"turns":4},{"damage":0,"enemies":"Awakened One","floor":50,"turns":3}],"seed_played":"-289284173209949849","potions_obtained":[{"floor":2.0,"key":"FearPotion"},{"floor":8.0,"key":"GamblersBrew"},{"floor":19.0,"key":"LiquidBronze"},{"floor":21.0,"key":"SteroidPotion"},{"floor":22.0,"key":"SneckoOil"},{"floor":28,"key":"Energy Potion"},{"floor":33,"key":"SkillPotion"}],"is_trial":true,"path_per_floor":["M","M","$","?","?","E","R","M","T","R","M","E","M","E","R","B",null,"M","M","$","M","M","E","R","E","T","R","M","M","M","M","R","B",null,"M","M","?","$","M","E","R","?","T","?","?","R","M","?","R","B"],"character_chosen":"IRONCLAD","items_purchased":["Shrug It Off","ClockworkSouvenir","Mummified Hand","Blood Vial","Membership Card","War Paint","Bag of Preparation","Ornamental Fan","Juzu Bracelet"],"campfire_rested":0,"item_purchase_floors":[20,20,20,20,38,38,38,38,38],"current_hp_per_floor":[80,80,80,69,69,75,75,80,80,80,80,82,82,84,84,86,94,93,88,88,73,81,91,91,80,80,80,87,92,100,105,105,105,105,105,105,105,105,105,105,105,100,100,102,104,104,104,104,104,104],"gold":149,"neow_bonus":"","is_prod":false,"is_daily":false,"chose_seed":false,"campfire_upgraded":7,"win_rate":0,"timestamp":1539861314,"path_taken":["M","M","$","?","?","E","R","M","T","R","M","E","M","E","R","BOSS","M","M","$","M","M","E","R","E","T","R","M","M","?","M","R","BOSS","M","M","?","$","M","E","R","?","T","?","?","R","M","?","R","BOSS"],"build_version":"2018-10-11","purchased_purges":2,"victory":true,"max_hp_per_floor":[80,80,80,80,80,80,80,80,80,80,80,82,82,84,84,86,94,94,94,94,94,94,96,96,98,98,98,105,105,105,105,105,105,105,105,105,105,105,105,105,105,100,100,102,104,104,104,104,104,104],"card_choices":[{"not_picked":["Entrench","Thunderclap","Cleave"],"picked":"SKIP","floor":6.0},{"not_picked":["Flex","Feel No Pain","Headbutt"],"picked":"Singing Bowl","floor":12.0},{"not_picked":["Clothesline","Spot Weakness","Battle Trance"],"picked":"Singing Bowl","floor":14.0},{"not_picked":["Berserk","Exhume","Bludgeon"],"picked":"Singing Bowl","floor":16.0},{"not_picked":["Dual Wield","Pommel Strike","Second Wind"],"picked":"Singing Bowl","floor":17.0},{"not_picked":["Havoc","Twin Strike","Headbutt"],"picked":"Singing Bowl","floor":17.0},{"not_picked":["Clothesline","Armaments","Corruption"],"picked":"Singing Bowl","floor":17.0},{"not_picked":["Twin Strike","Dual Wield"],"picked":"Juggernaut","floor":17.0},{"not_picked":["Intimidate","Twin Strike","True Grit"],"picked":"Singing Bowl","floor":17.0},{"not_picked":["Anger","Pommel Strike","Entrench"],"picked":"Singing Bowl","floor":23},{"not_picked":["Perfected Strike","Hemokinesis+1","Flex+1"],"picked":"Singing Bowl","floor":25},{"not_picked":["Exhume+1","Dark Embrace"],"picked":"Double Tap+1","floor":33},{"not_picked":["Twin Strike+1","Sword Boomerang"],"picked":"Limit Break+1","floor":40},{"not_picked":["Swift Strike","Secret Weapon+1","Panacea+1"],"picked":"Singing Bowl","floor":44},{"not_picked":["Clothesline+1","Anger+1","Iron Wave+1"],"picked":"Singing Bowl","floor":45},{"not_picked":["Anger","Armaments+1"],"picked":"Heavy Blade","floor":48}],"player_experience":332552,"relics_obtained":[{"floor":1.0,"key":"Kunai"},{"floor":2.0,"key":"Ancient Tea Set"},{"floor":6.0,"key":"Boot"},{"floor":8.0,"key":"Mercury Hourglass"},{"floor":9.0,"key":"Matryoshka"},{"floor":11.0,"key":"PreservedInsect"},{"floor":12.0,"key":"Singing Bowl"},{"floor":13.0,"key":"Dodecahedron"},{"floor":14.0,"key":"Darkstone Periapt"},{"floor":16.0,"key":"Old Coin"},{"floor":18.0,"key":"The Courier"},{"floor":19.0,"key":"Centennial Puzzle"},{"floor":21.0,"key":"Champion Belt"},{"floor":22.0,"key":"Whetstone"},{"floor":23,"key":"Toxic Egg 2"},{"floor":25,"key":"Letter Opener"},{"floor":26,"key":"Meat on the Bone"},{"floor":26,"key":"Blue Candle"},{"floor":28,"key":"Strawberry"},{"floor":29,"key":"Peace Pipe"},{"floor":30,"key":"Smiling Mask"},{"floor":31,"key":"Omamori"},{"floor":33,"key":"Lantern"},{"floor":35,"key":"Orichalcum"},{"floor":36,"key":"MawBank"},{"floor":39,"key":"Bottled Flame"},{"floor":40,"key":"Happy Flower"},{"floor":43,"key":"Anchor"},{"floor":43,"key":"Potion Belt"},{"floor":45,"key":"Girya"},{"floor":47,"key":"Charon\u0027s Ashes"},{"floor":48,"key":"Gambling Chip"}],"event_choices":[{"event_name":"World of Goop","player_choice":"Gather Gold","floor":4.0,"damage_taken":0.0},{"event_name":"Upgrade Shrine","player_choice":"Upgraded","floor":5.0,"damage_taken":0.0},{"event_name":"Falling","player_choice":"Removed Skill","floor":37,"damage_taken":0},{"event_name":"Winding Halls","player_choice":"Max HP","floor":42,"damage_taken":0},{"event_name":"SensoryStone","player_choice":"Memory 1","floor":44,"damage_taken":0},{"event_name":"Mysterious Sphere","player_choice":"Fight","floor":45,"damage_taken":0},{"event_name":"MindBloom","player_choice":"Fight","floor":48,"damage_taken":0}],"is_beta":false,"boss_relics":[{"not_picked":["Velvet Choker","Runic Pyramid"],"picked":"Orrery"},{"not_picked":["Eternal Feather","Fusion Hammer"],"picked":"Sozu"}],"items_purged_floors":[3,20],"is_endless":false,"potions_floor_spawned":[2,8,19,21,22,28,30,33,35,40],"ascension_level":0}