{"gold_per_floor":[116,116,41,116,136,136,163,88,112,12,12,31,93,108,108,184,234,248,173,1,20,20,20,40,51,51,51,70,70,99,149,149,226,226,240,257,257,55,69,69,87,117,117,117,117,117,134,104,104,104,104],"floor_reached":51,"playtime":1625,"items_purged":["Strike_G","Strike_G","Deadly Poison"],"score":1461,"play_id":"0942f8fb-84ad-4d4a-af8a-f62ab904830b","local_time":"20190731124843","is_ascension_mode":true,"campfire_choices":[{"data":"Neutralize","floor":6.0,"key":"SMITH"},{"data":"Bouncing Flask","floor":15.0,"key":"SMITH"},{"data":"Catalyst","floor":23.0,"key":"SMITH"},{"data":"Footwork","floor":29.0,"key":"SMITH"},{"data":"Well Laid Plans","floor":32.0,"key":"SMITH"},{"data":"Calculated Gamble","floor":40.0,"key":"SMITH"},{"data":"Tactician","floor":46.0,"key":"SMITH"},{"floor":49.0,"key":"RECALL"}],"neow_cost":"NONE","seed_source_timestamp":237485773899394,"circlet_count":0,"master_deck":["AscendersBane","Defend_G+1","Defend_G+1","Defend_G+1","Defend_G+1","Defend_G+1","Survivor","Neutralize+1","PiercingWail","Bouncing Flask+1","Die Die Die","Venomology+1","Footwork+1","Backflip","Catalyst+1","Well Laid Plans+1","Tactician+1","Calculated Gamble","Calculated Gamble+1","Expertise","Backflip"],"special_seed":0,"relics":["Ring of the Snake","NeowsBlessing","Happy Flower","PreservedInsect","Letter Opener","Tiny House","Snake Skull","Potion Belt","Philosopher\u0027s Stone","Torii","Ninja Scroll"],"potions_floor_usage":[50,50,51],"damage_taken":[{"damage":0.0,"enemies":"Cultist","floor":1.0,"turns":1.0},{"damage":0.0,"enemies":"2 Louse","floor":5.0,"turns":1.0},{"damage":0.0,"enemies":"Gremlin Nob","floor":7.0,"turns":1.0},{"damage":1.0,"enemies":"Small Slimes","floor":12.0,"turns":5.0},{"damage":39.0,"enemies":"Lagavulin Event","floor":13.0,"turns":6.0},{"damage":1.0,"enemies":"Blue Slaver","floor":14.0,"turns":5.0},{"damage":2.0,"enemies":"The Guardian","floor":16.0,"turns":8.0},{"damage":15.0,"enemies":"2 Thieves","floor":18.0,"turns":5.0},{"damage":1.0,"enemies":"3 Byrds","floor":21.0,"turns":4.0},{"damage":3.0,"enemies":"Snecko","floor":24.0,"turns":3.0},{"damage":5.0,"enemies":"Centurion and Healer","floor":25.0,"turns":7.0},{"damage":5.0,"enemies":"Sentry and Sphere","floor":28.0,"turns":3.0},{"damage":13.0,"enemies":"Gremlin Leader","floor":30.0,"turns":5.0},{"damage":8.0,"enemies":"Automaton","floor":33.0,"turns":12.0},{"damage":20.0,"enemies":"3 Shapes","floor":35.0,"turns":5.0},{"damage":0.0,"enemies":"Orb Walker","floor":36.0,"turns":4.0},{"damage":2.0,"enemies":"Sphere and 2 Shapes","floor":39.0,"turns":5.0},{"damage":0.0,"enemies":"Transient","floor":41.0,"turns":6.0},{"damage":0.0,"enemies":"Giant Head","floor":42.0,"turns":6.0},{"damage":0.0,"enemies":"Writhing Mass","floor":47.0,"turns":5.0},{"damage":12,"enemies":"Awakened One","floor":50,"turns":14},{"damage":0,"enemies":"Donu and Deca","floor":51,"turns":1}],"seed_played":"2391191760707807060","potions_obtained":[{"floor":1.0,"key":"Strength Potion"},{"floor":5.0,"key":"SteroidPotion"},{"floor":11.0,"key":"PowerPotion"},{"floor":11.0,"key":"GamblersBrew"},{"floor":14.0,"key":"GhostInAJar"},{"floor":17.0,"key":"SteroidPotion"},{"floor":18.0,"key":"Weak Potion"},{"floor":30.0,"key":"SteroidPotion"},{"floor":39.0,"key":"SpeedPotion"}],"is_trial":false,"path_per_floor":["M","?","$","?","M","R","E","?","T","$","?","M","?","M","R","B",null,"M","?","$","M","?","R","M","M","T","?","M","R","E","?","R","B",null,"M","M","?","$","M","R","M","E","T","$","?","R","M","$","R","B","B"],"character_chosen":"THE_SILENT","items_purchased":["Snake Skull","Expertise","Backflip"],"campfire_rested":0,"item_purchase_floors":[20,38,48],"current_hp_per_floor":[59,59,59,48,48,48,48,48,48,48,48,47,8,7,7,5,56,41,41,41,40,40,40,37,32,32,32,27,27,14,14,14,6,55,35,35,35,35,33,33,33,33,33,33,33,33,33,33,33,21,21],"gold":104,"neow_bonus":"THREE_ENEMY_KILL","is_prod":false,"is_daily":false,"chose_seed":false,"campfire_upgraded":7,"win_rate":0,"timestamp":1564544923,"path_taken":["M","?","$","?","M","R","E","?","T","?","?","?","?","M","R","BOSS","M","?","$","M","?","R","M","M","T","?","M","R","E","?","R","BOSS","M","M","?","$","M","R","M","E","T","?","?","R","?","?","R","BOSS","BOSS"],"build_version":"2019-07-17","purchased_purges":3,"victory":false,"max_hp_per_floor":[66,66,66,66,66,66,66,66,66,66,66,66,66,66,66,66,71,71,71,71,71,71,71,71,71,71,71,71,71,71,71,71,71,71,71,71,71,71,71,71,71,71,71,71,71,71,71,71,71,71,71],"card_choices":[{"not_picked":["Riddle With Holes","Flying Knee","PiercingWail"],"picked":"SKIP","floor":1.0},{"not_picked":["Dodge and Roll","Blade Dance","Quick Slash"],"picked":"SKIP","floor":5.0},{"not_picked":["Endless Agony","Sucker Punch"],"picked":"Deadly Poison","floor":7.0},{"not_picked":["Poisoned Stab","Prepared"],"picked":"Bouncing Flask","floor":12.0},{"not_picked":["Quick Slash","Slice"],"picked":"Die Die Die","floor":14.0},{"not_picked":["Night Terror","Tools of the Trade"],"picked":"Venomology","floor":16.0},{"not_picked":["Heel Hook","Reflex"],"picked":"Footwork","floor":17.0},{"not_picked":["Setup+1","Deflect+1"],"picked":"Backflip","floor":18.0},{"not_picked":["Backflip","Quick Slash"],"picked":"Catalyst","floor":21.0},{"not_picked":["Backstab+1","Masterful Stab","Bane"],"picked":"SKIP","floor":24.0},{"not_picked":["Prepared","Quick Slash"],"picked":"Well Laid Plans","floor":25.0},{"not_picked":["Dagger Spray","Die Die Die"],"picked":"Tactician","floor":28.0},{"not_picked":["Sucker Punch","Accuracy","Masterful Stab"],"picked":"SKIP","floor":30.0},{"not_picked":["Setup","Deflect"],"picked":"Calculated Gamble","floor":35.0},{"not_picked":["Blade Dance+1","Deadly Poison","Slice"],"picked":"SKIP","floor":36.0},{"not_picked":["Poisoned Stab","Doppelganger","Sucker Punch"],"picked":"SKIP","floor":39.0},{"not_picked":["Backflip","Riddle With Holes","Blur+1"],"picked":"SKIP","floor":41.0},{"not_picked":["Terror","Distraction+1","Noxious Fumes"],"picked":"SKIP","floor":42.0},{"not_picked":["Bane","Blade Dance","Dodge and Roll"],"picked":"SKIP","floor":47.0}],"player_experience":705931,"relics_obtained":[{"floor":7.0,"key":"Happy Flower"},{"floor":9.0,"key":"PreservedInsect"},{"floor":30.0,"key":"Potion Belt"},{"floor":42.0,"key":"Torii"},{"floor":43.0,"key":"Ninja Scroll"}],"event_choices":[{"damage_healed":0.0,"max_hp_gain":0.0,"max_hp_loss":0.0,"gold_gain":0.0,"cards_transformed":["Strike_G"],"event_name":"Living Wall","player_choice":"Change","floor":2.0,"gold_loss":0.0,"damage_taken":0.0,"cards_obtained":["PiercingWail"]},{"damage_healed":0.0,"max_hp_gain":0.0,"max_hp_loss":0.0,"gold_gain":75.0,"event_name":"World of Goop","player_choice":"Gather Gold","floor":4.0,"gold_loss":0.0,"damage_taken":11.0},{"cards_removed":["Strike_G"],"damage_healed":0.0,"max_hp_gain":0.0,"max_hp_loss":0.0,"gold_gain":0.0,"event_name":"The Cleric","player_choice":"Card Removal","floor":8.0,"gold_loss":75.0,"damage_taken":0.0},{"damage_healed":0.0,"max_hp_gain":0.0,"max_hp_loss":0.0,"gold_gain":0.0,"event_name":"Lab","player_choice":"Got Potions","floor":11.0,"gold_loss":0.0,"damage_taken":0.0},{"damage_healed":0.0,"max_hp_gain":0.0,"max_hp_loss":0.0,"gold_gain":30.0,"event_name":"Dead Adventurer","player_choice":"Searched \u00273\u0027 times","floor":13.0,"gold_loss":0.0,"damage_taken":0.0,"relics_obtained":["Letter Opener"]},{"cards_removed":["Strike_G"],"damage_healed":0.0,"max_hp_gain":0.0,"max_hp_loss":0.0,"gold_gain":0.0,"event_name":"Beggar","player_choice":"Gave Gold","floor":19.0,"gold_loss":75.0,"damage_taken":0.0},{"damage_healed":0.0,"max_hp_gain":0.0,"max_hp_loss":0.0,"gold_gain":0.0,"event_name":"Vampires","player_choice":"Ignored","floor":22.0,"gold_loss":0.0,"damage_taken":0.0},{"damage_healed":0.0,"max_hp_gain":0.0,"max_hp_loss":0.0,"gold_gain":0.0,"event_name":"Back to Basics","player_choice":"Simplicity","floor":27.0,"gold_loss":0.0,"damage_taken":0.0,"cards_upgraded":["Defend_G","Defend_G","Defend_G","Defend_G","Defend_G"]},{"damage_healed":0.0,"max_hp_gain":0.0,"max_hp_loss":0.0,"gold_gain":50.0,"event_name":"Nest","player_choice":"Stole From Cult","floor":31.0,"gold_loss":0.0,"damage_taken":0.0},{"damage_healed":0.0,"max_hp_gain":0.0,"max_hp_loss":0.0,"gold_gain":0.0,"event_name":"Duplicator","player_choice":"Copied","floor":37.0,"gold_loss":0.0,"damage_taken":0.0,"cards_obtained":["Calculated Gamble"]},{"damage_healed":0.0,"max_hp_gain":0.0,"max_hp_loss":0.0,"gold_gain":0.0,"event_name":"SensoryStone","player_choice":"Memory 1","floor":45.0,"gold_loss":0.0,"damage_taken":0.0}],"is_beta":false,"boss_relics":[{"not_picked":["Calling Bell","Sozu"],"picked":"Tiny House"},{"not_picked":["Busted Crown","Cursed Key"],"picked":"Philosopher\u0027s Stone"}],"items_purged_floors":[3,10,38],"is_endless":false,"potions_floor_spawned":[1,5,13,14,18,21,28,30,39,41,47],"killed_by":"Donu and Deca","ascension_level":20}