{"path_per_floor":["M","?","$","?","M","R","E","M","T","E","?","E","M","M","R","B",null,"M","?","$","M","M","E","R","E","T","?","M","E","M","$","R","B",null,"M","?","M","M","M","M","R","E","T","E","M","M","E","?","R","B"],"character_chosen":"IRONCLAD","items_purchased":["Lantern","Paper Frog"],"gold_per_floor":[118,193,49,49,67,67,98,118,118,153,153,186,204,220,220,321,321,332,332,3,16,26,61,61,90,90,90,108,137,154,54,54,158,158,172,172,188,205,219,237,237,263,263,291,309,329,357,357,357,357],"floor_reached":51,"campfire_rested":2,"playtime":2219,"item_purchase_floors":[],"current_hp_per_floor":[80,69,69,53,59,59,65,71,71,52,52,43,45,51,51,34,80,62,62,62,66,44,36,36,16,16,16,33,24,22,22,46,12,80,80,80,72,72,78,55,55,63,63,66,60,59,61,56,82,24],"items_purged":["Defend_R","Strike_R"],"gold":357,"score":944,"play_id":"27b3406b-3b1c-4959-8295-dc5ffc14b665","local_time":"20180526140310","is_prod":false,"is_daily":false,"chose_seed":false,"is_ascension_mode":false,"campfire_upgraded":4,"win_rate":0.0,"timestamp":1527336190,"campfire_choices":[{"data":"Bash","floor":6.0,"key":"SMITH"},{"data":"Flex","floor":15.0,"key":"SMITH"},{"data":"Heavy Blade","floor":24.0,"key":"SMITH"},{"floor":32,"key":"REST"},{"data":"Limit Break","floor":41,"key":"SMITH"},{"floor":49,"key":"REST"}],"path_taken":["M","?","$","?","M","R","E","M","T","E","?","E","?","?","R","BOSS","M","?","$","M","M","E","R","E","T","?","M","E","M","$","R","BOSS","M","?","M","?","M","M","R","E","T","E","M","M","E","?","R","BOSS"],"build_version":"2018-05-25","seed_source_timestamp":0,"purchased_purges":2,"victory":true,"master_deck":["Strike_R","Strike_R","Strike_R","Strike_R+1","Defend_R","Defend_R+1","Bash+1","Heavy Blade+1","Dropkick","Cleave","Spot Weakness+1","Inflame+1","Thunderclap","Flex+1","Impervious","Impervious+1","Entrench+1","Metallicize+1","Inflame+1","Limit Break+1","Flex+1","Whirlwind+1","Dropkick+1","Body Slam+1","Inflame+1","Apotheosis"],"max_hp_per_floor":[80,80,80,80,80,80,80,80,80,80,80,80,80,80,80,80,80,80,80,80,80,80,80,80,80,80,80,80,80,80,80,80,80,80,80,80,80,80,80,80,80,80,80,87,87,87,87,87,87,87],"relics":["Burning Blood","NeowsBlessing","Lantern","Self Forming Clay","Frozen Egg 2","Orichalcum","Matryoshka","Black Star","Paper Frog","Shuriken","Kunai","Blood Vial","Oddly Smooth Stone","Pen Nib","Vajra","War Paint","Bronze Scales","Philosopher\u0027s Stone","Molten Egg 2","Bottled Tornado","Potion Belt","Meat on the Bone","Strawberry","Bag of Marbles","Boot","Ancient Tea Set"],"card_choices":[{"not_picked":["Anger","Rage"],"picked":"Heavy Blade","floor":1.0},{"not_picked":["Second Wind","Warcry"],"picked":"Dropkick","floor":5.0},{"not_picked":["Uppercut","Fire Breathing"],"picked":"Cleave","floor":7.0},{"not_picked":["Anger","Pommel Strike"],"picked":"Spot Weakness","floor":8.0},{"not_picked":["Cleave","Shockwave"],"picked":"Inflame+1","floor":10.0},{"not_picked":["Rage","Hemokinesis","Perfected Strike"],"picked":"SKIP","floor":12.0},{"not_picked":["Armaments","Bludgeon"],"picked":"Thunderclap","floor":13.0},{"not_picked":["Cleave","Clothesline"],"picked":"Flex","floor":14.0},{"not_picked":["Barricade+1","Reaper"],"picked":"Impervious","floor":16.0},{"not_picked":["Seeing Red","Cleave+1","True Grit"],"picked":"SKIP","floor":18.0},{"not_picked":["Twin Strike","Flame Barrier","Pommel Strike"],"picked":"SKIP","floor":21.0},{"not_picked":["Heavy Blade","Body Slam","Armaments"],"picked":"SKIP","floor":22.0},{"not_picked":["Bludgeon","Armaments"],"picked":"Impervious","floor":23.0},{"not_picked":["Armaments+1","True Grit"],"picked":"Entrench+1","floor":25},{"not_picked":["Twin Strike","Sword Boomerang"],"picked":"Metallicize+1","floor":28},{"not_picked":["Cleave","Flex","Feel No Pain+1"],"picked":"SKIP","floor":29},{"not_picked":["Body Slam","Dual Wield"],"picked":"Inflame+1","floor":30},{"not_picked":["Bludgeon","Fiend Fire"],"picked":"Limit Break","floor":33},{"not_picked":["Flex","Cleave+1","Flame Barrier"],"picked":"SKIP","floor":35},{"not_picked":["Twin Strike+1","Intimidate"],"picked":"Flex+1","floor":37},{"not_picked":["Shrug It Off","Thunderclap+1","Burning Pact+1"],"picked":"SKIP","floor":38},{"not_picked":["Iron Wave+1","Sword Boomerang"],"picked":"Whirlwind+1","floor":39},{"not_picked":["Heavy Blade","True Grit"],"picked":"Dropkick+1","floor":40},{"not_picked":["Iron Wave","Warcry+1","Demon Form+1"],"picked":"SKIP","floor":42},{"not_picked":["Sword Boomerang+1","Uppercut+1"],"picked":"Body Slam+1","floor":44},{"not_picked":["Shrug It Off+1","Warcry"],"picked":"Inflame+1","floor":45},{"not_picked":["Cleave+1","Burning Pact","Anger+1"],"picked":"SKIP","floor":46},{"not_picked":["Shrug It Off","Cleave+1","Rage"],"picked":"SKIP","floor":47},{"not_picked":["Good Instincts","Transmutation"],"picked":"Apotheosis","floor":48}],"player_experience":68855,"potions_floor_usage":[25,28,33,50,50,50,50],"damage_taken":[{"damage":0.0,"enemies":"Jaw Worm","floor":1.0,"turns":1.0},{"damage":0.0,"enemies":"Small Slimes","floor":5.0,"turns":1.0},{"damage":0.0,"enemies":"3 Sentries","floor":7.0,"turns":1.0},{"damage":0.0,"enemies":"2 Louse","floor":8.0,"turns":2.0},{"damage":25.0,"enemies":"Gremlin Nob","floor":10.0,"turns":4.0},{"damage":15.0,"enemies":"3 Sentries","floor":12.0,"turns":4.0},{"damage":4.0,"enemies":"Exordium Wildlife","floor":13.0,"turns":2.0},{"damage":0.0,"enemies":"2 Fungi Beasts","floor":14.0,"turns":2.0},{"damage":23.0,"enemies":"The Guardian","floor":16.0,"turns":6.0},{"damage":24.0,"enemies":"2 Thieves","floor":18.0,"turns":4.0},{"damage":2.0,"enemies":"Spheric Guardian","floor":21.0,"turns":4.0},{"damage":28.0,"enemies":"Snake Plant","floor":22.0,"turns":3.0},{"damage":14.0,"enemies":"Slavers","floor":23.0,"turns":5.0},{"damage":26,"enemies":"Book of Stabbing","floor":25,"turns":4},{"damage":6,"enemies":"Centurion and Healer","floor":28,"turns":6},{"damage":17,"enemies":"Gremlin Leader","floor":29,"turns":5},{"damage":10,"enemies":"Sentry and Sphere","floor":30,"turns":4},{"damage":42,"enemies":"Automaton","floor":33,"turns":7},{"damage":0,"enemies":"Flame Bruiser 1 Orb","floor":35,"turns":2},{"damage":14,"enemies":"Orb Walker","floor":37,"turns":3},{"damage":8,"enemies":"Spire Growth","floor":38,"turns":3},{"damage":2,"enemies":"Sphere and 2 Shapes","floor":39,"turns":4},{"damage":31,"enemies":"3 Darklings","floor":40,"turns":3},{"damage":0,"enemies":"Nemesis","floor":42,"turns":3},{"damage":12,"enemies":"2 Orb Walkers","floor":44,"turns":5},{"damage":14,"enemies":"Maw","floor":45,"turns":5},{"damage":9,"enemies":"4 Shapes","floor":46,"turns":1},{"damage":6,"enemies":"Nemesis","floor":47,"turns":5},{"damage":78,"enemies":"Awakened One","floor":50,"turns":7}],"relics_obtained":[{"floor":7.0,"key":"Self Forming Clay"},{"floor":9.0,"key":"Frozen Egg 2"},{"floor":10.0,"key":"Orichalcum"},{"floor":12.0,"key":"Matryoshka"},{"floor":23.0,"key":"Shuriken"},{"floor":23.0,"key":"Kunai"},{"floor":25,"key":"Blood Vial"},{"floor":25,"key":"Oddly Smooth Stone"},{"floor":26,"key":"Pen Nib"},{"floor":26,"key":"Vajra"},{"floor":29,"key":"War Paint"},{"floor":29,"key":"Bronze Scales"},{"floor":42,"key":"Molten Egg 2"},{"floor":42,"key":"Bottled Tornado"},{"floor":43,"key":"Potion Belt"},{"floor":43,"key":"Meat on the Bone"},{"floor":44,"key":"Strawberry"},{"floor":44,"key":"Bag of Marbles"},{"floor":47,"key":"Boot"},{"floor":47,"key":"Ancient Tea Set"}],"event_choices":[{"event_name":"World of Goop","player_choice":"Gather Gold","floor":2.0,"damage_taken":0.0},{"event_name":"Shining Light","player_choice":"Entered Light","floor":4.0,"damage_taken":0.0},{"event_name":"Bonfire Elementals","player_choice":"BASIC","floor":11.0,"damage_taken":0.0},{"event_name":"The Lab","player_choice":"Got Potions","floor":19.0,"damage_taken":0.0},{"event_name":"Drug Dealer","player_choice":"Ignored","floor":27,"damage_taken":0},{"event_name":"Accursed Blacksmith","player_choice":"Ignore","floor":36,"damage_taken":0},{"event_name":"SensoryStone","player_choice":"Memory 2","floor":48,"damage_taken":0}],"boss_relics":[{"not_picked":["Snecko Eye","Black Blood"],"picked":"Philosopher\u0027s Stone"}],"items_purged_floors":[],"potions_floor_spawned":[5,7,8,10,14,18,22,23,29,35,42,46],"seed_played":"3176257320631395138","ascension_level":0,"potions_obtained":[{"floor":5.0,"key":"Weak Potion"},{"floor":7.0,"key":"Swift Potion"},{"floor":8.0,"key":"Explosive Potion"},{"floor":10.0,"key":"Explosive Potion"},{"floor":14.0,"key":"FearPotion"},{"floor":18.0,"key":"SteroidPotion"},{"floor":19.0,"key":"Regen Potion"},{"floor":23.0,"key":"FearPotion"},{"floor":29,"key":"SteroidPotion"},{"floor":35,"key":"EssenceOfSteel"},{"floor":42,"key":"EssenceOfSteel"},{"floor":46,"key":"SpeedPotion"}],"is_trial":false}