{"gold_per_floor":[116,132,132,156,86,86,6,6,6,36,52,96,121,146,146,277,277,297,32,50,50,104,104,147,147,200,200,213,213,236,236,236,365,365,379,132,132,132,155,155,155,155,206,206,222,222,85,99,99,99],"floor_reached":51,"playtime":2136,"items_purged":["Strike_G","Normality"],"score":713,"play_id":"478b4f06-3c2e-4830-b8e7-06290a3d1fe3","local_time":"20181019222246","is_ascension_mode":false,"campfire_choices":[{"data":"Well Laid Plans","floor":6.0,"key":"SMITH"},{"data":"Well Laid Plans","floor":8.0,"key":"SMITH"},{"data":"Footwork","floor":15.0,"key":"SMITH"},{"data":"Apotheosis","floor":23.0,"key":"SMITH"},{"data":"Malaise","floor":25.0,"key":"SMITH"},{"data":"Leg Sweep","floor":27.0,"key":"SMITH"},{"data":"Venomology","floor":29.0,"key":"SMITH"},{"data":"Neutralize","floor":32.0,"key":"SMITH"},{"data":"Grand Finale","floor":40.0,"key":"SMITH"},{"data":"Grand Finale","floor":42.0,"key":"SMITH"},{"data":"Backflip","floor":46.0,"key":"SMITH"},{"data":"Grand Finale","floor":49.0,"key":"SMITH"}],"neow_cost":"NONE","seed_source_timestamp":10951984901301,"circlet_count":0,"master_deck":["Defend_G+1","Defend_G+1","Defend_G+1","Defend_G+1","Defend_G+1","Strike_G+1","Strike_G+1","Strike_G+1","Strike_G+1","Survivor+1","Neutralize+1","Well Laid Plans+1","Footwork+1","Well Laid Plans+1","Dagger Throw+1","Malaise+1","Leg Sweep+1","Grand Finale+1","Apotheosis+1","Venomology+1","Grand Finale+1","Backflip+1","Grand Finale+1"],"special_seed":0,"relics":["Ring of the Serpent","Snake Skull","Golden Idol","Tiny Chest","Vajra","Tough Bandages","Omamori","Blood Vial","Strawberry","Calling Bell","Lantern","Matryoshka","Gambling Chip","Bag of Preparation","Art of War","Gremlin Horn","Bag of Marbles","Centennial Puzzle","Mark of the Bloom"],"potions_floor_usage":[50,50,50],"damage_taken":[{"damage":0.0,"enemies":"Jaw Worm","floor":1.0,"turns":4.0},{"damage":0.0,"enemies":"Cultist","floor":2.0,"turns":4.0},{"damage":0.0,"enemies":"2 Louse","floor":4.0,"turns":3.0},{"damage":3.0,"enemies":"Looter","floor":11.0,"turns":4.0},{"damage":10.0,"enemies":"Lagavulin","floor":12.0,"turns":10.0},{"damage":0.0,"enemies":"Red Slaver","floor":13.0,"turns":5.0},{"damage":8.0,"enemies":"Lots of Slimes","floor":14.0,"turns":6.0},{"damage":16.0,"enemies":"Slime Boss","floor":16.0,"turns":20.0},{"damage":7.0,"enemies":"Shell Parasite","floor":18.0,"turns":5.0},{"damage":0.0,"enemies":"3 Byrds","floor":20.0,"turns":3.0},{"damage":11.0,"enemies":"Gremlin Leader","floor":24.0,"turns":5.0},{"damage":0.0,"enemies":"Centurion and Healer","floor":28.0,"turns":5.0},{"damage":0.0,"enemies":"Chosen and Byrds","floor":30.0,"turns":5.0},{"damage":29.0,"enemies":"Collector","floor":33.0,"turns":11.0},{"damage":0.0,"enemies":"3 Shapes","floor":35.0,"turns":6.0},{"damage":0.0,"enemies":"3 Darklings","floor":39.0,"turns":2.0},{"damage":0.0,"enemies":"Writhing Mass","floor":45.0,"turns":3.0},{"damage":0.0,"enemies":"Jaw Worm Horde","floor":48.0,"turns":2.0},{"damage":0,"enemies":"Awakened One","floor":50,"turns":7}],"seed_played":"4495339093044239621","potions_obtained":[{"floor":1.0,"key":"Regen Potion"},{"floor":12.0,"key":"SneckoOil"},{"floor":18.0,"key":"Block Potion"},{"floor":30.0,"key":"GhostInAJar"},{"floor":45.0,"key":"Dexterity Potion"}],"is_trial":false,"path_per_floor":["M","M","?","M","$","R","$","R","T","?","M","E","M","M","R","B",null,"M","$","M","T","T","R","E","R","T","R","M","R","M","?","R","B",null,"M","$","T","?","M","R","?","R","T","?","M","R","$","M","R","B"],"character_chosen":"THE_SILENT","items_purchased":["Footwork","Well Laid Plans","Apotheosis","Bag of Preparation","Grand Finale"],"campfire_rested":0,"item_purchase_floors":[5,7,19,36,47],"current_hp_per_floor":[70,70,65,65,65,65,65,65,65,65,62,52,52,44,44,28,65,58,58,58,58,58,58,47,47,54,54,56,56,58,58,58,31,72,72,72,72,72,72,72,68,68,68,68,68,68,68,68,68,68],"gold":99,"neow_bonus":"RANDOM_COMMON_RELIC","is_prod":false,"is_daily":false,"chose_seed":false,"campfire_upgraded":12,"win_rate":0,"timestamp":1539958966,"path_taken":["M","M","?","?","?","R","$","R","T","?","M","E","M","M","R","BOSS","M","$","M","?","?","R","E","R","T","R","M","R","M","?","R","BOSS","M","?","?","?","M","R","?","R","T","?","?","R","$","M","R","BOSS"],"build_version":"2018-10-18","purchased_purges":2,"victory":true,"max_hp_per_floor":[70,70,65,65,65,65,65,65,65,65,65,65,65,65,65,65,65,65,65,65,65,65,65,65,65,72,72,72,72,72,72,72,72,72,72,72,72,72,72,72,68,68,68,68,68,68,68,68,68,68],"card_choices":[{"not_picked":["Accuracy","Dagger Spray","Dagger Throw"],"picked":"SKIP","floor":1.0},{"not_picked":["PiercingWail","Blade Dance","Outmaneuver"],"picked":"SKIP","floor":2.0},{"not_picked":["Expertise","Slice"],"picked":"Well Laid Plans","floor":4.0},{"not_picked":["Tactician","Setup"],"picked":"Dagger Throw","floor":11.0},{"not_picked":["Backstab","PiercingWail"],"picked":"Malaise","floor":12.0},{"not_picked":["Sucker Punch","All Out Attack"],"picked":"Leg Sweep","floor":13.0},{"not_picked":["Slice","PiercingWail","Setup"],"picked":"SKIP","floor":14.0},{"not_picked":["Adrenaline","Storm of Steel"],"picked":"Grand Finale","floor":16.0},{"not_picked":["Underhanded Strike","Endless Agony+1","Cloak And Dagger+1"],"picked":"SKIP","floor":18.0},{"not_picked":["Cloak And Dagger","All Out Attack","Prepared"],"picked":"SKIP","floor":20.0},{"not_picked":["Bane","Dagger Spray"],"picked":"Venomology","floor":24.0},{"not_picked":["All Out Attack","Slice+1","Flying Knee"],"picked":"SKIP","floor":28.0},{"not_picked":["Underhanded Strike","Distraction","Crippling Poison+1"],"picked":"SKIP","floor":30.0},{"not_picked":["Bullet Time","Burst"],"picked":"Grand Finale","floor":33.0},{"not_picked":["Caltrops+1","Sucker Punch","Cloak And Dagger+1"],"picked":"SKIP","floor":35.0},{"not_picked":["Flechettes+1","Poisoned Stab","Reflex"],"picked":"SKIP","floor":39.0},{"not_picked":["Deadly Poison","Dagger Throw+1"],"picked":"Backflip","floor":45.0},{"not_picked":["Deflect","Catalyst","Cloak And Dagger+1"],"picked":"SKIP","floor":48.0}],"player_experience":380061,"relics_obtained":[{"floor":12.0,"key":"Vajra"},{"floor":21.0,"key":"Tough Bandages"},{"floor":22.0,"key":"Omamori"},{"floor":24.0,"key":"Blood Vial"},{"floor":26.0,"key":"Strawberry"},{"floor":34.0,"key":"Lantern"},{"floor":34.0,"key":"Matryoshka"},{"floor":34.0,"key":"Gambling Chip"},{"floor":37.0,"key":"Art of War"},{"floor":37.0,"key":"Gremlin Horn"},{"floor":43.0,"key":"Bag of Marbles"},{"floor":43.0,"key":"Centennial Puzzle"}],"event_choices":[{"damage_healed":0.0,"max_hp_gain":0.0,"max_hp_loss":5.0,"gold_gain":0.0,"event_name":"Golden Idol","player_choice":"Lose Max HP","floor":3.0,"gold_loss":0.0,"damage_taken":0.0,"relics_obtained":["Golden Idol"]},{"damage_healed":0.0,"max_hp_gain":0.0,"max_hp_loss":0.0,"gold_gain":0.0,"event_name":"WeMeetAgain","player_choice":"Gave Potion","floor":10.0,"gold_loss":0.0,"damage_taken":0.0,"relics_obtained":["Tiny Chest"]},{"damage_healed":0.0,"max_hp_gain":0.0,"max_hp_loss":0.0,"gold_gain":0.0,"event_name":"Cursed Tome","player_choice":"Ignored","floor":31.0,"gold_loss":0.0,"damage_taken":0.0},{"damage_healed":0.0,"max_hp_gain":0.0,"max_hp_loss":0.0,"gold_gain":0.0,"event_name":"Tomb of Lord Red Mask","player_choice":"Ignored","floor":38.0,"gold_loss":0.0,"damage_taken":0.0},{"damage_healed":0.0,"max_hp_gain":0.0,"max_hp_loss":4.0,"gold_gain":0.0,"event_name":"Winding Halls","player_choice":"Max HP","floor":41.0,"gold_loss":0.0,"damage_taken":0.0},{"damage_healed":0.0,"max_hp_gain":0.0,"max_hp_loss":0.0,"gold_gain":0.0,"event_name":"MindBloom","player_choice":"Upgrade","floor":44.0,"gold_loss":0.0,"damage_taken":0.0,"cards_upgraded":["Defend_G","Defend_G","Defend_G","Defend_G","Defend_G","Strike_G","Strike_G","Strike_G","Strike_G","Survivor","Dagger Throw"],"relics_obtained":["Mark of the Bloom"]}],"is_beta":false,"boss_relics":[{"not_picked":["Tiny House","Black Star"],"picked":"Ring of the Serpent"},{"not_picked":["HoveringKite","Fusion Hammer"],"picked":"Calling Bell"}],"items_purged_floors":[19,36],"is_endless":false,"potions_floor_spawned":[1,12,18,30,45,48],"ascension_level":0}