{"gold_per_floor":[119,119,133,149,162,162,196,196,253,273,273,273,273,45,45,118,118,136,148,148,328,340,374,374,374,374,384,398,398,418,429,429,506,556,570,495,595,266,266,266,141,141,141,156,156,182,182,195,195,195,195,195,195,45,76,76],"floor_reached":57,"playtime":4818,"items_purged":["Strike_G","Strike_G","Defend_G","Defend_G"],"score":2550,"play_id":"a05676fc-35d8-466b-ba80-88eb63110241","local_time":"20190124184522","is_ascension_mode":true,"campfire_choices":[{"data":"Bouncing Flask","floor":6.0,"key":"SMITH"},{"data":"Caltrops","floor":8.0,"key":"SMITH"},{"data":"Neutralize","floor":11.0,"key":"SMITH"},{"data":"Footwork","floor":15.0,"key":"SMITH"},{"data":"Ghostly","floor":24.0,"key":"SMITH"},{"data":"Ghostly","floor":29.0,"key":"SMITH"},{"data":"Ghostly","floor":32.0,"key":"SMITH"},{"data":"Echo Form","floor":40.0,"key":"SMITH"},{"data":"Panacea","floor":42.0,"key":"SMITH"},{"data":"Biased Cognition","floor":45.0,"key":"SMITH"},{"floor":49.0,"key":"RECALL"},{"data":"Night Terror","floor":53.0,"key":"SMITH"}],"neow_cost":"NONE","seed_source_timestamp":17434058038356,"circlet_count":0,"master_deck":["AscendersBane","Defend_G+1","Defend_G+1","Defend_G+1","Strike_G+1","Survivor+1","Neutralize+1","Footwork+1","Bouncing Flask+1","Caltrops+1","Escape Plan","Fission","Intimidate+1","Cold Snap","Ghostly+1","Ghostly+1","Ghostly+1","Biased Cognition+1","Flash of Steel","Finesse+1","Echo Form+1","Panacea+1","Night Terror+1"],"special_seed":0,"relics":["Ring of the Snake","Strawberry","War Paint","Tiny Chest","PrismaticShard","Runic Pyramid","Bird Faced Urn","Mercury Hourglass","Oddly Smooth Stone","Tiny House","Calipers","Strange Spoon","Ginger","Vajra"],"potions_floor_usage":[56],"damage_taken":[{"damage":0.0,"enemies":"2 Louse","floor":1.0,"turns":4.0},{"damage":0.0,"enemies":"Cultist","floor":3.0,"turns":6.0},{"damage":0.0,"enemies":"Small Slimes","floor":4.0,"turns":5.0},{"damage":14.0,"enemies":"Exordium Wildlife","floor":5.0,"turns":9.0},{"damage":5.0,"enemies":"Lagavulin","floor":7.0,"turns":8.0},{"damage":2.0,"enemies":"3 Louse","floor":10.0,"turns":4.0},{"damage":3.0,"enemies":"The Guardian","floor":16.0,"turns":8.0},{"damage":0.0,"enemies":"Chosen","floor":18.0,"turns":5.0},{"damage":0.0,"enemies":"3 Byrds","floor":19.0,"turns":4.0},{"damage":0.0,"enemies":"Shelled Parasite and Fungi","floor":22.0,"turns":6.0},{"damage":1.0,"enemies":"Gremlin Leader","floor":23.0,"turns":7.0},{"damage":0.0,"enemies":"Sentry and Sphere","floor":27.0,"turns":8.0},{"damage":0.0,"enemies":"Snake Plant","floor":28.0,"turns":5.0},{"damage":0.0,"enemies":"Centurion and Healer","floor":30.0,"turns":9.0},{"damage":0.0,"enemies":"3 Cultists","floor":31.0,"turns":6.0},{"damage":12.0,"enemies":"Automaton","floor":33.0,"turns":16.0},{"damage":0.0,"enemies":"3 Darklings","floor":35.0,"turns":5.0},{"damage":0.0,"enemies":"Mind Bloom Boss Battle","floor":37.0,"turns":9.0},{"damage":3.0,"enemies":"Orb Walker","floor":44.0,"turns":7.0},{"damage":0.0,"enemies":"Nemesis","floor":46.0,"turns":11.0},{"damage":0.0,"enemies":"Maw","floor":48.0,"turns":13.0},{"damage":4.0,"enemies":"Awakened One","floor":50.0,"turns":27.0},{"damage":2.0,"enemies":"Time Eater","floor":51.0,"turns":14.0},{"damage":5.0,"enemies":"Shield and Spear","floor":55.0,"turns":11.0},{"damage":50,"enemies":"The Heart","floor":56,"turns":12}],"seed_played":"7436119956961680546","potions_obtained":[{"floor":4.0,"key":"Explosive Potion"},{"floor":10.0,"key":"Swift Potion"},{"floor":16.0,"key":"AttackPotion"},{"floor":23.0,"key":"Fire Potion"},{"floor":30.0,"key":"GamblersBrew"},{"floor":31.0,"key":"Ancient Potion"}],"is_trial":false,"path_per_floor":["M","?","M","M","M","R","E","R","T","M","R","?","?","$","R","B",null,"M","M","?","?","M","E","R","T","T","M","M","R","M","M","R","B",null,"M","$","?","$","?","R","$","R","T","M","R","E","?","M","R","B","B",null,"R","$","E","B",null],"character_chosen":"THE_SILENT","items_purchased":["PrismaticShard","Strange Spoon"],"campfire_rested":0,"item_purchase_floors":[14,38],"current_hp_per_floor":[59,61,61,61,47,47,42,42,42,40,40,40,18,18,18,15,59,59,59,36,18,18,17,17,17,17,23,27,27,33,36,36,24,38,41,41,41,41,39,39,39,39,39,39,39,39,39,39,39,39,39,39,39,39,39,17],"gold":76,"neow_bonus":"REMOVE_CARD","is_prod":false,"is_daily":false,"chose_seed":false,"campfire_upgraded":11,"win_rate":0,"timestamp":1548326722,"path_taken":["M","?","M","M","M","R","E","R","T","M","R","?","?","$","R","BOSS","M","M","?","?","?","E","R","?","T","M","M","R","M","M","R","BOSS","M","$","?","$","?","R","?","R","T","M","R","E","?","?","R","BOSS","BOSS","R","$","E","BOSS"],"build_version":"2019-01-23","purchased_purges":4,"victory":true,"max_hp_per_floor":[66,73,73,73,73,73,73,73,73,73,73,73,73,73,73,73,73,73,73,36,36,36,36,36,36,36,36,36,36,36,36,36,36,41,41,41,41,41,39,39,39,39,39,39,39,39,39,39,39,39,39,39,39,39,39,39],"card_choices":[{"not_picked":["Prepared","Finisher"],"picked":"Footwork","floor":1.0},{"not_picked":["Dagger Spray","Poisoned Stab"],"picked":"Bouncing Flask","floor":3.0},{"not_picked":["Dagger Spray","Prepared","Cloak And Dagger"],"picked":"SKIP","floor":4.0},{"not_picked":["Underhanded Strike","Quick Slash","Caltrops"],"picked":"SKIP","floor":5.0},{"not_picked":["Underhanded Strike","Quick Slash"],"picked":"Caltrops","floor":5.0},{"not_picked":["Eviscerate","Prepared","Underhanded Strike"],"picked":"SKIP","floor":7.0},{"not_picked":["Cloak And Dagger","Concentrate"],"picked":"Escape Plan","floor":10.0},{"not_picked":["A Thousand Cuts","Metamorphosis"],"picked":"Fission","floor":16.0},{"not_picked":["Pommel Strike","Combust"],"picked":"Intimidate+1","floor":18.0},{"not_picked":["Warcry","Force Field"],"picked":"Cold Snap","floor":19.0},{"not_picked":["Outmaneuver","Sword Boomerang"],"picked":"Biased Cognition","floor":22.0},{"not_picked":["Scrape","Pommel Strike"],"picked":"Flash of Steel","floor":23.0},{"not_picked":["Stack","Headbutt"],"picked":"Finesse+1","floor":27.0},{"not_picked":["Tactician","Underhanded Strike","Sucker Punch"],"picked":"SKIP","floor":28.0},{"not_picked":["PiercingWail","Warcry","Slice"],"picked":"SKIP","floor":30.0},{"not_picked":["PiercingWail","Warcry","Slice"],"picked":"SKIP","floor":30.0},{"not_picked":["Dagger Throw+1","Barrage","Clash"],"picked":"SKIP","floor":31.0},{"not_picked":["Malaise","Chrysalis"],"picked":"Echo Form","floor":33.0},{"not_picked":["Bane","Footwork"],"picked":"Panacea","floor":35.0},{"not_picked":["Clothesline+1","Clash","Deadly Poison"],"picked":"SKIP","floor":44.0},{"not_picked":["Sweeping Beam","Ball Lightning"],"picked":"Night Terror","floor":46.0},{"not_picked":["Sucker Punch","Armaments","Steam"],"picked":"SKIP","floor":48.0},{"not_picked":["Rip and Tear","Deadly Poison+1","Deflect"],"picked":"SKIP","floor":55.0}],"player_experience":2202689,"relics_obtained":[{"floor":7.0,"key":"War Paint"},{"floor":9.0,"key":"Tiny Chest"},{"floor":23.0,"key":"Bird Faced Urn"},{"floor":25.0,"key":"Mercury Hourglass"},{"floor":26.0,"key":"Oddly Smooth Stone"},{"floor":37.0,"key":"Calipers"},{"floor":46.0,"key":"Ginger"},{"floor":55.0,"key":"Vajra"}],"event_choices":[{"damage_healed":0.0,"max_hp_gain":0.0,"max_hp_loss":0.0,"gold_gain":0.0,"event_name":"Scrap Ooze","player_choice":"Success","floor":2.0,"gold_loss":0.0,"damage_taken":5.0,"relics_obtained":["Strawberry"]},{"cards_removed":["Strike_G"],"damage_healed":0.0,"max_hp_gain":0.0,"max_hp_loss":0.0,"gold_gain":0.0,"event_name":"Living Wall","player_choice":"Forget","floor":12.0,"gold_loss":0.0,"damage_taken":0.0},{"damage_healed":0.0,"max_hp_gain":0.0,"max_hp_loss":0.0,"gold_gain":0.0,"event_name":"Shining Light","player_choice":"Entered Light","floor":13.0,"gold_loss":0.0,"damage_taken":22.0,"cards_upgraded":["Defend_G","Strike_G"]},{"damage_healed":0.0,"max_hp_gain":0.0,"max_hp_loss":37.0,"gold_gain":0.0,"event_name":"Ghosts","player_choice":"Became a Ghost","floor":20.0,"gold_loss":0.0,"damage_taken":0.0,"cards_obtained":["Ghostly","Ghostly","Ghostly"]},{"damage_healed":0.0,"max_hp_gain":0.0,"max_hp_loss":0.0,"gold_gain":180.0,"event_name":"Knowing Skull","player_choice":"GOLD GOLD ","floor":21.0,"potions_obtained":[],"gold_loss":0.0,"damage_taken":18.0,"cards_obtained":[]},{"damage_healed":0.0,"max_hp_gain":0.0,"max_hp_loss":0.0,"gold_gain":0.0,"event_name":"MindBloom","player_choice":"Fight","floor":37.0,"gold_loss":0.0,"damage_taken":0.0},{"damage_healed":0.0,"max_hp_gain":0.0,"max_hp_loss":2.0,"gold_gain":0.0,"event_name":"Winding Halls","player_choice":"Max HP","floor":39.0,"gold_loss":0.0,"damage_taken":0.0},{"damage_healed":0.0,"max_hp_gain":0.0,"max_hp_loss":0.0,"gold_gain":0.0,"event_name":"Lab","player_choice":"Got Potions","floor":47.0,"gold_loss":0.0,"damage_taken":0.0}],"is_beta":false,"boss_relics":[{"not_picked":["WristBlade","Busted Crown"],"picked":"Runic Pyramid"},{"not_picked":["Velvet Choker","Eternal Feather"],"picked":"Tiny House"}],"items_purged_floors":[36,38,41,54],"is_endless":false,"potions_floor_spawned":[4,10,16,23,30,31,33,44,48,55],"ascension_level":20}