{"gold_per_floor":[117,135,85,102,25,25,58,58,85,98,98,128,128,48,48,148,148,164,184,203,203,232,261,261,261,284,298,331,82,92,103,103,208,208,219,238,238,238,238,238,258,258,328,675,705,722,722,733,733,733],"floor_reached":51,"playtime":3007,"items_purged":[],"score":850,"play_id":"00a9b938-d9d8-4121-ac88-7eb03e60c44c","local_time":"20180706173604","daily_mods":["Draft"],"is_ascension_mode":false,"campfire_choices":[{"data":"Genetic Algorithm","floor":6,"key":"SMITH"},{"data":"Defragment","floor":8,"key":"SMITH"},{"data":"Loop","floor":13,"key":"SMITH"},{"data":"Tempest","floor":15,"key":"SMITH"},{"data":"Defragment","floor":24,"key":"SMITH"},{"data":"White Noise","floor":32,"key":"SMITH"},{"data":"Streamline","floor":40,"key":"SMITH"},{"data":"Loop","floor":42,"key":"SMITH"},{"data":"Reboot","floor":47,"key":"SMITH"},{"data":"Hologram","floor":49,"key":"SMITH"}],"neow_cost":"","seed_source_timestamp":0,"circlet_count":0,"master_deck":["Streamline+1","Genetic Algorithm+1","Cold Snap","Gash","Scrape","Steam","Gash","Turbo","Turbo","Go for the Eyes","Steam","Steam","Steam","Gash","Defragment+1","Chill","Loop+1","Tempest+1","Reboot+1","Coolheaded+1","Chill","Defragment+1","Self Repair","Defragment+1","Gash","Hologram+1","White Noise+1","Glacier","Beam Cell+1","Machine Learning","Skim","Loop+1","Scrape+1"],"relics":["Cracked Core","Dream Catcher","Potion Belt","Orichalcum","Nuclear Battery","Red Mask","Omamori","Bag of Marbles","Art of War","Lee\u0027s Waffle","Runic Pyramid","Symbiotic Virus","Old Coin","Incense Burner"],"potions_floor_usage":[30],"damage_taken":[{"damage":2,"enemies":"Jaw Worm","floor":1,"turns":2},{"damage":0,"enemies":"2 Louse","floor":2,"turns":3},{"damage":0,"enemies":"Cultist","floor":4,"turns":4},{"damage":22,"enemies":"Gremlin Nob","floor":7,"turns":5},{"damage":0,"enemies":"Exordium Thugs","floor":10,"turns":4},{"damage":2,"enemies":"3 Sentries","floor":12,"turns":7},{"damage":10,"enemies":"Hexaghost","floor":16,"turns":7},{"damage":4,"enemies":"Shell Parasite","floor":18,"turns":4},{"damage":0,"enemies":"3 Byrds","floor":19,"turns":4},{"damage":5,"enemies":"Snake Plant","floor":20,"turns":3},{"damage":6,"floor":22,"turns":5},{"damage":6,"enemies":"Slavers","floor":23,"turns":8},{"damage":22,"enemies":"Centurion and Healer","floor":27,"turns":4},{"damage":14,"enemies":"Book of Stabbing","floor":28,"turns":5},{"damage":6,"enemies":"Snecko","floor":30,"turns":5},{"damage":0,"enemies":"Sentry and Sphere","floor":31,"turns":5},{"damage":0,"enemies":"Champ","floor":33,"turns":8},{"damage":0,"enemies":"3 Darklings","floor":35,"turns":5},{"damage":2,"enemies":"3 Shapes","floor":36,"turns":5},{"damage":0,"enemies":"3 Darklings","floor":41,"turns":5},{"damage":0,"floor":44,"turns":6},{"damage":0,"enemies":"Nemesis","floor":45,"turns":9},{"damage":5,"enemies":"4 Shapes","floor":46,"turns":4},{"damage":0,"enemies":"Sphere and 2 Shapes","floor":48,"turns":4},{"damage":34,"enemies":"Awakened One","floor":50,"turns":9}],"seed_played":"2492972237435033682","potions_obtained":[{"floor":1,"key":"FairyPotion"},{"floor":12,"key":"Explosive Potion"},{"floor":19,"key":"PowerPotion"},{"floor":20,"key":"Ancient Potion"},{"floor":28,"key":"Swift Potion"},{"floor":30,"key":"EssenceOfSteel"},{"floor":36,"key":"SteroidPotion"},{"floor":48,"key":"AttackPotion"}],"is_trial":true,"path_per_floor":["M","M","?","M","$","R","E","R","T","M","?","E","R","$","R","B",null,"M","M","M","?","?","E","R","?","T","M","E","$","M","M","R","B",null,"M","M","?","?","$","R","M","R","T","?","E","M","R","M","R","B"],"character_chosen":"DEFECT","items_purchased":["Storm","Tempest","Lee\u0027s Waffle","White Noise"],"campfire_rested":0,"item_purchase_floors":[5,14,29,29],"current_hp_per_floor":[73,73,73,73,73,73,51,51,51,51,44,42,42,42,42,32,75,71,71,66,66,60,61,61,61,61,46,32,82,82,82,82,82,82,82,82,82,82,82,82,82,82,82,82,82,82,82,82,82,55],"gold":733,"neow_bonus":"","is_prod":false,"is_daily":false,"chose_seed":false,"campfire_upgraded":10,"win_rate":0,"timestamp":1530891364,"path_taken":["M","M","?","M","?","R","E","R","T","M","?","E","R","?","R","BOSS","M","M","?","?","?","E","R","?","T","?","E","$","M","M","R","BOSS","M","M","?","?","$","R","M","R","T","?","E","M","R","M","R","BOSS"],"build_version":"2018-07-05","purchased_purges":0,"victory":true,"max_hp_per_floor":[75,75,75,75,75,75,75,75,75,75,75,75,75,75,75,75,75,75,75,75,75,75,75,75,75,75,75,75,82,82,82,82,82,82,82,82,82,82,82,82,82,82,82,82,82,82,82,82,82,82],"card_choices":[{"not_picked":["Undo","Rebound"],"picked":"Streamline","floor":0},{"not_picked":["Steam","Cold Snap"],"picked":"Genetic Algorithm","floor":0},{"not_picked":["Stack","Steam"],"picked":"Cold Snap","floor":0},{"not_picked":["Steam","Beam Cell"],"picked":"Cold Snap","floor":0},{"not_picked":["Hologram","Turbo"],"picked":"Gash","floor":0},{"not_picked":["Reinforced Body","Sweeping Beam"],"picked":"Scrape","floor":0},{"not_picked":["Compile Driver","Capacitor"],"picked":"Steam","floor":0},{"not_picked":["Steam Power","Compile Driver"],"picked":"Gash","floor":0},{"not_picked":["Tempest","Glacier"],"picked":"Turbo","floor":0},{"not_picked":["Conserve Battery","Coolheaded"],"picked":"Turbo","floor":0},{"not_picked":["Ball Lightning","Steam"],"picked":"Go for the Eyes","floor":0},{"not_picked":["Chaos","Stack"],"picked":"Steam","floor":0},{"not_picked":["Blizzard","Barrage"],"picked":"Steam","floor":0},{"not_picked":["Double Energy","Tempest"],"picked":"Steam","floor":0},{"not_picked":["Redo","Stack"],"picked":"Sunder","floor":0},{"not_picked":["Barrage","Defragment"],"picked":"Steam","floor":1},{"not_picked":["Doom and Gloom","Reprogram"],"picked":"Gash","floor":2},{"not_picked":["Cold Snap","Stack"],"picked":"Defragment","floor":4},{"not_picked":["Stack","Undo"],"picked":"Chill","floor":7},{"not_picked":["Heatsinks","Fusion","Redo"],"picked":"SKIP","floor":10},{"not_picked":["Recycle","Fusion"],"picked":"Loop","floor":12},{"not_picked":["Biased Cognition","Multi-Cast"],"picked":"Reboot","floor":16},{"not_picked":["Undo","Storm+1"],"picked":"Coolheaded+1","floor":18},{"not_picked":["Barrage","Auto Shields"],"picked":"Chill","floor":19},{"not_picked":["Capacitor","Stack"],"picked":"Defragment","floor":20},{"not_picked":["Turbo+1","Conserve Battery"],"picked":"Self Repair","floor":22},{"not_picked":["Turbo+1","Coolheaded"],"picked":"Defragment","floor":23},{"not_picked":["Steam Power+1","Streamline+1"],"picked":"Gash","floor":27},{"not_picked":["Turbo","Streamline+1"],"picked":"Hologram","floor":28},{"not_picked":["Auto Shields","Capacitor+1"],"picked":"Glacier","floor":30},{"not_picked":["Stack+1","Barrage"],"picked":"Beam Cell+1","floor":31},{"not_picked":["Biased Cognition","Meteor Strike"],"picked":"Machine Learning","floor":33},{"not_picked":["Go for the Eyes","Sunder"],"picked":"Skim","floor":35},{"not_picked":["Rebound+1","Steam+1","Ball Lightning+1"],"picked":"SKIP","floor":36},{"not_picked":["Sweeping Beam","Go for the Eyes"],"picked":"Loop","floor":41},{"not_picked":["Glacier","Hologram"],"picked":"Scrape+1","floor":45},{"not_picked":["Leap+1","Turbo+1","Static Discharge"],"picked":"SKIP","floor":46},{"not_picked":["Leap","Redo","Conserve Battery+1"],"picked":"SKIP","floor":48}],"player_experience":308492,"relics_obtained":[{"floor":7,"key":"Dream Catcher"},{"floor":9,"key":"Potion Belt"},{"floor":12,"key":"Orichalcum"},{"floor":22,"key":"Red Mask"},{"floor":23,"key":"Omamori"},{"floor":26,"key":"Bag of Marbles"},{"floor":28,"key":"Art of War"},{"floor":43,"key":"Symbiotic Virus"},{"floor":44,"key":"Old Coin"},{"floor":45,"key":"Incense Burner"}],"event_choices":[{"event_name":"The Cleric","player_choice":"Card Removal","floor":3,"damage_taken":0},{"event_name":"Golden Wing","player_choice":"Card Removal","floor":11,"damage_taken":0},{"event_name":"Drug Dealer","player_choice":"Ignored","floor":21,"damage_taken":0},{"event_name":"Masked Bandits","player_choice":"Fought over 203 gold","floor":22,"damage_taken":0},{"event_name":"Purifier","player_choice":"One Purge","floor":25,"damage_taken":0},{"event_name":"Upgrade Shrine","player_choice":"Upgraded","floor":37,"damage_taken":0},{"event_name":"Bonfire Elementals","player_choice":"UNCOMMON","floor":38,"damage_taken":0},{"event_name":"Mysterious Sphere","player_choice":"Fight","floor":44,"damage_taken":0}],"boss_relics":[{"not_picked":["Ectoplasm","Philosopher\u0027s Stone"],"picked":"Nuclear Battery"},{"not_picked":["Coffee Dripper","Runic Dome"],"picked":"Runic Pyramid"}],"items_purged_floors":[],"is_endless":false,"potions_floor_spawned":[1,12,19,20,28,30,31,35,36,48],"ascension_level":0}