{"gold_per_floor":[115,129,146,221,236,236,266,266,266,266,266,266,324,355,355,355],"floor_reached":16,"playtime":435,"items_purged":[],"score":266,"play_id":"4bc743a1-656c-41ee-84df-a76da7e4db4c","local_time":"20190103202813","is_ascension_mode":true,"campfire_choices":[{"data":"Glass Knife","floor":6.0,"key":"SMITH"},{"data":"Bouncing Flask","floor":10.0,"key":"SMITH"},{"data":"Deadly Poison","floor":12.0,"key":"SMITH"},{"data":"Neutralize","floor":15,"key":"SMITH"}],"neow_cost":"NONE","seed_source_timestamp":30376739458465,"circlet_count":0,"master_deck":["AscendersBane","Defend_G","Defend_G","Defend_G","Defend_G","Defend_G","Strike_G","Strike_G","Strike_G","Strike_G","Strike_G","Survivor","Neutralize+1","Glass Knife+1","Escape Plan","Bouncing Flask+1","Tactician","Deadly Poison+1"],"special_seed":0,"relics":["Ring of the Snake","Ninja Scroll","Golden Idol","Ornamental Fan","Orichalcum"],"potions_floor_usage":[],"damage_taken":[{"damage":4.0,"enemies":"Jaw Worm","floor":1.0,"turns":7.0},{"damage":1.0,"enemies":"Small Slimes","floor":2.0,"turns":4.0},{"damage":0.0,"enemies":"2 Louse","floor":3.0,"turns":3.0},{"damage":7.0,"enemies":"Large Slime","floor":5.0,"turns":6.0},{"damage":20.0,"enemies":"Lagavulin","floor":7.0,"turns":5.0},{"damage":0,"enemies":"Gremlin Nob","floor":14,"turns":3},{"damage":17,"enemies":"The Guardian","floor":16,"turns":7}],"seed_played":"-2955355317578397469","potions_obtained":[{"floor":5.0,"key":"Swift Potion"},{"floor":7.0,"key":"Ancient Potion"}],"is_trial":false,"path_per_floor":["M","M","M","?","M","R","E","?","T","R","?","R","?","E","R","B"],"character_chosen":"THE_SILENT","items_purchased":[],"campfire_rested":0,"item_purchase_floors":[],"current_hp_per_floor":[55,54,54,43,36,36,16,16,16,16,16,16,16,16,16,0],"gold":355,"neow_bonus":"ONE_RANDOM_RARE_CARD","is_prod":false,"is_daily":false,"chose_seed":false,"campfire_upgraded":4,"win_rate":0,"timestamp":1546518493,"path_taken":["M","M","M","?","M","R","E","?","T","R","?","R","?","E","R","BOSS"],"build_version":"2018-12-20","purchased_purges":0,"victory":false,"max_hp_per_floor":[66,66,66,66,66,66,66,60,60,60,60,60,60,60,60,60],"card_choices":[{"not_picked":["Backflip","PiercingWail"],"picked":"Escape Plan","floor":1.0},{"not_picked":["Prepared","Dagger Throw"],"picked":"Bouncing Flask","floor":2.0},{"not_picked":["Expertise","Flying Knee"],"picked":"Tactician","floor":3.0},{"not_picked":["Poisoned Stab","Slice"],"picked":"Deadly Poison","floor":5.0},{"not_picked":["Prepared","Quick Slash","Choke"],"picked":"SKIP","floor":7.0},{"not_picked":["Deadly Poison","Setup","Blade Dance"],"picked":"SKIP","floor":14}],"player_experience":1703570,"relics_obtained":[{"floor":7.0,"key":"Ninja Scroll"},{"floor":9.0,"key":"Ornamental Fan"},{"floor":14,"key":"Orichalcum"}],"event_choices":[{"damage_healed":0.0,"max_hp_gain":0.0,"max_hp_loss":0.0,"gold_gain":75.0,"event_name":"World of Goop","player_choice":"Gather Gold","floor":4.0,"gold_loss":0.0,"damage_taken":11.0},{"damage_healed":0.0,"max_hp_gain":0.0,"max_hp_loss":6.0,"gold_gain":0.0,"event_name":"Golden Idol","player_choice":"Lose Max HP","floor":8.0,"gold_loss":0.0,"damage_taken":0.0,"relics_obtained":["Golden Idol"]},{"damage_healed":0.0,"max_hp_gain":0.0,"max_hp_loss":0.0,"gold_gain":0.0,"event_name":"Liars Game","player_choice":"Ignored","floor":11.0,"gold_loss":0.0,"damage_taken":0.0},{"damage_healed":0.0,"max_hp_gain":0.0,"max_hp_loss":0.0,"gold_gain":58.0,"event_name":"Golden Wing","player_choice":"Gained Gold","floor":13.0,"gold_loss":0.0,"damage_taken":0.0}],"is_beta":false,"boss_relics":[],"items_purged_floors":[],"is_endless":false,"potions_floor_spawned":[5,7],"killed_by":"The Guardian","ascension_level":20}