{"gold_per_floor":[109,109,109,109,127,127,49,61,86,86,11,11,11,23,23,23],"floor_reached":16,"playtime":273,"items_purged":["Strike_G"],"score":176,"play_id":"0d3bf47d-41b1-4bdf-8ab7-21200e614cd8","local_time":"20190728145058","is_ascension_mode":true,"campfire_choices":[{"data":"Flechettes","floor":6.0,"key":"SMITH"},{"data":"Noxious Fumes","floor":10.0,"key":"SMITH"},{"data":"Catalyst","floor":12.0,"key":"SMITH"},{"data":"Tools of the Trade","floor":15.0,"key":"SMITH"}],"neow_cost":"NONE","seed_source_timestamp":78877611886300,"circlet_count":0,"master_deck":["AscendersBane","Strike_G","Strike_G","Defend_G","Defend_G","Defend_G+1","Defend_G","Defend_G","Survivor+1","Neutralize","Tools of the Trade+1","Flechettes+1","Noxious Fumes+1","Catalyst+1"],"special_seed":0,"relics":["Ring of the Snake","Orichalcum","Centennial Puzzle"],"potions_floor_usage":[],"damage_taken":[{"damage":6.0,"enemies":"Jaw Worm","floor":1.0,"turns":4.0},{"damage":4.0,"enemies":"Small Slimes","floor":5.0,"turns":6.0},{"damage":0.0,"enemies":"2 Louse","floor":8.0,"turns":4.0},{"damage":5.0,"enemies":"Exordium Thugs","floor":14.0,"turns":5.0},{"damage":17,"enemies":"The Guardian","floor":16,"turns":2}],"seed_played":"4806233441398908061","potions_obtained":[{"floor":5.0,"key":"LiquidBronze"},{"floor":8.0,"key":"SkillPotion"}],"is_trial":false,"path_per_floor":["M","?","?","?","M","R","$","M","T","R","$","R","?","M","R","B"],"character_chosen":"THE_SILENT","items_purchased":["Noxious Fumes"],"campfire_rested":0,"item_purchase_floors":[7],"current_hp_per_floor":[53,53,46,46,42,42,42,42,42,42,42,42,22,17,17,0],"gold":23,"neow_bonus":"RANDOM_COMMON_RELIC","is_prod":false,"is_daily":false,"chose_seed":false,"campfire_upgraded":4,"win_rate":0,"timestamp":1564296658,"path_taken":["M","?","?","?","M","R","$","M","T","R","$","R","?","M","R","BOSS"],"build_version":"2019-07-17","purchased_purges":1,"victory":false,"max_hp_per_floor":[66,66,66,66,66,66,66,66,66,66,66,66,66,66,66,66],"card_choices":[{"not_picked":["Underhanded Strike","Bane","Skewer"],"picked":"SKIP","floor":1.0},{"not_picked":["Caltrops","Escape Plan"],"picked":"Flechettes","floor":5.0},{"not_picked":["Slice","Prepared"],"picked":"Catalyst","floor":8.0},{"not_picked":["Endless Agony","Poisoned Stab","Venomology"],"picked":"SKIP","floor":14.0}],"player_experience":690074,"relics_obtained":[{"floor":9.0,"key":"Centennial Puzzle"}],"event_choices":[{"damage_healed":0.0,"max_hp_gain":0.0,"max_hp_loss":0.0,"gold_gain":0.0,"event_name":"Liars Game","player_choice":"Ignored","floor":2.0,"gold_loss":0.0,"damage_taken":0.0},{"cards_removed":["Strike_G"],"damage_healed":0.0,"max_hp_gain":0.0,"max_hp_loss":0.0,"gold_gain":0.0,"event_name":"Golden Wing","player_choice":"Card Removal","floor":3.0,"gold_loss":0.0,"damage_taken":7.0},{"damage_healed":0.0,"max_hp_gain":0.0,"max_hp_loss":0.0,"gold_gain":0.0,"cards_transformed":["Strike_G"],"event_name":"Living Wall","player_choice":"Change","floor":4.0,"gold_loss":0.0,"damage_taken":0.0,"cards_obtained":["Tools of the Trade"]},{"damage_healed":0.0,"max_hp_gain":0.0,"max_hp_loss":0.0,"gold_gain":0.0,"event_name":"Shining Light","player_choice":"Entered Light","floor":13.0,"gold_loss":0.0,"damage_taken":20.0,"cards_upgraded":["Survivor","Defend_G"]}],"is_beta":false,"boss_relics":[],"items_purged_floors":[11],"is_endless":false,"potions_floor_spawned":[5,8],"killed_by":"The Guardian","ascension_level":20}