{"gold_per_floor":[117,137,137,50,50,75,88,114,139,139],"floor_reached":10,"playtime":374,"items_purged":[],"score":152,"play_id":"6907638d-d7b0-4c13-aa44-fd16432f652d","local_time":"20190314211857","is_ascension_mode":true,"campfire_choices":[],"neow_cost":"TEN_PERCENT_HP_LOSS","seed_source_timestamp":47987839702367,"circlet_count":0,"master_deck":["AscendersBane","Strike_B","Strike_B","Strike_B","Strike_B","Defend_B","Defend_B","Defend_B","Defend_B","Zap","Dualcast","Rebound","Cold Snap","Reboot","Defragment","Fission","Darkness"],"special_seed":0,"relics":["Cracked Core","Nunchaku","Lantern","Happy Flower"],"potions_floor_usage":[10],"damage_taken":[{"damage":0.0,"enemies":"Small Slimes","floor":1.0,"turns":4.0},{"damage":1.0,"enemies":"Cultist","floor":2.0,"turns":3.0},{"damage":24.0,"enemies":"Lagavulin","floor":6.0,"turns":7.0},{"damage":7.0,"enemies":"Jaw Worm","floor":7.0,"turns":3.0},{"damage":23.0,"enemies":"Gremlin Nob","floor":8.0,"turns":4.0},{"damage":14,"enemies":"3 Sentries","floor":10,"turns":6}],"seed_played":"-505546167959495964","potions_obtained":[{"floor":7.0,"key":"Strength Potion"},{"floor":8.0,"key":"Strength Potion"}],"is_trial":false,"path_per_floor":["M","M","?","$","?","E","M","E","T","E"],"character_chosen":"DEFECT","items_purchased":["Defragment"],"campfire_rested":0,"item_purchase_floors":[4],"current_hp_per_floor":[64,63,63,63,68,44,37,14,14,0],"gold":139,"neow_bonus":"ONE_RARE_RELIC","is_prod":false,"is_daily":false,"chose_seed":false,"campfire_upgraded":0,"win_rate":0,"timestamp":1552569537,"path_taken":["M","M","?","?","?","E","M","E","T","E"],"build_version":"2019-01-23","purchased_purges":0,"victory":false,"max_hp_per_floor":[64,64,64,64,69,69,69,69,69,69],"card_choices":[{"not_picked":["Barrage","Beam Cell"],"picked":"Rebound","floor":1.0},{"not_picked":["Conserve Battery","Leap"],"picked":"Cold Snap","floor":2.0},{"not_picked":["Coolheaded","Loop"],"picked":"Fission","floor":6.0},{"not_picked":["Turbo","Coolheaded"],"picked":"Darkness","floor":7.0},{"not_picked":["Beam Cell","Lockon","Stack"],"picked":"SKIP","floor":8.0}],"player_experience":3597241,"relics_obtained":[{"floor":6.0,"key":"Lantern"},{"floor":8.0,"key":"Happy Flower"}],"event_choices":[{"damage_healed":0.0,"max_hp_gain":0.0,"max_hp_loss":0.0,"gold_gain":0.0,"event_name":"Match and Keep!","player_choice":"1 cards matched","floor":3.0,"gold_loss":0.0,"damage_taken":0.0,"cards_obtained":["Reboot"]},{"damage_healed":0.0,"max_hp_gain":5.0,"max_hp_loss":0.0,"gold_gain":0.0,"event_name":"Big Fish","player_choice":"Donut","floor":5.0,"gold_loss":0.0,"damage_taken":0.0}],"is_beta":false,"boss_relics":[],"items_purged_floors":[],"is_endless":false,"potions_floor_spawned":[7,8],"killed_by":"3 Sentries","ascension_level":20}