{"gold_per_floor":[111,22,53,75,87,130,142,2,76,90,90,90,90,101,101,175,175,193,193,108,158,56,56],"floor_reached":23,"playtime":412,"items_purged":[],"score":374,"play_id":"0a174343-8e62-432d-87fa-69f0a4aa08aa","local_time":"20190221150327","is_ascension_mode":true,"campfire_choices":[{"data":"Defragment","floor":7.0,"key":"SMITH"},{"data":"Rainbow","floor":13.0,"key":"SMITH"},{"data":"Dualcast","floor":15.0,"key":"SMITH"}],"neow_cost":"NONE","seed_source_timestamp":327883042808521,"circlet_count":0,"master_deck":["AscendersBane","Strike_B","Strike_B","Strike_B","Strike_B","Defend_B","Defend_B","Defend_B","Defend_B","Zap","Dualcast+1","Skim","Buffer","Compile Driver","Defragment+1","Rainbow+1","Cold Snap","Turbo","Seek","Coolheaded","Hologram","Self Repair"],"special_seed":0,"relics":["Cracked Core","NeowsBlessing","MawBank","Meat on the Bone","Bottled Tornado","Sozu","Mercury Hourglass"],"potions_floor_usage":[],"damage_taken":[{"damage":0.0,"enemies":"2 Louse","floor":1.0,"turns":1.0},{"damage":0.0,"enemies":"Cultist","floor":3.0,"turns":1.0},{"damage":0.0,"enemies":"Small Slimes","floor":4.0,"turns":1.0},{"damage":56.0,"enemies":"Gremlin Nob","floor":6.0,"turns":6.0},{"damage":6.0,"enemies":"2 Fungi Beasts","floor":10.0,"turns":4.0},{"damage":12.0,"enemies":"Blue Slaver","floor":14.0,"turns":4.0},{"damage":4.0,"enemies":"Hexaghost","floor":16.0,"turns":10.0},{"damage":14.0,"enemies":"Chosen","floor":18.0,"turns":5.0},{"damage":25,"enemies":"Slavers","floor":23,"turns":1}],"seed_played":"1522792003517163285","potions_obtained":[{"floor":3.0,"key":"SkillPotion"},{"floor":6.0,"key":"EntropicBrew"},{"floor":14.0,"key":"Weak Potion"}],"is_trial":false,"path_per_floor":["M","?","M","M","$","E","R","$","T","M","?","?","R","M","R","B",null,"M","?","?","?","$","E"],"character_chosen":"DEFECT","items_purchased":["Rainbow","Hologram","Self Repair"],"campfire_rested":0,"item_purchase_floors":[8,22,22],"current_hp_per_floor":[64,64,64,64,64,8,8,8,8,14,14,14,14,14,14,22,59,45,25,25,18,18,0],"gold":56,"neow_bonus":"THREE_ENEMY_KILL","is_prod":false,"is_daily":false,"chose_seed":false,"campfire_upgraded":3,"win_rate":0,"timestamp":1550732607,"path_taken":["M","?","M","?","?","E","R","$","T","M","?","?","R","M","R","BOSS","M","?","?","?","$","E"],"build_version":"2019-01-23","purchased_purges":0,"victory":false,"max_hp_per_floor":[71,71,71,71,71,71,71,71,71,71,71,71,71,71,71,71,71,71,76,76,76,76,76],"card_choices":[{"not_picked":["Redo","Rebound"],"picked":"Skim","floor":1.0},{"not_picked":["Redo","Compile Driver"],"picked":"Buffer","floor":3.0},{"not_picked":["Storm","Leap"],"picked":"Compile Driver","floor":4.0},{"not_picked":["Sweeping Beam","Core Surge"],"picked":"Defragment","floor":6.0},{"not_picked":["Turbo","Double Energy"],"picked":"Cold Snap","floor":10.0},{"not_picked":["Redo","Barrage"],"picked":"Turbo","floor":14.0},{"not_picked":["Machine Learning","Buffer"],"picked":"Seek","floor":16.0},{"not_picked":["Ball Lightning","Sunder"],"picked":"Coolheaded","floor":18.0}],"player_experience":879305,"relics_obtained":[{"floor":6.0,"key":"Meat on the Bone"},{"floor":9.0,"key":"Bottled Tornado"}],"event_choices":[{"damage_healed":0.0,"max_hp_gain":0.0,"max_hp_loss":0.0,"gold_gain":0.0,"event_name":"WeMeetAgain","player_choice":"Paid Gold","floor":2.0,"gold_loss":89.0,"damage_taken":0.0,"relics_obtained":["MawBank"]},{"damage_healed":0.0,"max_hp_gain":0.0,"max_hp_loss":0.0,"gold_gain":0.0,"event_name":"Dead Adventurer","player_choice":"Searched \u00270\u0027 times","floor":11.0,"gold_loss":0.0,"damage_taken":0.0},{"damage_healed":0.0,"max_hp_gain":0.0,"max_hp_loss":0.0,"gold_gain":0.0,"event_name":"Liars Game","player_choice":"Ignored","floor":12.0,"gold_loss":0.0,"damage_taken":0.0},{"damage_healed":0.0,"max_hp_gain":5.0,"max_hp_loss":0.0,"gold_gain":0.0,"event_name":"Forgotten Altar","player_choice":"Shed Blood","floor":19.0,"gold_loss":0.0,"damage_taken":25.0},{"damage_healed":0.0,"max_hp_gain":0.0,"max_hp_loss":0.0,"gold_gain":0.0,"event_name":"Addict","player_choice":"Obtained Relic","floor":20.0,"gold_loss":85.0,"damage_taken":0.0,"relics_obtained":["Mercury Hourglass"]},{"damage_healed":0.0,"max_hp_gain":0.0,"max_hp_loss":0.0,"gold_gain":50.0,"event_name":"FaceTrader","player_choice":"Touch","floor":21.0,"gold_loss":0.0,"damage_taken":7.0}],"is_beta":false,"boss_relics":[{"not_picked":["Fusion Hammer","Eternal Feather"],"picked":"Sozu"}],"items_purged_floors":[],"is_endless":false,"potions_floor_spawned":[3,6,14,18],"killed_by":"Slavers","ascension_level":20}