{"gold_per_floor":[13,25,41,41,58,58,93,93,93,121,134,134,146,177,177,254,254,266,266,14,289,303,303,331,331,402,302,302,4,18,118,118,196,196,216,316,332,332,344,344,379,379,428,445,461,488,488,498,498,498,498,498,498,50,79,79],"floor_reached":57,"playtime":3703,"items_purged":["Pain","Regret","Parasite","Strike_B"],"score":2800,"play_id":"a9fac7a1-6293-4d1a-9721-94d5c8ebd7c7","local_time":"20190403141428","is_ascension_mode":true,"campfire_choices":[{"data":"Streamline","floor":6.0,"key":"SMITH"},{"floor":8.0,"key":"REST"},{"floor":12.0,"key":"REST"},{"floor":15.0,"key":"REST"},{"floor":23.0,"key":"REST"},{"data":"Consume","floor":25.0,"key":"SMITH"},{"data":"Discovery","floor":28.0,"key":"SMITH"},{"data":"Skim","floor":32.0,"key":"SMITH"},{"floor":40.0,"key":"RECALL"},{"data":"Hologram","floor":42.0,"key":"SMITH"},{"data":"Multi-Cast","floor":47.0,"key":"SMITH"},{"data":"Reinforced Body","floor":49.0,"key":"SMITH"},{"data":"Capacitor","floor":53,"key":"SMITH"}],"neow_cost":"NO_GOLD","seed_source_timestamp":109140643590035,"circlet_count":0,"master_deck":["AscendersBane","Strike_B","Defend_B","Defend_B","Defend_B","Defend_B","Zap","Dualcast","Meteor Strike","Capacitor+1","Core Surge","Turbo","Cold Snap","Fusion","Hologram+1","All For One","Darkness","Core Surge","Discovery+1","Self Repair+1","Skim+1","Consume+1","White Noise","Multi-Cast+1","Reinforced Body+1","Hologram+1","Recycle","Clumsy","Double Energy","Reinforced Body+1","Chill","Skim"],"special_seed":0,"relics":["Cracked Core","WarpedTongs","Bottled Flame","Frozen Egg 2","Pear","Mango","Cursed Key","Nilry\u0027s Codex","Girya","Cables","Bag of Preparation","Dead Branch","Meat on the Bone","Snecko Eye","Du-Vu Doll","Ginger","Regal Pillow","DataDisk","Anchor"],"potions_floor_usage":[51,56,56,56,56],"damage_taken":[{"damage":7.0,"enemies":"Jaw Worm","floor":1.0,"turns":4.0},{"damage":1.0,"enemies":"Cultist","floor":2.0,"turns":3.0},{"damage":5.0,"enemies":"Small Slimes","floor":3.0,"turns":4.0},{"damage":11.0,"enemies":"Exordium Thugs","floor":5.0,"turns":4.0},{"damage":26.0,"enemies":"Gremlin Nob","floor":7.0,"turns":4.0},{"damage":20.0,"enemies":"Lagavulin","floor":10.0,"turns":8.0},{"damage":20.0,"enemies":"Looter","floor":11.0,"turns":3.0},{"damage":1.0,"enemies":"2 Fungi Beasts","floor":13.0,"turns":4.0},{"damage":20.0,"enemies":"3 Sentries","floor":14.0,"turns":5.0},{"damage":21.0,"enemies":"The Guardian","floor":16.0,"turns":8.0},{"damage":16.0,"enemies":"2 Thieves","floor":18.0,"turns":5.0},{"damage":11.0,"enemies":"3 Byrds","floor":22.0,"turns":5.0},{"damage":23.0,"enemies":"Slavers","floor":24.0,"turns":3.0},{"damage":8.0,"enemies":"Sentry and Sphere","floor":30.0,"turns":6.0},{"damage":21.0,"enemies":"Colosseum Slavers","floor":31.0,"turns":4.0},{"damage":18.0,"enemies":"Colosseum Nobs","floor":31.0,"turns":6.0},{"damage":18.0,"enemies":"Collector","floor":33.0,"turns":8.0},{"damage":6.0,"enemies":"Orb Walker","floor":35.0,"turns":2.0},{"damage":9.0,"enemies":"Mind Bloom Boss Battle","floor":36.0,"turns":5.0},{"damage":11.0,"enemies":"3 Shapes","floor":37.0,"turns":4.0},{"damage":0.0,"enemies":"3 Darklings","floor":39.0,"turns":3.0},{"damage":32.0,"enemies":"Giant Head","floor":41.0,"turns":8.0},{"damage":21.0,"enemies":"Jaw Worm Horde","floor":44.0,"turns":3.0},{"damage":0.0,"enemies":"Maw","floor":45.0,"turns":3.0},{"damage":0.0,"enemies":"Nemesis","floor":46.0,"turns":5.0},{"damage":13.0,"enemies":"Writhing Mass","floor":48.0,"turns":4.0},{"damage":14,"enemies":"Donu and Deca","floor":50,"turns":13},{"damage":45,"enemies":"Awakened One","floor":51,"turns":8},{"damage":6,"enemies":"Shield and Spear","floor":55,"turns":5},{"damage":0,"enemies":"The Heart","floor":56,"turns":9}],"seed_played":"1611773867605112923","potions_obtained":[{"floor":1.0,"key":"Explosive Potion"},{"floor":13.0,"key":"Strength Potion"},{"floor":16.0,"key":"Weak Potion"},{"floor":18.0,"key":"SteroidPotion"},{"floor":22.0,"key":"Dexterity Potion"},{"floor":35.0,"key":"Energy Potion"},{"floor":37.0,"key":"SkillPotion"},{"floor":41.0,"key":"EntropicBrew"}],"is_trial":false,"path_per_floor":["M","M","M","?","M","R","E","R","T","E","M","R","M","E","R","B",null,"M","?","$","?","M","R","E","R","T","$","R","$","M","?","R","B",null,"M","?","M","?","M","R","E","R","T","M","M","E","R","M","R","B","B",null,"R","$","E","B",null],"character_chosen":"DEFECT","items_purchased":["Discovery","Self Repair+1","Bag of Preparation","DataDisk","Dexterity Potion","Chill"],"campfire_rested":4,"item_purchase_floors":[20,20,29,54,54,54],"current_hp_per_floor":[57,56,51,51,40,40,14,35,35,25,5,29,28,22,50,29,79,63,42,42,42,41,69,56,56,56,56,56,56,58,39,39,43,80,74,75,74,74,84,84,62,62,62,53,63,73,73,60,60,68,55,83,83,83,92,92],"gold":79,"neow_bonus":"TRANSFORM_TWO_CARDS","is_prod":false,"is_daily":false,"chose_seed":false,"campfire_upgraded":8,"win_rate":0,"timestamp":1554272068,"path_taken":["M","M","M","?","?","R","E","R","T","E","M","R","M","E","R","BOSS","M","?","$","?","M","R","E","R","T","$","R","$","?","?","R","BOSS","M","?","M","?","M","R","E","R","T","M","M","E","R","M","R","BOSS","BOSS","R","$","E","BOSS"],"build_version":"2019-01-23","purchased_purges":4,"victory":true,"max_hp_per_floor":[71,71,71,71,71,71,71,71,71,81,81,81,81,95,95,95,95,95,95,95,95,95,95,95,95,95,95,95,92,92,92,92,92,92,92,92,92,92,92,92,92,92,92,92,92,92,92,92,92,92,92,92,92,92,92,92],"card_choices":[{"not_picked":["Redo","Compile Driver"],"picked":"Streamline","floor":1.0},{"not_picked":["Rebound","Streamline"],"picked":"Core Surge","floor":2.0},{"not_picked":["Beam Cell","Barrage","Lockon"],"picked":"SKIP","floor":3.0},{"not_picked":["Barrage","Redo"],"picked":"Turbo","floor":5.0},{"not_picked":["Steam Power","Steam"],"picked":"Cold Snap","floor":7.0},{"not_picked":["Lockon","Conserve Battery"],"picked":"Fusion","floor":10.0},{"not_picked":["Scrape","Force Field"],"picked":"Hologram","floor":11.0},{"not_picked":["Barrage","Chill"],"picked":"All For One","floor":13.0},{"not_picked":["Blizzard","Steam"],"picked":"Darkness","floor":14.0},{"not_picked":["Thunder Strike","Rainbow"],"picked":"Core Surge","floor":16.0},{"not_picked":["Steam+1","Barrage+1","Leap"],"picked":"SKIP","floor":18.0},{"not_picked":["Blizzard","Go for the Eyes"],"picked":"Skim","floor":22.0},{"not_picked":["Sweeping Beam+1","Rip and Tear"],"picked":"Consume","floor":24.0},{"not_picked":["Hologram","Rebound"],"picked":"White Noise","floor":30.0},{"not_picked":["Hyperbeam","Machine Learning+1"],"picked":"Multi-Cast","floor":33.0},{"not_picked":["Tempest+1","Hologram"],"picked":"Reinforced Body+1","floor":35.0},{"not_picked":["Streamline","Steam Power"],"picked":"Hologram+1","floor":36.0},{"not_picked":["Cold Snap","Double Energy"],"picked":"Recycle","floor":37.0},{"not_picked":["Barrage","Ball Lightning+1","Genetic Algorithm"],"picked":"SKIP","floor":39.0},{"not_picked":["Genetic Algorithm+1","Cold Snap","Rip and Tear"],"picked":"SKIP","floor":41.0},{"not_picked":["Steam Power+1","Undo","Sweeping Beam"],"picked":"SKIP","floor":44.0},{"not_picked":["Streamline+1","Turbo","Hyperbeam"],"picked":"SKIP","floor":45.0},{"not_picked":["Steam","Go for the Eyes+1"],"picked":"Double Energy","floor":46.0},{"not_picked":["Ball Lightning","Sweeping Beam"],"picked":"Reinforced Body","floor":48.0},{"not_picked":["Hologram","Sunder"],"picked":"Skim","floor":55}],"player_experience":4038182,"relics_obtained":[{"floor":7.0,"key":"Bottled Flame"},{"floor":9.0,"key":"Frozen Egg 2"},{"floor":10.0,"key":"Pear"},{"floor":14.0,"key":"Mango"},{"floor":19.0,"key":"Nilry\u0027s Codex"},{"floor":24.0,"key":"Girya"},{"floor":26.0,"key":"Cables"},{"floor":31.0,"key":"Dead Branch"},{"floor":31.0,"key":"Meat on the Bone"},{"floor":36.0,"key":"Du-Vu Doll"},{"floor":41.0,"key":"Ginger"},{"floor":46.0,"key":"Regal Pillow"},{"floor":55,"key":"Anchor"}],"event_choices":[{"damage_healed":0.0,"max_hp_gain":0.0,"max_hp_loss":0.0,"gold_gain":0.0,"event_name":"Accursed Blacksmith","player_choice":"Rummage","floor":4.0,"gold_loss":0.0,"damage_taken":0.0,"relics_obtained":["WarpedTongs"],"cards_obtained":["Pain"]},{"damage_healed":0.0,"max_hp_gain":0.0,"max_hp_loss":0.0,"gold_gain":0.0,"event_name":"Cursed Tome","player_choice":"Obtained Book","floor":19.0,"gold_loss":0.0,"damage_taken":21.0},{"damage_healed":0.0,"max_hp_gain":0.0,"max_hp_loss":0.0,"gold_gain":275.0,"event_name":"Golden Shrine","player_choice":"Desecrate","floor":21.0,"gold_loss":0.0,"damage_taken":0.0,"cards_obtained":["Regret"]},{"damage_healed":0.0,"max_hp_gain":0.0,"max_hp_loss":0.0,"gold_gain":0.0,"event_name":"Colosseum","player_choice":"Fight","floor":31.0,"gold_loss":0.0,"damage_taken":0.0},{"damage_healed":0.0,"max_hp_gain":0.0,"max_hp_loss":0.0,"gold_gain":0.0,"event_name":"Colosseum","player_choice":"Fought Nobs","floor":31.0,"gold_loss":0.0,"damage_taken":0.0},{"damage_healed":0.0,"max_hp_gain":0.0,"max_hp_loss":0.0,"gold_gain":0.0,"event_name":"MindBloom","player_choice":"Fight","floor":36.0,"gold_loss":0.0,"damage_taken":0.0},{"cards_removed":["Streamline"],"damage_healed":0.0,"max_hp_gain":0.0,"max_hp_loss":0.0,"gold_gain":0.0,"event_name":"Falling","player_choice":"Removed Attack","floor":38.0,"gold_loss":0.0,"damage_taken":0.0}],"is_beta":false,"boss_relics":[{"not_picked":["Black Star","Astrolabe"],"picked":"Cursed Key"},{"not_picked":["Lizard Tail","Eternal Feather"],"picked":"Snecko Eye"}],"items_purged_floors":[20,27,29,54],"is_endless":false,"potions_floor_spawned":[1,13,16,18,22,33,35,37,41,46,48],"ascension_level":20}