{"gold_per_floor":[112,82,96,106,117,117,132,166,189,1,1],"floor_reached":11,"playtime":325,"items_purged":[],"score":150,"play_id":"766d9e81-9289-4642-a70b-6fa12ad4a7d4","local_time":"20190224124936","is_ascension_mode":true,"campfire_choices":[{"floor":6.0,"key":"REST"}],"neow_cost":"PERCENT_DAMAGE","seed_source_timestamp":579322505322616,"circlet_count":0,"master_deck":["AscendersBane","Strike_B","Strike_B","Defend_B","Defend_B","Defend_B","Defend_B","Zap","Dualcast","Blizzard","Cold Snap","Seek","Doom and Gloom","Hologram","Steam","Apotheosis"],"special_seed":0,"relics":["Cracked Core","Frozen Egg 2","PreservedInsect"],"potions_floor_usage":[],"damage_taken":[{"damage":4.0,"enemies":"Small Slimes","floor":1.0,"turns":3.0},{"damage":1.0,"enemies":"Cultist","floor":3.0,"turns":4.0},{"damage":0.0,"enemies":"Jaw Worm","floor":4.0,"turns":4.0},{"damage":35.0,"enemies":"Exordium Thugs","floor":5.0,"turns":6.0},{"damage":12.0,"enemies":"Lots of Slimes","floor":7.0,"turns":2.0},{"damage":13.0,"enemies":"3 Sentries","floor":8.0,"turns":5.0},{"damage":0,"enemies":"3 Louse","floor":11,"turns":2}],"seed_played":"-4793083792600959088","potions_obtained":[{"floor":2.0,"key":"SneckoOil"},{"floor":2.0,"key":"Swift Potion"},{"floor":4.0,"key":"GamblersBrew"},{"floor":5.0,"key":"Block Potion"},{"floor":7.0,"key":"Fire Potion"}],"is_trial":false,"path_per_floor":["M","?","M","M","M","R","M","E","T","$","M"],"character_chosen":"DEFECT","items_purchased":["Apotheosis"],"campfire_rested":1,"item_purchase_floors":[10],"current_hp_per_floor":[42,42,41,41,6,27,15,2,2,2,2],"gold":1,"neow_bonus":"REMOVE_TWO","is_prod":false,"is_daily":false,"chose_seed":false,"campfire_upgraded":0,"win_rate":0,"timestamp":1550983776,"path_taken":["M","?","M","M","M","R","?","E","T","$","M"],"build_version":"2019-01-23","purchased_purges":0,"victory":false,"max_hp_per_floor":[71,71,71,71,71,71,71,71,71,71,71],"card_choices":[{"not_picked":["Go for the Eyes","Steam"],"picked":"Blizzard","floor":1.0},{"not_picked":["Leap","Self Repair"],"picked":"Cold Snap","floor":3.0},{"not_picked":["Compile Driver","Darkness"],"picked":"Seek","floor":4.0},{"not_picked":["Melter","Stack"],"picked":"Doom and Gloom","floor":5.0},{"not_picked":["Barrage","Undo"],"picked":"Hologram","floor":7.0},{"not_picked":["Machine Learning","Streamline"],"picked":"Steam","floor":8.0}],"player_experience":967181,"relics_obtained":[{"floor":8.0,"key":"Frozen Egg 2"},{"floor":9.0,"key":"PreservedInsect"}],"event_choices":[{"damage_healed":0.0,"max_hp_gain":0.0,"max_hp_loss":0.0,"gold_gain":0.0,"event_name":"The Woman in Blue","player_choice":"Bought 2 Potions","floor":2.0,"gold_loss":0.0,"damage_taken":0.0}],"is_beta":false,"boss_relics":[],"items_purged_floors":[],"is_endless":false,"potions_floor_spawned":[4,5,7],"killed_by":"3 Louse","ascension_level":20}