{"gold_per_floor":[117,117,136,152,152,152,181,181,181,214,214,59,72,143,143,241,241,255,267,267,267,267,267,294,294,317,317,329,329,57,57,57,155,155,175,175,175,185,198,198,210,222,222,241,241,254,305,324,324,424,424,424],"floor_reached":52,"playtime":4234,"items_purged":[],"score":905,"play_id":"8c1a94b7-1d10-48de-804c-019747239e69","local_time":"20180719185232","daily_mods":["Draft"],"is_ascension_mode":false,"campfire_choices":[{"data":"Self Repair","floor":6,"key":"SMITH"},{"floor":8,"key":"DIG"},{"data":"Streamline","floor":11,"key":"SMITH"},{"data":"Consume","floor":15,"key":"SMITH"},{"data":"Capacitor","floor":23,"key":"SMITH"},{"data":"Defragment","floor":25,"key":"SMITH"},{"data":"Fusion","floor":27,"key":"SMITH"},{"data":"Fission","floor":29,"key":"SMITH"},{"data":"Blizzard","floor":32,"key":"SMITH"},{"floor":40,"key":"REST"},{"floor":45,"key":"REST"},{"floor":49,"key":"DIG"}],"neow_cost":"","seed_source_timestamp":0,"circlet_count":0,"master_deck":["Fusion+1","Capacitor+1","Conserve Battery","Hologram","Chill","Turbo","Barrage","Compile Driver","Coolheaded+1","Sweeping Beam","Glacier","Go for the Eyes","Streamline+1","Conserve Battery","Turbo","Storm","Auto Shields","Self Repair+1","Rainbow","Consume+1","Fission+1","Cold Snap+1","RitualDagger","Defragment+1","White Noise","Blizzard+1","Creative AI","Parasite","Injury","Parasite","Capacitor+1","Madness","Madness","Barrage+1","Doom and Gloom+1","Beam Cell+1","Rebound+1","Turbo+1","Machine Learning+1"],"relics":["FrozenCore","Shovel","Gambling Chip","Bottled Tornado","Bottled Flame","Gremlin Horn","Ancient Tea Set","Lantern","OrangePellets","Calling Bell","Pen Nib","Pantograph","Unceasing Top","Frozen Egg 2","Ginger","Orichalcum","Eternal Feather"],"potions_floor_usage":[24,50,50],"damage_taken":[{"damage":0,"enemies":"2 Louse","floor":1,"turns":2},{"damage":0,"enemies":"Cultist","floor":3,"turns":2},{"damage":8,"enemies":"Small Slimes","floor":4,"turns":2},{"damage":0,"enemies":"Lagavulin","floor":7,"turns":5},{"damage":0,"enemies":"Gremlin Nob","floor":10,"turns":4},{"damage":1,"enemies":"Exordium Wildlife","floor":13,"turns":5},{"damage":26,"enemies":"Slime Boss","floor":16,"turns":9},{"damage":7,"enemies":"3 Byrds","floor":18,"turns":10},{"damage":3,"enemies":"Chosen","floor":19,"turns":8},{"damage":14,"enemies":"Book of Stabbing","floor":24,"turns":11},{"damage":5,"enemies":"Centurion and Healer","floor":28,"turns":5},{"damage":6,"enemies":"Collector","floor":33,"turns":9},{"damage":8,"enemies":"3 Shapes","floor":35,"turns":4},{"damage":0,"enemies":"Orb Walker","floor":38,"turns":6},{"damage":57,"enemies":"Flame Bruiser 2 Orb","floor":39,"turns":9},{"damage":10,"enemies":"Spire Growth","floor":41,"turns":6},{"damage":13,"enemies":"3 Darklings","floor":42,"turns":10},{"damage":46,"enemies":"Transient","floor":44,"turns":5},{"damage":1,"enemies":"Maw","floor":46,"turns":14},{"damage":14,"floor":47,"turns":7},{"damage":0,"enemies":"Flame Bruiser 2 Orb","floor":48,"turns":7},{"damage":35,"enemies":"Donu and Deca","floor":50,"turns":8},{"damage":0,"enemies":"Jaw Worm","floor":52,"turns":1}],"seed_played":"6492443290336216505","potions_obtained":[{"floor":3,"key":"Weak Potion"},{"floor":4,"key":"GamblersBrew"},{"floor":18,"key":"Weak Potion"},{"floor":19,"key":"PowerPotion"},{"floor":38,"key":"SteroidPotion"},{"floor":44,"key":"PowerPotion"},{"floor":50,"key":"Block Potion"}],"is_trial":true,"path_per_floor":["M","$","M","M","?","R","E","R","T","E","R","$","M","?","R","B",null,"M","M","T","$","?","R","E","R","T","R","M","R","$","?","R","B",null,"M","?","?","M","M","R","M","M","T","M","R","M","?","M","R","B",null],"character_chosen":"DEFECT","items_purchased":["Rainbow","OrangePellets","Blizzard"],"campfire_rested":2,"item_purchase_floors":[12,30,30],"current_hp_per_floor":[75,75,75,67,67,67,75,75,75,75,75,75,75,75,75,59,75,75,75,75,75,69,69,65,65,65,65,70,70,70,70,70,74,75,75,66,66,75,28,50,50,61,61,25,47,56,59,69,69,40,75,75],"gold":424,"neow_bonus":"","is_prod":false,"is_daily":false,"chose_seed":false,"campfire_upgraded":8,"win_rate":0,"timestamp":1532019152,"path_taken":["M","$","M","M","?","R","E","R","T","E","R","?","?","?","R","BOSS","M","M","?","$","?","R","E","R","T","R","M","R","$","?","R","BOSS","M","?","?","M","M","R","M","?","T","?","R","M","?","M","R","BOSS","M"],"build_version":"2018-07-12","purchased_purges":0,"victory":false,"max_hp_per_floor":[75,75,75,75,75,75,75,75,75,75,75,75,75,75,75,75,75,75,75,75,75,75,75,75,75,75,75,75,75,75,75,75,75,75,75,75,75,75,75,75,75,75,75,75,75,75,75,75,75,75,75,75],"card_choices":[{"not_picked":["Compile Driver","Leap"],"picked":"Fusion","floor":0},{"not_picked":["Steam Power","Sweeping Beam"],"picked":"Capacitor","floor":0},{"not_picked":["Hologram","Sweeping Beam"],"picked":"Conserve Battery","floor":0},{"not_picked":["Steam","Sweeping Beam"],"picked":"Hologram","floor":0},{"not_picked":["Hello World","BootSequence"],"picked":"Chill","floor":0},{"not_picked":["Melter","Streamline"],"picked":"Turbo","floor":0},{"not_picked":["Conserve Battery","Gash"],"picked":"Barrage","floor":0},{"not_picked":["Steam Power","Steam"],"picked":"Compile Driver","floor":0},{"not_picked":["Leap","Conserve Battery"],"picked":"Coolheaded","floor":0},{"not_picked":["Compile Driver","Hologram"],"picked":"Sweeping Beam","floor":0},{"not_picked":["Darkness","Auto Shields"],"picked":"Glacier","floor":0},{"not_picked":["Barrage","Beam Cell"],"picked":"Go for the Eyes","floor":0},{"not_picked":["Lockon","Leap"],"picked":"Streamline","floor":0},{"not_picked":["Scrape","BootSequence"],"picked":"Conserve Battery","floor":0},{"not_picked":["Undo","Compile Driver"],"picked":"Turbo","floor":0},{"not_picked":["Streamline","Rip and Tear"],"picked":"Storm","floor":1},{"not_picked":["Barrage","Go for the Eyes"],"picked":"Auto Shields","floor":3},{"not_picked":["Gash","Steam"],"picked":"Self Repair","floor":4},{"not_picked":["Compile Driver","Steam","Conserve Battery"],"picked":"SKIP","floor":7},{"not_picked":["Go for the Eyes","Coolheaded","Cold Snap"],"picked":"SKIP","floor":10},{"not_picked":["Chaos","Conserve Battery"],"picked":"Consume","floor":13},{"not_picked":["Seek","Amplify"],"picked":"Fission","floor":16},{"not_picked":["Barrage","Recycle+1"],"picked":"Cold Snap+1","floor":18},{"not_picked":["Coolheaded","Melter","Ball Lightning"],"picked":"SKIP","floor":19},{"not_picked":["Self Repair","Steam+1"],"picked":"Defragment","floor":24},{"not_picked":["Barrage","Sweeping Beam+1"],"picked":"White Noise","floor":28},{"not_picked":["Multi-Cast","Electrodynamics"],"picked":"Creative AI","floor":33},{"not_picked":["Gash+1","Turbo"],"picked":"Capacitor+1","floor":35},{"not_picked":["Coolheaded","Hologram"],"picked":"Barrage+1","floor":38},{"not_picked":["Conserve Battery+1","Go for the Eyes+1"],"picked":"Doom and Gloom+1","floor":39},{"not_picked":["Hologram","Leap","Rip and Tear+1"],"picked":"SKIP","floor":41},{"not_picked":["Hologram","BootSequence+1","Consume"],"picked":"SKIP","floor":42},{"not_picked":["Leap+1","Chaos"],"picked":"Beam Cell+1","floor":44},{"not_picked":["Stack+1","Streamline+1"],"picked":"Rebound+1","floor":46},{"not_picked":["Reinforced Body","Conserve Battery"],"picked":"Turbo+1","floor":47},{"not_picked":["Sweeping Beam+1","Beam Cell+1","Gash"],"picked":"SKIP","floor":48},{"not_picked":["Rainbow","Hyperbeam"],"picked":"Machine Learning+1","floor":50}],"player_experience":330972,"relics_obtained":[{"floor":7,"key":"Shovel"},{"floor":8,"key":"Gambling Chip"},{"floor":9,"key":"Bottled Tornado"},{"floor":10,"key":"Bottled Flame"},{"floor":20,"key":"Gremlin Horn"},{"floor":24,"key":"Ancient Tea Set"},{"floor":26,"key":"Lantern"},{"floor":34,"key":"Pen Nib"},{"floor":34,"key":"Pantograph"},{"floor":34,"key":"Unceasing Top"},{"floor":43,"key":"Frozen Egg 2"},{"floor":47,"key":"Ginger"},{"floor":49,"key":"Orichalcum"}],"event_choices":[{"event_name":"The Cleric","player_choice":"Leave","floor":5,"damage_taken":0},{"event_name":"Golden Wing","player_choice":"Gained Gold","floor":14,"damage_taken":0},{"event_name":"Nest","player_choice":"Joined the Cult","floor":22,"damage_taken":0},{"event_name":"N\u0027loth","player_choice":"Ignored","floor":31,"damage_taken":0},{"event_name":"Winding Halls","player_choice":"Embrace Madness","floor":36,"damage_taken":0},{"event_name":"Upgrade Shrine","player_choice":"Upgraded","floor":37,"damage_taken":0},{"event_name":"Mysterious Sphere","player_choice":"Fight","floor":47,"damage_taken":0}],"boss_relics":[{"not_picked":["Orrery","Philosopher\u0027s Stone"],"picked":"FrozenCore"},{"not_picked":["Velvet Choker","Empty Cage"],"picked":"Calling Bell"},{"not_picked":["Runic Pyramid","Lizard Tail"],"picked":"Eternal Feather"}],"items_purged_floors":[],"is_endless":true,"potions_floor_spawned":[3,4,18,19,38,44,46,50],"killed_by":"Jaw Worm","ascension_level":0}