{"gold_per_floor":[362,379,397,397,397,397,423,438,438,464,389,448,448,97,97,174,174,185,185,235,248,48,48,48,78,132,146,181,181,193,220,220,294,294,310,1309,553,565,508,508],"floor_reached":40,"playtime":1456,"items_purged":["Strike_B","Defend_B","Strike_B"],"score":935,"play_id":"574eff01-b616-424e-ab28-e292c0fb9ede","local_time":"20190224163620","is_ascension_mode":true,"campfire_choices":[{"data":"Streamline","floor":6.0,"key":"SMITH"},{"data":"Zap","floor":13.0,"key":"SMITH"},{"data":"Consume","floor":15.0,"key":"SMITH"},{"data":"Biased Cognition","floor":23.0,"key":"SMITH"},{"data":"Capacitor","floor":29.0,"key":"SMITH"},{"data":"Biased Cognition","floor":32.0,"key":"SMITH"}],"neow_cost":"PERCENT_DAMAGE","seed_source_timestamp":14601335848961,"circlet_count":0,"master_deck":["AscendersBane","Strike_B","Strike_B","Defend_B","Defend_B","Defend_B","Zap+1","Dualcast","Go for the Eyes","Streamline+1","Electrodynamics","Hologram","Leap","Consume+1","Biased Cognition+1","Coolheaded+1","Ghostly","Ghostly","Ghostly","Chill","Capacitor+1","Core Surge","Biased Cognition+1","Seek","Capacitor"],"special_seed":0,"relics":["Cracked Core","StoneCalendar","Shovel","Oddly Smooth Stone","Ancient Tea Set","Art of War","Coffee Dripper","DataDisk","Omamori","Tiny Chest","Bottled Tornado","Runic Pyramid","Medical Kit","Dead Branch","Pen Nib"],"potions_floor_usage":[],"damage_taken":[{"damage":0.0,"enemies":"Cultist","floor":1.0,"turns":3.0},{"damage":10.0,"enemies":"2 Louse","floor":2.0,"turns":3.0},{"damage":0.0,"enemies":"Jaw Worm","floor":3.0,"turns":3.0},{"damage":30.0,"enemies":"Lagavulin","floor":7.0,"turns":6.0},{"damage":3.0,"enemies":"Blue Slaver","floor":8.0,"turns":3.0},{"damage":4.0,"enemies":"Gremlin Nob","floor":10.0,"turns":3.0},{"damage":10.0,"enemies":"Slime Boss","floor":16.0,"turns":7.0},{"damage":27.0,"enemies":"Shell Parasite","floor":18.0,"turns":5.0},{"damage":16.0,"enemies":"Chosen","floor":21.0,"turns":6.0},{"damage":0.0,"enemies":"Gremlin Leader","floor":25.0,"turns":6.0},{"damage":0.0,"enemies":"3 Cultists","floor":27.0,"turns":3.0},{"damage":2.0,"enemies":"Book of Stabbing","floor":28.0,"turns":6.0},{"damage":0.0,"enemies":"Centurion and Healer","floor":30.0,"turns":5.0},{"damage":1.0,"enemies":"Collector","floor":33.0,"turns":7.0},{"damage":0.0,"enemies":"Orb Walker","floor":35.0,"turns":4.0},{"damage":21,"enemies":"3 Darklings","floor":38,"turns":3},{"damage":14,"enemies":"Nemesis","floor":40,"turns":1}],"seed_played":"5061861733301882889","potions_obtained":[{"floor":3.0,"key":"FearPotion"},{"floor":8.0,"key":"AttackPotion"},{"floor":10.0,"key":"EssenceOfSteel"},{"floor":21.0,"key":"Weak Potion"},{"floor":27.0,"key":"Poison Potion"},{"floor":30.0,"key":"Fire Potion"}],"is_trial":false,"path_per_floor":["M","M","M","?","T","R","E","M","T","E","$","?","R","$","R","B",null,"M","?","?","M","$","R","$","E","T","M","E","R","M","T","R","B",null,"M","?","$","M","?","E"],"character_chosen":"DEFECT","items_purchased":["Consume","Art of War","DataDisk","Capacitor","Medical Kit","Capacitor","Dead Branch"],"campfire_rested":0,"item_purchase_floors":[14,14,22,22,37,37,37],"current_hp_per_floor":[46,36,36,59,59,59,29,26,26,22,22,22,22,22,22,12,56,29,29,29,13,13,13,13,13,13,13,11,11,11,11,11,10,29,29,29,29,8,8,0],"gold":508,"neow_bonus":"TWO_FIFTY_GOLD","is_prod":false,"is_daily":false,"chose_seed":false,"campfire_upgraded":6,"win_rate":0,"timestamp":1550997380,"path_taken":["M","M","?","?","?","R","E","M","T","E","$","?","R","$","R","BOSS","M","?","?","M","$","R","$","E","T","M","E","R","M","?","R","BOSS","M","?","$","M","?","E"],"build_version":"2019-01-23","purchased_purges":3,"victory":false,"max_hp_per_floor":[71,71,71,71,71,71,71,71,71,71,71,71,71,71,71,71,71,71,35,35,35,35,35,35,35,35,35,35,35,35,35,35,35,35,35,35,35,35,35,35],"card_choices":[{"not_picked":["Sweeping Beam","Redo"],"picked":"Go for the Eyes","floor":1.0},{"not_picked":["Turbo","Loop"],"picked":"Streamline","floor":2.0},{"not_picked":["Beam Cell","Turbo"],"picked":"Electrodynamics","floor":3.0},{"not_picked":["Go for the Eyes","Stack"],"picked":"Hologram","floor":7.0},{"not_picked":["Redo","Storm"],"picked":"Leap","floor":8.0},{"not_picked":["Compile Driver","Darkness","Streamline"],"picked":"SKIP","floor":10.0},{"not_picked":["All For One","Rainbow"],"picked":"Biased Cognition","floor":16.0},{"not_picked":["Conserve Battery","Sweeping Beam"],"picked":"Coolheaded+1","floor":18.0},{"not_picked":["Barrage","Steam"],"picked":"Chill","floor":21.0},{"not_picked":["Gash","Leap+1"],"picked":"Core Surge","floor":25.0},{"not_picked":["Streamline","Leap","Sweeping Beam"],"picked":"SKIP","floor":27.0},{"not_picked":["Sweeping Beam","Beam Cell","Fusion"],"picked":"SKIP","floor":28.0},{"not_picked":["Barrage","Hologram"],"picked":"Biased Cognition","floor":30.0},{"not_picked":["Reboot","Electrodynamics"],"picked":"Seek","floor":33.0},{"not_picked":["Undo","Auto Shields","Hello World"],"picked":"SKIP","floor":35.0},{"not_picked":["Streamline","Beam Cell","Skim"],"picked":"SKIP","floor":38}],"player_experience":3095445,"relics_obtained":[{"floor":5.0,"key":"StoneCalendar"},{"floor":7.0,"key":"Shovel"},{"floor":9.0,"key":"Oddly Smooth Stone"},{"floor":10.0,"key":"Ancient Tea Set"},{"floor":25.0,"key":"Omamori"},{"floor":26.0,"key":"Tiny Chest"},{"floor":28.0,"key":"Bottled Tornado"}],"event_choices":[{"damage_healed":23.0,"max_hp_gain":0.0,"max_hp_loss":0.0,"gold_gain":0.0,"event_name":"Big Fish","player_choice":"Banana","floor":4.0,"gold_loss":0.0,"damage_taken":0.0},{"damage_healed":0.0,"max_hp_gain":0.0,"max_hp_loss":0.0,"gold_gain":59.0,"event_name":"Golden Wing","player_choice":"Gained Gold","floor":12.0,"gold_loss":0.0,"damage_taken":0.0},{"damage_healed":0.0,"max_hp_gain":0.0,"max_hp_loss":36.0,"gold_gain":0.0,"event_name":"Ghosts","player_choice":"Became a Ghost","floor":19.0,"gold_loss":0.0,"damage_taken":0.0,"cards_obtained":["Ghostly","Ghostly","Ghostly"]},{"damage_healed":0.0,"max_hp_gain":0.0,"max_hp_loss":0.0,"gold_gain":50.0,"event_name":"Nest","player_choice":"Stole From Cult","floor":20.0,"gold_loss":0.0,"damage_taken":0.0},{"damage_healed":0,"gold_gain":999,"player_choice":"Gold","damage_taken":0,"max_hp_gain":0,"max_hp_loss":0,"event_name":"MindBloom","floor":36,"gold_loss":0,"cards_obtained":["Normality","Normality"]},{"damage_healed":0,"gold_gain":0,"player_choice":"Paid Gold","damage_taken":0,"relics_obtained":["Pen Nib"],"max_hp_gain":0,"max_hp_loss":0,"event_name":"WeMeetAgain","floor":39,"gold_loss":57}],"is_beta":false,"boss_relics":[{"not_picked":["Eternal Feather","Sozu"],"picked":"Coffee Dripper"},{"not_picked":["Calling Bell","Runic Dome"],"picked":"Runic Pyramid"}],"items_purged_floors":[11,14,37],"is_endless":false,"potions_floor_spawned":[3,8,10,21,27,30],"killed_by":"Nemesis","ascension_level":20}