{"gold_per_floor":[112,112,37,37,37,66,66,96,122,140,63,97,97,117,117,117],"floor_reached":16,"playtime":381,"items_purged":[],"score":332,"play_id":"137cd11b-23af-431e-ad03-b6ed20c3a0a9","local_time":"20190125181928","is_ascension_mode":true,"campfire_choices":[{"data":"Neutralize","floor":7,"key":"SMITH"},{"data":"Well Laid Plans","floor":15,"key":"SMITH"}],"neow_cost":"NONE","seed_source_timestamp":30171439037387,"circlet_count":0,"master_deck":["AscendersBane","Defend_G+1","Defend_G+1","Defend_G","Defend_G","Defend_G","Strike_G","Strike_G","Strike_G","Survivor","Neutralize+1","Heel Hook","Well Laid Plans+1","Accuracy","Heel Hook","Escape Plan"],"relics":["Ring of the Snake","NeowsBlessing","Shuriken","War Paint","Ornamental Fan","Lantern"],"potions_floor_usage":[12],"damage_taken":[{"damage":0,"enemies":"Small Slimes","floor":1,"turns":1},{"damage":0,"enemies":"Lagavulin","floor":6,"turns":1},{"damage":0,"enemies":"3 Sentries","floor":8,"turns":1},{"damage":0,"enemies":"Jaw Worm","floor":10,"turns":4},{"damage":18,"enemies":"Gremlin Nob","floor":12,"turns":4},{"damage":24,"enemies":"2 Louse","floor":14,"turns":8},{"damage":20,"enemies":"Hexaghost","floor":16,"turns":9}],"seed_played":"-4487076318462224325","potions_obtained":[{"floor":1,"key":"FearPotion"},{"floor":6,"key":"Ancient Potion"}],"is_trial":false,"path_per_floor":["M","?","?","$","?","E","R","E","T","M","$","E","?","M","R","B"],"character_chosen":"THE_SILENT","items_purchased":["Heel Hook"],"campfire_rested":0,"item_purchase_floors":[11],"current_hp_per_floor":[59,64,64,64,59,59,59,59,59,59,59,41,41,17,17,0],"gold":117,"neow_bonus":"THREE_ENEMY_KILL","is_prod":false,"is_daily":false,"chose_seed":false,"campfire_upgraded":2,"win_rate":0,"timestamp":1548411568,"path_taken":["M","?","?","$","?","E","R","E","T","M","$","E","?","M","R","BOSS"],"build_version":"2019-01-23","purchased_purges":0,"victory":false,"max_hp_per_floor":[66,71,71,71,71,71,71,71,71,71,71,71,71,71,71,71],"card_choices":[{"not_picked":["Expertise","Endless Agony"],"picked":"Heel Hook","floor":1},{"not_picked":["Flechettes","Riddle With Holes"],"picked":"Well Laid Plans","floor":6},{"not_picked":["Dagger Throw","Deadly Poison"],"picked":"Accuracy","floor":8},{"not_picked":["Quick Slash","Masterful Stab","Deflect"],"picked":"SKIP","floor":10},{"not_picked":["Prepared","Deflect","Slice"],"picked":"SKIP","floor":12},{"not_picked":["Sucker Punch","Quick Slash"],"picked":"Escape Plan","floor":14}],"player_experience":1345179,"relics_obtained":[{"floor":6,"key":"War Paint"},{"floor":8,"key":"Ornamental Fan"},{"floor":12,"key":"Lantern"}],"event_choices":[{"damage_healed":0,"gold_gain":0,"player_choice":"Donut","damage_taken":0,"max_hp_gain":5,"max_hp_loss":0,"event_name":"Big Fish","floor":2,"gold_loss":0},{"cards_removed":["Strike_G"],"damage_healed":0,"gold_gain":0,"player_choice":"Card Removal","damage_taken":0,"max_hp_gain":0,"max_hp_loss":0,"event_name":"The Cleric","floor":3,"gold_loss":75},{"damage_healed":0,"gold_gain":0,"player_choice":"Success","damage_taken":5,"relics_obtained":["Shuriken"],"max_hp_gain":0,"max_hp_loss":0,"event_name":"Scrap Ooze","floor":5,"gold_loss":0},{"cards_removed":["Strike_G"],"damage_healed":0,"gold_gain":0,"player_choice":"Purged","damage_taken":0,"max_hp_gain":0,"max_hp_loss":0,"event_name":"Purifier","floor":13,"gold_loss":0}],"is_beta":true,"boss_relics":[],"items_purged_floors":[],"is_endless":false,"potions_floor_spawned":[1,6],"killed_by":"Hexaghost","ascension_level":20}