{"gold_per_floor":[111,111,111,130,143,143,53,87,111,111,139,139,154,169,169,240,240,253,253,263,16,16,48,66,93,173,173,0,23,37,92,92,164,164,175,75,95,112,130,159,159,159,206,206,223,257,303,314,314,314,314,314,314,130,155,155],"floor_reached":57,"playtime":2035,"items_purged":["Riddle With Holes","Underhanded Strike","Backflip"],"score":3535,"play_id":"8f597370-62a1-4751-9508-9b94c1650a4b","local_time":"20190412180033","is_ascension_mode":true,"campfire_choices":[{"data":"Catalyst","floor":6.0,"key":"SMITH"},{"data":"Bouncing Flask","floor":12.0,"key":"SMITH"},{"data":"Malaise","floor":15.0,"key":"SMITH"},{"data":"Wraith Form v2","floor":27.0,"key":"SMITH"},{"data":"Acrobatics","floor":32.0,"key":"SMITH"},{"data":"Adrenaline","floor":41.0,"key":"SMITH"},{"data":"Grand Finale","floor":44.0,"key":"SMITH"},{"floor":49.0,"key":"RECALL"},{"data":"Footwork","floor":53,"key":"SMITH"}],"neow_cost":"NONE","seed_source_timestamp":3261264284334,"circlet_count":0,"master_deck":["AscendersBane","Survivor","Neutralize+1","Noxious Fumes+1","Catalyst+1","Bouncing Flask+1","Malaise+1","Footwork+1","Adrenaline+1","Backflip","Dodge and Roll","Acrobatics+1","Leg Sweep","Wraith Form v2+1","Grand Finale+1","Prepared"],"special_seed":0,"relics":["Ring of the Snake","NeowsBlessing","Pen Nib","Incense Burner","Pandora\u0027s Box","Snake Skull","Juzu Bracelet","Bag of Marbles","Pantograph","Anchor","Boot","Tiny Chest","Runic Pyramid","Darkstone Periapt","Omamori","Strawberry","Gambling Chip","Shuriken"],"potions_floor_usage":[56,56],"damage_taken":[{"damage":0.0,"enemies":"Small Slimes","floor":1.0,"turns":1.0},{"damage":0.0,"enemies":"Jaw Worm","floor":4.0,"turns":1.0},{"damage":0.0,"enemies":"Cultist","floor":5.0,"turns":1.0},{"damage":12.0,"enemies":"Lagavulin","floor":8.0,"turns":6.0},{"damage":0.0,"enemies":"Gremlin Nob","floor":11.0,"turns":3.0},{"damage":1.0,"enemies":"2 Fungi Beasts","floor":13.0,"turns":3.0},{"damage":6.0,"enemies":"Exordium Thugs","floor":14.0,"turns":4.0},{"damage":0.0,"enemies":"Hexaghost","floor":16.0,"turns":6.0},{"damage":0.0,"enemies":"3 Byrds","floor":18.0,"turns":2.0},{"damage":15.0,"enemies":"2 Thieves","floor":20.0,"turns":5.0},{"damage":21.0,"enemies":"Slavers","floor":23.0,"turns":7.0},{"damage":0.0,"enemies":"Snecko","floor":24.0,"turns":5.0},{"damage":16.0,"enemies":"Book of Stabbing","floor":25.0,"turns":5.0},{"damage":0.0,"enemies":"3 Cultists","floor":30.0,"turns":3.0},{"damage":0.0,"enemies":"Slavers","floor":31.0,"turns":4.0},{"damage":0.0,"enemies":"Automaton","floor":33.0,"turns":6.0},{"damage":0.0,"enemies":"Orb Walker","floor":35.0,"turns":3.0},{"damage":0.0,"enemies":"3 Shapes","floor":37.0,"turns":3.0},{"damage":0.0,"enemies":"Maw","floor":38.0,"turns":4.0},{"damage":0.0,"enemies":"3 Darklings","floor":39.0,"turns":1.0},{"damage":0.0,"enemies":"Nemesis","floor":40.0,"turns":5.0},{"damage":0.0,"enemies":"4 Shapes","floor":45.0,"turns":3.0},{"damage":0.0,"enemies":"Reptomancer","floor":46.0,"turns":3.0},{"damage":0.0,"enemies":"2 Orb Walkers","floor":47.0,"turns":2.0},{"damage":0.0,"enemies":"Jaw Worm Horde","floor":48.0,"turns":1.0},{"damage":0,"enemies":"Donu and Deca","floor":50,"turns":5},{"damage":0,"enemies":"Awakened One","floor":51,"turns":5},{"damage":0,"enemies":"Shield and Spear","floor":55,"turns":3},{"damage":70,"enemies":"The Heart","floor":56,"turns":7}],"seed_played":"7385214025388777338","potions_obtained":[{"floor":1.0,"key":"LiquidBronze"},{"floor":8.0,"key":"EssenceOfSteel"},{"floor":11.0,"key":"Poison Potion"},{"floor":20.0,"key":"Swift Potion"},{"floor":24.0,"key":"PowerPotion"},{"floor":30.0,"key":"GhostInAJar"},{"floor":37.0,"key":"GamblersBrew"}],"is_trial":false,"path_per_floor":["M","?","?","M","M","R","$","E","T","?","E","R","M","M","R","B",null,"M","?","M","$","?","E","M","E","T","R","$","T","M","E","R","B",null,"M","$","M","M","M","E","R","?","T","R","M","E","?","M","R","B","B",null,"R","$","E","B",null],"character_chosen":"THE_SILENT","items_purchased":["Bouncing Flask","Snake Skull","Anchor","Prepared"],"campfire_rested":0,"item_purchase_floors":[7,21,28,54],"current_hp_per_floor":[59,59,59,59,59,59,59,47,47,27,27,27,26,20,20,20,55,55,55,40,40,40,19,19,3,3,3,3,3,3,3,3,28,57,57,57,57,57,57,57,57,57,57,57,57,64,64,64,64,73,73,73,73,73,73,3],"gold":155,"neow_bonus":"THREE_ENEMY_KILL","is_prod":false,"is_daily":false,"chose_seed":false,"campfire_upgraded":8,"win_rate":0,"timestamp":1555063233,"path_taken":["M","?","?","?","M","R","$","E","T","?","E","R","M","M","R","BOSS","M","?","M","$","?","E","M","E","T","R","?","?","M","E","R","BOSS","M","$","M","M","M","E","R","?","T","R","M","E","?","M","R","BOSS","BOSS","R","$","E","BOSS"],"build_version":"2019-01-23","purchased_purges":3,"victory":true,"max_hp_per_floor":[66,66,66,66,66,66,66,66,66,66,66,66,66,66,66,66,66,66,66,66,66,66,66,66,66,66,66,66,66,66,66,66,66,66,66,66,66,66,66,66,66,66,66,66,66,73,73,73,73,73,73,73,73,73,73,73],"card_choices":[{"not_picked":["Reflex","Dodge and Roll"],"picked":"Noxious Fumes","floor":1.0},{"not_picked":["Tactician","Poisoned Stab"],"picked":"Catalyst","floor":4.0},{"not_picked":["Escape Plan","Backstab"],"picked":"Backflip","floor":5.0},{"not_picked":["Finisher","Dagger Throw"],"picked":"Malaise","floor":8.0},{"not_picked":["PiercingWail","Bane","Backstab"],"picked":"SKIP","floor":11.0},{"not_picked":["Infinite Blades","Cloak And Dagger","Dagger Spray"],"picked":"SKIP","floor":13.0},{"not_picked":["Poisoned Stab","Riddle With Holes"],"picked":"Footwork","floor":14.0},{"not_picked":["Envenom","Die Die Die"],"picked":"Adrenaline","floor":16.0},{"not_picked":["Cloak And Dagger","Dagger Throw","Expertise"],"picked":"SKIP","floor":18.0},{"not_picked":["All Out Attack+1","Dodge and Roll","Quick Slash"],"picked":"SKIP","floor":20.0},{"not_picked":["Poisoned Stab","Dagger Throw","Sucker Punch"],"picked":"SKIP","floor":23.0},{"not_picked":["Dagger Spray","Expertise","Terror"],"picked":"SKIP","floor":24.0},{"not_picked":["Prepared","Dodge and Roll+1"],"picked":"Grand Finale","floor":25.0},{"not_picked":["Leg Sweep","Outmaneuver","Blade Dance"],"picked":"SKIP","floor":30.0},{"not_picked":["PiercingWail+1","Acrobatics","Prepared"],"picked":"SKIP","floor":31.0},{"not_picked":["PiercingWail+1","Blade Dance","Dagger Throw+1"],"picked":"SKIP","floor":35.0},{"not_picked":["Setup","Underhanded Strike","Flechettes"],"picked":"SKIP","floor":37.0},{"not_picked":["Slice","Finisher","Sucker Punch"],"picked":"SKIP","floor":38.0},{"not_picked":["Acrobatics","Dodge and Roll","Poisoned Stab+1"],"picked":"SKIP","floor":39.0},{"not_picked":["Dodge and Roll+1","Unload","Malaise"],"picked":"SKIP","floor":40.0},{"not_picked":["Masterful Stab","Endless Agony","Crippling Poison"],"picked":"SKIP","floor":45.0},{"not_picked":["Escape Plan","Blade Dance","Venomology"],"picked":"SKIP","floor":46.0},{"not_picked":["Backflip","Quick Slash","Deadly Poison"],"picked":"SKIP","floor":48.0},{"not_picked":["PiercingWail","Quick Slash+1","Masterful Stab"],"picked":"SKIP","floor":55}],"player_experience":4236557,"relics_obtained":[{"floor":8.0,"key":"Pen Nib"},{"floor":11.0,"key":"Incense Burner"},{"floor":23.0,"key":"Juzu Bracelet"},{"floor":25.0,"key":"Bag of Marbles"},{"floor":26.0,"key":"Pantograph"},{"floor":29.0,"key":"Boot"},{"floor":31.0,"key":"Tiny Chest"},{"floor":40.0,"key":"Darkstone Periapt"},{"floor":43.0,"key":"Omamori"},{"floor":46.0,"key":"Strawberry"},{"floor":47.0,"key":"Gambling Chip"},{"floor":55,"key":"Shuriken"}],"event_choices":[{"cards_removed":["Defend_G"],"damage_healed":0.0,"max_hp_gain":0.0,"max_hp_loss":0.0,"gold_gain":0.0,"event_name":"Living Wall","player_choice":"Forget","floor":2.0,"gold_loss":0.0,"damage_taken":0.0},{"damage_healed":0.0,"max_hp_gain":0.0,"max_hp_loss":0.0,"gold_gain":0.0,"event_name":"Upgrade Shrine","player_choice":"Upgraded","floor":3.0,"gold_loss":0.0,"damage_taken":0.0,"cards_upgraded":["Noxious Fumes"]},{"damage_healed":0.0,"max_hp_gain":0.0,"max_hp_loss":0.0,"gold_gain":0.0,"event_name":"Shining Light","player_choice":"Entered Light","floor":10.0,"gold_loss":0.0,"damage_taken":20.0,"cards_upgraded":["Neutralize","Strike_G"]},{"damage_healed":0.0,"max_hp_gain":0.0,"max_hp_loss":0.0,"gold_gain":0.0,"event_name":"Cursed Tome","player_choice":"Ignored","floor":19.0,"gold_loss":0.0,"damage_taken":0.0},{"cards_removed":["Finisher"],"damage_healed":0.0,"max_hp_gain":0.0,"max_hp_loss":0.0,"gold_gain":0.0,"event_name":"Back to Basics","player_choice":"Elegance","floor":22.0,"gold_loss":0.0,"damage_taken":0.0},{"cards_removed":["All Out Attack"],"damage_healed":0.0,"max_hp_gain":0.0,"max_hp_loss":0.0,"gold_gain":0.0,"event_name":"Falling","player_choice":"Removed Attack","floor":42.0,"gold_loss":0.0,"damage_taken":0.0},{"damage_healed":0.0,"max_hp_gain":0.0,"max_hp_loss":0.0,"gold_gain":0.0,"event_name":"Mysterious Sphere","player_choice":"Fight","floor":47.0,"gold_loss":0.0,"damage_taken":0.0}],"is_beta":false,"boss_relics":[{"not_picked":["Cursed Key","Black Star"],"picked":"Pandora\u0027s Box"},{"not_picked":["Philosopher\u0027s Stone","Sozu"],"picked":"Runic Pyramid"}],"items_purged_floors":[21,36,54],"is_endless":false,"potions_floor_spawned":[1,8,11,16,20,24,30,31,37,45,46,47],"ascension_level":20}