{"gold_per_floor":[117,133,133,133,151,151,191,191,191,221,240,263,41,57,57,150,150,173,191,191,191,191,191,191],"floor_reached":24,"playtime":783,"items_purged":[],"score":392,"play_id":"3ca27213-5d79-4726-bba9-54ac67cf9017","local_time":"20190222152538","is_ascension_mode":true,"campfire_choices":[{"data":"Beam Cell","floor":6.0,"key":"SMITH"},{"data":"Coolheaded","floor":8.0,"key":"SMITH"},{"data":"Hologram","floor":15.0,"key":"SMITH"},{"data":"Seek","floor":23,"key":"SMITH"}],"neow_cost":"NONE","seed_source_timestamp":415254755687981,"circlet_count":0,"master_deck":["AscendersBane","Defend_B","Defend_B","Defend_B","Zap","Dualcast","Beam Cell+1","BootSequence","Doom and Gloom","Coolheaded+1","Reinforced Body","Compile Driver","Stack","Electrodynamics","Hologram+1","Coolheaded","Seek+1","Scrape+1","Go for the Eyes+1","BootSequence+1","Hologram","Consume+1","Heatsinks","Barrage"],"special_seed":0,"relics":["Cracked Core","NeowsBlessing","Dead Branch","Golden Idol","Bird Faced Urn","Kunai","Odd Mushroom","Astrolabe","Enchiridion"],"potions_floor_usage":[22,22],"damage_taken":[{"damage":0.0,"enemies":"2 Louse","floor":1.0,"turns":1.0},{"damage":0.0,"enemies":"Small Slimes","floor":2.0,"turns":1.0},{"damage":0.0,"enemies":"Jaw Worm","floor":5.0,"turns":1.0},{"damage":25.0,"enemies":"Lagavulin","floor":7.0,"turns":6.0},{"damage":25.0,"enemies":"The Mushroom Lair","floor":10.0,"turns":3.0},{"damage":0.0,"enemies":"Large Slime","floor":11.0,"turns":3.0},{"damage":0.0,"enemies":"3 Louse","floor":12.0,"turns":2.0},{"damage":1.0,"enemies":"Blue Slaver","floor":14.0,"turns":3.0},{"damage":2.0,"enemies":"Slime Boss","floor":16.0,"turns":10.0},{"damage":3,"enemies":"Spheric Guardian","floor":18,"turns":11},{"damage":0,"enemies":"3 Byrds","floor":19,"turns":2},{"damage":15,"enemies":"Colosseum Slavers","floor":22,"turns":4},{"damage":38,"enemies":"Slavers","floor":24,"turns":3}],"seed_played":"-4015227473539438809","potions_obtained":[{"floor":10.0,"key":"GamblersBrew"},{"floor":12.0,"key":"SkillPotion"},{"floor":16.0,"key":"Fire Potion"},{"floor":18,"key":"SkillPotion"}],"is_trial":false,"path_per_floor":["M","M","?","?","M","R","E","R","T","?","M","M","$","M","R","B",null,"M","M","?","?","?","R","E"],"character_chosen":"DEFECT","items_purchased":["Electrodynamics","Hologram"],"campfire_rested":0,"item_purchase_floors":[13,13],"current_hp_per_floor":[64,64,59,59,59,59,34,34,34,9,9,9,9,10,10,8,50,53,55,55,34,25,25,0],"gold":191,"neow_bonus":"THREE_ENEMY_KILL","is_prod":false,"is_daily":false,"chose_seed":false,"campfire_upgraded":4,"win_rate":0,"timestamp":1550820338,"path_taken":["M","M","?","?","M","R","E","R","T","?","M","M","?","M","R","BOSS","M","M","?","?","?","R","E"],"build_version":"2019-01-23","purchased_purges":0,"victory":false,"max_hp_per_floor":[71,71,71,64,64,64,64,64,64,64,64,64,64,64,64,64,64,64,64,64,64,64,64,64],"card_choices":[{"not_picked":["Streamline","Reprogram"],"picked":"Beam Cell","floor":1.0},{"not_picked":["Storm","Scrape"],"picked":"BootSequence","floor":2.0},{"not_picked":["Rebound","Leap"],"picked":"Doom and Gloom","floor":5.0},{"not_picked":["Compile Driver","Hologram"],"picked":"Coolheaded","floor":7.0},{"not_picked":["Stack","White Noise"],"picked":"Reinforced Body","floor":10.0},{"not_picked":["Coolheaded","Conserve Battery"],"picked":"Compile Driver","floor":11.0},{"not_picked":["FTL","Scrape"],"picked":"Stack","floor":12.0},{"not_picked":["Meteor Strike","Steam Power"],"picked":"Coolheaded","floor":14.0},{"not_picked":["Machine Learning","Meteor Strike"],"picked":"Seek","floor":16.0},{"not_picked":["Beam Cell","Rebound"],"picked":"Hologram","floor":18},{"not_picked":["Fusion+1","Beam Cell"],"picked":"Consume+1","floor":19}],"player_experience":901215,"relics_obtained":[{"floor":7.0,"key":"Bird Faced Urn"},{"floor":9.0,"key":"Kunai"},{"floor":10.0,"key":"Odd Mushroom"},{"floor":21,"key":"Enchiridion"}],"event_choices":[{"damage_healed":0.0,"max_hp_gain":0.0,"max_hp_loss":0.0,"gold_gain":0.0,"event_name":"Scrap Ooze","player_choice":"Success","floor":3.0,"gold_loss":0.0,"damage_taken":5.0,"relics_obtained":["Dead Branch"]},{"damage_healed":0.0,"max_hp_gain":0.0,"max_hp_loss":7.0,"gold_gain":0.0,"event_name":"Golden Idol","player_choice":"Lose Max HP","floor":4.0,"gold_loss":0.0,"damage_taken":0.0,"relics_obtained":["Golden Idol"]},{"damage_healed":0.0,"max_hp_gain":0.0,"max_hp_loss":0.0,"gold_gain":0.0,"event_name":"Mushrooms","player_choice":"Fought Mushrooms","floor":10.0,"gold_loss":0.0,"damage_taken":0.0},{"damage_healed":0,"gold_gain":0,"cards_transformed":["Strike_B","Defend_B"],"player_choice":"Became Test Subject","damage_taken":0,"max_hp_gain":0,"max_hp_loss":0,"event_name":"Drug Dealer","floor":20,"gold_loss":0,"cards_obtained":["Heatsinks","Barrage"]},{"damage_healed":0,"gold_gain":0,"player_choice":"Obtained Book","damage_taken":21,"max_hp_gain":0,"max_hp_loss":0,"event_name":"Cursed Tome","floor":21,"gold_loss":0},{"damage_healed":0,"gold_gain":0,"player_choice":"Fight","damage_taken":0,"max_hp_gain":0,"max_hp_loss":0,"event_name":"Colosseum","floor":22,"gold_loss":0},{"damage_healed":0,"gold_gain":0,"player_choice":"Fled From Nobs","damage_taken":0,"max_hp_gain":0,"max_hp_loss":0,"event_name":"Colosseum","floor":22,"gold_loss":0}],"is_beta":false,"boss_relics":[{"not_picked":["Ectoplasm","Black Star"],"picked":"Astrolabe"}],"items_purged_floors":[],"is_endless":false,"potions_floor_spawned":[10,12,14,16,18],"killed_by":"Slavers","ascension_level":20}