{"gold_per_floor":[114,125,125,50,64,64,29,29,29,29,40,56,75,75,75,153,153,167,187,102,62,62,62,62,76,122,152,152,163,163,53,53,125,125,139,149,149,165,80,80,80,0,0,0,0,0,26,46,46,46,46,46,46,46,77,77],"floor_reached":57,"playtime":5197,"items_purged":["Strike_G"],"score":2876,"play_id":"e205f156-7a0e-458e-8b8d-65c1ea377853","local_time":"20190216123947","is_ascension_mode":true,"campfire_choices":[{"data":"Bouncing Flask","floor":6.0,"key":"SMITH"},{"data":"Expertise","floor":10.0,"key":"SMITH"},{"data":"Caltrops","floor":15.0,"key":"SMITH"},{"data":"Wraith Form v2","floor":28.0,"key":"SMITH"},{"data":"Burst","floor":30.0,"key":"SMITH"},{"data":"Night Terror","floor":32.0,"key":"SMITH"},{"data":"Well Laid Plans","floor":40.0,"key":"SMITH"},{"data":"Catalyst","floor":45.0,"key":"SMITH"},{"floor":49.0,"key":"RECALL"},{"data":"Catalyst","floor":53,"key":"SMITH"}],"neow_cost":"NONE","seed_source_timestamp":8633165138213,"circlet_count":0,"master_deck":["AscendersBane","Defend_G","Defend_G","Defend_G","Defend_G","Defend_G","Strike_G+1","Strike_G","Survivor","Neutralize+1","Expertise+1","Bouncing Flask+1","Backflip","Burst+1","Caltrops+1","Night Terror+1","Backflip+1","Catalyst+1","Ghostly","Ghostly","Ghostly","Blur","Adrenaline","Wraith Form v2+1","Backflip","Catalyst+1","Catalyst+1","Adrenaline","Well Laid Plans+1","Impatience","Panacea","Catalyst"],"special_seed":0,"relics":["Runic Dome","Bag of Preparation","Meat on the Bone","Cursed Key","Anchor","Blood Vial","Orrery","FaceOfCleric","Red Mask","Mercury Hourglass","Happy Flower"],"potions_floor_usage":[56,56],"damage_taken":[{"damage":8.0,"enemies":"2 Louse","floor":1.0,"turns":3.0},{"damage":4.0,"enemies":"Jaw Worm","floor":2.0,"turns":7.0},{"damage":0.0,"enemies":"Cultist","floor":5.0,"turns":4.0},{"damage":1.0,"enemies":"Blue Slaver","floor":11.0,"turns":3.0},{"damage":5.0,"enemies":"Large Slime","floor":12.0,"turns":6.0},{"damage":11.0,"enemies":"2 Fungi Beasts","floor":13.0,"turns":5.0},{"damage":24.0,"enemies":"The Guardian","floor":16.0,"turns":8.0},{"damage":0.0,"enemies":"Spheric Guardian","floor":18.0,"turns":2.0},{"damage":12.0,"enemies":"Chosen","floor":19.0,"turns":4.0},{"damage":0.0,"enemies":"Snecko","floor":25.0,"turns":5.0},{"damage":0.0,"enemies":"Book of Stabbing","floor":27.0,"turns":3.0},{"damage":0.0,"enemies":"Shelled Parasite and Fungi","floor":29.0,"turns":4.0},{"damage":0.0,"enemies":"Collector","floor":33.0,"turns":4.0},{"damage":0.0,"enemies":"3 Shapes","floor":35.0,"turns":3.0},{"damage":0.0,"enemies":"3 Darklings","floor":36.0,"turns":5.0},{"damage":0.0,"enemies":"Sphere and 2 Shapes","floor":38.0,"turns":9.0},{"damage":0.0,"enemies":"Giant Head","floor":47.0,"turns":6.0},{"damage":0.0,"enemies":"4 Shapes","floor":48.0,"turns":6.0},{"damage":0,"enemies":"Awakened One","floor":50,"turns":14},{"damage":13,"enemies":"Donu and Deca","floor":51,"turns":9},{"damage":6,"enemies":"Shield and Spear","floor":55,"turns":10},{"damage":21,"enemies":"The Heart","floor":56,"turns":7}],"seed_played":"1209029531180789985","potions_obtained":[{"floor":1.0,"key":"Swift Potion"},{"floor":2.0,"key":"GhostInAJar"},{"floor":13.0,"key":"Explosive Potion"},{"floor":25.0,"key":"Strength Potion"},{"floor":27.0,"key":"Dexterity Potion"},{"floor":55,"key":"GhostInAJar"}],"is_trial":false,"path_per_floor":["M","M","?","$","M","R","?","?","T","R","M","M","M","$","R","B",null,"M","M","?","$","?","?","?","M","T","E","R","M","R","?","R","B",null,"M","M","?","M","$","R","?","?","T","T","R","$","E","M","R","B","B",null,"R","$","E","B",null],"character_chosen":"THE_SILENT","items_purchased":["Catalyst","Well Laid Plans"],"campfire_rested":0,"item_purchase_floors":[21,39],"current_hp_per_floor":[51,47,21,21,21,21,37,37,37,37,36,43,44,44,44,32,58,58,46,46,46,33,33,33,33,33,33,33,33,33,33,33,33,33,33,33,33,34,34,34,24,24,24,24,24,24,27,30,30,33,23,34,34,34,31,25],"gold":77,"neow_bonus":"BOSS_RELIC","is_prod":false,"is_daily":false,"chose_seed":false,"campfire_upgraded":9,"win_rate":0,"timestamp":1550291987,"path_taken":["M","M","?","$","M","R","?","?","T","R","M","M","M","$","R","BOSS","M","?","?","$","?","?","?","?","T","E","R","?","R","?","R","BOSS","M","?","?","?","$","R","?","?","T","?","R","$","E","M","R","BOSS","BOSS","R","$","E","BOSS"],"build_version":"2019-01-23","purchased_purges":1,"victory":true,"max_hp_per_floor":[66,66,66,66,66,66,66,66,66,66,66,66,66,66,66,66,66,66,66,66,66,33,33,33,33,33,33,33,33,33,33,33,33,33,33,33,33,34,34,34,34,34,34,34,34,34,35,36,36,37,38,38,38,38,39,40],"card_choices":[{"not_picked":["Backstab","Flying Knee","Quick Slash"],"picked":"SKIP","floor":1.0},{"not_picked":["Dagger Spray","Flying Knee"],"picked":"Expertise","floor":2.0},{"not_picked":["Bane","Prepared"],"picked":"Bouncing Flask","floor":5.0},{"not_picked":["Bane","Blade Dance"],"picked":"Backflip","floor":11.0},{"not_picked":["Flying Knee","Blade Dance"],"picked":"Burst","floor":12.0},{"not_picked":["Dagger Spray","Dodge and Roll"],"picked":"Caltrops","floor":13.0},{"not_picked":["Burst","Envenom"],"picked":"Night Terror","floor":16.0},{"not_picked":["Deadly Poison","Blade Dance"],"picked":"Backflip+1","floor":18.0},{"not_picked":["Prepared","PiercingWail","Escape Plan"],"picked":"SKIP","floor":19.0},{"not_picked":["Riddle With Holes","Slice","Cloak And Dagger"],"picked":"SKIP","floor":25.0},{"not_picked":["Outmaneuver","Bane+1"],"picked":"Wraith Form v2","floor":27.0},{"not_picked":["Sucker Punch","Dodge and Roll"],"picked":"Backflip","floor":29.0},{"not_picked":["Poisoned Stab","Prepared"],"picked":"Catalyst","floor":34.0},{"not_picked":["Outmaneuver","PiercingWail"],"picked":"Catalyst","floor":34.0},{"not_picked":["Calculated Gamble","Underhanded Strike","Flying Knee+1"],"picked":"SKIP","floor":35.0},{"not_picked":["Slice","Dagger Spray"],"picked":"Adrenaline","floor":36.0},{"not_picked":["Acrobatics","Dagger Throw+1","Underhanded Strike"],"picked":"SKIP","floor":38.0},{"not_picked":["Dramatic Entrance","Sadistic Nature"],"picked":"Impatience","floor":41.0},{"not_picked":["Blind","PanicButton"],"picked":"Panacea","floor":41.0},{"not_picked":["Caltrops","PiercingWail","Terror+1"],"picked":"SKIP","floor":47.0},{"not_picked":["Dodge and Roll","Crippling Poison","Predator"],"picked":"SKIP","floor":48.0},{"not_picked":["A Thousand Cuts","Footwork"],"picked":"Catalyst","floor":55}],"player_experience":2811866,"relics_obtained":[{"floor":9.0,"key":"Meat on the Bone"},{"floor":27.0,"key":"Blood Vial"},{"floor":47.0,"key":"Mercury Hourglass"},{"floor":55,"key":"Happy Flower"}],"event_choices":[{"damage_healed":0.0,"max_hp_gain":0.0,"max_hp_loss":0.0,"gold_gain":0.0,"event_name":"Scrap Ooze","player_choice":"Success","floor":3.0,"gold_loss":0.0,"damage_taken":26.0,"relics_obtained":["Bag of Preparation"]},{"damage_healed":16.0,"max_hp_gain":0.0,"max_hp_loss":0.0,"gold_gain":0.0,"event_name":"The Cleric","player_choice":"Healed","floor":7.0,"gold_loss":35.0,"damage_taken":0.0},{"damage_healed":0.0,"max_hp_gain":0.0,"max_hp_loss":0.0,"gold_gain":0.0,"event_name":"Upgrade Shrine","player_choice":"Upgraded","floor":8.0,"gold_loss":0.0,"damage_taken":0.0,"cards_upgraded":["Neutralize"]},{"damage_healed":0.0,"max_hp_gain":0.0,"max_hp_loss":0.0,"gold_gain":0.0,"event_name":"Addict","player_choice":"Obtained Relic","floor":20.0,"gold_loss":85.0,"damage_taken":0.0,"relics_obtained":["Anchor"]},{"damage_healed":0.0,"max_hp_gain":0.0,"max_hp_loss":33.0,"gold_gain":0.0,"event_name":"Ghosts","player_choice":"Became a Ghost","floor":22.0,"gold_loss":0.0,"damage_taken":0.0,"cards_obtained":["Ghostly","Ghostly","Ghostly"]},{"damage_healed":0.0,"max_hp_gain":0.0,"max_hp_loss":0.0,"gold_gain":0.0,"cards_transformed":["Strike_G","Strike_G"],"event_name":"Drug Dealer","player_choice":"Became Test Subject","floor":23.0,"gold_loss":0.0,"damage_taken":0.0,"cards_obtained":["Blur","Adrenaline"]},{"damage_healed":0.0,"max_hp_gain":0.0,"max_hp_loss":0.0,"gold_gain":0.0,"event_name":"Accursed Blacksmith","player_choice":"Forge","floor":24.0,"gold_loss":0.0,"damage_taken":0.0,"cards_upgraded":["Catalyst"]},{"cards_removed":["Doubt"],"damage_healed":0.0,"max_hp_gain":0.0,"max_hp_loss":0.0,"gold_gain":0.0,"event_name":"Designer","player_choice":"Upgrade and Remove","floor":31.0,"gold_loss":110.0,"damage_taken":0.0,"cards_upgraded":["Strike_G"]},{"damage_healed":0.0,"max_hp_gain":0.0,"max_hp_loss":0.0,"gold_gain":0.0,"event_name":"FaceTrader","player_choice":"Trade","floor":37.0,"gold_loss":0.0,"damage_taken":0.0,"relics_obtained":["FaceOfCleric"]},{"damage_healed":0.0,"max_hp_gain":0.0,"max_hp_loss":0.0,"gold_gain":0.0,"event_name":"SensoryStone","player_choice":"Memory 3","floor":41.0,"gold_loss":0.0,"damage_taken":10.0},{"damage_healed":0.0,"max_hp_gain":0.0,"max_hp_loss":0.0,"gold_gain":0.0,"event_name":"Tomb of Lord Red Mask","player_choice":"Paid","floor":42.0,"gold_loss":80.0,"damage_taken":0.0,"relics_obtained":["Red Mask"]}],"is_beta":false,"boss_relics":[{"not_picked":["HoveringKite","White Beast Statue"],"picked":"Cursed Key"},{"not_picked":["Calling Bell","Astrolabe"],"picked":"Orrery"}],"items_purged_floors":[4],"is_endless":false,"potions_floor_spawned":[1,2,13,25,27,29,36,47,55],"ascension_level":20}