{"gold_per_floor":[366,366,384,659,679,679,348,360,360,360,376,376,376,376,376,497,497,510,333,353,193,206,206,222,237,286,301,301,345,345,363,363,486,486,506,312,312,328,343,343,79,98,147,185,185,185,29,63,63,63],"floor_reached":51,"playtime":1150,"items_purged":["Regret","Strike_R","Strike_R","Strike_R","Strike_R+1"],"score":867,"play_id":"0956b33f-ea33-49f2-9672-864af6aba021","local_time":"20190807003147","is_ascension_mode":false,"campfire_choices":[{"data":"Searing Blow","floor":6.0,"key":"SMITH"},{"data":"Searing Blow+1","floor":10.0,"key":"SMITH"},{"data":"Searing Blow+2","floor":12.0,"key":"SMITH"},{"data":"Searing Blow+3","floor":15.0,"key":"SMITH"},{"data":"Searing Blow+4","floor":23.0,"key":"SMITH"},{"data":"Searing Blow+5","floor":28.0,"key":"SMITH"},{"data":"Searing Blow+6","floor":32.0,"key":"SMITH"},{"data":"Searing Blow+7","floor":40,"key":"SMITH"},{"data":"Searing Blow+8","floor":46,"key":"SMITH"},{"data":"Searing Blow+9","floor":49,"key":"SMITH"}],"neow_cost":"PERCENT_DAMAGE","seed_source_timestamp":755327778145,"circlet_count":0,"master_deck":["Strike_R+1","Defend_R","Defend_R","Defend_R","Defend_R","Bash","Searing Blow+10","Headbutt","Master of Strategy","Armaments","Master of Strategy","Armaments","Corruption","Whirlwind","Good Instincts","Battle Trance","Searing Blow+8","Thunderclap"],"special_seed":0,"relics":["Burning Blood","Membership Card","Pen Nib","Golden Idol","Busted Crown","Bottled Flame","Omamori","Bottled Tornado","Philosopher\u0027s Stone","Chemical X","DollysMirror","Happy Flower","Blood Vial","Self Forming Clay","PreservedInsect","Paper Frog","Potion Belt"],"potions_floor_usage":[39,50,50,50],"damage_taken":[{"damage":3.0,"enemies":"Cultist","floor":1.0,"turns":5.0},{"damage":1.0,"enemies":"2 Louse","floor":3.0,"turns":3.0},{"damage":0.0,"enemies":"Small Slimes","floor":5.0,"turns":3.0},{"damage":19.0,"enemies":"Gremlin Gang","floor":8.0,"turns":7.0},{"damage":12.0,"enemies":"Exordium Thugs","floor":11.0,"turns":4.0},{"damage":0.0,"enemies":"Slime Boss","floor":16.0,"turns":3.0},{"damage":4.0,"enemies":"2 Thieves","floor":18.0,"turns":4.0},{"damage":0.0,"enemies":"Spheric Guardian","floor":20.0,"turns":3.0},{"damage":6.0,"enemies":"Snake Plant","floor":22.0,"turns":3.0},{"damage":0.0,"enemies":"Centurion and Healer","floor":24.0,"turns":5.0},{"damage":0.0,"enemies":"Snecko","floor":25.0,"turns":2.0},{"damage":2.0,"enemies":"3 Cultists","floor":27.0,"turns":4.0},{"damage":7.0,"enemies":"Book of Stabbing","floor":29.0,"turns":3.0},{"damage":3.0,"enemies":"Snake Plant","floor":31.0,"turns":3.0},{"damage":61.0,"enemies":"Collector","floor":33.0,"turns":7.0},{"damage":0.0,"enemies":"Orb Walker","floor":35.0,"turns":1.0},{"damage":7,"enemies":"3 Darklings","floor":38,"turns":2},{"damage":7,"enemies":"Maw","floor":39,"turns":5},{"damage":0,"enemies":"4 Shapes","floor":42,"turns":1},{"damage":0,"enemies":"Reptomancer","floor":44,"turns":1},{"damage":0,"enemies":"Giant Head","floor":48,"turns":3},{"damage":87,"enemies":"Awakened One","floor":50,"turns":6}],"seed_played":"-7540696850705474767","potions_obtained":[{"floor":3.0,"key":"LiquidBronze"},{"floor":8.0,"key":"EssenceOfSteel"},{"floor":11.0,"key":"EssenceOfSteel"},{"floor":22.0,"key":"FearPotion"},{"floor":24.0,"key":"AttackPotion"},{"floor":33.0,"key":"PowerPotion"},{"floor":38,"key":"Weak Potion"},{"floor":44,"key":"BloodPotion"}],"is_trial":false,"path_per_floor":["M","?","M","?","M","R","$","M","T","R","M","R","?","?","R","B",null,"M","$","M","$","M","R","M","M","T","M","R","E","?","M","R","B",null,"M","$","?","M","M","R","$","M","T","E","?","R","$","E","R","B",null],"character_chosen":"IRONCLAD","items_purchased":["Membership Card","Master of Strategy","Armaments","Bottled Flame","Master of Strategy","Chemical X","Whirlwind","DollysMirror","Happy Flower","Paper Frog","Thunderclap"],"campfire_rested":0,"item_purchase_floors":[7,7,7,19,21,36,36,41,41,47,47],"current_hp_per_floor":[59,43,48,48,54,54,54,41,41,41,35,35,35,35,35,41,74,74,74,74,74,74,74,74,74,74,74,74,73,73,74,74,19,74,74,74,74,73,72,72,72,74,74,74,74,74,74,74,74,11],"gold":63,"neow_bonus":"TWO_FIFTY_GOLD","is_prod":false,"is_daily":false,"chose_seed":false,"campfire_upgraded":10,"win_rate":0,"timestamp":1565159507,"path_taken":["M","?","M","?","M","R","$","M","T","R","?","R","?","?","R","BOSS","M","$","M","$","M","R","?","M","T","M","R","E","?","M","R","BOSS","M","$","?","?","?","R","$","M","T","E","?","R","?","E","R","BOSS"],"build_version":"2019-07-17","purchased_purges":5,"victory":true,"max_hp_per_floor":[80,80,80,80,80,80,80,80,80,80,80,80,74,74,74,74,74,74,74,74,74,74,74,74,74,74,74,74,74,74,74,74,74,74,74,74,74,74,74,74,74,74,74,74,74,74,74,74,74,74],"card_choices":[{"not_picked":["Heavy Blade","Ghostly Armor"],"picked":"Clothesline","floor":1.0},{"not_picked":["Cleave","Blood for Blood"],"picked":"Searing Blow","floor":3.0},{"not_picked":["Warcry","True Grit"],"picked":"Headbutt","floor":5.0},{"not_picked":["Entrench","Uppercut","Feel No Pain"],"picked":"SKIP","floor":8.0},{"not_picked":["Bloodletting","Dual Wield","Second Wind"],"picked":"SKIP","floor":11.0},{"not_picked":["Twin Strike"],"picked":"SKIP","floor":18.0},{"not_picked":["Wild Strike"],"picked":"SKIP","floor":20.0},{"not_picked":[],"picked":"Armaments","floor":22.0},{"not_picked":[],"picked":"Corruption","floor":24.0},{"not_picked":["Sword Boomerang"],"picked":"SKIP","floor":25.0},{"not_picked":["Heavy Blade+1"],"picked":"SKIP","floor":27.0},{"not_picked":["Thunderclap"],"picked":"SKIP","floor":29.0},{"not_picked":["Bloodletting"],"picked":"SKIP","floor":31.0},{"not_picked":["Sever Soul"],"picked":"SKIP","floor":35.0},{"not_picked":["Seeing Red"],"picked":"SKIP","floor":38},{"not_picked":["Wild Strike"],"picked":"SKIP","floor":39},{"not_picked":["Clash"],"picked":"SKIP","floor":42},{"not_picked":["Clash"],"picked":"SKIP","floor":44},{"not_picked":["Flex"],"picked":"SKIP","floor":48}],"player_experience":1643914,"relics_obtained":[{"floor":9.0,"key":"Pen Nib"},{"floor":26.0,"key":"Omamori"},{"floor":29.0,"key":"Bottled Tornado"},{"floor":43,"key":"Blood Vial"},{"floor":44,"key":"Self Forming Clay"},{"floor":48,"key":"Potion Belt"}],"event_choices":[{"damage_healed":0.0,"max_hp_gain":0.0,"max_hp_loss":0.0,"gold_gain":0.0,"event_name":"Shining Light","player_choice":"Entered Light","floor":2.0,"gold_loss":0.0,"damage_taken":16.0,"cards_upgraded":["Strike_R","Strike_R"]},{"damage_healed":0.0,"max_hp_gain":0.0,"max_hp_loss":0.0,"gold_gain":275.0,"event_name":"Golden Shrine","player_choice":"Desecrate","floor":4.0,"gold_loss":0.0,"damage_taken":0.0,"cards_obtained":["Regret"]},{"damage_healed":0.0,"max_hp_gain":0.0,"max_hp_loss":6.0,"gold_gain":0.0,"event_name":"Golden Idol","player_choice":"Lose Max HP","floor":13.0,"gold_loss":0.0,"damage_taken":0.0,"relics_obtained":["Golden Idol"]},{"damage_healed":0.0,"max_hp_gain":0.0,"max_hp_loss":0.0,"gold_gain":0.0,"event_name":"The Woman in Blue","player_choice":"Bought 0 Potions","floor":14.0,"gold_loss":0.0,"damage_taken":0.0},{"damage_healed":0.0,"max_hp_gain":0.0,"max_hp_loss":0.0,"gold_gain":0.0,"event_name":"Ghosts","player_choice":"Ignored","floor":30.0,"gold_loss":0.0,"damage_taken":0.0},{"damage_healed":0,"gold_gain":0,"player_choice":"2 cards matched","damage_taken":0,"max_hp_gain":0,"max_hp_loss":0,"event_name":"Match and Keep!","floor":37,"gold_loss":0,"cards_obtained":["Good Instincts","Battle Trance"]},{"cards_removed":["Clothesline"],"damage_healed":0,"gold_gain":0,"player_choice":"Gave Card","damage_taken":0,"relics_obtained":["PreservedInsect"],"max_hp_gain":0,"max_hp_loss":0,"event_name":"WeMeetAgain","floor":45,"gold_loss":0}],"is_beta":false,"boss_relics":[{"not_picked":["Fusion Hammer","Mark of Pain"],"picked":"Busted Crown"},{"not_picked":["Velvet Choker","Runic Dome"],"picked":"Philosopher\u0027s Stone"}],"items_purged_floors":[7,19,21,36,41],"is_endless":false,"potions_floor_spawned":[3,8,11,22,24,25,33,38,44],"ascension_level":0}