{"gold_per_floor":[113,38,50,66,12,12,39,39,39,39,57,57],"floor_reached":12,"playtime":565,"items_purged":[],"score":156,"play_id":"087e04fd-efb0-4175-a7bc-2f49f868fb9b","local_time":"20190204122112","is_ascension_mode":true,"campfire_choices":[{"data":"Neutralize","floor":6,"key":"SMITH"}],"neow_cost":"PERCENT_DAMAGE","seed_source_timestamp":11303318176163,"circlet_count":0,"master_deck":["AscendersBane","Defend_G","Defend_G","Defend_G","Defend_G","Defend_G","Strike_G","Strike_G","Strike_G","Strike_G","Survivor","Neutralize+1","Wraith Form v2","Escape Plan","Well Laid Plans","Venomology","Tactician"],"relics":["Ring of the Snake","Darkstone Periapt","Happy Flower","Golden Idol"],"potions_floor_usage":[7,7],"damage_taken":[{"damage":0,"enemies":"2 Louse","floor":1,"turns":5},{"damage":1,"enemies":"Small Slimes","floor":3,"turns":6},{"damage":0,"enemies":"Jaw Worm","floor":4,"turns":7},{"damage":40,"enemies":"3 Sentries","floor":7,"turns":16},{"damage":0,"enemies":"Blue Slaver","floor":11,"turns":8},{"damage":0,"enemies":"Large Slime","floor":12,"turns":1}],"seed_played":"-1329659990527852620","potions_obtained":[{"floor":4,"key":"Fruit Juice"},{"floor":7,"key":"Weak Potion"}],"is_trial":false,"path_per_floor":["M","?","M","M","$","R","E","?","T","?","M","M"],"character_chosen":"THE_SILENT","items_purchased":["Poison Potion"],"campfire_rested":0,"item_purchase_floors":[5],"current_hp_per_floor":[44,44,43,43,43,43,8,8,8,8,8,8],"gold":57,"neow_bonus":"THREE_RARE_CARDS","is_prod":false,"is_daily":false,"chose_seed":false,"campfire_upgraded":1,"win_rate":0,"timestamp":1549254072,"path_taken":["M","?","M","M","$","R","E","?","T","?","?","M"],"build_version":"2019-01-23","purchased_purges":0,"victory":false,"max_hp_per_floor":[66,66,66,66,66,66,71,71,71,64,64,64],"card_choices":[{"not_picked":["Night Terror","Malaise"],"picked":"Wraith Form v2","floor":0},{"not_picked":["Cloak And Dagger","Dagger Spray"],"picked":"Escape Plan","floor":1},{"not_picked":["Prepared","Bane"],"picked":"Well Laid Plans","floor":3},{"not_picked":["Heel Hook","Blade Dance","Quick Slash"],"picked":"SKIP","floor":4},{"not_picked":["Dodge and Roll","Predator"],"picked":"Venomology","floor":7},{"not_picked":["Flechettes","Prepared"],"picked":"Tactician","floor":11}],"player_experience":2499912,"relics_obtained":[{"floor":7,"key":"Darkstone Periapt"},{"floor":9,"key":"Happy Flower"}],"event_choices":[{"cards_removed":["Strike_G"],"damage_healed":0,"gold_gain":0,"player_choice":"Card Removal","damage_taken":0,"max_hp_gain":0,"max_hp_loss":0,"event_name":"The Cleric","floor":2,"gold_loss":75},{"damage_healed":0,"gold_gain":0,"player_choice":"Ignored","damage_taken":0,"max_hp_gain":0,"max_hp_loss":0,"event_name":"Shining Light","floor":8,"gold_loss":0},{"damage_healed":0,"gold_gain":0,"player_choice":"Lose Max HP","damage_taken":0,"relics_obtained":["Golden Idol"],"max_hp_gain":0,"max_hp_loss":7,"event_name":"Golden Idol","floor":10,"gold_loss":0}],"is_beta":false,"boss_relics":[],"items_purged_floors":[],"is_endless":false,"potions_floor_spawned":[4,7],"killed_by":"Large Slime","ascension_level":20}