{"gold_per_floor":[219,294,294,309,152,182,182,182,209,83,98,98,108,118,118,214,214,194,94,22,33,45,75,94,94,94,104,118,137,137,151,151,254,254,272,291,166,179,193,219,219,232,255,105,205,221,46,77,77,77,77,77,77,108,108],"floor_reached":56,"playtime":2723,"items_purged":["Strike_G","Strike_G","Strike_G","Strike_G","Finisher"],"score":1383,"play_id":"c8e77857-5aca-469f-b96f-179aa4eeef9f","local_time":"20190731192241","is_ascension_mode":false,"campfire_choices":[{"data":"Calculated Gamble","floor":7.0,"key":"SMITH"},{"data":"Deadly Poison","floor":15.0,"key":"SMITH"},{"data":"Catalyst","floor":25.0,"key":"SMITH"},{"data":"Well Laid Plans","floor":32.0,"key":"SMITH"},{"data":"Adrenaline","floor":41.0,"key":"SMITH"},{"floor":49.0,"key":"RECALL"},{"data":"Predator","floor":52.0,"key":"SMITH"}],"neow_cost":"NONE","seed_source_timestamp":0,"circlet_count":0,"master_deck":["Defend_G","Defend_G","Defend_G","Defend_G","Defend_G+1","Survivor","Neutralize","Calculated Gamble+1","Adrenaline+1","Predator+1","Deadly Poison+1","Well Laid Plans+1","Neutralize","After Image","Backflip+1","Noxious Fumes+1","Catalyst+1","After Image","After Image","Acrobatics+1","Adrenaline+1","Acrobatics+1"],"special_seed":0,"relics":["Ring of the Snake","Strawberry","Art of War","Coffee Dripper","War Paint","Pocketwatch","Toxic Egg 2","Runic Dome","Sundial","FossilizedHelix","Blood Vial","Happy Flower"],"potions_floor_usage":[55,55],"damage_taken":[{"damage":0.0,"enemies":"Small Slimes","floor":1.0,"turns":4.0},{"damage":1.0,"enemies":"Cultist","floor":4.0,"turns":4.0},{"damage":21.0,"enemies":"Lagavulin","floor":6.0,"turns":8.0},{"damage":3.0,"enemies":"Jaw Worm","floor":11.0,"turns":2.0},{"damage":4.0,"enemies":"Red Slaver","floor":13.0,"turns":2.0},{"damage":0.0,"enemies":"2 Fungi Beasts","floor":14.0,"turns":3.0},{"damage":28.0,"enemies":"Hexaghost","floor":16.0,"turns":10.0},{"damage":0.0,"enemies":"2 Thieves","floor":18.0,"turns":4.0},{"damage":6.0,"enemies":"3 Byrds","floor":21.0,"turns":6.0},{"damage":0.0,"enemies":"Centurion and Healer","floor":22.0,"turns":5.0},{"damage":0.0,"enemies":"Book of Stabbing","floor":23.0,"turns":7.0},{"damage":0.0,"enemies":"Snake Plant","floor":24.0,"turns":4.0},{"damage":2.0,"enemies":"Sentry and Sphere","floor":27.0,"turns":6.0},{"damage":15.0,"enemies":"Centurion and Healer","floor":28.0,"turns":6.0},{"damage":6.0,"enemies":"Shelled Parasite and Fungi","floor":29.0,"turns":4.0},{"damage":0.0,"enemies":"Snecko","floor":31.0,"turns":5.0},{"damage":16.0,"enemies":"Champ","floor":33.0,"turns":10.0},{"damage":7.0,"enemies":"3 Darklings","floor":35.0,"turns":5.0},{"damage":2.0,"enemies":"3 Shapes","floor":36.0,"turns":4.0},{"damage":0.0,"enemies":"3 Darklings","floor":38.0,"turns":5.0},{"damage":17.0,"enemies":"Jaw Worm Horde","floor":39.0,"turns":5.0},{"damage":13.0,"enemies":"Reptomancer","floor":40.0,"turns":8.0},{"damage":1.0,"enemies":"Spire Growth","floor":42.0,"turns":4.0},{"damage":0.0,"enemies":"Mind Bloom Boss Battle","floor":45.0,"turns":5.0},{"damage":0.0,"enemies":"Writhing Mass","floor":46.0,"turns":4.0},{"damage":0.0,"enemies":"Nemesis","floor":48.0,"turns":7.0},{"damage":0.0,"enemies":"Awakened One","floor":50.0,"turns":12.0},{"damage":0,"enemies":"Shield and Spear","floor":54,"turns":8},{"damage":0,"enemies":"The Heart","floor":55,"turns":8}],"seed_played":"334369071116384489","potions_obtained":[{"floor":3.0,"key":"Explosive Potion"},{"floor":3.0,"key":"Strength Potion"},{"floor":3.0,"key":"Weak Potion"},{"floor":4.0,"key":"Strength Potion"},{"floor":11.0,"key":"GhostInAJar"},{"floor":18.0,"key":"PowerPotion"},{"floor":27.0,"key":"GamblersBrew"},{"floor":38.0,"key":"Weak Potion"}],"is_trial":false,"path_per_floor":["M","?","?","M","$","E","R","?","T","$","M","?","M","M","R","B",null,"M","$","?","M","M","E","M","R","T","M","M","M","?","M","R","B",null,"M","M","$","M","M","E","R","M","T","$","?","M","$","E","R","B",null,"R","$","E","B",null],"character_chosen":"THE_SILENT","items_purchased":["Finisher","Deadly Poison","Well Laid Plans"],"campfire_rested":0,"item_purchase_floors":[5,10,10],"current_hp_per_floor":[70,59,59,58,58,44,44,44,44,44,41,41,37,37,37,9,77,77,77,77,71,71,71,71,71,71,69,54,48,48,48,48,32,77,70,68,68,68,51,38,38,37,37,37,37,37,37,37,37,39,77,77,77,77,77],"gold":108,"neow_bonus":"HUNDRED_GOLD","is_prod":false,"is_daily":false,"chose_seed":false,"campfire_upgraded":6,"win_rate":0,"timestamp":1564572161,"path_taken":["M","?","?","?","$","E","R","?","T","$","?","?","M","M","R","BOSS","M","$","?","?","M","E","M","R","T","M","M","M","?","M","R","BOSS","M","M","?","M","M","E","R","M","T","$","?","M","$","E","R","BOSS","R","$","E","BOSS"],"build_version":"2019-07-17","purchased_purges":5,"victory":true,"max_hp_per_floor":[70,70,70,70,70,77,77,77,77,77,77,77,77,77,77,77,77,77,77,77,77,77,77,77,77,77,77,77,77,77,77,77,77,77,77,77,77,77,77,77,77,77,77,77,77,77,77,77,77,77,77,77,77,77,77],"card_choices":[{"not_picked":["Bane","Prepared","Flechettes"],"picked":"SKIP","floor":1.0},{"not_picked":["Masterful Stab","Dagger Spray"],"picked":"Calculated Gamble","floor":4.0},{"not_picked":["Outmaneuver","Predator"],"picked":"Adrenaline","floor":6.0},{"not_picked":["Crippling Poison","Deadly Poison","Prepared"],"picked":"SKIP","floor":11.0},{"not_picked":["Slice","Prepared","Predator"],"picked":"SKIP","floor":13.0},{"not_picked":["Slice","Dodge and Roll","Endless Agony"],"picked":"SKIP","floor":14.0},{"not_picked":["Burst","Storm of Steel"],"picked":"After Image","floor":16.0},{"not_picked":["Deadly Poison","Heel Hook"],"picked":"Backflip","floor":18.0},{"not_picked":["Concentrate+1","Bane+1","Prepared"],"picked":"SKIP","floor":21.0},{"not_picked":["Deadly Poison","Dagger Throw"],"picked":"Noxious Fumes+1","floor":22.0},{"not_picked":["Envenom","Slice+1","Setup"],"picked":"SKIP","floor":23.0},{"not_picked":["Bane","Accuracy"],"picked":"Catalyst","floor":24.0},{"not_picked":["Poisoned Stab","Predator","Cloak And Dagger+1"],"picked":"SKIP","floor":27.0},{"not_picked":["Dodge and Roll+1","Flying Knee","Finisher"],"picked":"SKIP","floor":28.0},{"not_picked":["Predator+1","Wraith Form v2","Eviscerate"],"picked":"SKIP","floor":29.0},{"not_picked":["Poisoned Stab+1","Flying Knee","Deflect+1"],"picked":"SKIP","floor":31.0},{"not_picked":["Venomology+1","A Thousand Cuts"],"picked":"After Image","floor":33.0},{"not_picked":["Dodge and Roll+1","Infinite Blades","Dagger Throw+1"],"picked":"SKIP","floor":35.0},{"not_picked":["Deadly Poison+1","Blade Dance+1","Dagger Spray+1"],"picked":"SKIP","floor":36.0},{"not_picked":["Slice","Prepared+1","Dagger Spray+1"],"picked":"SKIP","floor":38.0},{"not_picked":["Underhanded Strike+1","Flying Knee"],"picked":"Acrobatics+1","floor":39.0},{"not_picked":["Terror+1","Sucker Punch"],"picked":"Adrenaline+1","floor":40.0},{"not_picked":["Predator+1","Eviscerate"],"picked":"Acrobatics+1","floor":42.0},{"not_picked":["Poisoned Stab","Slice+1","Noxious Fumes"],"picked":"SKIP","floor":46.0},{"not_picked":["Flechettes+1","Backflip+1","Cloak And Dagger+1"],"picked":"SKIP","floor":48.0},{"not_picked":["Quick Slash+1","Terror+1","Endless Agony"],"picked":"SKIP","floor":54}],"player_experience":702343,"relics_obtained":[{"floor":6.0,"key":"Strawberry"},{"floor":9.0,"key":"Art of War"},{"floor":23.0,"key":"Pocketwatch"},{"floor":26.0,"key":"Toxic Egg 2"},{"floor":40.0,"key":"Sundial"},{"floor":45.0,"key":"FossilizedHelix"},{"floor":48.0,"key":"Blood Vial"},{"floor":54,"key":"Happy Flower"}],"event_choices":[{"damage_healed":0.0,"max_hp_gain":0.0,"max_hp_loss":0.0,"gold_gain":75.0,"event_name":"World of Goop","player_choice":"Gather Gold","floor":2.0,"gold_loss":0.0,"damage_taken":11.0},{"damage_healed":0.0,"max_hp_gain":0.0,"max_hp_loss":0.0,"gold_gain":0.0,"event_name":"Lab","player_choice":"Got Potions","floor":3.0,"gold_loss":0.0,"damage_taken":0.0},{"damage_healed":0.0,"max_hp_gain":0.0,"max_hp_loss":0.0,"gold_gain":0.0,"cards_transformed":["Strike_G"],"event_name":"Transmorgrifier","player_choice":"Transformed","floor":8.0,"gold_loss":0.0,"damage_taken":0.0,"cards_obtained":["Predator"]},{"damage_healed":0.0,"max_hp_gain":0.0,"max_hp_loss":0.0,"gold_gain":0.0,"event_name":"Match and Keep!","player_choice":"1 cards matched","floor":12.0,"gold_loss":0.0,"damage_taken":0.0,"cards_obtained":["Neutralize"]},{"damage_healed":0.0,"max_hp_gain":0.0,"max_hp_loss":0.0,"gold_gain":0.0,"event_name":"WeMeetAgain","player_choice":"Paid Gold","floor":20.0,"gold_loss":72.0,"damage_taken":0.0,"relics_obtained":["War Paint"]},{"damage_healed":0.0,"max_hp_gain":0.0,"max_hp_loss":0.0,"gold_gain":0.0,"event_name":"Duplicator","player_choice":"Copied","floor":30.0,"gold_loss":0.0,"damage_taken":0.0,"cards_obtained":["After Image"]},{"damage_healed":0.0,"max_hp_gain":0.0,"max_hp_loss":0.0,"gold_gain":0.0,"event_name":"MindBloom","player_choice":"Fight","floor":45.0,"gold_loss":0.0,"damage_taken":0.0}],"is_beta":false,"boss_relics":[{"not_picked":["Snecko Eye","White Beast Statue"],"picked":"Coffee Dripper"},{"not_picked":["Lizard Tail","Busted Crown"],"picked":"Runic Dome"}],"items_purged_floors":[5,19,37,44,47],"is_endless":false,"potions_floor_spawned":[4,11,14,18,27,28,29,33,38,40,42,45,54],"ascension_level":0}