{"gold_per_floor":[118,43,43,118,130,130,145,155,155,155,24,24,44,57,57,134,134,145,145,145,157,177,177,177],"floor_reached":24,"playtime":716,"items_purged":["Strike_B"],"score":376,"play_id":"cf6256c4-80fd-4dc1-b667-67900f24cd65","local_time":"20190605173852","is_ascension_mode":true,"campfire_choices":[{"data":"Skim","floor":6.0,"key":"SMITH"},{"data":"Coolheaded","floor":12.0,"key":"SMITH"},{"data":"Defragment","floor":15.0,"key":"SMITH"},{"data":"Double Energy","floor":23.0,"key":"SMITH"}],"neow_cost":"NONE","seed_source_timestamp":854289765697215,"circlet_count":0,"master_deck":["AscendersBane","Defend_B","Zap","Dualcast","Conserve Battery","Skim+1","Turbo","Coolheaded+1","Defragment+1","Hologram","Echo Form","Sunder+1","Hologram+1","Machine Learning+1","Darkness","Ghostly","Ghostly","Ghostly","Undo","Double Energy+1"],"special_seed":0,"relics":["Inserter","Question Card","Astrolabe"],"potions_floor_usage":[24],"damage_taken":[{"damage":7.0,"enemies":"2 Louse","floor":1.0,"turns":3.0},{"damage":7.0,"enemies":"Small Slimes","floor":5.0,"turns":5.0},{"damage":2.0,"enemies":"Jaw Worm","floor":7.0,"turns":5.0},{"damage":5.0,"enemies":"Looter","floor":8.0,"turns":3.0},{"damage":4.0,"enemies":"Exordium Wildlife","floor":13.0,"turns":4.0},{"damage":9.0,"enemies":"3 Louse","floor":14.0,"turns":5.0},{"damage":18.0,"enemies":"The Guardian","floor":16.0,"turns":12.0},{"damage":22.0,"enemies":"2 Thieves","floor":18.0,"turns":4.0},{"damage":20.0,"enemies":"Spheric Guardian","floor":21.0,"turns":8.0},{"damage":3.0,"enemies":"Snake Plant","floor":22.0,"turns":6.0},{"damage":3,"enemies":"Book of Stabbing","floor":24,"turns":2}],"seed_played":"-3627865473173789664","potions_obtained":[{"floor":5.0,"key":"Fire Potion"},{"floor":14.0,"key":"FearPotion"},{"floor":16.0,"key":"PowerPotion"},{"floor":21.0,"key":"Weak Potion"}],"is_trial":false,"path_per_floor":["M","?","?","?","M","R","M","M","T","?","$","R","M","M","R","B",null,"M","?","?","M","M","R","E"],"character_chosen":"DEFECT","items_purchased":["Coolheaded"],"campfire_rested":0,"item_purchase_floors":[11],"current_hp_per_floor":[57,57,50,39,32,32,30,25,25,48,48,48,44,35,35,17,58,36,35,35,15,12,12,9],"gold":177,"neow_bonus":"BOSS_RELIC","is_prod":false,"is_daily":false,"chose_seed":false,"campfire_upgraded":4,"win_rate":0,"timestamp":1559723932,"path_taken":["M","?","?","?","?","R","M","M","T","?","$","R","M","M","R","BOSS","M","?","?","M","M","R","E"],"build_version":"2019-01-23","purchased_purges":1,"victory":false,"max_hp_per_floor":[71,71,71,71,71,71,71,71,71,71,71,71,71,71,71,71,71,71,35,35,35,35,35,35],"card_choices":[{"not_picked":["Leap","Go for the Eyes"],"picked":"Conserve Battery","floor":1.0},{"not_picked":["Beam Cell","Coolheaded"],"picked":"Skim","floor":5.0},{"not_picked":["Leap","Compile Driver","Beam Cell"],"picked":"SKIP","floor":7.0},{"not_picked":["Coolheaded","FTL"],"picked":"Turbo","floor":8.0},{"not_picked":["Gash","Cold Snap","Double Energy"],"picked":"Defragment","floor":13.0},{"not_picked":["Compile Driver","Capacitor","Force Field"],"picked":"Hologram","floor":14.0},{"not_picked":["Core Surge","Thunder Strike","Electrodynamics"],"picked":"Echo Form","floor":16.0},{"not_picked":["Coolheaded","Ball Lightning","Genetic Algorithm"],"picked":"Darkness","floor":18.0},{"not_picked":["Chill","BootSequence","Barrage"],"picked":"Undo","floor":21.0},{"not_picked":["Coolheaded","Double Energy","Reprogram","Lockon+1"],"picked":"SKIP","floor":22.0},{"not_picked":["Coolheaded","Reprogram","Lockon+1"],"picked":"Double Energy","floor":22.0}],"player_experience":552613,"relics_obtained":[{"floor":9.0,"key":"Question Card"}],"event_choices":[{"cards_removed":["Strike_B"],"damage_healed":0.0,"max_hp_gain":0.0,"max_hp_loss":0.0,"gold_gain":0.0,"event_name":"The Cleric","player_choice":"Card Removal","floor":2.0,"gold_loss":75.0,"damage_taken":0.0},{"cards_removed":["Defend_B"],"damage_healed":0.0,"max_hp_gain":0.0,"max_hp_loss":0.0,"gold_gain":0.0,"event_name":"Golden Wing","player_choice":"Card Removal","floor":3.0,"gold_loss":0.0,"damage_taken":7.0},{"damage_healed":0.0,"max_hp_gain":0.0,"max_hp_loss":0.0,"gold_gain":75.0,"event_name":"World of Goop","player_choice":"Gather Gold","floor":4.0,"gold_loss":0.0,"damage_taken":11.0},{"damage_healed":23.0,"max_hp_gain":0.0,"max_hp_loss":0.0,"gold_gain":0.0,"event_name":"Big Fish","player_choice":"Banana","floor":10.0,"gold_loss":0.0,"damage_taken":0.0},{"damage_healed":0.0,"max_hp_gain":0.0,"max_hp_loss":36.0,"gold_gain":0.0,"event_name":"Ghosts","player_choice":"Became a Ghost","floor":19.0,"gold_loss":0.0,"damage_taken":0.0,"cards_obtained":["Ghostly","Ghostly","Ghostly"]},{"cards_removed":["Defend_B"],"damage_healed":0.0,"max_hp_gain":0.0,"max_hp_loss":0.0,"gold_gain":0.0,"event_name":"Purifier","player_choice":"Purged","floor":20.0,"gold_loss":0.0,"damage_taken":0.0}],"is_beta":false,"boss_relics":[{"not_picked":["Runic Pyramid","Tiny House"],"picked":"Astrolabe"}],"items_purged_floors":[11],"is_endless":false,"potions_floor_spawned":[5,14,16,21],"killed_by":"Book of Stabbing","ascension_level":20}