{"gold_per_floor":[114,44,56,75,94,94,124,124,149,178,178,178,178,196,196,299,299,314,342,441,29,42,42,42,54,54,54,54,73,98,98,98,203,203,223,278,291,291,301,301,321,321,367,367,383,383,439,439,439,439],"floor_reached":51,"playtime":1502,"items_purged":["Strike_B"],"score":728,"play_id":"d5e1a0ff-bd2b-4fd0-8136-f7068a55b2e4","local_time":"20190617223339","is_ascension_mode":false,"campfire_choices":[{"data":"Sunder","floor":6,"key":"SMITH"},{"data":"Beam Cell","floor":8,"key":"SMITH"},{"data":"Defragment","floor":13,"key":"SMITH"},{"data":"Storm","floor":15,"key":"SMITH"},{"data":"Loop","floor":23,"key":"SMITH"},{"data":"Dualcast","floor":28,"key":"SMITH"},{"data":"Defragment","floor":32,"key":"SMITH"},{"data":"Purity","floor":40,"key":"SMITH"},{"data":"Turbo","floor":42,"key":"SMITH"},{"data":"Transmutation","floor":44,"key":"SMITH"},{"data":"Coolheaded","floor":46,"key":"SMITH"},{"data":"Panache","floor":49,"key":"SMITH"}],"neow_cost":"NONE","seed_source_timestamp":36969412503114,"circlet_count":0,"master_deck":["Defend_B","Defend_B","Defend_B","Defend_B","Zap+1","Dualcast+1","Beam Cell+1","Sunder+1","Ball Lightning","Machine Learning","Coolheaded+1","Defragment+1","Storm+1","Rainbow","Coolheaded","Go for the Eyes+1","Core Surge","Loop+1","Self Repair+1","Go for the Eyes","Double Energy","Cold Snap+1","Defragment+1","Thunder Strike","Turbo+1","Blizzard+1","Purity+1","Transmutation+1","Panache+1","Coolheaded+1","BootSequence+1","Capacitor+1","Madness","Madness"],"relics":["Cracked Core","Bag of Preparation","Dream Catcher","Juzu Bracelet","Du-Vu Doll","Runic Pyramid","Red Mask","Toy Ornithopter","Ice Cream","Cables","Letter Opener","Coffee Dripper","Pocketwatch","Omamori","Turnip"],"potions_floor_usage":[19,22,25,39,47,50],"damage_taken":[{"damage":7,"enemies":"2 Louse","floor":1,"turns":2},{"damage":0,"enemies":"Cultist","floor":3,"turns":2},{"damage":0,"enemies":"Small Slimes","floor":4,"turns":2},{"damage":8,"enemies":"Exordium Wildlife","floor":5,"turns":3},{"damage":16,"enemies":"Gremlin Nob","floor":7,"turns":3},{"damage":13,"enemies":"Lagavulin","floor":10,"turns":4},{"damage":0,"enemies":"3 Louse","floor":14,"turns":2},{"damage":24,"enemies":"The Guardian","floor":16,"turns":8},{"damage":1,"enemies":"3 Byrds","floor":18,"turns":3},{"damage":3,"enemies":"Masked Bandits","floor":19,"turns":3},{"damage":1,"enemies":"Chosen","floor":22,"turns":3},{"damage":5,"enemies":"Shelled Parasite and Fungi","floor":25,"turns":5},{"damage":6,"enemies":"Snake Plant","floor":29,"turns":3},{"damage":26,"enemies":"Slavers","floor":30,"turns":5},{"damage":11,"enemies":"Collector","floor":33,"turns":7},{"damage":11,"enemies":"3 Darklings","floor":35,"turns":3},{"damage":21,"enemies":"2 Orb Walkers","floor":36,"turns":3},{"damage":0,"enemies":"Orb Walker","floor":37,"turns":3},{"damage":1,"enemies":"4 Shapes","floor":39,"turns":3},{"damage":0,"enemies":"Spire Growth","floor":41,"turns":3},{"damage":2,"enemies":"3 Darklings","floor":45,"turns":4},{"damage":0,"enemies":"Reptomancer","floor":47,"turns":3},{"damage":2,"enemies":"Time Eater","floor":50,"turns":6}],"seed_played":"-2737645989261480658","potions_obtained":[{"floor":3,"key":"FocusPotion"},{"floor":4,"key":"AttackPotion"},{"floor":7,"key":"Dexterity Potion"},{"floor":19,"key":"SteroidPotion"},{"floor":30,"key":"FairyPotion"},{"floor":37,"key":"Explosive Potion"},{"floor":41,"key":"GamblersBrew"},{"floor":45,"key":"Swift Potion"}],"is_trial":false,"path_per_floor":["M","$","M","M","M","R","E","R","T","E","?","?","R","M","R","B",null,"M","?","?","$","M","R","?","M","T","?","R","M","E","?","R","B",null,"M","?","M","?","M","R","M","R","T","R","M","R","E","?","R","B",null],"character_chosen":"DEFECT","items_purchased":["Sunder","Core Surge","Loop","Toy Ornithopter"],"campfire_rested":0,"item_purchase_floors":[2,21,21,21],"current_hp_per_floor":[68,68,68,68,60,60,44,44,44,31,31,28,28,28,28,4,75,74,71,71,71,75,75,75,74,74,74,74,75,49,49,49,48,75,64,53,63,53,57,57,67,67,67,67,65,65,75,66,66,75],"gold":439,"neow_bonus":"UPGRADE_CARD","is_prod":false,"is_daily":false,"chose_seed":false,"campfire_upgraded":12,"win_rate":0,"timestamp":1560782019,"path_taken":["M","$","M","M","M","R","E","R","T","E","?","?","R","M","R","BOSS","M","?","?","$","M","R","?","M","T","?","R","M","E","?","R","BOSS","M","?","M","?","M","R","M","R","T","R","M","R","E","?","R","BOSS"],"build_version":"2019-01-23","purchased_purges":1,"victory":true,"max_hp_per_floor":[75,75,75,75,75,75,75,75,75,75,75,75,75,75,75,75,75,75,75,75,75,75,75,75,75,75,75,75,75,75,75,75,75,75,75,75,75,75,75,75,75,75,75,75,75,75,75,75,75,75],"card_choices":[{"not_picked":["Sweeping Beam","Barrage"],"picked":"Beam Cell","floor":1},{"not_picked":["Steam","Streamline"],"picked":"Ball Lightning","floor":3},{"not_picked":["Hologram","Turbo"],"picked":"Machine Learning","floor":4},{"not_picked":["Rebound","Compile Driver"],"picked":"Coolheaded","floor":5},{"not_picked":["Go for the Eyes","Conserve Battery","Reprogram"],"picked":"SKIP","floor":7},{"not_picked":["Reprogram","Meteor Strike"],"picked":"Defragment","floor":10},{"not_picked":["Rebound","Sweeping Beam"],"picked":"Storm","floor":14},{"not_picked":["All For One","Reboot"],"picked":"Rainbow","floor":16},{"not_picked":["Gash","Force Field"],"picked":"Coolheaded","floor":18},{"not_picked":["Ball Lightning","Coolheaded"],"picked":"Go for the Eyes+1","floor":19},{"not_picked":["Compile Driver+1","Streamline","Cold Snap"],"picked":"SKIP","floor":22},{"not_picked":["Streamline","Turbo"],"picked":"Self Repair+1","floor":25},{"not_picked":["Hologram","Reprogram"],"picked":"Cold Snap+1","floor":29},{"not_picked":["Fusion","White Noise"],"picked":"Defragment","floor":30},{"not_picked":["Echo Form","All For One"],"picked":"Thunder Strike","floor":33},{"not_picked":["Streamline","Cold Snap"],"picked":"Turbo","floor":35},{"not_picked":["Compile Driver+1","Fusion"],"picked":"Blizzard+1","floor":36},{"not_picked":["Rip and Tear","Steam+1","Barrage"],"picked":"SKIP","floor":37},{"not_picked":["Dark Shackles","Flash of Steel"],"picked":"Purity","floor":38},{"not_picked":["Flash of Steel","PanicButton"],"picked":"Transmutation","floor":38},{"not_picked":["Panacea","Forethought"],"picked":"Panache","floor":38},{"not_picked":["Blizzard+1","Conserve Battery"],"picked":"Coolheaded+1","floor":39},{"not_picked":["Cold Snap+1","Chaos"],"picked":"BootSequence+1","floor":41},{"not_picked":["Conserve Battery+1","Beam Cell","Steam"],"picked":"SKIP","floor":45},{"not_picked":["White Noise","Chill+1"],"picked":"Capacitor+1","floor":47}],"player_experience":5370322,"relics_obtained":[{"floor":7,"key":"Bag of Preparation"},{"floor":9,"key":"Dream Catcher"},{"floor":10,"key":"Juzu Bracelet"},{"floor":19,"key":"Red Mask"},{"floor":26,"key":"Cables"},{"floor":30,"key":"Letter Opener"},{"floor":36,"key":"Pocketwatch"},{"floor":43,"key":"Omamori"},{"floor":47,"key":"Turnip"}],"event_choices":[{"damage_healed":0,"gold_gain":0,"player_choice":"Ignored","damage_taken":0,"max_hp_gain":0,"max_hp_loss":0,"event_name":"NoteForYourself","floor":11,"gold_loss":0},{"damage_healed":0,"gold_gain":0,"player_choice":"Success","damage_taken":3,"relics_obtained":["Du-Vu Doll"],"max_hp_gain":0,"max_hp_loss":0,"event_name":"Scrap Ooze","floor":12,"gold_loss":0},{"damage_healed":0,"gold_gain":0,"player_choice":"Fought Bandits","damage_taken":0,"max_hp_gain":0,"max_hp_loss":0,"event_name":"Masked Bandits","floor":19,"gold_loss":0},{"damage_healed":0,"gold_gain":99,"player_choice":"Stole From Cult","damage_taken":0,"max_hp_gain":0,"max_hp_loss":0,"event_name":"Nest","floor":20,"gold_loss":0},{"damage_healed":0,"gold_gain":0,"player_choice":"Opened","damage_taken":0,"relics_obtained":["Ice Cream"],"max_hp_gain":0,"max_hp_loss":0,"event_name":"The Mausoleum","floor":24,"gold_loss":0},{"damage_healed":0,"gold_gain":0,"cards_transformed":["Strike_B","Strike_B"],"player_choice":"Became Test Subject","damage_taken":0,"max_hp_gain":0,"max_hp_loss":0,"event_name":"Drug Dealer","floor":27,"gold_loss":0,"cards_obtained":["Go for the Eyes","Double Energy"]},{"cards_removed":["Strike_B"],"damage_healed":0,"gold_gain":0,"player_choice":"Elegance","damage_taken":0,"max_hp_gain":0,"max_hp_loss":0,"event_name":"Back to Basics","floor":31,"gold_loss":0},{"damage_healed":0,"gold_gain":0,"player_choice":"Fight","damage_taken":0,"max_hp_gain":0,"max_hp_loss":0,"event_name":"Mysterious Sphere","floor":36,"gold_loss":0},{"damage_healed":0,"gold_gain":0,"player_choice":"Memory 3","damage_taken":10,"max_hp_gain":0,"max_hp_loss":0,"event_name":"SensoryStone","floor":38,"gold_loss":0},{"damage_healed":0,"gold_gain":0,"player_choice":"Embrace Madness","damage_taken":9,"max_hp_gain":0,"max_hp_loss":0,"event_name":"Winding Halls","floor":48,"gold_loss":0,"cards_obtained":["Madness","Madness"]}],"is_beta":false,"boss_relics":[{"not_picked":["Inserter","Philosopher\u0027s Stone"],"picked":"Runic Pyramid"},{"not_picked":["Sozu","FrozenCore"],"picked":"Coffee Dripper"}],"items_purged_floors":[21],"is_endless":false,"potions_floor_spawned":[3,4,7,10,19,30,37,41,45],"ascension_level":0}