{"gold_per_floor":[117,29,29,29,29,29,29,54,79,79,110,123,48,83,83,162,162,176,176,37,49,66,66,66,66,66,66,78,78],"floor_reached":29,"playtime":743,"items_purged":["Strike_B"],"score":574,"play_id":"7cd7a8a0-d2d7-4817-9f3f-ea05240a0f71","local_time":"20190426131314","is_ascension_mode":true,"campfire_choices":[{"data":"Zap","floor":6.0,"key":"SMITH"},{"data":"Coolheaded","floor":10.0,"key":"SMITH"},{"data":"Defragment","floor":15.0,"key":"SMITH"},{"data":"Defragment","floor":23.0,"key":"SMITH"},{"data":"Impatience","floor":25.0,"key":"SMITH"},{"data":"Coolheaded","floor":27.0,"key":"SMITH"}],"neow_cost":"NONE","seed_source_timestamp":912753779562,"circlet_count":0,"master_deck":["AscendersBane","Strike_B","Strike_B","Defend_B","Defend_B","Defend_B","Defend_B","Zap+1","Dualcast","Turbo","Capacitor","Coolheaded+1","Defragment+1","Defragment+1","Core Surge","Coolheaded+1","Loop","Impatience+1","Undo+1"],"special_seed":0,"relics":["Cracked Core","NeowsBlessing","Incense Burner","Du-Vu Doll","Smiling Mask","Bronze Scales","Vajra","Centennial Puzzle","Sozu","Enchiridion","Ice Cream"],"potions_floor_usage":[29,29],"damage_taken":[{"damage":0.0,"enemies":"Small Slimes","floor":1.0,"turns":1.0},{"damage":0.0,"enemies":"Lagavulin","floor":8.0,"turns":1.0},{"damage":0.0,"enemies":"Gremlin Nob","floor":11.0,"turns":1.0},{"damage":6.0,"enemies":"Jaw Worm","floor":12.0,"turns":4.0},{"damage":7.0,"enemies":"Lagavulin","floor":14.0,"turns":7.0},{"damage":8.0,"enemies":"Hexaghost","floor":16.0,"turns":9.0},{"damage":14.0,"enemies":"Chosen","floor":18.0,"turns":5.0},{"damage":9.0,"enemies":"Shell Parasite","floor":21.0,"turns":6.0},{"damage":7.0,"enemies":"Chosen and Byrds","floor":22.0,"turns":5.0},{"damage":10,"enemies":"Shelled Parasite and Fungi","floor":28,"turns":6},{"damage":13,"enemies":"Colosseum Slavers","floor":29,"turns":1}],"seed_played":"-8952253763226268930","potions_obtained":[{"floor":8.0,"key":"Swift Potion"},{"floor":14.0,"key":"AttackPotion"}],"is_trial":false,"path_per_floor":["M","$","?","T","T","R","$","E","T","R","E","M","$","E","R","B",null,"M","?","$","M","M","R","?","R","T","R","M","?"],"character_chosen":"DEFECT","items_purchased":["Capacitor","Defragment","Impatience"],"campfire_rested":0,"item_purchase_floors":[2,13,20],"current_hp_per_floor":[64,64,57,57,57,57,57,57,57,57,57,51,51,44,44,36,62,48,48,48,39,32,32,11,11,11,11,1,0],"gold":78,"neow_bonus":"THREE_ENEMY_KILL","is_prod":false,"is_daily":false,"chose_seed":false,"campfire_upgraded":6,"win_rate":0,"timestamp":1556255594,"path_taken":["M","$","?","?","?","R","$","E","T","R","E","M","$","E","R","BOSS","M","?","$","M","M","R","?","R","T","R","?","?"],"build_version":"2019-01-23","purchased_purges":1,"victory":false,"max_hp_per_floor":[71,71,71,71,71,71,71,71,71,71,71,71,71,71,71,71,71,71,71,71,71,71,71,71,71,71,71,71,71],"card_choices":[{"not_picked":["Gash","Sweeping Beam"],"picked":"Turbo","floor":1.0},{"not_picked":["Compile Driver","Turbo"],"picked":"Coolheaded","floor":8.0},{"not_picked":["Hello World","Barrage"],"picked":"Defragment","floor":11.0},{"not_picked":["Go for the Eyes","Scrape","Aggregate"],"picked":"SKIP","floor":12.0},{"not_picked":["Doom and Gloom","Force Field","Conserve Battery"],"picked":"SKIP","floor":14.0},{"not_picked":["Amplify","Hyperbeam"],"picked":"Core Surge","floor":16.0},{"not_picked":["Rebound","Cold Snap"],"picked":"Coolheaded","floor":18.0},{"not_picked":["Fusion","Cold Snap","Gash"],"picked":"SKIP","floor":21.0},{"not_picked":["Barrage","Hyperbeam"],"picked":"Undo+1","floor":22.0},{"not_picked":["Auto Shields","Gash","Genetic Algorithm"],"picked":"SKIP","floor":28}],"player_experience":4524918,"relics_obtained":[{"floor":4.0,"key":"Incense Burner"},{"floor":5.0,"key":"Du-Vu Doll"},{"floor":8.0,"key":"Smiling Mask"},{"floor":9.0,"key":"Bronze Scales"},{"floor":11.0,"key":"Vajra"},{"floor":14.0,"key":"Centennial Puzzle"},{"floor":24.0,"key":"Enchiridion"},{"floor":26.0,"key":"Ice Cream"}],"event_choices":[{"cards_removed":["Strike_B"],"damage_healed":0.0,"max_hp_gain":0.0,"max_hp_loss":0.0,"gold_gain":0.0,"event_name":"Golden Wing","player_choice":"Card Removal","floor":3.0,"gold_loss":0.0,"damage_taken":7.0},{"damage_healed":0.0,"max_hp_gain":0.0,"max_hp_loss":0.0,"gold_gain":0.0,"event_name":"The Library","player_choice":"Read","floor":19.0,"gold_loss":0.0,"damage_taken":0.0,"cards_obtained":["Loop"]},{"damage_healed":0.0,"max_hp_gain":0.0,"max_hp_loss":0.0,"gold_gain":0.0,"event_name":"Cursed Tome","player_choice":"Obtained Book","floor":24.0,"gold_loss":0.0,"damage_taken":21.0},{"damage_healed":0,"gold_gain":0,"player_choice":"Fight","damage_taken":0,"max_hp_gain":0,"max_hp_loss":0,"event_name":"Colosseum","floor":29,"gold_loss":0}],"is_beta":false,"boss_relics":[{"not_picked":["Orrery","Inserter"],"picked":"Sozu"}],"items_purged_floors":[20],"is_endless":false,"potions_floor_spawned":[8,14,16,21],"killed_by":"Colosseum Slavers","ascension_level":20}