{"gold_per_floor":[213,213,233,243,100,133,133,167,167,178,178,78,94,94,94,193,193,207,207,234,121,135,135,163,181,181,181,181],"floor_reached":28,"playtime":801,"items_purged":["Pain","Strike_R","Strike_R"],"score":348,"play_id":"c6d631e9-278e-4f48-946a-84c867f914d5","local_time":"20180920170255","is_ascension_mode":true,"campfire_choices":[{"data":"Rampage","floor":7,"key":"SMITH"},{"data":"Flex","floor":15,"key":"SMITH"},{"data":"Strike_R","floor":23,"key":"PURGE"}],"neow_cost":"NONE","seed_source_timestamp":15149551920871,"circlet_count":0,"master_deck":["Strike_R","Strike_R","Defend_R","Defend_R","Defend_R","Defend_R","Bash","Rampage+1","Corruption","Whirlwind","Flex+1","Entrench+1","Feed"],"relics":["Burning Blood","WarpedTongs","Centennial Puzzle","Peace Pipe","Bottled Lightning","Sozu","MawBank","Bag of Preparation","Thread and Needle"],"potions_floor_usage":[16,27],"damage_taken":[{"damage":7,"enemies":"Small Slimes","floor":1,"turns":4},{"damage":4,"enemies":"Cultist","floor":3,"turns":3},{"damage":5,"enemies":"2 Louse","floor":4,"turns":3},{"damage":26,"enemies":"3 Sentries","floor":6,"turns":10},{"damage":24,"enemies":"Gremlin Nob","floor":8,"turns":4},{"damage":11,"enemies":"Looter","floor":10,"turns":2},{"damage":15,"enemies":"Exordium Thugs","floor":13,"turns":4},{"damage":12,"enemies":"Slime Boss","floor":16,"turns":7},{"damage":30,"enemies":"Shell Parasite","floor":18,"turns":6},{"damage":0,"enemies":"3 Byrds","floor":20,"turns":2},{"damage":33,"enemies":"Snake Plant","floor":22,"turns":4},{"damage":5,"enemies":"Gremlin Leader","floor":24,"turns":6},{"damage":3,"enemies":"Centurion and Healer","floor":25,"turns":4},{"damage":30,"enemies":"Slavers","floor":27,"turns":3},{"damage":0,"enemies":"Sentry and Sphere","floor":28,"turns":1}],"seed_played":"-5315668174027100898","potions_obtained":[{"floor":1,"key":"SmokeBomb"},{"floor":3,"key":"SmokeBomb"},{"floor":13,"key":"Explosive Potion"},{"floor":16,"key":"SneckoOil"}],"is_trial":false,"path_per_floor":["M","?","M","M","$","E","R","E","T","M","?","$","M","?","R","B",null,"M","?","M","$","M","R","E","M","T","E"],"character_chosen":"IRONCLAD","items_purchased":["Corruption"],"campfire_rested":0,"item_purchase_floors":[5],"current_hp_per_floor":[71,71,73,74,74,54,54,36,36,31,31,31,22,22,22,16,64,44,44,53,53,30,30,31,37,37,13,13],"gold":181,"neow_bonus":"HUNDRED_GOLD","is_prod":false,"is_daily":false,"chose_seed":false,"campfire_upgraded":2,"win_rate":0,"timestamp":1537434175,"path_taken":["M","?","?","?","?","E","R","E","T","M","?","$","M","?","R","BOSS","M","?","?","$","M","R","E","M","T","E","M"],"build_version":"2018-09-06","purchased_purges":3,"victory":false,"max_hp_per_floor":[80,80,80,80,80,80,80,80,80,80,80,80,80,80,80,80,80,84,84,87,87,91,91,91,94,94,94,94],"card_choices":[{"not_picked":["Burning Pact","Disarm","Bloodletting"],"picked":"SKIP","floor":1},{"not_picked":["Dropkick","Pommel Strike"],"picked":"Rampage","floor":3},{"not_picked":["Twin Strike","Rampage","Heavy Blade"],"picked":"SKIP","floor":4},{"not_picked":["Dropkick","Warcry","Heavy Blade"],"picked":"SKIP","floor":6},{"not_picked":["Sever Soul","Armaments"],"picked":"Whirlwind","floor":8},{"not_picked":["Rupture","Corruption"],"picked":"Flex","floor":10},{"not_picked":["Clothesline","Armaments"],"picked":"Entrench","floor":13},{"not_picked":["Brutality","Limit Break"],"picked":"Feed","floor":16},{"not_picked":["Anger","True Grit","Wild Strike"],"picked":"SKIP","floor":18},{"not_picked":["Armaments","Cleave","Corruption"],"picked":"SKIP","floor":20},{"not_picked":["Anger","Body Slam+1","Flex"],"picked":"SKIP","floor":22},{"not_picked":["True Grit","Juggernaut","Intimidate+1"],"picked":"SKIP","floor":24},{"not_picked":["Thunderclap","Havoc","Warcry"],"picked":"SKIP","floor":25}],"player_experience":47149,"relics_obtained":[{"floor":6,"key":"Centennial Puzzle"},{"floor":8,"key":"Peace Pipe"},{"floor":9,"key":"Bottled Lightning"},{"floor":24,"key":"Bag of Preparation"},{"floor":26,"key":"Thread and Needle"}],"event_choices":[{"event_name":"Accursed Blacksmith","player_choice":"Rummage","floor":2,"damage_taken":0},{"event_name":"Liars Game","player_choice":"disagreed","floor":11,"damage_taken":0},{"event_name":"Upgrade Shrine","player_choice":"Upgraded","floor":14,"damage_taken":0},{"event_name":"WeMeetAgain","player_choice":"Potion","floor":19,"damage_taken":0}],"is_beta":false,"boss_relics":[{"not_picked":["Ectoplasm","Mark of Pain"],"picked":"Sozu"}],"items_purged_floors":[5,12,21],"is_endless":false,"potions_floor_spawned":[1,3,13,16,18,22,24,25],"killed_by":"Sentry and Sphere","ascension_level":6}