{"gold_per_floor":[367,384,402,153,164,164,183,211,211,211],"floor_reached":10,"playtime":344,"items_purged":[],"score":140,"play_id":"12d91498-23cd-4681-8a29-bdae86330957","local_time":"20190224021923","is_ascension_mode":true,"campfire_choices":[{"data":"Zap","floor":6.0,"key":"SMITH"}],"neow_cost":"PERCENT_DAMAGE","seed_source_timestamp":541482572377102,"circlet_count":0,"master_deck":["AscendersBane","Strike_B","Strike_B","Strike_B","Strike_B","Defend_B","Defend_B","Defend_B","Defend_B","Zap+1","Dualcast","Blizzard","FTL","Skim","Undo","Biased Cognition","Go for the Eyes","Defragment"],"special_seed":0,"relics":["Cracked Core","Orichalcum","Meat on the Bone","Letter Opener"],"potions_floor_usage":[10],"damage_taken":[{"damage":0.0,"enemies":"Small Slimes","floor":1.0,"turns":3.0},{"damage":7.0,"enemies":"2 Louse","floor":2.0,"turns":3.0},{"damage":0.0,"enemies":"Jaw Worm","floor":3.0,"turns":3.0},{"damage":0.0,"enemies":"3 Louse","floor":5.0,"turns":2.0},{"damage":13.0,"enemies":"Gremlin Gang","floor":7.0,"turns":6.0},{"damage":14.0,"enemies":"Lagavulin","floor":8.0,"turns":7.0},{"damage":15,"enemies":"Lots of Slimes","floor":10,"turns":2}],"seed_played":"5321121160007397121","potions_obtained":[{"floor":3.0,"key":"GamblersBrew"},{"floor":5.0,"key":"LiquidBronze"}],"is_trial":false,"path_per_floor":["M","M","M","$","M","R","M","E","T","M"],"character_chosen":"DEFECT","items_purchased":["Orichalcum","Undo"],"campfire_rested":0,"item_purchase_floors":[4,4],"current_hp_per_floor":[46,39,39,39,39,39,26,12,12,0],"gold":211,"neow_bonus":"TWO_FIFTY_GOLD","is_prod":false,"is_daily":false,"chose_seed":false,"campfire_upgraded":1,"win_rate":0,"timestamp":1550945963,"path_taken":["M","M","M","$","M","R","M","E","T","M"],"build_version":"2019-01-23","purchased_purges":0,"victory":false,"max_hp_per_floor":[71,71,71,71,71,71,71,71,71,71],"card_choices":[{"not_picked":["Turbo","Scrape"],"picked":"Blizzard","floor":1.0},{"not_picked":["Fusion","Gash"],"picked":"FTL","floor":2.0},{"not_picked":["Cold Snap","Rebound"],"picked":"Skim","floor":3.0},{"not_picked":["Hologram","Rebound"],"picked":"Biased Cognition","floor":5.0},{"not_picked":["Leap","Beam Cell"],"picked":"Go for the Eyes","floor":7.0},{"not_picked":["Hello World","Heatsinks"],"picked":"Defragment","floor":8.0}],"player_experience":962397,"relics_obtained":[{"floor":8.0,"key":"Meat on the Bone"},{"floor":9.0,"key":"Letter Opener"}],"event_choices":[],"is_beta":false,"boss_relics":[],"items_purged_floors":[],"is_endless":false,"potions_floor_spawned":[3,5],"killed_by":"Lots of Slimes","ascension_level":20}