{"gold_per_floor":[115,115,190,205,55,82,82,82,135,166,166,204,218,237,237,333,333,349,549,542,290,309,309,333,333,333,349,399,399,399,399],"floor_reached":31,"playtime":916,"items_purged":["Strike_G","Strike_G"],"score":574,"play_id":"17ddf75c-16fb-4d7f-8795-e03282d3cf29","local_time":"20190214133641","is_ascension_mode":true,"campfire_choices":[{"data":"Noxious Fumes","floor":7.0,"key":"SMITH"},{"data":"Calculated Gamble","floor":11.0,"key":"SMITH"},{"data":"Catalyst","floor":15.0,"key":"SMITH"},{"data":"Reflex","floor":23.0,"key":"SMITH"},{"data":"Well Laid Plans","floor":25.0,"key":"SMITH"},{"data":"Tactician","floor":29.0,"key":"SMITH"}],"neow_cost":"NONE","seed_source_timestamp":152427776586990,"circlet_count":0,"master_deck":["AscendersBane","Defend_G","Defend_G","Defend_G","Defend_G","Defend_G","Strike_G","Strike_G","Survivor","Neutralize","Noxious Fumes+1","Blur","Calculated Gamble+1","Well Laid Plans+1","Reflex+1","Footwork","Catalyst+1","After Image","Deadly Poison","Backflip","Tactician+1"],"special_seed":0,"relics":["Ring of the Snake","NeowsBlessing","Strawberry","Golden Idol","Vajra","Letter Opener","Molten Egg 2","Sozu","Omamori","Blue Candle","Snake Skull"],"potions_floor_usage":[],"damage_taken":[{"damage":0.0,"enemies":"Jaw Worm","floor":1.0,"turns":1.0},{"damage":0.0,"enemies":"2 Louse","floor":4.0,"turns":1.0},{"damage":0.0,"enemies":"3 Sentries","floor":6.0,"turns":2.0},{"damage":23.0,"enemies":"Lagavulin","floor":10.0,"turns":9.0},{"damage":18.0,"enemies":"Gremlin Nob","floor":12.0,"turns":5.0},{"damage":0.0,"enemies":"Cultist","floor":13.0,"turns":4.0},{"damage":8.0,"enemies":"3 Louse","floor":14.0,"turns":5.0},{"damage":0.0,"enemies":"Hexaghost","floor":16.0,"turns":9.0},{"damage":14.0,"enemies":"Chosen","floor":18.0,"turns":8.0},{"damage":15.0,"enemies":"2 Thieves","floor":20.0,"turns":4.0},{"damage":0.0,"enemies":"Centurion and Healer","floor":22.0,"turns":7.0},{"damage":5.0,"enemies":"Snecko","floor":24.0,"turns":6.0},{"damage":2.0,"enemies":"Snake Plant","floor":27.0,"turns":6.0},{"damage":20,"enemies":"Centurion and Healer","floor":31,"turns":2}],"seed_played":"-8387136025072763683","potions_obtained":[{"floor":4.0,"key":"Explosive Potion"},{"floor":6.0,"key":"Block Potion"},{"floor":12.0,"key":"AttackPotion"},{"floor":14.0,"key":"AttackPotion"}],"is_trial":false,"path_per_floor":["M","?","?","M","$","E","R","?","T","E","R","E","M","M","R","B",null,"M","?","M","$","M","R","M","R","T","M","?","R","?","M"],"character_chosen":"THE_SILENT","items_purchased":["Calculated Gamble","Omamori"],"campfire_rested":0,"item_purchase_floors":[5,21],"current_hp_per_floor":[59,59,48,48,48,55,55,55,55,32,32,14,14,6,6,6,51,37,37,22,22,22,22,17,17,17,15,15,15,15,0],"gold":399,"neow_bonus":"THREE_ENEMY_KILL","is_prod":false,"is_daily":false,"chose_seed":false,"campfire_upgraded":6,"win_rate":0,"timestamp":1550122601,"path_taken":["M","?","?","M","$","E","R","?","T","E","R","E","M","M","R","BOSS","M","?","?","$","M","R","M","R","T","M","?","R","?","M"],"build_version":"2019-01-23","purchased_purges":2,"victory":false,"max_hp_per_floor":[66,66,66,66,66,73,73,66,66,66,66,66,66,66,66,66,66,66,66,66,66,66,66,66,66,66,66,66,66,66,66],"card_choices":[{"not_picked":["Bane","Well Laid Plans"],"picked":"Noxious Fumes","floor":1.0},{"not_picked":["PiercingWail","Terror","Distraction"],"picked":"SKIP","floor":4.0},{"not_picked":["Expertise","Slice"],"picked":"Well Laid Plans","floor":6.0},{"not_picked":["Catalyst","Flying Knee"],"picked":"Reflex","floor":10.0},{"not_picked":["Dodge and Roll","Tools of the Trade","Predator"],"picked":"SKIP","floor":12.0},{"not_picked":["Underhanded Strike+1","Quick Slash+1"],"picked":"Footwork","floor":13.0},{"not_picked":["Deadly Poison","Acrobatics"],"picked":"Catalyst","floor":14.0},{"not_picked":["Unload+1","Die Die Die+1"],"picked":"After Image","floor":16.0},{"not_picked":["PiercingWail","Bane+1"],"picked":"Deadly Poison","floor":18.0},{"not_picked":["Sucker Punch+1","Flying Knee+1","Finisher+1"],"picked":"SKIP","floor":20.0},{"not_picked":["Dodge and Roll","Sucker Punch+1"],"picked":"Backflip","floor":22.0},{"not_picked":["Slice+1","Blade Dance","Cloak And Dagger"],"picked":"SKIP","floor":24.0},{"not_picked":["Sucker Punch+1","Expertise"],"picked":"Tactician","floor":27.0}],"player_experience":743184,"relics_obtained":[{"floor":6.0,"key":"Strawberry"},{"floor":9.0,"key":"Vajra"},{"floor":10.0,"key":"Letter Opener"},{"floor":12.0,"key":"Molten Egg 2"},{"floor":26.0,"key":"Blue Candle"}],"event_choices":[{"damage_healed":0.0,"max_hp_gain":0.0,"max_hp_loss":0.0,"gold_gain":0.0,"cards_transformed":["Strike_G"],"event_name":"Living Wall","player_choice":"Change","floor":2.0,"gold_loss":0.0,"damage_taken":0.0,"cards_obtained":["Blur"]},{"damage_healed":0.0,"max_hp_gain":0.0,"max_hp_loss":0.0,"gold_gain":75.0,"event_name":"World of Goop","player_choice":"Gather Gold","floor":3.0,"gold_loss":0.0,"damage_taken":11.0},{"damage_healed":0.0,"max_hp_gain":0.0,"max_hp_loss":7.0,"gold_gain":0.0,"event_name":"Golden Idol","player_choice":"Lose Max HP","floor":8.0,"gold_loss":0.0,"damage_taken":0.0,"relics_obtained":["Golden Idol"]},{"damage_healed":0.0,"max_hp_gain":0.0,"max_hp_loss":0.0,"gold_gain":200.0,"event_name":"Wheel of Change","player_choice":"Gold","floor":19.0,"gold_loss":0.0,"damage_taken":0.0},{"damage_healed":0.0,"max_hp_gain":0.0,"max_hp_loss":0.0,"gold_gain":50.0,"event_name":"Nest","player_choice":"Stole From Cult","floor":28.0,"gold_loss":0.0,"damage_taken":0.0},{"damage_healed":0.0,"max_hp_gain":0.0,"max_hp_loss":0.0,"gold_gain":0.0,"event_name":"The Mausoleum","player_choice":"Opened","floor":30.0,"gold_loss":0.0,"damage_taken":0.0,"relics_obtained":["Snake Skull"],"cards_obtained":["Writhe"]}],"is_beta":false,"boss_relics":[{"not_picked":["Orrery","Ring of the Serpent"],"picked":"Sozu"}],"items_purged_floors":[5,21],"is_endless":false,"potions_floor_spawned":[4,6,12,14,20,22],"killed_by":"Centurion and Healer","ascension_level":15}