{"gold_per_floor":[112,127,127,137,7,7,7,27,27,27,42,58,72,83,83,159,159,171,171,19,29,29,56,56,71,71,71],"floor_reached":27,"playtime":1417,"items_purged":["Strike_G","Strike_G"],"score":454,"play_id":"86d9b3f9-2d2f-4c2f-ad7f-d89a03553694","local_time":"20190122170819","is_ascension_mode":true,"campfire_choices":[{"data":"Cloak And Dagger","floor":6.0,"key":"SMITH"},{"data":"Prepared","floor":10.0,"key":"SMITH"},{"data":"Well Laid Plans","floor":15.0,"key":"SMITH"},{"data":"Acrobatics","floor":24,"key":"SMITH"}],"neow_cost":"NONE","seed_source_timestamp":5409158865220,"circlet_count":0,"master_deck":["AscendersBane","Defend_G","Defend_G","Defend_G","Defend_G","Defend_G","Strike_G","Strike_G","Survivor","Neutralize+1","Cloak And Dagger+1","Prepared+1","Heel Hook","Well Laid Plans+1","Footwork","Adrenaline","Acrobatics+1","Escape Plan","Cloak And Dagger","Shame"],"special_seed":0,"relics":["Ring of the Snake","Art of War","Shuriken","Cursed Key","Bronze Scales","Bird Faced Urn"],"potions_floor_usage":[23],"damage_taken":[{"damage":6.0,"enemies":"Cultist","floor":1.0,"turns":5.0},{"damage":7.0,"enemies":"Jaw Worm","floor":2.0,"turns":6.0},{"damage":0.0,"enemies":"2 Louse","floor":4.0,"turns":4.0},{"damage":3.0,"enemies":"Lots of Slimes","floor":8.0,"turns":7.0},{"damage":5.0,"enemies":"Exordium Thugs","floor":11.0,"turns":6.0},{"damage":0.0,"enemies":"Blue Slaver","floor":12.0,"turns":4.0},{"damage":6.0,"enemies":"Lots of Slimes","floor":13.0,"turns":6.0},{"damage":0.0,"enemies":"Exordium Wildlife","floor":14.0,"turns":4.0},{"damage":20.0,"enemies":"The Guardian","floor":16.0,"turns":13.0},{"damage":2.0,"enemies":"3 Byrds","floor":18.0,"turns":7.0},{"damage":0.0,"enemies":"Chosen","floor":21.0,"turns":7.0},{"damage":12,"enemies":"Gremlin Leader","floor":23,"turns":6},{"damage":9,"enemies":"Sentry and Sphere","floor":25,"turns":6},{"damage":23,"enemies":"Chosen and Byrds","floor":27,"turns":8}],"seed_played":"-5890775483742753480","potions_obtained":[{"floor":1.0,"key":"FearPotion"},{"floor":11.0,"key":"AttackPotion"},{"floor":12.0,"key":"FearPotion"},{"floor":25,"key":"Explosive Potion"}],"is_trial":false,"path_per_floor":["M","?","$","?","M","?","?","M"],"character_chosen":"THE_SILENT","items_purchased":["Prepared","Acrobatics"],"campfire_rested":0,"item_purchase_floors":[5,20],"current_hp_per_floor":[53,46,46,46,46,46,46,43,43,43,38,38,32,32,32,12,53,51,51,51,51,51,39,39,30,30,11],"gold":71,"neow_bonus":"RANDOM_COMMON_RELIC","is_prod":false,"is_daily":false,"chose_seed":false,"campfire_upgraded":4,"win_rate":0,"timestamp":1548148099,"path_taken":["M","?","?","M","?","R","?","M","T","R","M","M","?","M","R","BOSS","M","?","$","M","?","E","R","?","T","M"],"build_version":"2019-01-20","purchased_purges":2,"victory":false,"max_hp_per_floor":[66,66,66,66,66,66,66,66,66,66,66,66,66,66,66,66,66,66,66,66,66,66,66,66,66,66,66],"card_choices":[{"not_picked":["Choke","Riddle With Holes","Poisoned Stab"],"picked":"SKIP","floor":1.0},{"not_picked":["Catalyst","Blade Dance","Sucker Punch"],"picked":"SKIP","floor":2.0},{"not_picked":["Crippling Poison","Dodge and Roll"],"picked":"Cloak And Dagger","floor":4.0},{"not_picked":["Reflex","Bane"],"picked":"Heel Hook","floor":8.0},{"not_picked":["Cloak And Dagger","Blade Dance"],"picked":"Well Laid Plans","floor":11.0},{"not_picked":["Quick Slash","Cloak And Dagger"],"picked":"Footwork","floor":12.0},{"not_picked":["Flying Knee","Night Terror","PiercingWail"],"picked":"SKIP","floor":13.0},{"not_picked":["Underhanded Strike","Slice","Tactician"],"picked":"SKIP","floor":14.0},{"not_picked":["Doppelganger","Malaise"],"picked":"Adrenaline","floor":16.0},{"not_picked":["Bane","Well Laid Plans","Blade Dance"],"picked":"SKIP","floor":18.0},{"not_picked":["Flechettes","PiercingWail","Concentrate"],"picked":"SKIP","floor":21.0},{"not_picked":["Endless Agony","Backflip"],"picked":"Escape Plan","floor":23},{"not_picked":["Cloak And Dagger","Caltrops","Deflect"],"picked":"SKIP","floor":25},{"not_picked":["Cloak And Dagger","Caltrops","Deflect"],"picked":"SKIP","floor":25},{"not_picked":["Caltrops","Deflect"],"picked":"Cloak And Dagger","floor":25}],"player_experience":1313395,"relics_obtained":[{"floor":23,"key":"Bronze Scales"},{"floor":26,"key":"Bird Faced Urn"}],"event_choices":[{"damage_healed":0.0,"max_hp_gain":0.0,"max_hp_loss":0.0,"gold_gain":0.0,"event_name":"WeMeetAgain","player_choice":"Gave Potion","floor":3.0,"gold_loss":0.0,"damage_taken":0.0,"relics_obtained":["Shuriken"]},{"damage_healed":0.0,"max_hp_gain":0.0,"max_hp_loss":0.0,"gold_gain":0.0,"event_name":"Upgrade Shrine","player_choice":"Upgraded","floor":7.0,"gold_loss":0.0,"damage_taken":0.0,"cards_upgraded":["Neutralize"]},{"cards_removed":["Strike_G"],"damage_healed":0.0,"max_hp_gain":0.0,"max_hp_loss":0.0,"gold_gain":0.0,"event_name":"Back to Basics","player_choice":"Elegance","floor":19.0,"gold_loss":0.0,"damage_taken":0.0},{"damage_healed":0,"gold_gain":0,"player_choice":"0 cards matched","damage_taken":0,"max_hp_gain":0,"max_hp_loss":0,"event_name":"Match and Keep!","floor":22,"gold_loss":0,"cards_obtained":[]}],"is_beta":true,"boss_relics":[{"not_picked":["White Beast Statue","Lizard Tail"],"picked":"Cursed Key"}],"items_purged_floors":[5,20],"is_endless":false,"potions_floor_spawned":[1,11,12,14,21,25],"killed_by":"Chosen and Byrds","ascension_level":20}