{"gold_per_floor":[114,39,114,39,58,86,86,121,121,135,150,150,170,170,170,243,243,263,275,2,2,12,12,28,28,28,28,28,46,46,46,46,119,119,129,129,149,169,186,218,236,265,265,265,285,300,300,310,310,310,310,310,310,37,68,68],"floor_reached":57,"playtime":850,"items_purged":["Defend_R","Defend_R","Ghostly Armor"],"score":2777,"play_id":"a9cfbff9-0581-4ccf-ae98-c94f324bde93","local_time":"20190326140657","is_ascension_mode":true,"campfire_choices":[{"data":"Perfected Strike","floor":7.0,"key":"SMITH"},{"data":"Perfected Strike","floor":12.0,"key":"SMITH"},{"data":"Perfected Strike","floor":15.0,"key":"SMITH"},{"data":"Perfected Strike","floor":23.0,"key":"SMITH"},{"data":"Perfected Strike","floor":25.0,"key":"SMITH"},{"data":"Perfected Strike","floor":27.0,"key":"SMITH"},{"data":"Perfected Strike","floor":30.0,"key":"SMITH"},{"data":"Perfected Strike","floor":32.0,"key":"SMITH"},{"data":"Perfected Strike","floor":44,"key":"SMITH"},{"floor":47,"key":"RECALL"},{"data":"Perfected Strike","floor":49,"key":"SMITH"},{"data":"Perfected Strike","floor":53,"key":"SMITH"}],"neow_cost":"","seed_source_timestamp":8190085170683,"circlet_count":0,"master_deck":["Perfected Strike+1","Perfected Strike+1","Perfected Strike+1","Perfected Strike+1","Perfected Strike+1","Perfected Strike+1","Perfected Strike+1","Perfected Strike+1","Perfected Strike+1","Perfected Strike+1","Perfected Strike","Perfected Strike","Perfected Strike","Perfected Strike","Perfected Strike","Perfected Strike+1","Strike_R","Strike_R","Strike_R","Strike_R","Strike_R","Perfected Strike+1","Offering+1","Perfected Strike+1","Uppercut+1","Pommel Strike+1","Perfected Strike+1","Pommel Strike+1"],"special_seed":0,"relics":["Burning Blood","Molten Egg 2","Turnip","Meat on the Bone","Gremlin Horn","Snecko Eye","Membership Card","War Paint","Cursed Key","Question Card","The Courier","Medical Kit","Anchor","Orichalcum","Self Forming Clay"],"potions_floor_usage":[56],"damage_taken":[{"damage":0.0,"enemies":"2 Louse","floor":1.0,"turns":2.0},{"damage":0.0,"enemies":"Small Slimes","floor":5.0,"turns":2.0},{"damage":10.0,"enemies":"3 Sentries","floor":6.0,"turns":3.0},{"damage":20.0,"enemies":"Lagavulin","floor":8.0,"turns":3.0},{"damage":0.0,"enemies":"Cultist","floor":10.0,"turns":2.0},{"damage":6.0,"enemies":"Looter","floor":11.0,"turns":2.0},{"damage":0.0,"enemies":"Gremlin Gang","floor":13.0,"turns":2.0},{"damage":26.0,"enemies":"Slime Boss","floor":16.0,"turns":4.0},{"damage":6.0,"enemies":"3 Byrds","floor":18.0,"turns":2.0},{"damage":0.0,"enemies":"Shell Parasite","floor":19.0,"turns":1.0},{"damage":6.0,"enemies":"Centurion and Healer","floor":22.0,"turns":1.0},{"damage":0.0,"enemies":"3 Cultists","floor":24.0,"turns":1.0},{"damage":0.0,"enemies":"Snecko","floor":29.0,"turns":1.0},{"damage":13.0,"enemies":"Champ","floor":33.0,"turns":2.0},{"damage":0.0,"enemies":"3 Darklings","floor":35.0,"turns":1.0},{"damage":0.0,"enemies":"Orb Walker","floor":37.0,"turns":1.0},{"damage":0.0,"enemies":"Jaw Worm Horde","floor":38.0,"turns":1.0},{"damage":7.0,"enemies":"Sphere and 2 Shapes","floor":39.0,"turns":1.0},{"damage":6.0,"enemies":"Nemesis","floor":40.0,"turns":1.0},{"damage":0.0,"enemies":"3 Darklings","floor":41.0,"turns":1.0},{"damage":9.0,"enemies":"Giant Head","floor":42.0,"turns":2.0},{"damage":14,"enemies":"4 Shapes","floor":45,"turns":1},{"damage":0,"enemies":"Spire Growth","floor":46,"turns":1},{"damage":0,"enemies":"3 Darklings","floor":48,"turns":1},{"damage":40,"enemies":"Awakened One","floor":50,"turns":3},{"damage":24,"enemies":"Donu and Deca","floor":51,"turns":3},{"damage":6,"enemies":"Shield and Spear","floor":55,"turns":1},{"damage":44,"enemies":"The Heart","floor":56,"turns":4}],"seed_played":"7558855448870952417","potions_obtained":[{"floor":6.0,"key":"Weak Potion"},{"floor":11.0,"key":"Poison Potion"},{"floor":16.0,"key":"Block Potion"},{"floor":19.0,"key":"Energy Potion"}],"is_trial":true,"path_per_floor":["M","$","?","?","M","E","R","E","T","M","M","R","M","?","R","B",null,"M","M","$","?","M","R","M","R","T","R","$","M","R","?","R","B",null,"M","?","M","M","M","E","M","E","T","R","M","M","R","M","R","B","B",null,"R","$","E","B",null],"character_chosen":"IRONCLAD","items_purchased":["Membership Card","Medical Kit","Anchor","Orichalcum"],"campfire_rested":0,"item_purchase_floors":[20,54,54,54],"current_hp_per_floor":[74,74,63,63,69,65,65,51,51,57,57,57,63,63,63,55,70,70,75,75,75,75,75,75,75,75,75,75,75,75,75,75,68,73,75,75,75,75,74,74,75,72,72,72,64,70,70,75,75,53,47,68,68,68,68,42],"gold":68,"neow_bonus":"","is_prod":false,"is_daily":false,"chose_seed":false,"campfire_upgraded":11,"win_rate":0,"timestamp":1553580417,"path_taken":["M","$","?","?","M","E","R","E","T","M","M","R","M","?","R","BOSS","M","?","$","?","M","R","?","R","T","R","?","M","R","?","R","BOSS","M","?","M","M","M","E","M","E","T","R","M","M","R","M","R","BOSS","BOSS","R","$","E","BOSS"],"build_version":"2019-01-23","purchased_purges":3,"victory":true,"max_hp_per_floor":[75,75,75,75,75,75,75,75,75,75,75,75,75,75,75,75,75,75,75,75,75,75,75,75,75,75,75,75,75,75,75,75,75,75,75,75,75,75,75,75,75,75,75,75,75,75,75,75,75,75,75,75,75,75,75,75],"card_choices":[{"not_picked":["Armaments","Flame Barrier","Flex"],"picked":"SKIP","floor":1.0},{"not_picked":["Clash+1","Headbutt+1","Anger+1"],"picked":"SKIP","floor":5.0},{"not_picked":["Intimidate","Disarm","Carnage+1"],"picked":"SKIP","floor":6.0},{"not_picked":["Headbutt+1","Cleave+1","Reckless Charge+1"],"picked":"SKIP","floor":8.0},{"not_picked":["Burning Pact","Rampage+1","Anger+1"],"picked":"SKIP","floor":10.0},{"not_picked":["Thunderclap+1","Heavy Blade+1","Flame Barrier"],"picked":"SKIP","floor":11.0},{"not_picked":["Evolve","Uppercut+1"],"picked":"Perfected Strike+1","floor":13.0},{"not_picked":["Bludgeon+1","Reaper+1"],"picked":"Offering","floor":16.0},{"not_picked":["Clash+1","Warcry","Pommel Strike+1"],"picked":"SKIP","floor":18.0},{"not_picked":["Flame Barrier+1","True Grit","Sever Soul+1"],"picked":"SKIP","floor":19.0},{"not_picked":["Dual Wield","Anger+1"],"picked":"Perfected Strike+1","floor":22.0},{"not_picked":["Carnage+1","Ghostly Armor"],"picked":"Uppercut+1","floor":24.0},{"not_picked":["Clash+1","Anger+1"],"picked":"Pommel Strike+1","floor":29.0},{"not_picked":["Clothesline+1","Iron Wave+1","Headbutt+1"],"picked":"SKIP","floor":35.0},{"not_picked":["Thunderclap+1","Pummel+1","Brutality"],"picked":"SKIP","floor":37.0},{"not_picked":["Corruption","Combust","Wild Strike+1"],"picked":"SKIP","floor":38.0},{"not_picked":["Intimidate","Rupture"],"picked":"Perfected Strike+1","floor":39.0},{"not_picked":["Double Tap","Wild Strike+1","Shrug It Off"],"picked":"SKIP","floor":40.0},{"not_picked":["Body Slam+1","Twin Strike+1","Battle Trance","Inflame"],"picked":"SKIP","floor":41.0},{"not_picked":["Heavy Blade+1","Sword Boomerang+1","True Grit","Cleave+1"],"picked":"SKIP","floor":42.0},{"not_picked":["Iron Wave+1","Wild Strike+1","Dropkick+1"],"picked":"Pommel Strike+1","floor":45},{"not_picked":["Spot Weakness+1","Reckless Charge+1","Headbutt+1","Body Slam+1"],"picked":"SKIP","floor":46},{"not_picked":["Clash+1","Headbutt+1","Reaper+1","Thunderclap+1"],"picked":"SKIP","floor":48},{"not_picked":["Disarm","Clothesline+1","Rupture","Warcry+1"],"picked":"SKIP","floor":55},{"not_picked":["Disarm","Clothesline+1","Rupture","Warcry+1"],"picked":"SKIP","floor":55}],"player_experience":3880906,"relics_obtained":[{"floor":6.0,"key":"Turnip"},{"floor":8.0,"key":"Meat on the Bone"},{"floor":9.0,"key":"Gremlin Horn"},{"floor":21.0,"key":"War Paint"},{"floor":40.0,"key":"Question Card"},{"floor":42.0,"key":"The Courier"},{"floor":55,"key":"Self Forming Clay"}],"event_choices":[{"damage_healed":0.0,"max_hp_gain":0.0,"max_hp_loss":0.0,"gold_gain":75.0,"event_name":"World of Goop","player_choice":"Gather Gold","floor":3.0,"gold_loss":0.0,"damage_taken":11.0},{"cards_removed":["Defend_R"],"damage_healed":0.0,"max_hp_gain":0.0,"max_hp_loss":0.0,"gold_gain":0.0,"event_name":"The Cleric","player_choice":"Card Removal","floor":4.0,"gold_loss":75.0,"damage_taken":0.0},{"cards_removed":["Defend_R"],"damage_healed":0.0,"max_hp_gain":0.0,"max_hp_loss":0.0,"gold_gain":0.0,"event_name":"Bonfire Elementals","player_choice":"Offered Basic","floor":14.0,"gold_loss":0.0,"damage_taken":0.0},{"damage_healed":0.0,"max_hp_gain":0.0,"max_hp_loss":0.0,"gold_gain":0.0,"event_name":"Wheel of Change","player_choice":"Relic","floor":21.0,"gold_loss":0.0,"damage_taken":0.0},{"damage_healed":0.0,"max_hp_gain":0.0,"max_hp_loss":0.0,"gold_gain":0.0,"cards_transformed":["Dual Wield"],"event_name":"Transmorgrifier","player_choice":"Transformed","floor":31.0,"gold_loss":0.0,"damage_taken":0.0,"cards_obtained":["Ghostly Armor"]},{"damage_healed":0.0,"max_hp_gain":0.0,"max_hp_loss":0.0,"gold_gain":0.0,"event_name":"Tomb of Lord Red Mask","player_choice":"Ignored","floor":36.0,"gold_loss":0.0,"damage_taken":0.0}],"is_beta":false,"boss_relics":[{"not_picked":["Black Blood","Mark of Pain"],"picked":"Snecko Eye"},{"not_picked":["White Beast Statue","Empty Cage"],"picked":"Cursed Key"}],"items_purged_floors":[2,20,54],"is_endless":false,"potions_floor_spawned":[6,11,16,19,24,37,40,41,42,45,48],"ascension_level":20}