{"gold_per_floor":[115,40,56,56,73,88,68,88,111,123,9,9,9,29,29,29],"floor_reached":16,"playtime":368,"items_purged":["Strike_G"],"score":192,"play_id":"30f44faa-093e-467b-89d7-12bd4ad67de4","local_time":"20190717040322","is_ascension_mode":true,"campfire_choices":[{"data":"Acrobatics","floor":12,"key":"SMITH"},{"data":"Tactician","floor":15,"key":"SMITH"}],"neow_cost":"NONE","seed_source_timestamp":70399412571767,"circlet_count":0,"master_deck":["AscendersBane","Strike_G","Strike_G","Strike_G","Defend_G","Defend_G","Defend_G","Defend_G","Defend_G","Survivor","Neutralize","Predator","Tactician+1","PiercingWail","Bouncing Flask","Acrobatics+1","Caltrops"],"special_seed":0,"relics":["Coffee Dripper","Potion Belt","Bronze Scales","Bag of Preparation"],"potions_floor_usage":[7,14,16],"damage_taken":[{"damage":0.0,"enemies":"2 Louse","floor":1.0,"turns":3.0},{"damage":6.0,"enemies":"Small Slimes","floor":3.0,"turns":4.0},{"damage":12.0,"enemies":"Jaw Worm","floor":5.0,"turns":4.0},{"damage":12.0,"enemies":"3 Louse","floor":6.0,"turns":4.0},{"damage":2,"enemies":"Exordium Thugs","floor":7,"turns":4},{"damage":4,"enemies":"Looter","floor":8,"turns":4},{"damage":3,"enemies":"Red Slaver","floor":10,"turns":4},{"damage":6,"enemies":"Large Slime","floor":14,"turns":7},{"damage":3,"enemies":"Hexaghost","floor":16,"turns":4}],"seed_played":"-2015423768572713861","potions_obtained":[{"floor":5.0,"key":"Weak Potion"},{"floor":6.0,"key":"Dexterity Potion"},{"floor":7,"key":"GamblersBrew"},{"floor":10,"key":"FearPotion"}],"is_trial":false,"path_per_floor":["M","?","M","?","M","M","M","M","T","M","$","R","?","M","R","B"],"character_chosen":"THE_SILENT","items_purchased":["Caltrops"],"campfire_rested":0,"item_purchase_floors":[11],"current_hp_per_floor":[59,59,53,42,30,18,16,12,12,9,9,9,9,3,3,0],"gold":29,"neow_bonus":"BOSS_RELIC","is_prod":false,"is_daily":false,"chose_seed":false,"campfire_upgraded":2,"win_rate":0,"timestamp":1563303802,"path_taken":["M","?","M","?","M","M","?","M","T","M","$","R","?","M","R","BOSS"],"build_version":"2019-07-05","purchased_purges":1,"victory":false,"max_hp_per_floor":[66,66,66,66,66,66,66,66,66,66,66,66,66,66,66,66],"card_choices":[{"not_picked":["Underhanded Strike","Choke"],"picked":"Predator","floor":1.0},{"not_picked":["Slice","Quick Slash","Deflect"],"picked":"SKIP","floor":3.0},{"not_picked":["Underhanded Strike","Escape Plan"],"picked":"Tactician","floor":5.0},{"not_picked":["Flying Knee","Bane"],"picked":"PiercingWail","floor":6.0},{"not_picked":["Wraith Form v2","Slice"],"picked":"Bouncing Flask","floor":7},{"not_picked":["Bane","Dagger Spray","Prepared"],"picked":"SKIP","floor":8},{"not_picked":["Predator","Accuracy"],"picked":"Acrobatics","floor":10},{"not_picked":["Flying Knee","Skewer","Cloak And Dagger"],"picked":"SKIP","floor":14}],"player_experience":634083,"relics_obtained":[{"floor":9,"key":"Bronze Scales"}],"event_choices":[{"cards_removed":["Strike_G"],"damage_healed":0.0,"max_hp_gain":0.0,"max_hp_loss":0.0,"gold_gain":0.0,"event_name":"The Cleric","player_choice":"Card Removal","floor":2.0,"gold_loss":75.0,"damage_taken":0.0},{"damage_healed":0.0,"max_hp_gain":0.0,"max_hp_loss":0.0,"gold_gain":0.0,"event_name":"Scrap Ooze","player_choice":"Success","floor":4.0,"gold_loss":0.0,"damage_taken":11.0,"relics_obtained":["Potion Belt"]},{"damage_healed":0,"gold_gain":0,"player_choice":"Gave Potion","damage_taken":0,"relics_obtained":["Bag of Preparation"],"max_hp_gain":0,"max_hp_loss":0,"event_name":"WeMeetAgain","floor":13,"gold_loss":0}],"is_beta":false,"boss_relics":[],"items_purged_floors":[11],"is_endless":false,"potions_floor_spawned":[5,6,7,10],"killed_by":"Hexaghost","ascension_level":20}