{"gold_per_floor":[118,4,4,22,22,22,34,34,58,78,78,78,90,108,108,213,213,224,224,83,95,109,144,144,14,14,14,33,51,51,62,62,159,159,173,42,142,142,152,152,152,152,152,62,62,12,22,22,22,22],"floor_reached":51,"playtime":1457,"items_purged":["Writhe","Strike_G","Strike_G","Doubt","Strike_G"],"score":655,"play_id":"8ba1b1f1-3adc-49b9-ae6d-287c7b36e69a","local_time":"20181014230126","is_ascension_mode":false,"campfire_choices":[{"data":"Catalyst","floor":6,"key":"SMITH"},{"data":"Deadly Poison","floor":8,"key":"SMITH"},{"data":"Well Laid Plans","floor":11,"key":"SMITH"},{"data":"Noxious Fumes","floor":15,"key":"SMITH"},{"data":"Survivor","floor":24,"key":"SMITH"},{"data":"Footwork","floor":30,"key":"SMITH"},{"data":"Backflip","floor":32,"key":"SMITH"},{"floor":40,"key":"REST"},{"data":"Apotheosis","floor":42,"key":"SMITH"},{"data":"Enlightenment","floor":45,"key":"SMITH"},{"data":"Purity","floor":49,"key":"SMITH"}],"neow_cost":"NONE","seed_source_timestamp":2581732662926,"circlet_count":0,"master_deck":["Defend_G","Defend_G","Defend_G","Defend_G","Defend_G","Strike_G+1","Survivor+1","Neutralize+1","Well Laid Plans+1","Catalyst+1","Crippling Poison+1","Deadly Poison+1","Noxious Fumes+1","Backflip+1","Purity+1","PiercingWail+1","Footwork+1","Setup","Noxious Fumes+1","After Image+1","Backflip","Footwork+1","Apotheosis+1","Bandage Up","Enlightenment+1","Deadly Poison+1","Footwork+1","Catalyst+1"],"relics":["Ring of the Snake","Strawberry","Smiling Mask","Sozu","Matryoshka","WingedGreaves","Vajra","Frozen Egg 2","Runic Dome","Omamori","Bottled Lightning"],"potions_floor_usage":[50,50,50],"damage_taken":[{"damage":0,"enemies":"2 Louse","floor":1,"turns":3},{"damage":0,"enemies":"Jaw Worm","floor":4,"turns":5},{"damage":7,"enemies":"Small Slimes","floor":7,"turns":2},{"damage":5,"enemies":"Exordium Wildlife","floor":10,"turns":4},{"damage":0,"enemies":"2 Fungi Beasts","floor":13,"turns":2},{"damage":9,"enemies":"Blue Slaver","floor":14,"turns":3},{"damage":23,"enemies":"The Guardian","floor":16,"turns":7},{"damage":1,"enemies":"Shell Parasite","floor":18,"turns":4},{"damage":7,"enemies":"3 Byrds","floor":21,"turns":4},{"damage":0,"enemies":"3 Cultists","floor":22,"turns":5},{"damage":23,"enemies":"Slavers","floor":23,"turns":5},{"damage":4,"enemies":"Snecko","floor":28,"turns":4},{"damage":0,"enemies":"Centurion and Healer","floor":29,"turns":5},{"damage":2,"enemies":"Shelled Parasite and Fungi","floor":31,"turns":5},{"damage":11,"enemies":"Automaton","floor":33,"turns":9},{"damage":21,"enemies":"3 Darklings","floor":35,"turns":5},{"damage":9,"enemies":"3 Shapes","floor":39,"turns":4},{"damage":0,"enemies":"Sphere and 2 Shapes","floor":47,"turns":6},{"damage":9,"enemies":"Donu and Deca","floor":50,"turns":9}],"seed_played":"8912596929955358061","potions_obtained":[{"floor":7,"key":"Strength Potion"},{"floor":13,"key":"Energy Potion"},{"floor":14,"key":"Dexterity Potion"}],"is_trial":false,"path_per_floor":["M","$","?","M","?","R","M","R","T","M","R","?","M","M","R","B",null,"M","?","$","M","M","E","R","$","T","?","M","M","R","M","R","B",null,"M","$","?","?","M","R","?","R","T","$","R","$","M","?","R","B"],"character_chosen":"THE_SILENT","items_purchased":["Well Laid Plans","Catalyst","Purity","Footwork","Footwork+1","Footwork+1"],"campfire_rested":1,"item_purchase_floors":[2,2,20,25,36,44],"current_hp_per_floor":[77,77,62,62,62,62,55,55,55,50,50,50,50,41,41,18,77,76,76,76,69,69,46,46,46,46,46,42,42,42,40,40,29,77,56,56,56,46,37,60,77,77,77,77,77,77,77,77,77,74],"gold":22,"neow_bonus":"RANDOM_COMMON_RELIC","is_prod":false,"is_daily":false,"chose_seed":false,"campfire_upgraded":10,"win_rate":0,"timestamp":1539529286,"path_taken":["M","$","?","M","?","R","M","R","T","M","R","?","M","?","R","BOSS","M","?","$","?","M","E","R","$","T","?","M","M","R","?","R","BOSS","M","$","?","?","M","R","?","R","T","$","R","$","?","?","R","BOSS"],"build_version":"2018-10-11","purchased_purges":5,"victory":true,"max_hp_per_floor":[77,77,77,77,77,77,77,77,77,77,77,77,77,77,77,77,77,77,77,77,77,77,77,77,77,77,77,77,77,77,77,77,77,77,77,77,77,77,77,77,77,77,77,77,77,77,77,77,77,77],"card_choices":[{"not_picked":["Blade Dance","Accuracy","Terror"],"picked":"SKIP","floor":1},{"not_picked":["Blade Dance","Dagger Throw"],"picked":"Crippling Poison","floor":4},{"not_picked":["Masterful Stab","Poisoned Stab"],"picked":"Deadly Poison","floor":7},{"not_picked":["Sucker Punch","Caltrops","Reflex"],"picked":"SKIP","floor":10},{"not_picked":["Bane","Envenom"],"picked":"Noxious Fumes","floor":13},{"not_picked":["Flechettes","Prepared"],"picked":"Backflip","floor":14},{"not_picked":["Dagger Spray","Tactician","Quick Slash"],"picked":"SKIP","floor":18},{"not_picked":["Skewer+1","Distraction"],"picked":"PiercingWail+1","floor":21},{"not_picked":["Slice","Finisher","Blur"],"picked":"SKIP","floor":22},{"not_picked":["Flying Knee","Dodge and Roll","All Out Attack"],"picked":"SKIP","floor":23},{"not_picked":["Prepared","Dodge and Roll+1"],"picked":"Noxious Fumes+1","floor":28},{"not_picked":["Predator","Expertise","Flying Knee"],"picked":"SKIP","floor":29},{"not_picked":["Eviscerate+1","Dagger Spray","Outmaneuver+1"],"picked":"SKIP","floor":31},{"not_picked":["Doppelganger","Die Die Die"],"picked":"After Image+1","floor":33},{"not_picked":["Dagger Spray","Bane+1"],"picked":"Backflip","floor":35},{"not_picked":["Dark Shackles","Transmutation"],"picked":"Apotheosis","floor":38},{"not_picked":["Discovery","Enlightenment"],"picked":"Bandage Up","floor":38},{"not_picked":["Chrysalis","Dark Shackles"],"picked":"Enlightenment","floor":38},{"not_picked":["Poisoned Stab+1","Expertise+1"],"picked":"Deadly Poison+1","floor":39},{"not_picked":["Slice+1","Deadly Poison+1"],"picked":"Catalyst+1","floor":47}],"player_experience":190191,"relics_obtained":[{"floor":9,"key":"Smiling Mask"},{"floor":23,"key":"WingedGreaves"},{"floor":26,"key":"Vajra"},{"floor":26,"key":"Frozen Egg 2"},{"floor":43,"key":"Omamori"},{"floor":43,"key":"Bottled Lightning"}],"event_choices":[{"event_name":"Shining Light","player_choice":"Entered Light","floor":3,"damage_taken":0},{"event_name":"Living Wall","player_choice":"Grow","floor":5,"damage_taken":0},{"event_name":"Liars Game","player_choice":"disagreed","floor":12,"damage_taken":0},{"event_name":"The Mausoleum","player_choice":"Yes","floor":19,"damage_taken":0},{"event_name":"Transmorgrifier","player_choice":"Transform","floor":27,"damage_taken":0},{"event_name":"Golden Shrine","player_choice":"Pray","floor":37,"damage_taken":0},{"event_name":"SensoryStone","player_choice":"Memory 3","floor":38,"damage_taken":0},{"event_name":"MindBloom","player_choice":"Heal","floor":41,"damage_taken":0},{"event_name":"Mysterious Sphere","player_choice":"Ignore","floor":48,"damage_taken":0}],"is_beta":false,"boss_relics":[{"not_picked":["Philosopher\u0027s Stone","Orrery"],"picked":"Sozu"},{"not_picked":["Calling Bell","Eternal Feather"],"picked":"Runic Dome"}],"items_purged_floors":[20,25,36,44,46],"is_endless":false,"potions_floor_spawned":[7,13,14,18,23,28,29,31,47],"ascension_level":0}