{"gold_per_floor":[111,36,36,56,71,71,71,106,106,106,138,138],"floor_reached":12,"playtime":405,"items_purged":["Strike_B"],"score":172,"play_id":"35f5af9b-3079-488e-bd17-49d9009fd5dd","local_time":"20190109233340","is_ascension_mode":true,"campfire_choices":[{"data":"Dualcast","floor":6,"key":"SMITH"},{"data":"Zap","floor":10,"key":"SMITH"}],"neow_cost":"TEN_PERCENT_HP_LOSS","seed_source_timestamp":41295360087806,"circlet_count":0,"master_deck":["AscendersBane","Strike_B","Strike_B","Strike_B","Defend_B+1","Defend_B","Defend_B","Zap+1","Dualcast+1","Echo Form","Chill","BootSequence+1","Echo Form","Hologram+1"],"relics":["Cracked Core","War Paint","Toxic Egg 2","Pen Nib"],"potions_floor_usage":[11],"damage_taken":[{"damage":1,"enemies":"Cultist","floor":1,"turns":4},{"damage":5,"enemies":"Jaw Worm","floor":4,"turns":3},{"damage":7,"enemies":"Small Slimes","floor":5,"turns":3},{"damage":8,"enemies":"Lagavulin","floor":8,"turns":7},{"damage":40,"enemies":"Gremlin Nob","floor":11,"turns":5},{"damage":0,"enemies":"Exordium Thugs","floor":12,"turns":2}],"seed_played":"-2263155967377505251","potions_obtained":[{"floor":4,"key":"LiquidBronze"},{"floor":8,"key":"Weak Potion"}],"is_trial":false,"path_per_floor":["M","$","?","M","M","R","$","E","T","R","E","M"],"character_chosen":"DEFECT","items_purchased":[],"campfire_rested":0,"item_purchase_floors":[],"current_hp_per_floor":[63,63,63,58,51,51,51,43,43,43,3,3],"gold":138,"neow_bonus":"THREE_RARE_CARDS","is_prod":false,"is_daily":false,"chose_seed":false,"campfire_upgraded":2,"win_rate":0,"timestamp":1547048020,"path_taken":["M","$","?","?","M","R","$","E","T","R","E","M"],"build_version":"2019-01-03v4","purchased_purges":1,"victory":false,"max_hp_per_floor":[64,64,64,64,64,64,64,64,64,64,64,64],"card_choices":[{"not_picked":["Reboot","Seek"],"picked":"Echo Form","floor":0},{"not_picked":["Sweeping Beam","Go for the Eyes"],"picked":"Chill","floor":1},{"not_picked":["Stack","Tempest"],"picked":"BootSequence","floor":4},{"not_picked":["Auto Shields","Heatsinks","Sweeping Beam"],"picked":"SKIP","floor":5},{"not_picked":["Static Discharge","Conserve Battery"],"picked":"Echo Form","floor":8},{"not_picked":["Streamline","Redo+1"],"picked":"Hologram+1","floor":11}],"player_experience":1896191,"relics_obtained":[{"floor":8,"key":"War Paint"},{"floor":9,"key":"Toxic Egg 2"},{"floor":11,"key":"Pen Nib"}],"event_choices":[{"cards_removed":["Defend_B"],"damage_healed":0,"gold_gain":0,"player_choice":"Card Removal","damage_taken":0,"max_hp_gain":0,"max_hp_loss":0,"event_name":"Wheel of Change","floor":3,"gold_loss":0}],"is_beta":false,"boss_relics":[],"items_purged_floors":[2],"is_endless":false,"potions_floor_spawned":[4,8],"killed_by":"Exordium Thugs","ascension_level":20}