{"gold_per_floor":[119,119,119,136,163,189,189,201,201,201,218,293,322,338,338,412,412,422,422,119,133,133,161,161,190,190,190,221,255,289,289,289,363,363,373,386,402,191,208,240,260,260],"floor_reached":42,"playtime":1450,"items_purged":["Strike_B","Defend_B"],"score":1128,"play_id":"71b142a5-1235-4b29-b457-5a7b517c3440","local_time":"20190223223441","is_ascension_mode":true,"campfire_choices":[{"data":"Chaos","floor":7.0,"key":"SMITH"},{"data":"Zap","floor":10.0,"key":"SMITH"},{"data":"Defragment","floor":15.0,"key":"SMITH"},{"data":"Defragment","floor":24.0,"key":"SMITH"},{"floor":27.0,"key":"REST"},{"data":"Heatsinks","floor":32.0,"key":"SMITH"}],"neow_cost":"NONE","seed_source_timestamp":526819081637406,"circlet_count":0,"master_deck":["AscendersBane","Defend_B","Defend_B","Defend_B","Zap+1","Dualcast","Chaos+1","Go for the Eyes","Melter","Conserve Battery","Recycle","Defragment+1","Coolheaded","Electrodynamics","Compile Driver","Recycle","Defragment+1","Skim","Self Repair","Ball Lightning","Redo+1","Loop","Capacitor","Leap+1","Heatsinks+1","Parasite","Core Surge","Leap+1","Compile Driver","Turbo","Hologram","Coolheaded","Hologram"],"special_seed":0,"relics":["Cracked Core","NeowsBlessing","Ornamental Fan","Centennial Puzzle","Bottled Flame","Mercury Hourglass","Mummified Hand","Cursed Key","Regal Pillow","Emotion Chip","Strawberry","Red Mask","Boot","Black Star","Pantograph","Pear"],"potions_floor_usage":[40,41],"damage_taken":[{"damage":0.0,"enemies":"Jaw Worm","floor":1.0,"turns":1.0},{"damage":0.0,"enemies":"2 Louse","floor":4.0,"turns":1.0},{"damage":0.0,"enemies":"Lagavulin","floor":6.0,"turns":1.0},{"damage":7.0,"enemies":"Small Slimes","floor":8.0,"turns":3.0},{"damage":0.0,"enemies":"2 Fungi Beasts","floor":11.0,"turns":3.0},{"damage":8.0,"enemies":"Gremlin Nob","floor":13.0,"turns":3.0},{"damage":0.0,"enemies":"Looter","floor":14.0,"turns":3.0},{"damage":8.0,"enemies":"Hexaghost","floor":16.0,"turns":9.0},{"damage":13.0,"enemies":"Shell Parasite","floor":18.0,"turns":4.0},{"damage":0.0,"enemies":"Spheric Guardian","floor":21.0,"turns":1.0},{"damage":8.0,"enemies":"Slavers","floor":23.0,"turns":4.0},{"damage":43.0,"enemies":"Gremlin Leader","floor":25.0,"turns":5.0},{"damage":23.0,"enemies":"Slavers","floor":28.0,"turns":2.0},{"damage":10.0,"enemies":"Masked Bandits","floor":29.0,"turns":3.0},{"damage":0.0,"enemies":"Book of Stabbing","floor":30.0,"turns":5.0},{"damage":11.0,"enemies":"Automaton","floor":33.0,"turns":7.0},{"damage":9.0,"enemies":"Orb Walker","floor":35.0,"turns":3.0},{"damage":9.0,"enemies":"3 Shapes","floor":36.0,"turns":3.0},{"damage":1.0,"enemies":"Transient","floor":37.0,"turns":6.0},{"damage":14.0,"enemies":"3 Darklings","floor":39.0,"turns":4.0},{"damage":36,"enemies":"Reptomancer","floor":40,"turns":6},{"damage":5,"enemies":"Spire Growth","floor":41,"turns":5},{"damage":39,"enemies":"Nemesis","floor":42,"turns":6}],"seed_played":"-7512256562811574472","potions_obtained":[{"floor":1.0,"key":"LiquidBronze"},{"floor":11.0,"key":"FocusPotion"},{"floor":13.0,"key":"Ancient Potion"},{"floor":16.0,"key":"Ancient Potion"},{"floor":18.0,"key":"Block Potion"},{"floor":28.0,"key":"Block Potion"},{"floor":30.0,"key":"Strength Potion"},{"floor":33.0,"key":"SteroidPotion"},{"floor":37.0,"key":"Swift Potion"},{"floor":40,"key":"Block Potion"}],"is_trial":false,"path_per_floor":["M","?","?","M","T","E","R","M","T","R","M","?","E","M","R","B",null,"M","?","$","M","?","E","R","E","T","R","E","?","E","T","R","B",null,"M","M","M","$","M","E","M","E"],"character_chosen":"DEFECT","items_purchased":["Skim","Self Repair","Ball Lightning","Compile Driver","Turbo"],"campfire_rested":1,"item_purchase_floors":[20,20,20,38,38],"current_hp_per_floor":[64,64,53,53,53,53,53,46,46,46,46,35,27,27,27,19,58,45,45,45,45,45,44,44,8,8,44,35,32,39,39,39,35,67,58,56,62,62,55,36,38,0],"gold":260,"neow_bonus":"THREE_ENEMY_KILL","is_prod":false,"is_daily":false,"chose_seed":false,"campfire_upgraded":5,"win_rate":0,"timestamp":1550932481,"path_taken":["M","?","?","M","?","E","R","M","T","R","M","?","E","M","R","BOSS","M","?","$","M","?","E","R","E","T","R","E","?","E","?","R","BOSS","M","?","M","?","M","E","M","E"],"build_version":"2019-01-23","purchased_purges":2,"victory":false,"max_hp_per_floor":[71,71,71,71,71,71,71,71,71,71,71,71,71,71,71,71,71,71,71,71,71,71,71,71,71,71,71,78,78,78,78,78,78,78,78,78,78,78,78,88,88,88],"card_choices":[{"not_picked":["Undo","Chill"],"picked":"Chaos","floor":1.0},{"not_picked":["Streamline","Barrage"],"picked":"Go for the Eyes","floor":4.0},{"not_picked":["Stack","Leap"],"picked":"Melter","floor":6.0},{"not_picked":["Redo","Steam"],"picked":"Conserve Battery","floor":8.0},{"not_picked":["Ball Lightning","Darkness"],"picked":"Recycle","floor":11.0},{"not_picked":["Double Energy","Multi-Cast"],"picked":"Defragment","floor":13.0},{"not_picked":["Leap","Rebound"],"picked":"Coolheaded","floor":14.0},{"not_picked":["Amplify","Seek"],"picked":"Electrodynamics","floor":16.0},{"not_picked":["Stack","Lockon+1"],"picked":"Compile Driver","floor":18.0},{"not_picked":["Compile Driver","Go for the Eyes"],"picked":"Redo+1","floor":21.0},{"not_picked":["Steam Power","Aggregate"],"picked":"Loop","floor":23.0},{"not_picked":["Sunder+1","Hologram"],"picked":"Capacitor","floor":25.0},{"not_picked":["Beam Cell","Loop"],"picked":"Leap+1","floor":28.0},{"not_picked":["Coolheaded","Meteor Strike"],"picked":"Heatsinks","floor":30.0},{"not_picked":["All For One","Electrodynamics"],"picked":"Core Surge","floor":33.0},{"not_picked":["Melter+1","Loop","Tempest+1"],"picked":"SKIP","floor":35.0},{"not_picked":["Redo","Beam Cell"],"picked":"Leap+1","floor":36.0},{"not_picked":["Rip and Tear+1","Beam Cell","Recycle"],"picked":"SKIP","floor":37.0},{"not_picked":["Gash+1","Scrape+1"],"picked":"Hologram","floor":39.0},{"not_picked":["Recycle+1","Electrodynamics"],"picked":"Coolheaded","floor":40},{"not_picked":["BootSequence","Hologram","Ball Lightning"],"picked":"SKIP","floor":41},{"not_picked":["BootSequence","Ball Lightning"],"picked":"Hologram","floor":41}],"player_experience":950089,"relics_obtained":[{"floor":5.0,"key":"Centennial Puzzle"},{"floor":6.0,"key":"Bottled Flame"},{"floor":9.0,"key":"Mercury Hourglass"},{"floor":13.0,"key":"Mummified Hand"},{"floor":23.0,"key":"Regal Pillow"},{"floor":25.0,"key":"Emotion Chip"},{"floor":28.0,"key":"Strawberry"},{"floor":29.0,"key":"Red Mask"},{"floor":30.0,"key":"Boot"},{"floor":40,"key":"Pantograph"},{"floor":40,"key":"Pear"}],"event_choices":[{"damage_healed":0.0,"max_hp_gain":0.0,"max_hp_loss":0.0,"gold_gain":0.0,"event_name":"Liars Game","player_choice":"Ignored","floor":2.0,"gold_loss":0.0,"damage_taken":0.0},{"damage_healed":0.0,"max_hp_gain":0.0,"max_hp_loss":0.0,"gold_gain":0.0,"event_name":"Scrap Ooze","player_choice":"Success","floor":3.0,"gold_loss":0.0,"damage_taken":11.0,"relics_obtained":["Ornamental Fan"]},{"damage_healed":0.0,"max_hp_gain":0.0,"max_hp_loss":0.0,"gold_gain":75.0,"event_name":"World of Goop","player_choice":"Gather Gold","floor":12.0,"gold_loss":0.0,"damage_taken":11.0},{"damage_healed":0.0,"max_hp_gain":0.0,"max_hp_loss":0.0,"gold_gain":0.0,"cards_transformed":["Strike_B","Strike_B"],"event_name":"Drug Dealer","player_choice":"Became Test Subject","floor":19.0,"gold_loss":0.0,"damage_taken":0.0,"cards_obtained":["Recycle","Defragment"]},{"cards_removed":["Strike_B"],"damage_healed":0.0,"max_hp_gain":0.0,"max_hp_loss":0.0,"gold_gain":0.0,"event_name":"Back to Basics","player_choice":"Elegance","floor":22.0,"gold_loss":0.0,"damage_taken":0.0},{"damage_healed":0.0,"max_hp_gain":0.0,"max_hp_loss":0.0,"gold_gain":0.0,"event_name":"Masked Bandits","player_choice":"Fought Bandits","floor":29.0,"gold_loss":0.0,"damage_taken":0.0}],"is_beta":false,"boss_relics":[{"not_picked":["Tiny House","Empty Cage"],"picked":"Cursed Key"},{"not_picked":["Calling Bell","Fusion Hammer"],"picked":"Black Star"}],"items_purged_floors":[20,38],"is_endless":false,"potions_floor_spawned":[1,11,13,14,16,18,28,30,33,37,40],"killed_by":"Nemesis","ascension_level":20}