{"gold_per_floor":[109,127,140,140,40,40,68,68,68,81,6,34,34,45,45,146,146,161,111,36,36,62,62,62,72,72,83,95,95,95,128,128,228,228,239,257,257,277,277,305,305,336,382,382,400,130,40,55,55,55],"floor_reached":51,"playtime":1655,"items_purged":["Strike_G","Strike_G+1"],"score":1158,"play_id":"2340f3f1-fd33-44d0-a8c0-08e039cfb2e9","local_time":"20181009163709","is_ascension_mode":true,"campfire_choices":[{"data":"Deadly Poison","floor":6,"key":"SMITH"},{"data":"Catalyst","floor":13,"key":"SMITH"},{"data":"Night Terror","floor":15,"key":"SMITH"},{"data":"Well Laid Plans","floor":23,"key":"SMITH"},{"data":"Wraith Form v2","floor":29,"key":"SMITH"},{"data":"Bouncing Flask","floor":32,"key":"SMITH"},{"data":"Footwork","floor":41,"key":"SMITH"},{"floor":44,"key":"REST"},{"floor":49,"key":"REST"}],"neow_cost":"NONE","seed_source_timestamp":20251852735841,"circlet_count":0,"master_deck":["Defend_G+1","Defend_G+1","Defend_G+1","Defend_G+1","Defend_G+1","Survivor+1","Neutralize+1","Deadly Poison+1","All Out Attack+1","Night Terror+1","Catalyst+1","Deadly Poison+1","Deadly Poison+1","Wraith Form v2+1","Bouncing Flask+1","Well Laid Plans+1","Calculated Gamble+1","Acrobatics+1","Deadly Poison+1","Backflip+1","Malaise+1","Footwork+1","Leg Sweep+1","Escape Plan+1","Calculated Gamble+1","Impatience+1","Catalyst+1"],"relics":["Ring of the Snake","NeowsBlessing","War Paint","PreservedInsect","Runic Dome","Vajra","Toxic Egg 2","Bronze Scales","Busted Crown","Mark of the Bloom","Meat on the Bone","Smiling Mask","Letter Opener","Boot"],"potions_floor_usage":[7,7,27,27,50,50,50],"damage_taken":[{"damage":0,"enemies":"Cultist","floor":1,"turns":1},{"damage":0,"enemies":"2 Louse","floor":2,"turns":1},{"damage":0,"enemies":"Jaw Worm","floor":3,"turns":1},{"damage":12,"enemies":"Lagavulin","floor":7,"turns":5},{"damage":0,"enemies":"3 Louse","floor":10,"turns":2},{"damage":30,"enemies":"Gremlin Nob","floor":12,"turns":5},{"damage":0,"enemies":"Gremlin Gang","floor":14,"turns":2},{"damage":0,"enemies":"The Guardian","floor":16,"turns":6},{"damage":1,"enemies":"Spheric Guardian","floor":18,"turns":4},{"damage":0,"enemies":"Shell Parasite","floor":25,"turns":4},{"damage":0,"enemies":"Shelled Parasite and Fungi","floor":27,"turns":5},{"damage":8,"enemies":"Snecko","floor":28,"turns":4},{"damage":28,"enemies":"Slavers","floor":31,"turns":6},{"damage":0,"enemies":"Collector","floor":33,"turns":2},{"damage":0,"enemies":"Orb Walker","floor":35,"turns":3},{"damage":1,"enemies":"3 Shapes","floor":36,"turns":4},{"damage":0,"enemies":"Maw","floor":38,"turns":2},{"damage":2,"enemies":"Nemesis","floor":40,"turns":5},{"damage":0,"enemies":"Giant Head","floor":42,"turns":5},{"damage":0,"enemies":"4 Shapes","floor":45,"turns":4},{"damage":4,"enemies":"3 Darklings","floor":48,"turns":6},{"damage":12,"enemies":"Donu and Deca","floor":50,"turns":7}],"seed_played":"-2322513201360502034","potions_obtained":[{"floor":2,"key":"Energy Potion"},{"floor":14,"key":"PowerPotion"},{"floor":16,"key":"Swift Potion"},{"floor":25,"key":"Fruit Juice"},{"floor":31,"key":"LiquidBronze"},{"floor":35,"key":"Explosive Potion"},{"floor":36,"key":"FearPotion"},{"floor":42,"key":"SkillPotion"}],"is_trial":false,"path_per_floor":["M","M","M","?","$","R","E","?","T","M","$","E","R","M","R","B",null,"M","?","$","?","T","R","$","M","T","M","M","R","$","E","R","B",null,"M","M","?","M","T","E","R","E","T","R","M","$","?","M","R","B"],"character_chosen":"THE_SILENT","items_purchased":["Poison Potion","Poison Potion","Well Laid Plans","Escape Plan+1","Calculated Gamble+1","Impatience+1"],"campfire_rested":2,"item_purchase_floors":[5,5,20,46,46,46],"current_hp_per_floor":[63,63,63,63,63,63,51,51,51,51,51,21,21,21,21,21,58,57,57,57,57,57,57,57,57,57,62,54,54,54,26,26,26,63,63,62,62,62,62,60,60,60,60,60,60,60,60,56,56,44],"gold":55,"neow_bonus":"THREE_ENEMY_KILL","is_prod":false,"is_daily":false,"chose_seed":false,"campfire_upgraded":7,"win_rate":1,"timestamp":1539074229,"path_taken":["M","M","?","?","$","R","E","?","T","?","$","E","R","M","R","BOSS","M","?","$","?","?","R","$","M","T","?","M","R","?","E","R","BOSS","M","M","?","?","?","E","R","E","T","R","?","$","?","M","R","BOSS"],"build_version":"2018-10-04v2","purchased_purges":2,"victory":true,"max_hp_per_floor":[70,70,70,70,70,70,70,70,70,70,70,70,70,70,70,70,70,70,70,70,70,70,70,70,70,70,75,75,75,75,75,75,75,75,75,75,75,75,75,75,75,75,75,75,75,75,75,75,75,75],"card_choices":[{"not_picked":["Prepared","Bane"],"picked":"Deadly Poison","floor":1},{"not_picked":["Sucker Punch","Flechettes","Distraction"],"picked":"SKIP","floor":2},{"not_picked":["Expertise","Deflect"],"picked":"All Out Attack","floor":3},{"not_picked":["Calculated Gamble","Underhanded Strike"],"picked":"Night Terror","floor":7},{"not_picked":["Sucker Punch","Dagger Throw"],"picked":"Catalyst","floor":10},{"not_picked":["Outmaneuver","Prepared"],"picked":"Deadly Poison","floor":12},{"not_picked":["Bane","Cloak And Dagger"],"picked":"Deadly Poison","floor":14},{"not_picked":["Bullet Time","Storm of Steel"],"picked":"Wraith Form v2","floor":16},{"not_picked":["Sucker Punch","Dagger Throw"],"picked":"Bouncing Flask","floor":18},{"not_picked":["Blade Dance","Bane"],"picked":"Calculated Gamble+1","floor":25},{"not_picked":["Prepared+1","Deflect+1"],"picked":"Acrobatics+1","floor":27},{"not_picked":["Poisoned Stab","Blade Dance+1"],"picked":"Deadly Poison+1","floor":28},{"not_picked":["Cloak And Dagger+1","Caltrops"],"picked":"Backflip+1","floor":31},{"not_picked":["Bullet Time+1","A Thousand Cuts"],"picked":"Malaise+1","floor":33},{"not_picked":["Quick Slash"],"picked":"SKIP","floor":35},{"not_picked":["Dagger Spray"],"picked":"SKIP","floor":36},{"not_picked":[],"picked":"Footwork","floor":38},{"not_picked":["Quick Slash+1"],"picked":"SKIP","floor":40},{"not_picked":["Deflect+1"],"picked":"SKIP","floor":42},{"not_picked":[],"picked":"Leg Sweep+1","floor":45},{"not_picked":[],"picked":"Catalyst+1","floor":48}],"player_experience":43101,"relics_obtained":[{"floor":7,"key":"War Paint"},{"floor":12,"key":"PreservedInsect"},{"floor":22,"key":"Vajra"},{"floor":26,"key":"Toxic Egg 2"},{"floor":31,"key":"Bronze Scales"},{"floor":39,"key":"Meat on the Bone"},{"floor":40,"key":"Smiling Mask"},{"floor":42,"key":"Letter Opener"},{"floor":43,"key":"Boot"}],"event_choices":[{"event_name":"Bonfire Elementals","player_choice":"BASIC","floor":4,"damage_taken":0},{"event_name":"Purifier","player_choice":"One Purge","floor":8,"damage_taken":0},{"event_name":"The Joust","player_choice":"Bet on Murderer","floor":19,"damage_taken":0},{"event_name":"Vampires","player_choice":"Ignored","floor":21,"damage_taken":0},{"event_name":"MindBloom","player_choice":"Upgrade","floor":37,"damage_taken":0},{"event_name":"Designer","player_choice":"Full Service","floor":47,"damage_taken":0}],"is_beta":false,"boss_relics":[{"not_picked":["Lizard Tail","Ectoplasm"],"picked":"Runic Dome"},{"not_picked":["Velvet Choker","Calling Bell"],"picked":"Busted Crown"}],"items_purged_floors":[11,46],"is_endless":false,"potions_floor_spawned":[2,14,16,25,31,35,36,40,42],"ascension_level":6}