{"gold_per_floor":[217,88,88,88,88,113,131,131,155,155,170,170],"floor_reached":12,"playtime":341,"items_purged":["Strike_G"],"score":152,"play_id":"e56a0efc-7d76-4799-bf64-10cf0d6c6e34","local_time":"20190705133541","is_ascension_mode":true,"campfire_choices":[{"data":"Calculated Gamble","floor":8,"key":"SMITH"},{"data":"Neutralize","floor":10,"key":"SMITH"}],"neow_cost":"NONE","seed_source_timestamp":0,"circlet_count":0,"master_deck":["AscendersBane","Strike_G","Strike_G","Strike_G","Strike_G","Defend_G","Defend_G","Defend_G","Defend_G","Defend_G","Survivor","Neutralize+1","Bouncing Flask+1","Poisoned Stab","Calculated Gamble+1","Backflip","PiercingWail"],"special_seed":0,"relics":["Ring of the Snake","Bronze Scales","Boot"],"potions_floor_usage":[12],"damage_taken":[{"damage":2.0,"enemies":"Jaw Worm","floor":1.0,"turns":6.0},{"damage":37,"enemies":"3 Sentries","floor":6,"turns":11},{"damage":0,"enemies":"2 Louse","floor":7,"turns":3},{"damage":0,"enemies":"Cultist","floor":11,"turns":3},{"damage":5,"enemies":"Exordium Wildlife","floor":12,"turns":3}],"seed_played":"-7508333873114369788","potions_obtained":[{"floor":6,"key":"SkillPotion"},{"floor":7,"key":"SteroidPotion"}],"is_trial":false,"path_per_floor":["M","$","?","?","?","E","M","R","T","R","M","M"],"character_chosen":"THE_SILENT","items_purchased":["Poisoned Stab"],"campfire_rested":0,"item_purchase_floors":[2],"current_hp_per_floor":[57,57,62,62,62,25,25,25,25,25,25,20],"gold":170,"neow_bonus":"HUNDRED_GOLD","is_prod":false,"is_daily":false,"chose_seed":false,"campfire_upgraded":2,"win_rate":0,"timestamp":1562304941,"path_taken":["M","$","?","?","?","E","M","R","T","R","M","?"],"build_version":"2019-07-01","purchased_purges":1,"victory":false,"max_hp_per_floor":[66,66,71,71,71,71,71,71,71,71,71,71],"card_choices":[{"not_picked":["Dodge and Roll","Cloak And Dagger"],"picked":"Bouncing Flask","floor":1.0},{"not_picked":["All Out Attack","Dagger Throw","Bullet Time"],"picked":"SKIP","floor":6},{"not_picked":["Sucker Punch","Infinite Blades"],"picked":"PiercingWail","floor":7},{"not_picked":["Bane","Blade Dance","Sucker Punch"],"picked":"SKIP","floor":11}],"player_experience":1551435,"relics_obtained":[{"floor":6,"key":"Bronze Scales"},{"floor":9,"key":"Boot"}],"event_choices":[{"damage_healed":0.0,"max_hp_gain":5.0,"max_hp_loss":0.0,"gold_gain":0.0,"event_name":"Big Fish","player_choice":"Donut","floor":3.0,"gold_loss":0.0,"damage_taken":0.0},{"damage_healed":0.0,"max_hp_gain":0.0,"max_hp_loss":0.0,"gold_gain":0.0,"event_name":"Living Wall","player_choice":"Grow","floor":4.0,"gold_loss":0.0,"damage_taken":0.0,"cards_upgraded":["Bouncing Flask"]},{"damage_healed":0.0,"max_hp_gain":0.0,"max_hp_loss":0.0,"gold_gain":0.0,"event_name":"Match and Keep!","player_choice":"2 cards matched","floor":5.0,"gold_loss":0.0,"damage_taken":0.0,"cards_obtained":["Calculated Gamble","Backflip"]}],"is_beta":false,"boss_relics":[],"items_purged_floors":[2],"is_endless":false,"potions_floor_spawned":[6,7],"killed_by":"Exordium Wildlife","ascension_level":20}