{"path_per_floor":["M","M","M","M","?","E","M","R","T","M","R","M","M","$","R","B",null,"M","M","?","T","?","R","M","R","T","$","R","M","M","M","R","B",null,"M","?","M"],"character_chosen":"THE_SILENT","items_purchased":["Prayer Wheel"],"gold_per_floor":[116,135,147,164,164,193,206,206,206,217,217,231,249,249,249,352,352,372,345,345,368,368,368,387,387,414,116,116,133,147,159,159,254,254,266,266,280,280],"floor_reached":38,"campfire_rested":4,"playtime":2002,"item_purchase_floors":[],"current_hp_per_floor":[57,57,57,37,30,8,7,30,30,23,23,22,4,4,27,26,64,64,54,54,54,54,54,27,27,27,27,50,35,25,3,26,7,60,19,19,8,0],"items_purged":[],"gold":280,"score":535,"play_id":"5ec7d2ed-8172-437d-8bfe-59d9eec33ca1","local_time":"20180603091449","is_prod":false,"is_daily":false,"chose_seed":false,"is_ascension_mode":true,"campfire_upgraded":3,"win_rate":0,"timestamp":1527988489,"campfire_choices":[{"floor":8.0,"key":"REST"},{"data":"Caltrops","floor":11.0,"key":"SMITH"},{"floor":15.0,"key":"REST"},{"data":"Footwork","floor":23.0,"key":"SMITH"},{"data":"Underhanded Strike","floor":25.0,"key":"SMITH"},{"floor":28.0,"key":"REST"},{"floor":32.0,"key":"REST"}],"path_taken":["M","M","M","M","?","E","?","R","T","M","R","?","M","$","R","BOSS","M","M","?","?","?","R","M","R","T","?","R","M","M","M","R","BOSS","M","?","M","?"],"build_version":"2018-05-30v2","seed_source_timestamp":0,"purchased_purges":0,"victory":false,"master_deck":["Defend_G","Defend_G","Defend_G","Strike_G","Strike_G","Survivor","Neutralize+1","Dagger Throw","Caltrops+1","Escape Plan","Underhanded Strike+1","Well Laid Plans","Escape Plan","Escape Plan","Blur","Die Die Die","Deflect","Footwork+1","Endless Agony","Backflip","Venomology","Slice+1","Infinite Blades","Leg Sweep+1","Tactician","Blade Dance+1","Bouncing Flask+1","Corpse Explosion+1","Deflect+1","Flying Knee","Footwork+1","PiercingWail+1"],"max_hp_per_floor":[70,70,70,70,70,77,77,77,77,77,77,77,77,77,77,77,77,77,77,77,77,77,77,77,77,77,77,77,77,77,77,77,77,77,77,77,77,77],"relics":["Ring of the Snake","Strawberry","Ornamental Fan","White Beast Statue","Vajra","Orichalcum","Prayer Wheel","Astrolabe"],"card_choices":[{"not_picked":["Acrobatics","Dagger Spray"],"picked":"Dagger Throw","floor":1.0},{"not_picked":["Acrobatics","Riddle With Holes"],"picked":"Caltrops","floor":2.0},{"not_picked":["Expertise","Outmaneuver"],"picked":"Escape Plan","floor":3.0},{"not_picked":["Poisoned Stab","Backflip"],"picked":"Underhanded Strike","floor":4.0},{"not_picked":["Cloak And Dagger","Sucker Punch","Dagger Throw"],"picked":"SKIP","floor":6.0},{"not_picked":["Blade Dance","Bane"],"picked":"Well Laid Plans","floor":7.0},{"not_picked":["Concentrate","Venomology"],"picked":"Escape Plan","floor":10.0},{"not_picked":["Deadly Poison","Noxious Fumes"],"picked":"Escape Plan","floor":12.0},{"not_picked":["Deadly Poison","Finisher"],"picked":"Blur","floor":13.0},{"not_picked":["Glass Knife","Corpse Explosion"],"picked":"Die Die Die","floor":16.0},{"not_picked":["Bane","Deadly Poison"],"picked":"Deflect","floor":18.0},{"not_picked":["Crippling Poison","Skewer"],"picked":"Footwork","floor":19.0},{"not_picked":["Finisher","Quick Slash","Bouncing Flask"],"picked":"SKIP","floor":24.0},{"not_picked":["Deadly Poison","Quick Slash"],"picked":"Endless Agony","floor":29.0},{"not_picked":["Dodge and Roll","Blade Dance"],"picked":"Backflip","floor":29.0},{"not_picked":["Eviscerate","Sucker Punch"],"picked":"Venomology","floor":30.0},{"not_picked":["Dodge and Roll","Well Laid Plans"],"picked":"Slice+1","floor":30.0},{"not_picked":["Outmaneuver","Prepared"],"picked":"Infinite Blades","floor":31.0},{"not_picked":["Bouncing Flask+1","Flying Knee"],"picked":"Leg Sweep+1","floor":31.0},{"not_picked":["Wraith Form v2","Adrenaline"],"picked":"Tactician","floor":33.0},{"not_picked":["Backflip+1","Bane+1"],"picked":"Deflect+1","floor":35},{"not_picked":["Deadly Poison","Dagger Spray+1"],"picked":"Flying Knee","floor":35},{"not_picked":["Deflect","Bane+1"],"picked":"PiercingWail+1","floor":37},{"not_picked":["Flying Knee+1","Venomology","Setup"],"picked":"SKIP","floor":37}],"player_experience":522811,"potions_floor_usage":[35,35,37,38],"damage_taken":[{"damage":6.0,"enemies":"Jaw Worm","floor":1.0,"turns":4.0},{"damage":0.0,"enemies":"2 Louse","floor":2.0,"turns":3.0},{"damage":0.0,"enemies":"Small Slimes","floor":3.0,"turns":4.0},{"damage":20.0,"enemies":"Gremlin Gang","floor":4.0,"turns":5.0},{"damage":29.0,"enemies":"Lagavulin","floor":6.0,"turns":7.0},{"damage":1.0,"enemies":"2 Fungi Beasts","floor":7.0,"turns":4.0},{"damage":7.0,"enemies":"3 Louse","floor":10.0,"turns":4.0},{"damage":1.0,"enemies":"Looter","floor":12.0,"turns":3.0},{"damage":18.0,"enemies":"Exordium Thugs","floor":13.0,"turns":6.0},{"damage":1.0,"enemies":"Hexaghost","floor":16.0,"turns":9.0},{"damage":0.0,"enemies":"3 Byrds","floor":18.0,"turns":3.0},{"damage":10.0,"enemies":"2 Thieves","floor":19.0,"turns":5.0},{"damage":27.0,"enemies":"Slaver and Parasite","floor":24.0,"turns":6.0},{"damage":15.0,"enemies":"Cultist and Chosen","floor":29.0,"turns":6.0},{"damage":10.0,"enemies":"Centurion and Healer","floor":30.0,"turns":10.0},{"damage":22.0,"enemies":"Slaver and Parasite","floor":31.0,"turns":6.0},{"damage":19.0,"enemies":"Automaton","floor":33.0,"turns":16.0},{"damage":41,"enemies":"Flame Bruiser 1 Orb","floor":35,"turns":7},{"damage":11,"enemies":"3 Shapes","floor":37,"turns":5},{"damage":19,"enemies":"…Ò√ÿ‘≤«Ú","floor":38,"turns":6}],"relics_obtained":[{"floor":6.0,"key":"Strawberry"},{"floor":9.0,"key":"Ornamental Fan"},{"floor":21.0,"key":"Vajra"},{"floor":26.0,"key":"Orichalcum"}],"event_choices":[{"event_name":"Golden Wing","player_choice":"Card Removal","floor":5.0,"damage_taken":0.0},{"event_name":"Back to Basics","player_choice":"Elegance","floor":20.0,"damage_taken":0.0},{"event_name":"Ghosts","player_choice":"Ignored","floor":22.0,"damage_taken":0.0},{"event_name":"Duplicator","player_choice":"One dupe","floor":36,"damage_taken":0},{"event_name":"Mysterious Sphere","player_choice":"Fight","floor":38,"damage_taken":0}],"boss_relics":[],"items_purged_floors":[],"potions_floor_spawned":[2,3,7,10,13,18,19,24,29,30,31,33,35,37],"seed_played":"54717112427808569","killed_by":"…Ò√ÿ‘≤«Ú","ascension_level":8,"potions_obtained":[{"floor":2.0,"key":"EssenceOfSteel"},{"floor":3.0,"key":"Poison Potion"},{"floor":7.0,"key":"Strength Potion"},{"floor":10.0,"key":"Poison Potion"},{"floor":13.0,"key":"SteroidPotion"},{"floor":18.0,"key":"LiquidBronze"},{"floor":19.0,"key":"SpeedPotion"},{"floor":24.0,"key":"AttackPotion"},{"floor":29.0,"key":"FearPotion"},{"floor":30.0,"key":"SteroidPotion"},{"floor":31.0,"key":"Dexterity Potion"},{"floor":33.0,"key":"SkillPotion"},{"floor":35,"key":"AttackPotion"},{"floor":37,"key":"Dexterity Potion"}],"is_trial":false}