{"gold_per_floor":[111,36,36,46,46,46,58,58,58,58,70,84,84,119,119,192,192,204,204,221,234,249,284,284,318,318,318,347,69,94,112,112,186,186,197,215,233,84,101,26,126,126,126,126,126,157,173,199,199,199,199,199,63,89,89],"floor_reached":56,"playtime":2798,"items_purged":["Dagger Spray","Tools of the Trade","Poisoned Stab","Crippling Poison"],"score":3064,"play_id":"c5d00d3f-c01a-4fa8-8c01-bbbc041a437b","local_time":"20181219112440","is_ascension_mode":true,"campfire_choices":[{"data":"Calculated Gamble","floor":6.0,"key":"SMITH"},{"data":"Acrobatics","floor":8.0,"key":"SMITH"},{"data":"Reflex","floor":13.0,"key":"SMITH"},{"data":"Tactician","floor":15.0,"key":"SMITH"},{"data":"Adrenaline","floor":24,"key":"SMITH"},{"floor":27,"key":"REST"},{"data":"Venomology","floor":32,"key":"PURGE"},{"data":"Calculated Gamble","floor":42,"key":"PURGE"},{"floor":44,"key":"RECALL"},{"data":"Acrobatics+1","floor":49,"key":"PURGE"},{"data":"Tactician+1","floor":52,"key":"PURGE"}],"neow_cost":"NONE","seed_source_timestamp":4731087191787,"circlet_count":0,"master_deck":["AscendersBane","Reflex+1","Calculated Gamble+1","Adrenaline+1","Grand Finale+1"],"special_seed":0,"relics":["Pandora\u0027s Box","Boot","White Beast Statue","Turnip","Molten Egg 2","Darkstone Periapt","Blood Vial","Membership Card","Peace Pipe","Empty Cage","Pocketwatch","Sundial","Bottled Lightning","PreservedInsect","Letter Opener","Anchor"],"potions_floor_usage":[20,21,22,23,25,25,28,28,30,31,55],"damage_taken":[{"damage":0.0,"enemies":"Small Slimes","floor":1.0,"turns":3.0},{"damage":0.0,"enemies":"Cultist","floor":4.0,"turns":3.0},{"damage":9.0,"enemies":"2 Louse","floor":7.0,"turns":3.0},{"damage":0.0,"enemies":"Exordium Thugs","floor":11.0,"turns":4.0},{"damage":16.0,"enemies":"Lots of Slimes","floor":12.0,"turns":4.0},{"damage":0.0,"enemies":"Lagavulin","floor":14.0,"turns":2.0},{"damage":0.0,"enemies":"Hexaghost","floor":16.0,"turns":1.0},{"damage":0.0,"enemies":"2 Thieves","floor":18.0,"turns":1.0},{"damage":0,"enemies":"3 Byrds","floor":20,"turns":1},{"damage":18,"enemies":"Snake Plant","floor":21,"turns":2},{"damage":0,"enemies":"Snecko","floor":22,"turns":1},{"damage":0,"enemies":"Gremlin Leader","floor":23,"turns":1},{"damage":32,"enemies":"Slavers","floor":25,"turns":2},{"damage":0,"enemies":"Book of Stabbing","floor":28,"turns":6},{"damage":0,"enemies":"Gremlin Leader","floor":30,"turns":2},{"damage":0,"enemies":"3 Cultists","floor":31,"turns":1},{"damage":0,"enemies":"Automaton","floor":33,"turns":2},{"damage":0,"enemies":"3 Shapes","floor":35,"turns":3},{"damage":0,"enemies":"Orb Walker","floor":36,"turns":1},{"damage":0,"enemies":"Maw","floor":37,"turns":2},{"damage":0,"enemies":"Spire Growth","floor":39,"turns":1},{"damage":0,"enemies":"Mind Bloom Boss Battle","floor":41,"turns":1},{"damage":0,"enemies":"Giant Head","floor":46,"turns":1},{"damage":7,"enemies":"Sphere and 2 Shapes","floor":47,"turns":1},{"damage":0,"enemies":"Reptomancer","floor":48,"turns":1},{"damage":0,"enemies":"Donu and Deca","floor":50,"turns":1},{"damage":0,"enemies":"Shield and Spear","floor":54,"turns":1},{"damage":71,"enemies":"The Heart","floor":55,"turns":4}],"seed_played":"-179518315640512639","potions_obtained":[{"floor":12.0,"key":"Strength Potion"},{"floor":14.0,"key":"Weak Potion"},{"floor":18.0,"key":"Poison Potion"},{"floor":25,"key":"PowerPotion"},{"floor":28,"key":"Block Potion"},{"floor":36,"key":"FairyPotion"},{"floor":37,"key":"GhostInAJar"}],"is_trial":false,"path_per_floor":["M","$","?","M","$","R","M","R","T","$","M","M","R","E","R","B",null,"M","?","M","M","M","E","R","E","T","R","E","$","E","M","R","B",null,"M","M","M","$","M","$","?","R","T","R","?","E","M","E","R","B",null,"R","$","E","B",null],"character_chosen":"THE_SILENT","items_purchased":["Membership Card","Grand Finale+1","Letter Opener"],"campfire_rested":1,"item_purchase_floors":[29,38,53],"current_hp_per_floor":[59,59,59,59,59,59,50,50,50,50,50,34,34,34,34,34,58,58,58,58,40,40,40,40,8,8,27,42,42,44,46,46,48,62,64,66,66,66,66,66,66,66,66,66,66,66,59,61,61,63,65,65,65,66,1],"gold":89,"neow_bonus":"BOSS_RELIC","is_prod":false,"is_daily":false,"chose_seed":false,"campfire_upgraded":5,"win_rate":0,"timestamp":1545189880,"path_taken":["M","$","?","?","?","R","M","R","T","?","M","M","R","E","R","BOSS","M","?","M","M","M","E","R","E","T","R","E","?","E","M","R","BOSS","M","M","?","$","M","$","?","R","T","R","?","E","M","E","R","BOSS","R","$","E","BOSS"],"build_version":"2018-12-13","purchased_purges":4,"victory":true,"max_hp_per_floor":[66,66,66,66,66,66,66,66,66,66,66,66,66,66,66,66,66,66,66,66,66,66,66,66,66,66,66,66,66,66,66,66,66,66,66,66,66,66,66,66,66,66,66,66,66,66,66,66,66,66,66,66,66,66,66],"card_choices":[{"not_picked":["Dodge and Roll","Sucker Punch"],"picked":"Acrobatics","floor":1.0},{"not_picked":["Flying Knee","Blade Dance","Outmaneuver"],"picked":"SKIP","floor":4.0},{"not_picked":["Outmaneuver","Quick Slash","Dagger Throw"],"picked":"SKIP","floor":7.0},{"not_picked":["Cloak And Dagger","Distraction","PiercingWail"],"picked":"SKIP","floor":11.0},{"not_picked":["Crippling Poison","Poisoned Stab","Finisher"],"picked":"SKIP","floor":12.0},{"not_picked":["Blade Dance","Poisoned Stab","Night Terror"],"picked":"SKIP","floor":14.0},{"not_picked":["Quick Slash","Cloak And Dagger","Deflect"],"picked":"SKIP","floor":18.0},{"not_picked":["Acrobatics","Noxious Fumes","Flying Knee"],"picked":"SKIP","floor":20},{"not_picked":["Backflip","All Out Attack","Quick Slash+1"],"picked":"SKIP","floor":21},{"not_picked":["Cloak And Dagger","Finisher","Flying Knee+1"],"picked":"SKIP","floor":22},{"not_picked":["Dodge and Roll","Calculated Gamble+1"],"picked":"Adrenaline","floor":23},{"not_picked":["Malaise","Masterful Stab+1","Prepared"],"picked":"SKIP","floor":25},{"not_picked":["Bane+1","Terror","Well Laid Plans"],"picked":"SKIP","floor":28},{"not_picked":["Wraith Form v2","Escape Plan","Tactician"],"picked":"SKIP","floor":30},{"not_picked":["Dagger Spray+1","Accuracy","Endless Agony+1"],"picked":"SKIP","floor":31},{"not_picked":["Dagger Spray+1","Quick Slash+1","Blur"],"picked":"SKIP","floor":35},{"not_picked":["Dagger Spray+1","Deflect+1","Choke+1"],"picked":"SKIP","floor":36},{"not_picked":["Cloak And Dagger","Backflip+1","Acrobatics"],"picked":"SKIP","floor":37},{"not_picked":["Slice+1","Deflect","All Out Attack+1"],"picked":"SKIP","floor":39},{"not_picked":["Predator+1","Dagger Spray+1","Dodge and Roll"],"picked":"SKIP","floor":46},{"not_picked":["Endless Agony+1","Deflect","Unload+1"],"picked":"SKIP","floor":47},{"not_picked":["Poisoned Stab+1","Escape Plan","Outmaneuver"],"picked":"SKIP","floor":48},{"not_picked":["Cloak And Dagger","Leg Sweep","Underhanded Strike+1"],"picked":"SKIP","floor":54}],"player_experience":1368259,"relics_obtained":[{"floor":14.0,"key":"Boot"},{"floor":23,"key":"Turnip"},{"floor":25,"key":"Molten Egg 2"},{"floor":26,"key":"Darkstone Periapt"},{"floor":28,"key":"Blood Vial"},{"floor":30,"key":"Peace Pipe"},{"floor":41,"key":"Pocketwatch"},{"floor":43,"key":"Sundial"},{"floor":46,"key":"Bottled Lightning"},{"floor":48,"key":"PreservedInsect"},{"floor":54,"key":"Anchor"}],"event_choices":[{"damage_healed":0.0,"max_hp_gain":0.0,"max_hp_loss":0.0,"gold_gain":0.0,"cards_transformed":["Storm of Steel"],"event_name":"Transmorgrifier","player_choice":"Transformed","floor":3.0,"gold_loss":0.0,"damage_taken":0.0,"cards_obtained":["Calculated Gamble"]},{"damage_healed":0,"gold_gain":0,"cards_transformed":["Bullet Time"],"player_choice":"Transformed","damage_taken":0,"max_hp_gain":0,"max_hp_loss":0,"event_name":"Transmorgrifier","floor":19,"gold_loss":0,"cards_obtained":["Venomology"]},{"damage_healed":0,"gold_gain":0,"player_choice":"Fight","damage_taken":0,"max_hp_gain":0,"max_hp_loss":0,"event_name":"MindBloom","floor":41,"gold_loss":0},{"cards_removed":["After Image"],"damage_healed":0,"gold_gain":0,"player_choice":"Removed Power","damage_taken":0,"max_hp_gain":0,"max_hp_loss":0,"event_name":"Falling","floor":45,"gold_loss":0}],"is_beta":false,"boss_relics":[{"not_picked":["Fusion Hammer","Orrery"],"picked":"White Beast Statue"},{"not_picked":["HoveringKite","Astrolabe"],"picked":"Empty Cage"}],"items_purged_floors":[2,29,38,40],"is_endless":false,"potions_floor_spawned":[12,14,18,20,21,22,23,25,28,30,31,33,35,36,37,39,41,46,47,48,54],"ascension_level":18}