{"gold_per_floor":[20,20,20,20,43,86,86,117,189,220,220,220,238,272,272,272],"floor_reached":16,"playtime":591,"items_purged":[],"score":252,"play_id":"576c816a-5c36-4d8b-9fb2-bafe7048ec41","local_time":"20190328114450","is_ascension_mode":true,"campfire_choices":[{"data":"Rip and Tear","floor":7,"key":"SMITH"},{"data":"Dualcast","floor":12,"key":"SMITH"},{"data":"Recycle","floor":15,"key":"SMITH"}],"neow_cost":"NO_GOLD","seed_source_timestamp":1359303699824,"circlet_count":0,"master_deck":["AscendersBane","Strike_B","Defend_B","Defend_B","Defend_B","Defend_B","Zap","Dualcast+1","Rip and Tear+1","Genetic Algorithm","Cold Snap","Self Repair","Undo","Glacier","Ball Lightning","Recycle+1"],"special_seed":0,"relics":["Cracked Core","Golden Idol","Happy Flower","Singing Bowl","Bird Faced Urn","FossilizedHelix","CultistMask","Molten Egg 2"],"potions_floor_usage":[16],"damage_taken":[{"damage":7.0,"enemies":"2 Louse","floor":1.0,"turns":3.0},{"damage":5.0,"enemies":"Jaw Worm","floor":5.0,"turns":3.0},{"damage":24,"enemies":"Lagavulin","floor":6,"turns":7},{"damage":17,"enemies":"3 Sentries","floor":8,"turns":11},{"damage":17,"enemies":"Lagavulin","floor":10,"turns":9},{"damage":0,"enemies":"Small Slimes","floor":13,"turns":4},{"damage":19,"enemies":"3 Sentries","floor":14,"turns":10},{"damage":19,"enemies":"Hexaghost","floor":16,"turns":9}],"seed_played":"752049782452022494","potions_obtained":[{"floor":1.0,"key":"Energy Potion"},{"floor":5.0,"key":"Fruit Juice"},{"floor":13,"key":"SteroidPotion"}],"is_trial":false,"path_per_floor":["M","?","?","?","M","E","R","E","T","E","?","R","M","E","R","B"],"character_chosen":"DEFECT","items_purchased":[],"campfire_rested":0,"item_purchase_floors":[],"current_hp_per_floor":[57,57,50,50,50,33,33,25,25,17,17,17,26,16,16,0],"gold":272,"neow_bonus":"TRANSFORM_TWO_CARDS","is_prod":false,"is_daily":false,"chose_seed":false,"campfire_upgraded":3,"win_rate":0,"timestamp":1553744690,"path_taken":["M","?","?","?","?","E","R","E","T","E","?","R","?","E","R","BOSS"],"build_version":"2019-01-23","purchased_purges":0,"victory":false,"max_hp_per_floor":[71,64,64,64,69,69,69,71,71,71,71,71,71,71,71,71],"card_choices":[{"not_picked":["Chaos","Beam Cell"],"picked":"Cold Snap","floor":1.0},{"not_picked":["Go for the Eyes","Blizzard"],"picked":"Self Repair","floor":5.0},{"not_picked":["Reprogram","Gash"],"picked":"Undo","floor":6},{"not_picked":["Auto Shields","Beam Cell","Conserve Battery"],"picked":"Singing Bowl","floor":8},{"not_picked":["Hologram","Sweeping Beam"],"picked":"Glacier","floor":10},{"not_picked":["Beam Cell","Cold Snap"],"picked":"Ball Lightning","floor":13},{"not_picked":["Hello World","Doom and Gloom"],"picked":"Recycle","floor":14}],"player_experience":3917535,"relics_obtained":[{"floor":6,"key":"Singing Bowl"},{"floor":8,"key":"Bird Faced Urn"},{"floor":10,"key":"FossilizedHelix"},{"floor":14,"key":"Molten Egg 2"}],"event_choices":[{"damage_healed":0.0,"max_hp_gain":0.0,"max_hp_loss":7.0,"gold_gain":0.0,"event_name":"Golden Idol","player_choice":"Lose Max HP","floor":2.0,"gold_loss":0.0,"damage_taken":0.0,"relics_obtained":["Golden Idol"]},{"cards_removed":["Strike_B"],"damage_healed":0.0,"max_hp_gain":0.0,"max_hp_loss":0.0,"gold_gain":0.0,"event_name":"Golden Wing","player_choice":"Card Removal","floor":3.0,"gold_loss":0.0,"damage_taken":7.0},{"damage_healed":0.0,"max_hp_gain":0.0,"max_hp_loss":0.0,"gold_gain":0.0,"event_name":"WeMeetAgain","player_choice":"Gave Potion","floor":4.0,"gold_loss":0.0,"damage_taken":0.0,"relics_obtained":["Happy Flower"]},{"damage_healed":0,"gold_gain":0,"player_choice":"Trade","damage_taken":0,"relics_obtained":["CultistMask"],"max_hp_gain":0,"max_hp_loss":0,"event_name":"FaceTrader","floor":11,"gold_loss":0}],"is_beta":false,"boss_relics":[],"items_purged_floors":[],"is_endless":false,"potions_floor_spawned":[1,5,13],"killed_by":"Hexaghost","ascension_level":20}