{"gold_per_floor":[118,38,113,113,74,105,105,130,204,129,149,169,189,201,201,276,276,296,196,210,210,210,210,225,17,42,67,67,97,97,97,97,169,219,232,232,251,101,101,101,101,101,101,101,120,155,173,208,208,208,208,208,208,33,64,64],"floor_reached":57,"playtime":2652,"items_purged":["Strike_G","Slice","All Out Attack","Bane","Deadly Poison"],"score":3308,"play_id":"1a17669a-0f7a-4c01-b2ff-f27ef3d88147","local_time":"20190408142154","is_ascension_mode":true,"campfire_choices":[{"data":"Noxious Fumes","floor":7.0,"key":"SMITH"},{"data":"Neutralize","floor":15.0,"key":"SMITH"},{"data":"Well Laid Plans","floor":23.0,"key":"SMITH"},{"data":"Acrobatics","floor":28.0,"key":"SMITH"},{"data":"Tactician","floor":30.0,"key":"SMITH"},{"data":"Acrobatics","floor":32.0,"key":"SMITH"},{"data":"Terror","floor":40.0,"key":"SMITH"},{"data":"Doppelganger","floor":42.0,"key":"SMITH"},{"floor":44.0,"key":"RECALL"},{"floor":49,"key":"REST"},{"data":"Grand Finale","floor":53,"key":"SMITH"}],"neow_cost":"NONE","seed_source_timestamp":6383173839913,"circlet_count":0,"master_deck":["AscendersBane","Survivor","Neutralize+1","Caltrops","Tactician+1","Noxious Fumes+1","Footwork","Footwork","Tools of the Trade+1","Grand Finale+1","Underhanded Strike","Terror+1","PiercingWail","Blur","Doppelganger+1","Acrobatics+1","Escape Plan","Well Laid Plans+1","Acrobatics+1","Well Laid Plans+1","Escape Plan+1","Backflip","Prepared+1"],"special_seed":0,"relics":["Ring of the Snake","NeowsBlessing","Centennial Puzzle","Omamori","Pandora\u0027s Box","Letter Opener","Oddly Smooth Stone","Pen Nib","Vajra","Tiny House","Kunai","Mummified Hand","Question Card","Lantern"],"potions_floor_usage":[46],"damage_taken":[{"damage":0.0,"enemies":"Small Slimes","floor":1.0,"turns":1.0},{"damage":0.0,"enemies":"Lagavulin","floor":6.0,"turns":1.0},{"damage":0.0,"enemies":"Gremlin Nob","floor":8.0,"turns":1.0},{"damage":4.0,"enemies":"2 Louse","floor":11.0,"turns":2.0},{"damage":0.0,"enemies":"Jaw Worm","floor":12.0,"turns":6.0},{"damage":12.0,"enemies":"2 Fungi Beasts","floor":13.0,"turns":3.0},{"damage":6.0,"enemies":"3 Louse","floor":14.0,"turns":4.0},{"damage":17.0,"enemies":"The Guardian","floor":16.0,"turns":11.0},{"damage":15.0,"enemies":"Spheric Guardian","floor":18.0,"turns":4.0},{"damage":15.0,"enemies":"Shell Parasite","floor":20.0,"turns":4.0},{"damage":11.0,"enemies":"Cultist and Chosen","floor":24.0,"turns":5.0},{"damage":4.0,"enemies":"Gremlin Leader","floor":27.0,"turns":4.0},{"damage":2.0,"enemies":"Slavers","floor":29.0,"turns":2.0},{"damage":0.0,"enemies":"Collector","floor":33.0,"turns":4.0},{"damage":0.0,"enemies":"3 Shapes","floor":35.0,"turns":2.0},{"damage":7.0,"enemies":"Orb Walker","floor":37.0,"turns":4.0},{"damage":0,"enemies":"3 Darklings","floor":45,"turns":2},{"damage":0,"enemies":"Nemesis","floor":46,"turns":6},{"damage":5,"enemies":"Sphere and 2 Shapes","floor":47,"turns":3},{"damage":17,"enemies":"Giant Head","floor":48,"turns":2},{"damage":0,"enemies":"Awakened One","floor":50,"turns":3},{"damage":0,"enemies":"Donu and Deca","floor":51,"turns":2},{"damage":18,"enemies":"Shield and Spear","floor":55,"turns":3},{"damage":5,"enemies":"The Heart","floor":56,"turns":6}],"seed_played":"-3224873846840454693","potions_obtained":[{"floor":1.0,"key":"Energy Potion"},{"floor":12.0,"key":"Fire Potion"},{"floor":18.0,"key":"SteroidPotion"},{"floor":33.0,"key":"AttackPotion"},{"floor":34.0,"key":"SkillPotion"},{"floor":46,"key":"FearPotion"},{"floor":55,"key":"SteroidPotion"}],"is_trial":false,"path_per_floor":["M","$","?","?","$","E","R","E","T","$","M","M","M","M","R","B",null,"M","$","M","?","?","R","M","$","T","E","R","E","R","?","R","B",null,"M","?","M","$","?","R","?","R","T","R","M","E","M","E","R","B","B",null,"R","$","E","B",null],"character_chosen":"THE_SILENT","items_purchased":["Tactician","Noxious Fumes","GamblersBrew"],"campfire_rested":1,"item_purchase_floors":[2,5,25],"current_hp_per_floor":[59,59,48,48,48,48,48,48,48,48,44,44,32,26,26,9,52,37,37,22,22,22,22,11,11,11,7,7,5,5,5,5,5,56,56,56,49,49,49,49,71,71,71,71,71,71,66,49,70,70,70,71,71,71,53,48],"gold":64,"neow_bonus":"THREE_ENEMY_KILL","is_prod":false,"is_daily":false,"chose_seed":false,"campfire_upgraded":9,"win_rate":0,"timestamp":1554704514,"path_taken":["M","$","?","?","$","E","R","E","T","$","M","M","M","M","R","BOSS","M","$","M","?","?","R","M","$","T","E","R","E","R","?","R","BOSS","M","?","?","$","?","R","?","R","T","R","M","E","M","E","R","BOSS","BOSS","R","$","E","BOSS"],"build_version":"2019-01-23","purchased_purges":5,"victory":true,"max_hp_per_floor":[66,66,66,66,66,66,66,66,66,66,66,66,66,66,66,66,66,66,66,66,66,66,66,66,66,66,66,66,66,66,66,66,66,71,71,71,71,71,71,71,71,71,71,71,71,71,71,71,71,71,71,71,71,71,71,71],"card_choices":[{"not_picked":["Prepared","Accuracy"],"picked":"Caltrops","floor":1.0},{"not_picked":["Outmaneuver","Underhanded Strike"],"picked":"Footwork","floor":6.0},{"not_picked":["Riddle With Holes","Outmaneuver","Dagger Throw"],"picked":"SKIP","floor":8.0},{"not_picked":["Choke","Slice","Bane"],"picked":"SKIP","floor":11.0},{"not_picked":["Setup","Acrobatics"],"picked":"Footwork","floor":12.0},{"not_picked":["Blade Dance","Riddle With Holes"],"picked":"Deadly Poison","floor":13.0},{"not_picked":["Blade Dance","Die Die Die","Deflect"],"picked":"SKIP","floor":14.0},{"not_picked":["Wraith Form v2","Die Die Die"],"picked":"Tools of the Trade","floor":16.0},{"not_picked":["Dagger Spray","Crippling Poison"],"picked":"Acrobatics","floor":18.0},{"not_picked":["Catalyst+1","Crippling Poison"],"picked":"Escape Plan","floor":20.0},{"not_picked":["Eviscerate+1","Caltrops","Escape Plan"],"picked":"SKIP","floor":24.0},{"not_picked":["Leg Sweep","Deflect+1","Dagger Spray"],"picked":"SKIP","floor":27.0},{"not_picked":["Infinite Blades","Sucker Punch"],"picked":"Acrobatics","floor":29.0},{"not_picked":["Outmaneuver","Bane+1","Underhanded Strike"],"picked":"SKIP","floor":35.0},{"not_picked":["Outmaneuver","Bane+1","Underhanded Strike"],"picked":"SKIP","floor":35.0},{"not_picked":["Outmaneuver+1","Underhanded Strike+1"],"picked":"Escape Plan+1","floor":37.0},{"not_picked":["Distraction","Heel Hook","Dagger Spray"],"picked":"SKIP","floor":45},{"not_picked":["Dagger Throw","Reflex+1","Deadly Poison+1"],"picked":"SKIP","floor":46},{"not_picked":["Accuracy","Deadly Poison"],"picked":"Backflip","floor":47},{"not_picked":["Terror","Prepared+1","Deflect"],"picked":"SKIP","floor":48},{"not_picked":["Terror","Deflect"],"picked":"Prepared+1","floor":48},{"not_picked":["PiercingWail","Distraction+1","Grand Finale","Poisoned Stab"],"picked":"SKIP","floor":55}],"player_experience":4149917,"relics_obtained":[{"floor":6.0,"key":"Centennial Puzzle"},{"floor":8.0,"key":"Omamori"},{"floor":26.0,"key":"Oddly Smooth Stone"},{"floor":27.0,"key":"Pen Nib"},{"floor":29.0,"key":"Vajra"},{"floor":43.0,"key":"Kunai"},{"floor":46,"key":"Mummified Hand"},{"floor":48,"key":"Question Card"},{"floor":55,"key":"Lantern"}],"event_choices":[{"damage_healed":0.0,"max_hp_gain":0.0,"max_hp_loss":0.0,"gold_gain":75.0,"event_name":"World of Goop","player_choice":"Gather Gold","floor":3.0,"gold_loss":0.0,"damage_taken":11.0},{"damage_healed":0.0,"max_hp_gain":0.0,"max_hp_loss":0.0,"gold_gain":0.0,"cards_transformed":["Strike_G"],"event_name":"Living Wall","player_choice":"Change","floor":4.0,"gold_loss":0.0,"damage_taken":0.0,"cards_obtained":["All Out Attack"]},{"damage_healed":0.0,"max_hp_gain":0.0,"max_hp_loss":0.0,"gold_gain":0.0,"event_name":"The Library","player_choice":"Read","floor":21.0,"gold_loss":0.0,"damage_taken":0.0,"cards_obtained":["Well Laid Plans"]},{"damage_healed":0.0,"max_hp_gain":0.0,"max_hp_loss":0.0,"gold_gain":0.0,"event_name":"The Mausoleum","player_choice":"Opened","floor":22.0,"gold_loss":0.0,"damage_taken":0.0,"relics_obtained":["Letter Opener"],"cards_obtained":["Writhe"]},{"damage_healed":0.0,"max_hp_gain":0.0,"max_hp_loss":0.0,"gold_gain":0.0,"event_name":"Vampires","player_choice":"Ignored","floor":31.0,"gold_loss":0.0,"damage_taken":0.0},{"damage_healed":0.0,"max_hp_gain":0.0,"max_hp_loss":0.0,"gold_gain":0.0,"event_name":"Duplicator","player_choice":"Copied","floor":36.0,"gold_loss":0.0,"damage_taken":0.0,"cards_obtained":["Well Laid Plans"]},{"damage_healed":0.0,"max_hp_gain":0.0,"max_hp_loss":0.0,"gold_gain":0.0,"event_name":"SensoryStone","player_choice":"Memory 1","floor":39.0,"gold_loss":0.0,"damage_taken":0.0},{"damage_healed":22.0,"max_hp_gain":0.0,"max_hp_loss":0.0,"gold_gain":0.0,"event_name":"MindBloom","player_choice":"Heal","floor":41.0,"gold_loss":0.0,"damage_taken":0.0,"cards_obtained":["Doubt"]}],"is_beta":false,"boss_relics":[{"not_picked":["Sozu","Busted Crown"],"picked":"Pandora\u0027s Box"},{"not_picked":["Coffee Dripper","Eternal Feather"],"picked":"Tiny House"}],"items_purged_floors":[10,19,25,38,54],"is_endless":false,"potions_floor_spawned":[1,12,14,18,24,33,46,55],"ascension_level":20}