{"gold_per_floor":[113,113,131,306,6,6,81,81,128,128,142,157,57,77,77,181,181,200,75,75,94,109,109],"floor_reached":23,"playtime":1597,"items_purged":["Doubt","Strike_R","Defend_R"],"score":272,"play_id":"56adcf7e-6a95-40ba-98bc-dec4a10c871b","local_time":"20190728095311","is_ascension_mode":true,"campfire_choices":[{"data":"Twin Strike","floor":6,"key":"SMITH"},{"data":"Sever Soul","floor":8,"key":"SMITH"},{"data":"Uppercut","floor":10,"key":"SMITH"},{"floor":15,"key":"REST"}],"neow_cost":"NONE","seed_source_timestamp":679993482744623,"circlet_count":0,"master_deck":["AscendersBane","Strike_R+1","Strike_R+1","Strike_R+1","Defend_R","Defend_R","Defend_R","Bash+1","Uppercut+1","Twin Strike+1","Sever Soul+1","Wild Strike","Bludgeon","Evolve","Fiend Fire","Perfected Strike"],"relics":["Burning Blood","Whetstone","Potion Belt","Busted Crown"],"potions_floor_usage":[16,18],"damage_taken":[{"damage":19,"enemies":"Jaw Worm","floor":1,"turns":5},{"damage":1,"enemies":"2 Louse","floor":3,"turns":3},{"damage":3,"enemies":"Small Slimes","floor":11,"turns":3},{"damage":16,"enemies":"Blue Slaver","floor":12,"turns":4},{"damage":1,"enemies":"Exordium Thugs","floor":14,"turns":3},{"damage":54,"enemies":"Hexaghost","floor":16,"turns":9},{"damage":33,"enemies":"Shell Parasite","floor":18,"turns":5},{"damage":11,"enemies":"Spheric Guardian","floor":21,"turns":3},{"damage":18,"enemies":"Snake Plant","floor":22,"turns":3},{"damage":68,"enemies":"Gremlin Leader","floor":23,"turns":4}],"seed_played":"-873993699293108969","potions_obtained":[{"floor":1,"key":"Weak Potion"},{"floor":3,"key":"SteroidPotion"},{"floor":14,"key":"BloodPotion"},{"floor":16,"key":"SneckoOil"},{"floor":22,"key":"PowerPotion"}],"is_trial":false,"path_per_floor":["M","?","M","?","$","R","?","R","T","R","M","M","$","M","R","B",null,"M","$","?","M","M","E"],"character_chosen":"IRONCLAD","items_purchased":["Sever Soul","Whetstone"],"campfire_rested":1,"item_purchase_floors":[5,5],"current_hp_per_floor":[59,43,48,48,48,48,37,37,37,37,40,30,30,35,59,11,63,56,56,80,75,63,0],"gold":109,"neow_bonus":"TRANSFORM_CARD","is_prod":false,"is_daily":false,"chose_seed":false,"campfire_upgraded":3,"win_rate":0,"timestamp":1564325591,"path_taken":["M","?","M","?","$","R","?","R","T","R","M","M","?","?","R","BOSS","M","$","?","?","?","E"],"build_version":"2019-07-17","purchased_purges":3,"victory":false,"max_hp_per_floor":[80,80,80,80,80,80,80,80,80,80,80,80,80,80,80,80,80,80,80,80,80,80,80],"card_choices":[{"not_picked":["Combust","Heavy Blade"],"picked":"Uppercut","floor":1},{"not_picked":["Heavy Blade","Clothesline"],"picked":"Twin Strike","floor":3},{"not_picked":["Cleave","Havoc"],"picked":"Wild Strike","floor":11},{"not_picked":["Whirlwind","Anger"],"picked":"Bludgeon","floor":12},{"not_picked":["Fire Breathing","Perfected Strike"],"picked":"Evolve","floor":14},{"not_picked":["Bludgeon","Limit Break"],"picked":"Fiend Fire","floor":16},{"not_picked":[],"picked":"Perfected Strike","floor":18},{"not_picked":["Havoc"],"picked":"SKIP","floor":21},{"not_picked":["Clothesline"],"picked":"SKIP","floor":22}],"player_experience":361882,"relics_obtained":[{"floor":9,"key":"Potion Belt"}],"event_choices":[{"damage_healed":0,"gold_gain":0,"player_choice":"Entered Light","damage_taken":16,"max_hp_gain":0,"max_hp_loss":0,"event_name":"Shining Light","floor":2,"gold_loss":0,"cards_upgraded":["Strike_R","Strike_R"]},{"damage_healed":0,"gold_gain":175,"player_choice":"AGREE","damage_taken":0,"max_hp_gain":0,"max_hp_loss":0,"event_name":"Liars Game","floor":4,"gold_loss":0,"cards_obtained":["Doubt"]},{"damage_healed":0,"gold_gain":75,"player_choice":"Gather Gold","damage_taken":11,"max_hp_gain":0,"max_hp_loss":0,"event_name":"World of Goop","floor":7,"gold_loss":0},{"cards_removed":["Corruption"],"damage_healed":24,"gold_gain":0,"player_choice":"Offered Uncommon","damage_taken":0,"max_hp_gain":0,"max_hp_loss":0,"event_name":"Bonfire Elementals","floor":20,"gold_loss":0}],"is_beta":false,"boss_relics":[{"not_picked":["Astrolabe","Runic Pyramid"],"picked":"Busted Crown"}],"items_purged_floors":[5,13,19],"is_endless":false,"potions_floor_spawned":[1,3,14,16,22],"killed_by":"Gremlin Leader","ascension_level":10}