{"gold_per_floor":[112,69,84,84,98,98,110,110,162,190,190,265,265,265],"floor_reached":14,"playtime":458,"items_purged":[],"score":176,"play_id":"ff23884f-9917-49de-8ec5-1edc3e3500ea","local_time":"20190124162604","is_ascension_mode":true,"campfire_choices":[{"data":"Well Laid Plans","floor":6.0,"key":"SMITH"},{"data":"Grand Finale","floor":8.0,"key":"SMITH"},{"data":"Grand Finale","floor":11.0,"key":"SMITH"}],"neow_cost":"CURSE","seed_source_timestamp":13688793823689,"circlet_count":0,"master_deck":["AscendersBane","Defend_G","Defend_G","Defend_G+1","Defend_G","Defend_G+1","Strike_G","Strike_G","Strike_G","Strike_G","Strike_G","Survivor","Neutralize","Grand Finale+1","Acrobatics","Well Laid Plans+1","Grand Finale+1"],"special_seed":0,"relics":["Ring of the Snake","Smiling Mask","War Paint"],"potions_floor_usage":[],"damage_taken":[{"damage":6.0,"enemies":"Cultist","floor":1.0,"turns":5.0},{"damage":0.0,"enemies":"Small Slimes","floor":3.0,"turns":3.0},{"damage":0.0,"enemies":"Jaw Worm","floor":5.0,"turns":3.0},{"damage":10.0,"enemies":"3 Louse","floor":7.0,"turns":5.0},{"damage":9.0,"enemies":"3 Sentries","floor":10.0,"turns":3.0},{"damage":0,"enemies":"Exordium Thugs","floor":14,"turns":1}],"seed_played":"-3141042888979082788","potions_obtained":[{"floor":3.0,"key":"FearPotion"}],"is_trial":false,"path_per_floor":["M","$","M","?","M","R","M","R","T","E","R","?","?","M"],"character_chosen":"THE_SILENT","items_purchased":["Well Laid Plans"],"campfire_rested":0,"item_purchase_floors":[2],"current_hp_per_floor":[53,53,53,44,44,44,34,34,34,25,25,14,14,14],"gold":265,"neow_bonus":"THREE_RARE_CARDS","is_prod":false,"is_daily":false,"chose_seed":false,"campfire_upgraded":3,"win_rate":0,"timestamp":1548318364,"path_taken":["M","$","?","?","M","R","?","R","T","E","R","?","?","?"],"build_version":"2019-01-23","purchased_purges":0,"victory":false,"max_hp_per_floor":[66,66,66,66,66,66,66,66,66,66,66,66,66,66],"card_choices":[{"not_picked":["Envenom","Bullet Time"],"picked":"Grand Finale","floor":0.0},{"not_picked":["Prepared","Skewer"],"picked":"Acrobatics","floor":1.0},{"not_picked":["Outmaneuver","Noxious Fumes","Setup"],"picked":"SKIP","floor":3.0},{"not_picked":["Flechettes","Poisoned Stab","Sucker Punch"],"picked":"SKIP","floor":5.0},{"not_picked":["Distraction","Dagger Spray","Crippling Poison"],"picked":"SKIP","floor":7.0},{"not_picked":["Dodge and Roll","Cloak And Dagger"],"picked":"Grand Finale","floor":10.0}],"player_experience":2199760,"relics_obtained":[{"floor":9.0,"key":"Smiling Mask"},{"floor":10.0,"key":"War Paint"}],"event_choices":[{"damage_healed":0.0,"max_hp_gain":0.0,"max_hp_loss":0.0,"gold_gain":0.0,"event_name":"Wheel of Change","player_choice":"Damaged","floor":4.0,"gold_loss":0.0,"damage_taken":9.0},{"damage_healed":0.0,"max_hp_gain":0.0,"max_hp_loss":0.0,"gold_gain":75.0,"event_name":"World of Goop","player_choice":"Gather Gold","floor":12.0,"gold_loss":0.0,"damage_taken":11.0},{"cards_removed":["Decay"],"damage_healed":0.0,"max_hp_gain":0.0,"max_hp_loss":0.0,"gold_gain":0.0,"event_name":"Fountain of Cleansing","player_choice":"Removed Curses","floor":13.0,"gold_loss":0.0,"damage_taken":0.0}],"is_beta":false,"boss_relics":[],"items_purged_floors":[],"is_endless":false,"potions_floor_spawned":[3],"killed_by":"Exordium Thugs","ascension_level":20}