{"gold_per_floor":[111,121,46,62,137,137,137,137,137,137,137,162,177,194,194,291,291,281,295,312,312,330,330,341,341,411,411,428,428,114,124,124,226,226,242,1241,1256,1256,1267,532,532,550,577,593,593,604,0,10,10,10],"floor_reached":51,"playtime":3098,"items_purged":["Strike_G","Defend_G","Normality"],"score":653,"play_id":"cb5a3ee3-7f5d-4d6f-8933-f3289b0117ed","local_time":"20181031152855","is_ascension_mode":false,"campfire_choices":[{"data":"Neutralize","floor":6.0,"key":"SMITH"},{"data":"Survivor","floor":8.0,"key":"SMITH"},{"data":"Defend_G","floor":11.0,"key":"SMITH"},{"floor":15.0,"key":"REST"},{"data":"J.A.X.","floor":23.0,"key":"SMITH"},{"data":"Night Terror","floor":25,"key":"SMITH"},{"floor":29,"key":"REST"},{"floor":32,"key":"REST"},{"floor":41,"key":"REST"},{"floor":49,"key":"REST"}],"neow_cost":"NONE","seed_source_timestamp":17984473340210,"circlet_count":0,"master_deck":["Defend_G+1","Defend_G","Strike_G","Survivor+1","Neutralize+1","Tools of the Trade","Dagger Throw","Poisoned Stab","Night Terror+1","Deadly Poison","J.A.X.+1","Cloak And Dagger","Corpse Explosion","Apotheosis+1","Backflip+1","Footwork","Malaise+1","Grand Finale+1","Cloak And Dagger+1","Skewer+1","Normality","Deflect+1","Good Instincts+1","Malaise+1","Well Laid Plans+1","Backflip+1","Calculated Gamble+1","Deflect+1","Expertise+1","Dodge and Roll+1","Tactician+1"],"special_seed":0,"relics":["Ring of the Snake","Boot","Blue Candle","Juzu Bracelet","Sozu","Toxic Egg 2","Astrolabe","Bottled Lightning","TheAbacus","Orichalcum","Red Mask"],"potions_floor_usage":[],"damage_taken":[{"damage":0.0,"enemies":"Jaw Worm","floor":1.0,"turns":6.0},{"damage":0.0,"enemies":"2 Louse","floor":2.0,"turns":3.0},{"damage":0.0,"enemies":"Small Slimes","floor":4.0,"turns":4.0},{"damage":32.0,"enemies":"Gremlin Nob","floor":12.0,"turns":6.0},{"damage":6.0,"enemies":"3 Louse","floor":13.0,"turns":6.0},{"damage":0.0,"enemies":"Looter","floor":14.0,"turns":3.0},{"damage":34.0,"enemies":"Slime Boss","floor":16.0,"turns":14.0},{"damage":3.0,"enemies":"2 Thieves","floor":18.0,"turns":4.0},{"damage":5.0,"enemies":"Chosen","floor":19.0,"turns":5.0},{"damage":2.0,"enemies":"Snecko","floor":20.0,"turns":8.0},{"damage":14.0,"enemies":"3 Cultists","floor":22.0,"turns":6.0},{"damage":9,"enemies":"Centurion and Healer","floor":24,"turns":6},{"damage":11,"enemies":"Snecko","floor":28,"turns":5},{"damage":3,"enemies":"3 Cultists","floor":31,"turns":2},{"damage":37,"enemies":"Automaton","floor":33,"turns":8},{"damage":0,"enemies":"3 Shapes","floor":35,"turns":7},{"damage":29,"enemies":"3 Darklings","floor":37,"turns":4},{"damage":8,"enemies":"Transient","floor":39,"turns":5},{"damage":22,"enemies":"Spire Growth","floor":42,"turns":7},{"damage":1,"enemies":"Sphere and 2 Shapes","floor":44,"turns":7},{"damage":9,"enemies":"Maw","floor":46,"turns":10},{"damage":4,"enemies":"Transient","floor":48,"turns":5},{"damage":41,"enemies":"Awakened One","floor":50,"turns":15}],"seed_played":"1575571228553127813","potions_obtained":[{"floor":2.0,"key":"SkillPotion"},{"floor":4.0,"key":"Energy Potion"},{"floor":16.0,"key":"Energy Potion"}],"is_trial":false,"path_per_floor":["M","M","$","M","?","R","?","R","T","?","R","E","M","M","R","B",null,"M","M","M","?","M","R","M","R","T","?","M","R","$","M","R","B",null,"M","?","M","?","M","$","R","M","T","M","?","M","?","M","R","B"],"character_chosen":"THE_SILENT","items_purchased":["Apotheosis+1","Backflip+1","Well Laid Plans","Backflip+1","Bottled Lightning","Calculated Gamble+1","TheAbacus"],"campfire_rested":5,"item_purchase_floors":[30,30,40,40,40,40,40],"current_hp_per_floor":[77,77,77,77,66,66,66,66,66,59,59,27,21,21,44,10,77,74,69,67,67,53,53,44,44,44,44,33,56,56,53,76,39,77,77,77,48,48,40,40,63,41,41,40,40,31,31,27,50,9],"gold":10,"neow_bonus":"TEN_PERCENT_HP_BONUS","is_prod":false,"is_daily":false,"chose_seed":false,"campfire_upgraded":5,"win_rate":0,"timestamp":1540970935,"path_taken":["M","M","$","M","?","R","?","R","T","?","R","E","M","M","R","BOSS","M","M","M","?","M","R","M","R","T","?","M","R","$","M","R","BOSS","M","?","M","?","M","$","R","M","T","M","?","M","?","M","R","BOSS"],"build_version":"2018-10-25v2","purchased_purges":3,"victory":true,"max_hp_per_floor":[77,77,77,77,77,77,77,77,77,77,77,77,77,77,77,77,77,77,77,77,77,77,77,77,77,77,77,77,77,77,77,77,77,77,77,77,77,77,77,77,77,77,77,77,77,77,77,77,77,77],"card_choices":[{"not_picked":["Deflect","Dagger Throw","Bane"],"picked":"SKIP","floor":1.0},{"not_picked":["Flying Knee","Calculated Gamble","Prepared"],"picked":"SKIP","floor":2.0},{"not_picked":["Outmaneuver","Slice","Heel Hook"],"picked":"SKIP","floor":4.0},{"not_picked":["Bane","Distraction"],"picked":"Tools of the Trade","floor":12.0},{"not_picked":["Outmaneuver","Dodge and Roll"],"picked":"Dagger Throw","floor":13.0},{"not_picked":["Caltrops","Bane"],"picked":"Poisoned Stab","floor":14.0},{"not_picked":["After Image","Envenom"],"picked":"Night Terror","floor":16.0},{"not_picked":["Escape Plan","Tactician"],"picked":"Deadly Poison","floor":18.0},{"not_picked":["Bane","Endless Agony","Sucker Punch"],"picked":"SKIP","floor":19.0},{"not_picked":["PiercingWail","Heel Hook","Dagger Spray"],"picked":"SKIP","floor":20.0},{"not_picked":["Dagger Throw+1","Underhanded Strike"],"picked":"Cloak And Dagger","floor":22.0},{"not_picked":["Blur","Catalyst"],"picked":"Corpse Explosion","floor":24},{"not_picked":["Setup+1","Poisoned Stab","Dagger Throw"],"picked":"SKIP","floor":28},{"not_picked":["Quick Slash+1","Cloak And Dagger+1"],"picked":"Footwork","floor":31},{"not_picked":["Tools of the Trade","Die Die Die"],"picked":"Malaise+1","floor":33},{"not_picked":["Expertise+1","Flying Knee+1","Dagger Throw"],"picked":"SKIP","floor":35},{"not_picked":["Dash+1","Outmaneuver+1"],"picked":"Deflect+1","floor":37},{"not_picked":["Dramatic Entrance","Blind+1"],"picked":"Good Instincts+1","floor":38},{"not_picked":["Bane+1","Flechettes+1"],"picked":"Malaise+1","floor":39},{"not_picked":["Flechettes+1","Dagger Spray"],"picked":"Deflect+1","floor":42},{"not_picked":["Flying Knee+1","Poisoned Stab+1"],"picked":"Expertise+1","floor":44},{"not_picked":["Masterful Stab","Concentrate+1"],"picked":"Dodge and Roll+1","floor":46},{"not_picked":["Endless Agony","Dagger Spray+1"],"picked":"Tactician+1","floor":48}],"player_experience":778205,"relics_obtained":[{"floor":9.0,"key":"Blue Candle"},{"floor":12.0,"key":"Juzu Bracelet"},{"floor":26,"key":"Toxic Egg 2"},{"floor":43,"key":"Orichalcum"}],"event_choices":[{"damage_healed":0.0,"max_hp_gain":0.0,"max_hp_loss":0.0,"gold_gain":75.0,"event_name":"World of Goop","player_choice":"Gather Gold","floor":5.0,"gold_loss":0.0,"damage_taken":11.0},{"damage_healed":0.0,"max_hp_gain":0.0,"max_hp_loss":0.0,"gold_gain":0.0,"event_name":"Dead Adventurer","player_choice":"Searched \u00271\u0027 times","floor":7.0,"gold_loss":0.0,"damage_taken":0.0,"relics_obtained":["Boot"]},{"cards_removed":["Defend_G"],"damage_healed":0.0,"max_hp_gain":0.0,"max_hp_loss":0.0,"gold_gain":0.0,"event_name":"Golden Wing","player_choice":"Card Removal","floor":10.0,"gold_loss":0.0,"damage_taken":7.0},{"damage_healed":0.0,"max_hp_gain":0.0,"max_hp_loss":0.0,"gold_gain":0.0,"event_name":"Drug Dealer","player_choice":"Obtain J.A.X.","floor":21.0,"gold_loss":0.0,"damage_taken":0.0,"cards_obtained":["J.A.X."]},{"cards_removed":["Strike_G"],"damage_healed":0,"gold_gain":0,"player_choice":"Elegance","damage_taken":0,"max_hp_gain":0,"max_hp_loss":0,"event_name":"Back to Basics","floor":27,"gold_loss":0},{"damage_healed":0,"gold_gain":999,"player_choice":"Gold","damage_taken":0,"max_hp_gain":0,"max_hp_loss":0,"event_name":"MindBloom","floor":36,"gold_loss":0,"cards_obtained":["Normality","Normality"]},{"damage_healed":0,"gold_gain":0,"player_choice":"Memory 1","damage_taken":0,"max_hp_gain":0,"max_hp_loss":0,"event_name":"SensoryStone","floor":38,"gold_loss":0},{"damage_healed":0,"gold_gain":0,"player_choice":"Upgraded","damage_taken":0,"max_hp_gain":0,"max_hp_loss":0,"event_name":"Upgrade Shrine","floor":45,"gold_loss":0,"cards_upgraded":["Well Laid Plans"]},{"damage_healed":0,"gold_gain":0,"player_choice":"Paid","damage_taken":0,"relics_obtained":["Red Mask"],"max_hp_gain":0,"max_hp_loss":0,"event_name":"Tomb of Lord Red Mask","floor":47,"gold_loss":604}],"is_beta":false,"boss_relics":[{"not_picked":["White Beast Statue","Lizard Tail"],"picked":"Sozu"},{"not_picked":["Runic Dome","Ring of the Serpent"],"picked":"Astrolabe"}],"items_purged_floors":[3,30,40],"is_endless":false,"potions_floor_spawned":[2,4,16,18,22,31,35,37,46],"ascension_level":0}