{"gold_per_floor":[119,130,130,142,54,89,89,116,116,116,131,131,131,160,160,235,285,302,352,366,366,65,65,94,94,94,129,129,147,147,163,163,238,238,250,260,86,86,86,120,120,120,191,216,216,230,230,241,241,241],"floor_reached":50,"playtime":2886,"items_purged":["Strike_B","Strike_B"],"score":1208,"play_id":"9836e158-d44b-44ea-94bd-997aff8175be","local_time":"20190416102412","is_ascension_mode":true,"campfire_choices":[{"data":"Consume","floor":7.0,"key":"SMITH"},{"data":"Dualcast","floor":12.0,"key":"SMITH"},{"data":"Zap","floor":15.0,"key":"SMITH"},{"data":"Defragment","floor":23.0,"key":"SMITH"},{"data":"Coolheaded","floor":25.0,"key":"SMITH"},{"floor":28.0,"key":"REST"},{"floor":30.0,"key":"REST"},{"data":"Heatsinks","floor":32.0,"key":"SMITH"},{"data":"Recycle","floor":41.0,"key":"SMITH"},{"data":"Turbo","floor":42.0,"key":"SMITH"},{"floor":45.0,"key":"REST"},{"floor":49.0,"key":"RECALL"}],"neow_cost":"NONE","seed_source_timestamp":16255881451746,"circlet_count":0,"master_deck":["AscendersBane","Defend_B","Defend_B","Defend_B","Defend_B","Dualcast+1","Turbo","Heatsinks+1","Hello World","Core Surge","Coolheaded+1","Consume+1","White Noise","All For One","Chill","Hello World","Echo Form+1","Defragment+1","Fusion+1","Turbo+1","Creative AI","Undo","Biased Cognition","Recycle+1","Writhe"],"special_seed":0,"relics":["Cracked Core","NeowsBlessing","Boot","Emotion Chip","Sundial","Tiny House","OrangePellets","DataDisk","Blue Candle","Orichalcum","Busted Crown","WingedGreaves","Molten Egg 2","Strawberry"],"potions_floor_usage":[50],"damage_taken":[{"damage":0.0,"enemies":"Small Slimes","floor":1.0,"turns":1.0},{"damage":0.0,"enemies":"Cultist","floor":2.0,"turns":1.0},{"damage":0.0,"enemies":"Jaw Worm","floor":4.0,"turns":1.0},{"damage":34.0,"enemies":"Gremlin Nob","floor":6.0,"turns":5.0},{"damage":4.0,"enemies":"Lagavulin","floor":8.0,"turns":9.0},{"damage":0.0,"enemies":"Red Slaver","floor":11.0,"turns":3.0},{"damage":4.0,"enemies":"3 Sentries","floor":14.0,"turns":7.0},{"damage":5.0,"enemies":"Slime Boss","floor":16.0,"turns":7.0},{"damage":0.0,"enemies":"Chosen","floor":18.0,"turns":6.0},{"damage":13.0,"enemies":"Shell Parasite","floor":20.0,"turns":5.0},{"damage":23.0,"enemies":"Slavers","floor":24.0,"turns":3.0},{"damage":22.0,"enemies":"Book of Stabbing","floor":27.0,"turns":5.0},{"damage":11.0,"enemies":"Snecko","floor":29.0,"turns":5.0},{"damage":7.0,"enemies":"Chosen and Byrds","floor":31.0,"turns":5.0},{"damage":23.0,"enemies":"Collector","floor":33.0,"turns":11.0},{"damage":7.0,"enemies":"3 Darklings","floor":35.0,"turns":5.0},{"damage":13.0,"enemies":"3 Shapes","floor":36.0,"turns":4.0},{"damage":0.0,"enemies":"Giant Head","floor":40.0,"turns":7.0},{"damage":38.0,"enemies":"Reptomancer","floor":44.0,"turns":7.0},{"damage":10.0,"enemies":"Jaw Worm Horde","floor":46.0,"turns":5.0},{"damage":25.0,"enemies":"Spire Growth","floor":48.0,"turns":11.0},{"damage":2,"enemies":"Awakened One","floor":50,"turns":3}],"seed_played":"-5884810279422180023","potions_obtained":[{"floor":4.0,"key":"Swift Potion"},{"floor":11.0,"key":"Block Potion"},{"floor":14.0,"key":"SpeedPotion"},{"floor":16.0,"key":"SkillPotion"},{"floor":18.0,"key":"Fruit Juice"},{"floor":20.0,"key":"SkillPotion"},{"floor":24.0,"key":"AttackPotion"},{"floor":35.0,"key":"LiquidBronze"},{"floor":39.0,"key":"EntropicBrew"},{"floor":44.0,"key":"FocusPotion"},{"floor":46.0,"key":"Explosive Potion"}],"is_trial":false,"path_per_floor":["M","M","?","M","$","E","R","E","T","?","M","R","?","E","R","B",null,"M","?","M","?","$","R","E","R","T","E","R","M","R","M","R","B",null,"M","M","$","?","?","E","R","R","T","E","R","M","?","M","R","B"],"character_chosen":"DEFECT","items_purchased":["White Noise","OrangePellets","Recycle"],"campfire_rested":3,"item_purchase_floors":[5,22,37],"current_hp_per_floor":[64,64,64,64,64,30,30,26,26,26,26,26,26,22,22,17,63,68,60,47,47,47,47,24,24,24,2,26,15,39,32,32,9,63,56,43,43,43,43,43,43,43,43,12,38,28,46,21,21,19],"gold":241,"neow_bonus":"THREE_ENEMY_KILL","is_prod":false,"is_daily":false,"chose_seed":false,"campfire_upgraded":8,"win_rate":0,"timestamp":1555381452,"path_taken":["M","M","?","M","?","E","R","E","T","?","?","R","?","E","R","BOSS","M","?","?","?","$","R","E","R","T","E","R","M","R","M","R","BOSS","M","M","$","?","?","E","R","R","T","E","R","?","?","M","R","BOSS"],"build_version":"2019-01-23","purchased_purges":2,"victory":false,"max_hp_per_floor":[71,71,71,71,71,71,71,71,71,71,71,71,71,71,71,71,76,81,81,81,81,81,81,81,81,81,81,81,81,81,81,81,81,81,81,81,81,81,81,81,81,81,81,88,88,88,88,88,88,88],"card_choices":[{"not_picked":["Sweeping Beam","Rebound"],"picked":"Turbo","floor":1.0},{"not_picked":["Compile Driver","Steam"],"picked":"Heatsinks","floor":2.0},{"not_picked":["Redo","Coolheaded"],"picked":"Consume","floor":4.0},{"not_picked":["Streamline","Rebound","Barrage"],"picked":"SKIP","floor":6.0},{"not_picked":["Melter","Reinforced Body"],"picked":"All For One","floor":8.0},{"not_picked":["Sweeping Beam","Barrage"],"picked":"Chill","floor":11.0},{"not_picked":["Cold Snap","Redo","Rebound"],"picked":"SKIP","floor":14.0},{"not_picked":["Creative AI","Multi-Cast"],"picked":"Echo Form","floor":16.0},{"not_picked":["Blizzard","Conserve Battery"],"picked":"Defragment","floor":17.0},{"not_picked":["Blizzard","Tempest"],"picked":"Fusion+1","floor":18.0},{"not_picked":["Barrage","FTL"],"picked":"Turbo","floor":20.0},{"not_picked":["Steam","Coolheaded"],"picked":"Creative AI","floor":24.0},{"not_picked":["Redo+1","Hello World","Blizzard"],"picked":"SKIP","floor":27.0},{"not_picked":["Aggregate","Compile Driver"],"picked":"Undo","floor":29.0},{"not_picked":["Doom and Gloom","Leap+1","Blizzard"],"picked":"SKIP","floor":31.0},{"not_picked":["Machine Learning","Multi-Cast"],"picked":"Biased Cognition","floor":33.0},{"not_picked":["Sweeping Beam"],"picked":"SKIP","floor":35.0},{"not_picked":["Sunder"],"picked":"SKIP","floor":36.0},{"not_picked":["Scrape"],"picked":"SKIP","floor":40.0},{"not_picked":["Scrape"],"picked":"SKIP","floor":40.0},{"not_picked":["Leap"],"picked":"SKIP","floor":44.0},{"not_picked":["Stack"],"picked":"SKIP","floor":46.0},{"not_picked":["Steam"],"picked":"SKIP","floor":48.0}],"player_experience":4321231,"relics_obtained":[{"floor":6.0,"key":"Boot"},{"floor":8.0,"key":"Emotion Chip"},{"floor":14.0,"key":"Sundial"},{"floor":24.0,"key":"DataDisk"},{"floor":26.0,"key":"Blue Candle"},{"floor":27.0,"key":"Orichalcum"},{"floor":40.0,"key":"WingedGreaves"},{"floor":43.0,"key":"Molten Egg 2"},{"floor":44.0,"key":"Strawberry"}],"event_choices":[{"damage_healed":0.0,"max_hp_gain":0.0,"max_hp_loss":0.0,"gold_gain":0.0,"event_name":"Match and Keep!","player_choice":"3 cards matched","floor":3.0,"gold_loss":0.0,"damage_taken":0.0,"cards_obtained":["Hello World","Core Surge","Coolheaded"]},{"cards_removed":["Strike_B"],"damage_healed":0.0,"max_hp_gain":0.0,"max_hp_loss":0.0,"gold_gain":0.0,"event_name":"Purifier","player_choice":"Purged","floor":10.0,"gold_loss":0.0,"damage_taken":0.0},{"damage_healed":0.0,"max_hp_gain":0.0,"max_hp_loss":0.0,"gold_gain":0.0,"cards_transformed":["Strike_B"],"event_name":"Living Wall","player_choice":"Change","floor":13.0,"gold_loss":0.0,"damage_taken":0.0,"cards_obtained":["Hello World"]},{"damage_healed":0.0,"max_hp_gain":0.0,"max_hp_loss":0.0,"gold_gain":50.0,"event_name":"FaceTrader","player_choice":"Touch","floor":19.0,"gold_loss":0.0,"damage_taken":8.0},{"damage_healed":0.0,"max_hp_gain":0.0,"max_hp_loss":0.0,"gold_gain":0.0,"event_name":"Vampires","player_choice":"Ignored","floor":21.0,"gold_loss":0.0,"damage_taken":0.0},{"cards_removed":["Zap"],"damage_healed":0.0,"max_hp_gain":0.0,"max_hp_loss":0.0,"gold_gain":0.0,"event_name":"Falling","player_choice":"Removed Skill","floor":38.0,"gold_loss":0.0,"damage_taken":0.0},{"damage_healed":0.0,"max_hp_gain":0.0,"max_hp_loss":0.0,"gold_gain":0.0,"event_name":"Lab","player_choice":"Got Potions","floor":39.0,"gold_loss":0.0,"damage_taken":0.0},{"damage_healed":18.0,"max_hp_gain":0.0,"max_hp_loss":0.0,"gold_gain":0.0,"event_name":"Winding Halls","player_choice":"Writhe","floor":47.0,"gold_loss":0.0,"damage_taken":0.0,"cards_obtained":["Writhe"]}],"is_beta":false,"boss_relics":[{"not_picked":["White Beast Statue","Velvet Choker"],"picked":"Tiny House"},{"not_picked":["Black Star","Sozu"],"picked":"Busted Crown"}],"items_purged_floors":[22,37],"is_endless":false,"potions_floor_spawned":[4,11,14,16,18,20,24,35,44,46],"killed_by":"Awakened One","ascension_level":20}