{"gold_per_floor":[109,409,379,393,411,411,436,447,447,447,447,12,25,55,55,152,152,164,180,180,180,194,194,228,128,128,142,142,67,81,81,81,185,185,205,305,305,180,402,416,432,67,121,121,151,151,201,220,220,220],"floor_reached":51,"playtime":1563,"items_purged":["Strike_B","Strike_B","Defend_B","Fusion"],"score":933,"play_id":"3e7ced39-7ac5-40fc-b7a9-575e69c6ea72","local_time":"20190616014134","is_ascension_mode":false,"campfire_choices":[{"data":"Zap","floor":6.0,"key":"SMITH"},{"data":"Redo","floor":10.0,"key":"SMITH"},{"data":"Thunder Strike","floor":15.0,"key":"SMITH"},{"data":"Coolheaded","floor":23,"key":"SMITH"},{"data":"Coolheaded","floor":28,"key":"SMITH"},{"data":"Consume","floor":32,"key":"SMITH"},{"data":"Apotheosis","floor":44,"key":"SMITH"},{"data":"Storm","floor":46,"key":"SMITH"},{"data":"Heatsinks","floor":49,"key":"SMITH"}],"neow_cost":"NONE","seed_source_timestamp":22757370554678,"circlet_count":0,"master_deck":["Zap+1","Dualcast","Thunder Strike+1","Coolheaded+1","Ball Lightning","Double Energy","Self Repair","Redo+1","Panacea+1","Heatsinks+1","Capacitor","Self Repair","Seek","Defragment+1","Coolheaded+1","Consume+1","Turbo+1","Storm+1","Coolheaded+1","Seek+1","Master of Strategy","Apotheosis+1","Self Repair","Capacitor","Static Discharge+1","Loop"],"special_seed":0,"relics":["Cracked Core","Old Coin","Mummified Hand","Mercury Hourglass","Runic Capacitor","Pocketwatch","Inserter","Red Mask","Ice Cream","Empty Cage","Mango","Membership Card","War Paint","Smiling Mask","Pear","Thread and Needle"],"potions_floor_usage":[24],"damage_taken":[{"damage":5.0,"enemies":"Small Slimes","floor":1.0,"turns":3.0},{"damage":1.0,"enemies":"2 Louse","floor":4.0,"turns":2.0},{"damage":0.0,"enemies":"Cultist","floor":5.0,"turns":3.0},{"damage":7.0,"enemies":"Lagavulin","floor":7.0,"turns":7.0},{"damage":0.0,"enemies":"Looter","floor":8.0,"turns":3.0},{"damage":13.0,"enemies":"Exordium Wildlife","floor":13.0,"turns":3.0},{"damage":34.0,"enemies":"Gremlin Nob","floor":14.0,"turns":4.0},{"damage":14.0,"enemies":"The Guardian","floor":16.0,"turns":8.0},{"damage":0.0,"enemies":"3 Byrds","floor":18.0,"turns":4.0},{"damage":17,"enemies":"2 Thieves","floor":19,"turns":3},{"damage":16,"enemies":"Snake Plant","floor":22,"turns":3},{"damage":24,"enemies":"Masked Bandits","floor":24,"turns":4},{"damage":10,"enemies":"Centurion and Healer","floor":27,"turns":5},{"damage":0,"enemies":"Snecko","floor":30,"turns":4},{"damage":0,"enemies":"Automaton","floor":33,"turns":6},{"damage":0,"enemies":"3 Shapes","floor":35,"turns":3},{"damage":29,"enemies":"Mind Bloom Boss Battle","floor":36,"turns":3},{"damage":0,"enemies":"Orb Walker","floor":40,"turns":1},{"damage":11,"enemies":"Writhing Mass","floor":41,"turns":3},{"damage":0,"enemies":"Giant Head","floor":45,"turns":1},{"damage":44,"enemies":"2 Orb Walkers","floor":47,"turns":3},{"damage":0,"enemies":"Sphere and 2 Shapes","floor":48,"turns":2},{"damage":0,"enemies":"Awakened One","floor":50,"turns":4}],"seed_played":"4732241025523762145","potions_obtained":[{"floor":3.0,"key":"GamblersBrew"},{"floor":3.0,"key":"Energy Potion"},{"floor":8.0,"key":"LiquidBronze"},{"floor":14.0,"key":"AttackPotion"},{"floor":18.0,"key":"EssenceOfSteel"},{"floor":35,"key":"Energy Potion"}],"is_trial":false,"path_per_floor":["M","?","?","M","M","R","E","M","T","R","?","$","M","E","R","B",null,"M","M","?","?","M","R","?","$","T","M","R","$","M","?","R","B",null,"M","?","?","$","?","M","M","$","T","R","E","R","?","M","R","B",null],"character_chosen":"DEFECT","items_purchased":["Runic Capacitor","Panacea","Heatsinks","Storm","Membership Card","Capacitor","War Paint"],"campfire_rested":0,"item_purchase_floors":[12,12,12,29,42,42,42],"current_hp_per_floor":[70,63,63,62,62,62,55,62,62,62,67,67,61,34,34,34,80,80,77,62,62,60,60,50,50,50,54,54,54,68,68,68,82,85,85,84,74,74,74,94,99,99,99,99,109,109,92,109,109,109],"gold":220,"neow_bonus":"ONE_RANDOM_RARE_CARD","is_prod":false,"is_daily":false,"chose_seed":false,"campfire_upgraded":9,"win_rate":0,"timestamp":1560620494,"path_taken":["M","?","?","?","M","R","E","M","T","R","?","?","?","E","R","BOSS","M","M","?","?","M","R","?","?","T","M","R","$","?","?","R","BOSS","M","?","?","$","?","M","M","$","T","R","E","R","?","M","R","BOSS"],"build_version":"2019-01-23","purchased_purges":4,"victory":true,"max_hp_per_floor":[75,75,75,75,75,75,75,75,75,75,80,80,80,80,80,80,80,80,80,85,85,85,85,85,85,85,85,85,85,85,85,85,85,85,85,99,99,99,99,99,99,99,99,99,109,109,109,109,109,109],"card_choices":[{"not_picked":["Sweeping Beam","Cold Snap"],"picked":"Coolheaded","floor":1.0},{"not_picked":["Conserve Battery","Beam Cell"],"picked":"Ball Lightning","floor":4.0},{"not_picked":["Streamline","Lockon"],"picked":"Double Energy","floor":5.0},{"not_picked":["Hyperbeam","Chaos"],"picked":"Self Repair","floor":7.0},{"not_picked":["Force Field","Redo","Cold Snap"],"picked":"SKIP","floor":8.0},{"not_picked":["Force Field","Cold Snap"],"picked":"Redo","floor":8.0},{"not_picked":["Darkness","Sweeping Beam"],"picked":"Capacitor","floor":13.0},{"not_picked":["Barrage","Sweeping Beam"],"picked":"Self Repair","floor":14.0},{"not_picked":["Echo Form","Hyperbeam"],"picked":"Seek","floor":16.0},{"not_picked":["Go for the Eyes","Darkness"],"picked":"Defragment+1","floor":18.0},{"not_picked":["Hologram","Double Energy"],"picked":"Coolheaded","floor":19},{"not_picked":["Blizzard","Conserve Battery","Sunder"],"picked":"SKIP","floor":22},{"not_picked":["Leap","Capacitor"],"picked":"Turbo+1","floor":24},{"not_picked":["Rebound+1","Conserve Battery","Sunder"],"picked":"SKIP","floor":27},{"not_picked":["Meteor Strike","Gash"],"picked":"Coolheaded+1","floor":30},{"not_picked":["Echo Form","Thunder Strike"],"picked":"Seek","floor":33},{"not_picked":["Chill+1","Reinforced Body","Conserve Battery+1"],"picked":"SKIP","floor":35},{"not_picked":["Forethought","Trip"],"picked":"Master of Strategy","floor":37},{"not_picked":["Master of Strategy","Good Instincts"],"picked":"Apotheosis","floor":37},{"not_picked":["Streamline+1","Static Discharge","Stack+1"],"picked":"SKIP","floor":40},{"not_picked":["Ball Lightning","Stack"],"picked":"Self Repair","floor":41},{"not_picked":["Stack","Glacier","Gash+1"],"picked":"SKIP","floor":45},{"not_picked":["Hyperbeam","Streamline+1"],"picked":"Static Discharge+1","floor":47},{"not_picked":["Conserve Battery","Go for the Eyes"],"picked":"Loop","floor":48}],"player_experience":5275326,"relics_obtained":[{"floor":7.0,"key":"Mummified Hand"},{"floor":9.0,"key":"Mercury Hourglass"},{"floor":14.0,"key":"Pocketwatch"},{"floor":24,"key":"Red Mask"},{"floor":26,"key":"Ice Cream"},{"floor":36,"key":"Mango"},{"floor":43,"key":"Smiling Mask"},{"floor":45,"key":"Pear"},{"floor":47,"key":"Thread and Needle"}],"event_choices":[{"damage_healed":0.0,"max_hp_gain":0.0,"max_hp_loss":0.0,"gold_gain":0.0,"event_name":"Scrap Ooze","player_choice":"Success","floor":2.0,"gold_loss":0.0,"damage_taken":7.0,"relics_obtained":["Old Coin"]},{"damage_healed":0.0,"max_hp_gain":0.0,"max_hp_loss":0.0,"gold_gain":0.0,"event_name":"The Woman in Blue","player_choice":"Bought 2 Potions","floor":3.0,"gold_loss":0.0,"damage_taken":0.0},{"damage_healed":0.0,"max_hp_gain":5.0,"max_hp_loss":0.0,"gold_gain":0.0,"event_name":"Big Fish","player_choice":"Donut","floor":11.0,"gold_loss":0.0,"damage_taken":0.0},{"damage_healed":0,"gold_gain":0,"player_choice":"Shed Blood","damage_taken":20,"max_hp_gain":5,"max_hp_loss":0,"event_name":"Forgotten Altar","floor":20,"gold_loss":0},{"damage_healed":0,"gold_gain":0,"cards_transformed":["Strike_B","Strike_B"],"player_choice":"Became Test Subject","damage_taken":0,"max_hp_gain":0,"max_hp_loss":0,"event_name":"Drug Dealer","floor":21,"gold_loss":0,"cards_obtained":["Fusion","Consume"]},{"damage_healed":0,"gold_gain":0,"player_choice":"Fought Bandits","damage_taken":0,"max_hp_gain":0,"max_hp_loss":0,"event_name":"Masked Bandits","floor":24,"gold_loss":0},{"cards_removed":["Defend_B"],"damage_healed":0,"gold_gain":0,"player_choice":"Purged","damage_taken":0,"max_hp_gain":0,"max_hp_loss":0,"event_name":"Purifier","floor":31,"gold_loss":0},{"damage_healed":0,"gold_gain":0,"player_choice":"Fight","damage_taken":0,"max_hp_gain":0,"max_hp_loss":0,"event_name":"MindBloom","floor":36,"gold_loss":0},{"damage_healed":0,"gold_gain":0,"player_choice":"Memory 3","damage_taken":10,"max_hp_gain":0,"max_hp_loss":0,"event_name":"SensoryStone","floor":37,"gold_loss":0},{"damage_healed":0,"gold_gain":222,"player_choice":"Wore Mask","damage_taken":0,"max_hp_gain":0,"max_hp_loss":0,"event_name":"Tomb of Lord Red Mask","floor":39,"gold_loss":0},{"damage_healed":0,"gold_gain":0,"player_choice":"Fight","damage_taken":0,"max_hp_gain":0,"max_hp_loss":0,"event_name":"Mysterious Sphere","floor":47,"gold_loss":0}],"is_beta":false,"boss_relics":[{"not_picked":["Calling Bell","Tiny House"],"picked":"Inserter"},{"not_picked":["White Beast Statue","Snecko Eye"],"picked":"Empty Cage"}],"items_purged_floors":[12,25,38,42],"is_endless":false,"potions_floor_spawned":[8,13,14,18,19,35,40,41,48],"ascension_level":0}