{"gold_per_floor":[114,114,39,58,7,7,42,56,80,80,80,80,91,145,145,219,219,197,197],"floor_reached":19,"playtime":472,"items_purged":["Strike_B"],"score":355,"play_id":"da78066b-31d1-4f01-beec-b669d27da0ed","local_time":"20190225191047","is_ascension_mode":true,"campfire_choices":[{"data":"Sunder","floor":6.0,"key":"SMITH"},{"data":"Defragment","floor":12.0,"key":"SMITH"},{"floor":15,"key":"REST"}],"neow_cost":"NONE","seed_source_timestamp":24603041333477,"circlet_count":0,"master_deck":["AscendersBane","Strike_B","Strike_B","Defend_B","Defend_B","Defend_B","Defend_B","Zap","Dualcast","Creative AI","Sunder+1","Defragment+1","Turbo","Core Surge","Conserve Battery"],"special_seed":0,"relics":["Cracked Core","Art of War","Mango","Strawberry","Tiny Chest","Runic Pyramid"],"potions_floor_usage":[],"damage_taken":[{"damage":1.0,"enemies":"Cultist","floor":1.0,"turns":3.0},{"damage":7.0,"enemies":"Small Slimes","floor":4.0,"turns":3.0},{"damage":47.0,"enemies":"Gremlin Nob","floor":7.0,"turns":4.0},{"damage":12.0,"enemies":"Jaw Worm","floor":8.0,"turns":2.0},{"damage":17,"enemies":"Exordium Thugs","floor":13,"turns":4},{"damage":16,"enemies":"Hexaghost","floor":16,"turns":7},{"damage":39,"enemies":"2 Thieves","floor":18,"turns":4},{"damage":38,"enemies":"Shell Parasite","floor":19,"turns":9}],"seed_played":"4390794408194941082","potions_obtained":[{"floor":4.0,"key":"Poison Potion"},{"floor":8.0,"key":"EssenceOfSteel"},{"floor":18,"key":"FocusPotion"}],"is_trial":false,"path_per_floor":["M","?","$","M","$","R","E","M","T","?","?","R","M","T","R","B",null,"M","M"],"character_chosen":"DEFECT","items_purchased":["Turbo"],"campfire_rested":1,"item_purchase_floors":[5],"current_hp_per_floor":[63,58,58,51,51,51,18,6,13,18,18,18,1,1,30,14,76,37,0],"gold":197,"neow_bonus":"ONE_RANDOM_RARE_CARD","is_prod":false,"is_daily":false,"chose_seed":false,"campfire_upgraded":2,"win_rate":0,"timestamp":1551093047,"path_taken":["M","?","$","M","$","R","E","M","T","?","?","R","?","?","R","BOSS","M","?"],"build_version":"2019-01-23","purchased_purges":1,"victory":false,"max_hp_per_floor":[71,71,71,71,71,71,85,85,92,97,97,97,97,97,97,97,97,97,97],"card_choices":[{"not_picked":["Leap","Tempest"],"picked":"Sunder","floor":1.0},{"not_picked":["Turbo","Consume"],"picked":"Defragment","floor":4.0},{"not_picked":["FTL","Gash","Steam"],"picked":"SKIP","floor":7.0},{"not_picked":["Steam","Static Discharge","Go for the Eyes"],"picked":"SKIP","floor":8.0},{"not_picked":["Loop","Redo","Steam Power"],"picked":"SKIP","floor":13},{"not_picked":["Meteor Strike","Echo Form"],"picked":"Core Surge","floor":16},{"not_picked":["Reprogram","Turbo"],"picked":"Conserve Battery","floor":18}],"player_experience":3133841,"relics_obtained":[{"floor":7.0,"key":"Mango"},{"floor":9.0,"key":"Strawberry"},{"floor":14,"key":"Tiny Chest"}],"event_choices":[{"damage_healed":0.0,"max_hp_gain":0.0,"max_hp_loss":0.0,"gold_gain":0.0,"event_name":"Scrap Ooze","player_choice":"Success","floor":2.0,"gold_loss":0.0,"damage_taken":5.0,"relics_obtained":["Art of War"]},{"damage_healed":0.0,"max_hp_gain":5.0,"max_hp_loss":0.0,"gold_gain":0.0,"event_name":"Big Fish","player_choice":"Donut","floor":10.0,"gold_loss":0.0,"damage_taken":0.0},{"cards_removed":["Strike_B"],"damage_healed":0.0,"max_hp_gain":0.0,"max_hp_loss":0.0,"gold_gain":0.0,"event_name":"Purifier","player_choice":"Purged","floor":11.0,"gold_loss":0.0,"damage_taken":0.0}],"is_beta":false,"boss_relics":[{"not_picked":["Eternal Feather","Orrery"],"picked":"Runic Pyramid"}],"items_purged_floors":[3],"is_endless":false,"potions_floor_spawned":[4,8,13,18],"killed_by":"Shell Parasite","ascension_level":20}