{"gold_per_floor":[11,11,11,24,24,24,40,40,67,67,82,97,110,110,110,213,213,233,80,80,80,80,80,112,64,64,83,100,118,50,78,78,182,182,199,199,5,17,35,35,0,34,59,59,59,70,100,119,119,119,119,119,21,53,53],"floor_reached":56,"playtime":2750,"items_purged":["Strike_G"],"score":1841,"play_id":"84f2e12c-f836-4980-9c05-981dd930275c","local_time":"20190312015542","is_ascension_mode":true,"campfire_choices":[{"data":"Crippling Poison","floor":6.0,"key":"SMITH"},{"data":"Well Laid Plans","floor":8.0,"key":"SMITH"},{"data":"Noxious Fumes","floor":10.0,"key":"SMITH"},{"data":"Terror","floor":15.0,"key":"SMITH"},{"data":"Corpse Explosion","floor":23.0,"key":"SMITH"},{"data":"Catalyst","floor":32.0,"key":"SMITH"},{"data":"Reflex","floor":40.0,"key":"SMITH"},{"data":"Acrobatics","floor":45.0,"key":"SMITH"},{"floor":49.0,"key":"RECALL"},{"data":"Prepared","floor":52.0,"key":"SMITH"}],"neow_cost":"NO_GOLD","seed_source_timestamp":16889069251196,"circlet_count":0,"master_deck":["Defend_G","Defend_G","Defend_G","Defend_G","Defend_G","Neutralize+1","Noxious Fumes+1","Well Laid Plans+1","Crippling Poison+1","Footwork","Prepared","Corpse Explosion+1","Ghostly","Ghostly","Ghostly","Ghostly","Ghostly","Prepared+1","Reflex+1","Acrobatics+1","Concentrate+1","Backflip+1","Catalyst+1","Malaise","Escape Plan","Backflip+1","Blur","Dark Shackles","Crippling Poison"],"special_seed":0,"relics":["Ring of the Snake","Centennial Puzzle","Whetstone","Kunai","Black Star","Thread and Needle","Omamori","Bronze Scales","Vajra","Empty Cage","TheAbacus","Red Mask","Mummified Hand","Darkstone Periapt","Art of War","Molten Egg 2","Oddly Smooth Stone","Paper Crane","Bird Faced Urn"],"potions_floor_usage":[55],"damage_taken":[{"damage":0.0,"enemies":"2 Louse","floor":1.0,"turns":3.0},{"damage":4.0,"enemies":"Jaw Worm","floor":4.0,"turns":3.0},{"damage":0.0,"enemies":"Small Slimes","floor":7.0,"turns":4.0},{"damage":4.0,"enemies":"3 Louse","floor":11.0,"turns":3.0},{"damage":1.0,"enemies":"Large Slime","floor":12.0,"turns":7.0},{"damage":0.0,"enemies":"Blue Slaver","floor":13.0,"turns":4.0},{"damage":8.0,"enemies":"The Guardian","floor":16.0,"turns":10.0},{"damage":2.0,"enemies":"Chosen","floor":18.0,"turns":5.0},{"damage":7.0,"enemies":"Book of Stabbing","floor":24.0,"turns":7.0},{"damage":0.0,"enemies":"Spheric Guardian","floor":27.0,"turns":5.0},{"damage":0.0,"enemies":"Snake Plant","floor":28.0,"turns":5.0},{"damage":0.0,"enemies":"3 Cultists","floor":29.0,"turns":4.0},{"damage":0.0,"enemies":"Gremlin Leader","floor":31.0,"turns":10.0},{"damage":0.0,"enemies":"Collector","floor":33.0,"turns":7.0},{"damage":0.0,"enemies":"3 Shapes","floor":35.0,"turns":4.0},{"damage":0.0,"enemies":"Orb Walker","floor":38.0,"turns":4.0},{"damage":0.0,"enemies":"Maw","floor":39.0,"turns":6.0},{"damage":0.0,"enemies":"Reptomancer","floor":42.0,"turns":6.0},{"damage":0.0,"enemies":"3 Darklings","floor":46.0,"turns":3.0},{"damage":5.0,"enemies":"Giant Head","floor":47.0,"turns":8.0},{"damage":0.0,"enemies":"Writhing Mass","floor":48.0,"turns":4.0},{"damage":0.0,"enemies":"Awakened One","floor":50.0,"turns":18.0},{"damage":1.0,"enemies":"Shield and Spear","floor":54.0,"turns":5.0},{"damage":0,"enemies":"The Heart","floor":55,"turns":11}],"seed_played":"-1901869198819314877","potions_obtained":[{"floor":11.0,"key":"Poison Potion"},{"floor":12.0,"key":"Swift Potion"},{"floor":24.0,"key":"Block Potion"},{"floor":33.0,"key":"GhostInAJar"}],"is_trial":false,"path_per_floor":["M","?","?","M","?","R","M","R","T","R","M","M","M","T","R","B",null,"M","$","?","?","?","R","E","$","T","M","M","M","$","E","R","B",null,"M","?","$","M","M","R","?","E","T","?","R","M","E","M","R","B",null,"R","$","E","B",null],"character_chosen":"THE_SILENT","items_purchased":["GhostInAJar","Acrobatics","Catalyst","TheAbacus","Dark Shackles"],"campfire_rested":0,"item_purchase_floors":[19,25,30,37,53],"current_hp_per_floor":[63,63,56,52,52,52,52,52,52,52,48,47,47,47,47,39,62,60,60,35,35,35,35,28,28,28,28,28,28,28,28,28,28,33,33,33,33,33,33,33,33,33,33,33,33,33,28,28,28,28,32,32,32,31,33],"gold":53,"neow_bonus":"TRANSFORM_TWO_CARDS","is_prod":false,"is_daily":false,"chose_seed":false,"campfire_upgraded":9,"win_rate":0,"timestamp":1552323342,"path_taken":["M","?","?","M","?","R","M","R","T","R","M","?","M","?","R","BOSS","M","$","?","?","?","R","E","?","T","M","?","M","$","E","R","BOSS","M","?","$","M","M","R","?","E","T","?","R","M","E","M","R","BOSS","R","$","E","BOSS"],"build_version":"2019-01-23","purchased_purges":1,"victory":true,"max_hp_per_floor":[70,70,70,70,70,70,70,70,70,70,70,70,70,70,70,70,70,70,70,35,35,35,35,35,35,35,35,35,35,35,35,35,35,35,35,35,35,35,35,35,35,35,35,33,33,33,33,33,33,33,33,33,33,33,33],"card_choices":[{"not_picked":["Backflip","Prepared"],"picked":"Noxious Fumes","floor":1.0},{"not_picked":["Infinite Blades","Dagger Throw"],"picked":"Well Laid Plans","floor":4.0},{"not_picked":["Noxious Fumes","Infinite Blades"],"picked":"Footwork","floor":7.0},{"not_picked":["Crippling Poison","Underhanded Strike"],"picked":"Prepared","floor":11.0},{"not_picked":["Sucker Punch","Setup","Deflect"],"picked":"SKIP","floor":12.0},{"not_picked":["Deflect","Dagger Throw","Quick Slash"],"picked":"SKIP","floor":13.0},{"not_picked":["Grand Finale","Malaise"],"picked":"Corpse Explosion","floor":16.0},{"not_picked":["Quick Slash","Bane","Endless Agony"],"picked":"SKIP","floor":18.0},{"not_picked":["Dagger Spray","Flechettes+1"],"picked":"Reflex","floor":24.0},{"not_picked":["Flying Knee","Dagger Spray+1","Blade Dance"],"picked":"SKIP","floor":27.0},{"not_picked":["Reflex","Quick Slash"],"picked":"Concentrate+1","floor":28.0},{"not_picked":["Deflect+1","Leg Sweep"],"picked":"Backflip+1","floor":29.0},{"not_picked":["Accuracy+1","Eviscerate","Acrobatics"],"picked":"SKIP","floor":31.0},{"not_picked":["Grand Finale","A Thousand Cuts"],"picked":"Malaise","floor":33.0},{"not_picked":["Outmaneuver+1","Blade Dance","Predator+1"],"picked":"SKIP","floor":35.0},{"not_picked":["Dagger Spray","Eviscerate+1"],"picked":"Escape Plan","floor":38.0},{"not_picked":["Deadly Poison","Dodge and Roll","Infinite Blades+1"],"picked":"SKIP","floor":39.0},{"not_picked":["Deflect+1","Expertise+1","Cloak And Dagger+1"],"picked":"SKIP","floor":42.0},{"not_picked":["Dodge and Roll","Choke+1"],"picked":"Backflip+1","floor":46.0},{"not_picked":["Quick Slash+1","Endless Agony+1","Unload"],"picked":"SKIP","floor":47.0},{"not_picked":["Choke+1","Bane+1"],"picked":"Blur","floor":48.0},{"not_picked":["Underhanded Strike+1","Acrobatics"],"picked":"Crippling Poison","floor":54.0}],"player_experience":56470,"relics_obtained":[{"floor":9.0,"key":"Whetstone"},{"floor":14.0,"key":"Kunai"},{"floor":24.0,"key":"Thread and Needle"},{"floor":24.0,"key":"Omamori"},{"floor":31.0,"key":"Bronze Scales"},{"floor":31.0,"key":"Vajra"},{"floor":42.0,"key":"Mummified Hand"},{"floor":42.0,"key":"Darkstone Periapt"},{"floor":43.0,"key":"Art of War"},{"floor":47.0,"key":"Molten Egg 2"},{"floor":47.0,"key":"Oddly Smooth Stone"},{"floor":54.0,"key":"Paper Crane"},{"floor":54.0,"key":"Bird Faced Urn"}],"event_choices":[{"damage_healed":0.0,"max_hp_gain":0.0,"max_hp_loss":0.0,"gold_gain":0.0,"event_name":"The Cleric","player_choice":"Leave","floor":2.0,"gold_loss":0.0,"damage_taken":0.0},{"damage_healed":0.0,"max_hp_gain":0.0,"max_hp_loss":0.0,"gold_gain":0.0,"event_name":"Scrap Ooze","player_choice":"Success","floor":3.0,"gold_loss":0.0,"damage_taken":7.0,"relics_obtained":["Centennial Puzzle"]},{"damage_healed":0.0,"max_hp_gain":0.0,"max_hp_loss":0.0,"gold_gain":0.0,"cards_transformed":["Strike_G"],"event_name":"Living Wall","player_choice":"Change","floor":5.0,"gold_loss":0.0,"damage_taken":0.0,"cards_obtained":["Crippling Poison"]},{"damage_healed":0.0,"max_hp_gain":0.0,"max_hp_loss":35.0,"gold_gain":0.0,"event_name":"Ghosts","player_choice":"Became a Ghost","floor":20.0,"gold_loss":0.0,"damage_taken":0.0,"cards_obtained":["Ghostly","Ghostly","Ghostly","Ghostly","Ghostly"]},{"damage_healed":0.0,"max_hp_gain":0.0,"max_hp_loss":0.0,"gold_gain":0.0,"event_name":"The Library","player_choice":"Read","floor":21.0,"gold_loss":0.0,"damage_taken":0.0,"cards_obtained":["Prepared"]},{"cards_removed":["Strike_G"],"damage_healed":0.0,"max_hp_gain":0.0,"max_hp_loss":0.0,"gold_gain":0.0,"event_name":"Back to Basics","player_choice":"Elegance","floor":22.0,"gold_loss":0.0,"damage_taken":0.0},{"cards_removed":["Survivor"],"damage_healed":0.0,"max_hp_gain":0.0,"max_hp_loss":0.0,"gold_gain":0.0,"event_name":"Falling","player_choice":"Removed Skill","floor":36.0,"gold_loss":0.0,"damage_taken":0.0},{"damage_healed":0.0,"max_hp_gain":0.0,"max_hp_loss":0.0,"gold_gain":0.0,"event_name":"Tomb of Lord Red Mask","player_choice":"Paid","floor":41.0,"gold_loss":35.0,"damage_taken":0.0,"relics_obtained":["Red Mask"]},{"damage_healed":0.0,"max_hp_gain":0.0,"max_hp_loss":2.0,"gold_gain":0.0,"event_name":"Winding Halls","player_choice":"Max HP","floor":44.0,"gold_loss":0.0,"damage_taken":0.0}],"is_beta":false,"boss_relics":[{"not_picked":["Ectoplasm","Cursed Key"],"picked":"Black Star"},{"not_picked":["Ring of the Serpent","Eternal Feather"],"picked":"Empty Cage"}],"items_purged_floors":[19],"is_endless":false,"potions_floor_spawned":[11,12,24,29,33,35,42,47,48,54],"ascension_level":6}