{"gold_per_floor":[114,129,139,150,150,150,162,162,214,244,244,260,22,32,32,135,135,152,152,2,15,25,25,38,49,49,79,95,105,105,116,116,212,212,231,231,231,231,250,250,263,71,126,126,144,144,144,0,0,0],"floor_reached":51,"playtime":1633,"items_purged":["Strike_B","Strike_B+1"],"score":663,"play_id":"fa52b2a8-f7a8-4759-bd6f-ab0d3a19d043","local_time":"20190612125152","is_ascension_mode":false,"campfire_choices":[{"data":"Sunder","floor":6.0,"key":"SMITH"},{"data":"Dualcast","floor":8.0,"key":"SMITH"},{"data":"Defragment","floor":15.0,"key":"SMITH"},{"data":"Turbo","floor":23.0,"key":"SMITH"},{"data":"Defragment","floor":32.0,"key":"SMITH"},{"data":"Multi-Cast","floor":40,"key":"SMITH"},{"floor":46,"key":"RECALL"},{"floor":49,"key":"REST"}],"neow_cost":"PERCENT_DAMAGE","seed_source_timestamp":7297693465551,"circlet_count":0,"master_deck":["Defend_B+1","Zap+1","Dualcast+1","Cold Snap+1","White Noise+1","Conserve Battery+1","Sunder+1","Undo+1","Defragment+1","Master of Strategy+1","Creative AI+1","Consume+1","Turbo+1","Hologram+1","Beam Cell+1","Go for the Eyes+1","Multi-Cast+1","Double Energy+1","Defragment+1","Demon Form+1","Core Surge+1","Fission+1","Coolheaded+1","Darkness+1","Master of Strategy+1","Violence+1","Forethought+1","Compile Driver+1","Capacitor+1"],"special_seed":0,"relics":["Cracked Core","Ancient Tea Set","Odd Mushroom","Runic Pyramid","Sundial","Bottled Tornado","Centennial Puzzle","Astrolabe","Runic Capacitor","Bag of Marbles","Mark of the Bloom","Red Mask"],"potions_floor_usage":[35,41],"damage_taken":[{"damage":1.0,"enemies":"Cultist","floor":1.0,"turns":3.0},{"damage":3.0,"enemies":"Jaw Worm","floor":2.0,"turns":3.0},{"damage":5.0,"enemies":"2 Louse","floor":3.0,"turns":2.0},{"damage":0.0,"enemies":"Large Slime","floor":4.0,"turns":5.0},{"damage":2.0,"enemies":"Gremlin Gang","floor":7.0,"turns":4.0},{"damage":8.0,"enemies":"The Mushroom Lair","floor":10.0,"turns":3.0},{"damage":3.0,"enemies":"Looter","floor":12.0,"turns":2.0},{"damage":0.0,"enemies":"Large Slime","floor":14.0,"turns":6.0},{"damage":5.0,"enemies":"The Guardian","floor":16.0,"turns":11.0},{"damage":5.0,"enemies":"3 Byrds","floor":18.0,"turns":5.0},{"damage":10.0,"enemies":"Shell Parasite","floor":21.0,"turns":8.0},{"damage":5.0,"enemies":"Cultist and Chosen","floor":22.0,"turns":6.0},{"damage":0.0,"enemies":"Shelled Parasite and Fungi","floor":24.0,"turns":5.0},{"damage":0.0,"enemies":"3 Cultists","floor":25.0,"turns":4.0},{"damage":12.0,"enemies":"Book of Stabbing","floor":27.0,"turns":7.0},{"damage":5.0,"enemies":"Cultist and Chosen","floor":28.0,"turns":4.0},{"damage":0.0,"enemies":"Snake Plant","floor":29.0,"turns":1.0},{"damage":0.0,"enemies":"Chosen and Byrds","floor":31.0,"turns":4.0},{"damage":13,"enemies":"Champ","floor":33,"turns":12},{"damage":3,"enemies":"3 Darklings","floor":35,"turns":4},{"damage":3,"enemies":"3 Shapes","floor":39,"turns":5},{"damage":6,"enemies":"Maw","floor":41,"turns":9},{"damage":17,"enemies":"3 Darklings","floor":45,"turns":2},{"damage":15,"enemies":"Donu and Deca","floor":50,"turns":6}],"seed_played":"-8422786577468477761","potions_obtained":[{"floor":3.0,"key":"Regen Potion"},{"floor":10.0,"key":"SteroidPotion"},{"floor":14.0,"key":"Regen Potion"},{"floor":16.0,"key":"Swift Potion"},{"floor":24.0,"key":"Ancient Potion"},{"floor":25.0,"key":"LiquidBronze"},{"floor":27.0,"key":"Block Potion"},{"floor":35,"key":"FairyPotion"},{"floor":39,"key":"Block Potion"},{"floor":45,"key":"Weak Potion"}],"is_trial":false,"path_per_floor":["M","M","M","M","?","R","M","R","T","?","?","M","$","M","R","B",null,"M","?","$","M","M","R","M","M","T","E","M","M","?","M","R","B",null,"M","?","?","?","M","R","M","$","T","?","M","R","?","?","R","B",null],"character_chosen":"DEFECT","items_purchased":["Master of Strategy","Turbo","Runic Capacitor"],"campfire_rested":1,"item_purchase_floors":[13,20,42],"current_hp_per_floor":[67,64,59,59,59,59,57,57,57,49,31,28,28,43,43,38,89,84,84,84,89,84,84,84,84,84,72,67,67,67,67,67,54,89,86,86,76,76,73,73,67,67,67,67,50,50,50,50,50,35],"gold":0,"neow_bonus":"TWENTY_PERCENT_HP_BONUS","is_prod":false,"is_daily":false,"chose_seed":false,"campfire_upgraded":6,"win_rate":0,"timestamp":1560315112,"path_taken":["M","?","M","M","?","R","M","R","T","?","?","M","$","M","R","BOSS","M","?","$","M","M","R","M","M","T","E","M","M","?","?","R","BOSS","M","?","?","?","?","R","M","$","T","?","M","R","?","?","R","BOSS"],"build_version":"2019-01-23","purchased_purges":2,"victory":true,"max_hp_per_floor":[89,89,89,89,89,89,89,89,89,89,89,89,89,89,89,89,89,89,89,89,89,89,89,89,89,89,89,89,89,89,89,89,89,89,89,89,89,89,89,89,89,89,89,89,89,89,85,85,85,85],"card_choices":[{"not_picked":["Stack","BootSequence","Steam"],"picked":"SKIP","floor":1.0},{"not_picked":["Stack","Steam"],"picked":"Cold Snap","floor":2.0},{"not_picked":["Sweeping Beam","Conserve Battery"],"picked":"White Noise","floor":3.0},{"not_picked":["Redo","Rebound","Conserve Battery"],"picked":"SKIP","floor":4.0},{"not_picked":["Redo","Rebound"],"picked":"Conserve Battery","floor":4.0},{"not_picked":["Redo","Conserve Battery"],"picked":"Undo","floor":7.0},{"not_picked":["Darkness","Gash"],"picked":"Defragment","floor":12.0},{"not_picked":["Conserve Battery","Compile Driver","Genetic Algorithm"],"picked":"SKIP","floor":14.0},{"not_picked":["Rainbow","Biased Cognition"],"picked":"Creative AI","floor":16.0},{"not_picked":["Static Discharge+1","Storm+1"],"picked":"Consume+1","floor":18.0},{"not_picked":["Coolheaded+1","Compile Driver+1"],"picked":"Skim","floor":21.0},{"not_picked":["Sweeping Beam","Chaos"],"picked":"Hologram","floor":22.0},{"not_picked":["FTL","Gash","Beam Cell"],"picked":"SKIP","floor":24.0},{"not_picked":["FTL","Gash"],"picked":"Beam Cell","floor":24.0},{"not_picked":["Conserve Battery","Streamline"],"picked":"Go for the Eyes","floor":25.0},{"not_picked":["Redo","Barrage"],"picked":"Multi-Cast","floor":27.0},{"not_picked":["Consume","Defragment"],"picked":"Double Energy+1","floor":28.0},{"not_picked":["Rebound","Compile Driver"],"picked":"Defragment","floor":29.0},{"not_picked":["Scrape+1","Tempest","Consume"],"picked":"SKIP","floor":31.0},{"not_picked":["Multi-Cast","Fission"],"picked":"Core Surge","floor":33},{"not_picked":["Force Field","Tempest+1"],"picked":"Darkness","floor":35},{"not_picked":["Dark Shackles","Sadistic Nature"],"picked":"Master of Strategy","floor":37},{"not_picked":["Trip","Good Instincts"],"picked":"Violence","floor":37},{"not_picked":["Jack Of All Trades","Swift Strike"],"picked":"Forethought","floor":37},{"not_picked":["Barrage+1","Defragment+1"],"picked":"Capacitor+1","floor":39},{"not_picked":["Lockon","Rip and Tear+1","Steam+1"],"picked":"SKIP","floor":41},{"not_picked":["Fusion","Barrage+1","Sunder"],"picked":"SKIP","floor":45}],"player_experience":5093991,"relics_obtained":[{"floor":9.0,"key":"Ancient Tea Set"},{"floor":10.0,"key":"Odd Mushroom"},{"floor":26.0,"key":"Bottled Tornado"},{"floor":27.0,"key":"Centennial Puzzle"},{"floor":43,"key":"Bag of Marbles"}],"event_choices":[{"damage_healed":0.0,"max_hp_gain":0.0,"max_hp_loss":0.0,"gold_gain":0.0,"cards_transformed":["Strike_B"],"event_name":"Living Wall","player_choice":"Change","floor":5.0,"gold_loss":0.0,"damage_taken":0.0,"cards_obtained":["Sunder"]},{"damage_healed":0.0,"max_hp_gain":0.0,"max_hp_loss":0.0,"gold_gain":0.0,"event_name":"Mushrooms","player_choice":"Fought Mushrooms","floor":10.0,"gold_loss":0.0,"damage_taken":0.0},{"damage_healed":0.0,"max_hp_gain":0.0,"max_hp_loss":0.0,"gold_gain":0.0,"event_name":"Shining Light","player_choice":"Entered Light","floor":11.0,"gold_loss":0.0,"damage_taken":18.0,"cards_upgraded":["Strike_B","Strike_B"]},{"damage_healed":0.0,"max_hp_gain":0.0,"max_hp_loss":0.0,"gold_gain":0.0,"event_name":"The Mausoleum","player_choice":"Opened","floor":19.0,"gold_loss":0.0,"damage_taken":0.0,"relics_obtained":["Sundial"]},{"cards_removed":["Skim"],"damage_healed":0.0,"max_hp_gain":0.0,"max_hp_loss":0.0,"gold_gain":0.0,"event_name":"NoteForYourself","player_choice":"Took Card","floor":30.0,"gold_loss":0.0,"damage_taken":0.0,"cards_obtained":["Demon Form"]},{"cards_removed":["Ball Lightning"],"damage_healed":0,"gold_gain":0,"player_choice":"Removed Attack","damage_taken":0,"max_hp_gain":0,"max_hp_loss":0,"event_name":"Falling","floor":36,"gold_loss":0},{"damage_healed":0,"gold_gain":0,"player_choice":"Memory 3","damage_taken":10,"max_hp_gain":0,"max_hp_loss":0,"event_name":"SensoryStone","floor":37,"gold_loss":0},{"damage_healed":0,"gold_gain":0,"cards_transformed":["Defend_B"],"player_choice":"Transformed","damage_taken":0,"max_hp_gain":0,"max_hp_loss":0,"event_name":"Transmorgrifier","floor":38,"gold_loss":0,"cards_obtained":["Compile Driver"]},{"damage_healed":0,"gold_gain":0,"player_choice":"Upgrade","damage_taken":0,"relics_obtained":["Mark of the Bloom"],"max_hp_gain":0,"max_hp_loss":0,"event_name":"MindBloom","floor":44,"gold_loss":0,"cards_upgraded":["Defend_B","Zap","Cold Snap","White Noise","Conserve Battery","Undo","Master of Strategy","Creative AI","Hologram","Beam Cell","Go for the Eyes","Demon Form","Core Surge","Darkness","Master of Strategy","Violence","Forethought","Compile Driver"]},{"damage_healed":0,"gold_gain":0,"player_choice":"Max HP","damage_taken":0,"max_hp_gain":0,"max_hp_loss":4,"event_name":"Winding Halls","floor":47,"gold_loss":0},{"damage_healed":0,"gold_gain":0,"player_choice":"Paid","damage_taken":0,"relics_obtained":["Red Mask"],"max_hp_gain":0,"max_hp_loss":0,"event_name":"Tomb of Lord Red Mask","floor":48,"gold_loss":144}],"is_beta":false,"boss_relics":[{"not_picked":["Empty Cage","Fusion Hammer"],"picked":"Runic Pyramid"},{"not_picked":["Sozu","Nuclear Battery"],"picked":"Astrolabe"}],"items_purged_floors":[13,20],"is_endless":false,"potions_floor_spawned":[3,10,14,16,24,25,27,35,39,45],"ascension_level":0}