{"gold_per_floor":[110,110,70,85,103,103,133,150,150,169,169,200,70,81,81,158,158,173,573,593,793,804,804],"floor_reached":23,"playtime":1005,"items_purged":["Strike_G"],"score":481,"play_id":"45fdfffe-add6-4231-8431-a2a185f72ca4","local_time":"20181117235448","is_ascension_mode":true,"campfire_choices":[{"data":"Neutralize","floor":6.0,"key":"SMITH"},{"data":"Well Laid Plans","floor":11.0,"key":"SMITH"},{"data":"Bouncing Flask","floor":15.0,"key":"SMITH"}],"neow_cost":"NONE","seed_source_timestamp":1514874951678919,"circlet_count":0,"master_deck":["AscendersBane","Defend_G","Defend_G","Defend_G","Defend_G","Defend_G","Strike_G","Strike_G","Strike_G","Strike_G","Survivor","Neutralize+1","Corpse Explosion","Acrobatics","Well Laid Plans+1","Escape Plan","Backstab","Bouncing Flask+1","Adrenaline","Concentrate+1","Catalyst+1"],"special_seed":0,"relics":["Ring of the Snake","The Courier","Mango","FossilizedHelix","Sozu","Old Coin","Bottled Flame"],"potions_floor_usage":[23],"damage_taken":[{"damage":3.0,"enemies":"Small Slimes","floor":1.0,"turns":4.0},{"damage":0.0,"enemies":"Jaw Worm","floor":4.0,"turns":6.0},{"damage":1.0,"enemies":"Cultist","floor":5.0,"turns":4.0},{"damage":22.0,"enemies":"3 Sentries","floor":7.0,"turns":6.0},{"damage":0.0,"enemies":"Lots of Slimes","floor":8.0,"turns":1.0},{"damage":0.0,"enemies":"Exordium Wildlife","floor":10.0,"turns":2.0},{"damage":47.0,"enemies":"Gremlin Nob","floor":12.0,"turns":5.0},{"damage":0.0,"enemies":"Blue Slaver","floor":14.0,"turns":3.0},{"damage":1.0,"enemies":"Hexaghost","floor":16.0,"turns":9.0},{"damage":10.0,"enemies":"Shell Parasite","floor":18.0,"turns":5.0},{"damage":14.0,"enemies":"Colosseum Slavers","floor":19.0,"turns":2.0},{"damage":0.0,"enemies":"Colosseum Nobs","floor":19.0,"turns":3.0},{"damage":20.0,"enemies":"3 Byrds","floor":20.0,"turns":3.0},{"damage":2.0,"enemies":"Centurion and Healer","floor":22.0,"turns":7.0},{"damage":18,"enemies":"Book of Stabbing","floor":23,"turns":4}],"seed_played":"4348424540121756077","potions_obtained":[{"floor":4.0,"key":"GamblersBrew"},{"floor":7.0,"key":"Explosive Potion"},{"floor":12.0,"key":"Swift Potion"},{"floor":16.0,"key":"Strength Potion"}],"is_trial":false,"path_per_floor":["M","?","$","M","M","R","E","M","T","M","R","E","$","M","R","B",null,"M","?","M","?","M","E"],"character_chosen":"THE_SILENT","items_purchased":["Well Laid Plans","Bouncing Flask"],"campfire_rested":0,"item_purchase_floors":[3,13],"current_hp_per_floor":[56,61,61,61,60,60,38,38,52,52,52,5,5,5,5,4,65,55,41,21,21,19,1],"gold":804,"neow_bonus":"ONE_RANDOM_RARE_CARD","is_prod":false,"is_daily":false,"chose_seed":false,"campfire_upgraded":3,"win_rate":0,"timestamp":1542470088,"path_taken":["M","?","?","M","?","R","E","M","T","M","R","E","$","M","R","BOSS","M","?","M","?","M","E"],"build_version":"2018-11-15","purchased_purges":1,"victory":false,"max_hp_per_floor":[66,71,71,71,71,71,71,71,85,85,85,85,85,85,85,85,85,85,85,85,85,85,85],"card_choices":[{"not_picked":["Prepared","Dodge and Roll"],"picked":"Acrobatics","floor":1.0},{"not_picked":["Distraction","Caltrops","Poisoned Stab"],"picked":"SKIP","floor":4.0},{"not_picked":["Dagger Spray","Terror"],"picked":"Escape Plan","floor":5.0},{"not_picked":["Expertise","Dagger Throw"],"picked":"Backstab","floor":7.0},{"not_picked":["Dagger Spray","Dagger Throw","Accuracy"],"picked":"SKIP","floor":8.0},{"not_picked":["Dagger Spray","Blur","Underhanded Strike"],"picked":"SKIP","floor":10.0},{"not_picked":["All Out Attack","Acrobatics","Flechettes"],"picked":"SKIP","floor":12.0},{"not_picked":["Dagger Spray","Prepared","Cloak And Dagger"],"picked":"SKIP","floor":14.0},{"not_picked":["Corpse Explosion","Storm of Steel"],"picked":"Adrenaline","floor":16.0},{"not_picked":["Bane+1","Cloak And Dagger","Skewer"],"picked":"SKIP","floor":18.0},{"not_picked":["Acrobatics","Dagger Throw"],"picked":"Concentrate+1","floor":19.0},{"not_picked":["Prepared","Eviscerate","Outmaneuver"],"picked":"SKIP","floor":20.0},{"not_picked":["Quick Slash","Bouncing Flask"],"picked":"Catalyst+1","floor":22.0}],"player_experience":519736,"relics_obtained":[{"floor":7.0,"key":"The Courier"},{"floor":9.0,"key":"Mango"},{"floor":12.0,"key":"FossilizedHelix"},{"floor":19.0,"key":"Old Coin"},{"floor":19.0,"key":"Bottled Flame"}],"event_choices":[{"damage_healed":0.0,"max_hp_gain":5.0,"max_hp_loss":0.0,"gold_gain":0.0,"event_name":"Big Fish","player_choice":"Donut","floor":2.0,"gold_loss":0.0,"damage_taken":0.0},{"damage_healed":0.0,"max_hp_gain":0.0,"max_hp_loss":0.0,"gold_gain":0.0,"event_name":"Colosseum","player_choice":"Fight","floor":19.0,"gold_loss":0.0,"damage_taken":0.0},{"damage_healed":0.0,"max_hp_gain":0.0,"max_hp_loss":0.0,"gold_gain":0.0,"event_name":"Colosseum","player_choice":"Fought Nobs","floor":19.0,"gold_loss":0.0,"damage_taken":0.0},{"damage_healed":0.0,"max_hp_gain":0.0,"max_hp_loss":0.0,"gold_gain":200.0,"event_name":"Wheel of Change","player_choice":"Gold","floor":21.0,"gold_loss":0.0,"damage_taken":0.0}],"is_beta":true,"boss_relics":[{"not_picked":["Runic Pyramid","Philosopher\u0027s Stone"],"picked":"Sozu"}],"items_purged_floors":[13],"is_endless":false,"potions_floor_spawned":[4,7,12,16,19,22],"killed_by":"Book of Stabbing","ascension_level":20}