{"path_per_floor":["M","M","M","?","?","E","R","E","T","E","M","$","?","M","R","B",null,"M","$","M","M","?","E","M","R","T","M","E","M","?","E","R"],"character_chosen":"THE_SILENT","items_purchased":["Happy Flower","Pantograph","Backstab","Darkstone Periapt","Shuriken"],"gold_per_floor":[144,189,234,234,234,324,324,414,414,804,849,412,662,707,707,1007,1007,1052,552,597,642,642,732,777,777,777,822,912,957,957,1047,1047,1047],"floor_reached":33,"campfire_rested":3,"playtime":1012,"current_hp_per_floor":[70,70,70,70,70,70,70,53,53,53,53,53,53,53,70,8,80,80,80,80,80,64,64,64,64,64,48,30,30,30,24,48,0],"items_purged":[],"gold":1047,"score":502,"play_id":"5d064eab-cd28-4e6a-981a-2358c460dcf2","local_time":"20180512192709","daily_mods":["Insanity","Midas","Lethality"],"is_prod":false,"is_daily":true,"chose_seed":false,"is_ascension_mode":false,"campfire_upgraded":0,"timestamp":1526124429,"path_taken":["M","M","M","?","?","E","R","E","T","E","M","$","?","M","R","BOSS","M","$","M","M","?","E","M","R","T","M","E","M","?","E","R","BOSS"],"build_version":"2018-05-11","seed_source_timestamp":0,"purchased_purges":0,"victory":false,"master_deck":["Skewer","Eviscerate","Adrenaline","Flying Knee","Tactician","Survivor","Tools of the Trade","Accuracy","Concentrate","Unload","Unload","Backstab","Doppelganger","Flying Knee","Well Laid Plans","Venomology","Flying Knee","Masterful Stab","Deflect","Wraith Form v2","Blade Dance","Leg Sweep","Dodge and Roll","Masterful Stab","Finisher","Noxious Fumes","Deadly Poison","Predator","Grand Finale","Storm of Steel","Bouncing Flask","Escape Plan","Tactician","Blur","Concentrate","Survivor","Deflect","Acrobatics","Poisoned Stab","Dodge and Roll","Accuracy","A Thousand Cuts","Quick Slash","Dodge and Roll","Heel Hook","Eviscerate","Sucker Punch","Backflip","Slice","Dagger Spray","Deflect","Mind Blast","Die Die Die","Wraith Form v2","All Out Attack","Cloak And Dagger","Deflect","Backstab","Regret","Slice","Die Die Die","Clumsy","Parasite","Clumsy","Terror+1","Glass Knife","Blade Dance+1","Quick Slash","Blade Dance+1","Infinite Blades","Die Die Die"],"max_hp_per_floor":[70,70,70,70,70,70,70,70,70,70,70,70,70,70,70,70,80,80,80,80,80,80,80,80,80,80,80,80,80,80,80,80,80],"relics":["Ring of the Snake","Potion Belt","Du-Vu Doll","Dodecahedron","Old Coin","Happy Flower","Pantograph","Calling Bell","Pear","Peace Pipe","Darkstone Periapt","Shuriken","Enchiridion","Blue Candle","Ninja Scroll","Anchor","Smiling Mask"],"card_choices":[{"not_picked":["Sucker Punch","Prepared"],"picked":"Slice","floor":1},{"not_picked":["Backflip","Acrobatics"],"picked":"Dagger Spray","floor":2},{"not_picked":["Poisoned Stab","Accuracy"],"picked":"Deflect","floor":3},{"not_picked":["Poisoned Stab","PiercingWail"],"picked":"Wraith Form v2","floor":6},{"not_picked":["Doppelganger","Backflip"],"picked":"All Out Attack","floor":8},{"not_picked":["Distraction","Backflip"],"picked":"Cloak And Dagger","floor":10},{"not_picked":["Masterful Stab","Backflip"],"picked":"Deflect","floor":11},{"not_picked":["Noxious Fumes","Dagger Spray"],"picked":"Slice","floor":14},{"not_picked":["Unload","Storm of Steel"],"picked":"Die Die Die","floor":16},{"not_picked":["Outmaneuver","Flying Knee","Deadly Poison+1"],"picked":"SKIP","floor":18},{"not_picked":["Footwork","Underhanded Strike"],"picked":"Terror+1","floor":20},{"not_picked":["Poisoned Stab","Dash","Deflect"],"picked":"SKIP","floor":21},{"not_picked":["Bane","Skewer"],"picked":"Glass Knife","floor":23},{"not_picked":["Expertise","Endless Agony"],"picked":"Blade Dance+1","floor":24},{"not_picked":["Caltrops","Backflip"],"picked":"Quick Slash","floor":27},{"not_picked":["Dagger Throw","Blur+1"],"picked":"Blade Dance+1","floor":28},{"not_picked":["Outmaneuver","Infinite Blades","Reflex+1"],"picked":"SKIP","floor":29},{"not_picked":["Outmaneuver","Reflex+1"],"picked":"Infinite Blades","floor":29},{"not_picked":["Choke","Riddle With Holes"],"picked":"Die Die Die","floor":31}],"player_experience":464849,"potions_floor_usage":[14,16,16,21,24,27,33,33],"damage_taken":[{"damage":0,"enemies":"Jaw Worm","floor":1,"turns":1},{"damage":0,"enemies":"Cultist","floor":2,"turns":3},{"damage":0,"enemies":"Small Slimes","floor":3,"turns":1},{"damage":0,"enemies":"Gremlin Nob","floor":6,"turns":2},{"damage":17,"enemies":"Lagavulin","floor":8,"turns":3},{"damage":0,"enemies":"Gremlin Nob","floor":10,"turns":1},{"damage":0,"enemies":"Blue Slaver","floor":11,"turns":3},{"damage":0,"enemies":"Lots of Slimes","floor":14,"turns":3},{"damage":62,"enemies":"Hexaghost","floor":16,"turns":6},{"damage":0,"enemies":"2 Thieves","floor":18,"turns":1},{"damage":0,"enemies":"Spheric Guardian","floor":20,"turns":1},{"damage":0,"enemies":"3 Cultists","floor":21,"turns":3},{"damage":0,"enemies":"Gremlin Leader","floor":23,"turns":3},{"damage":0,"enemies":"Snake Plant","floor":24,"turns":2},{"damage":16,"enemies":"Chosen and Byrds","floor":27,"turns":2},{"damage":18,"enemies":"Book of Stabbing","floor":28,"turns":2},{"damage":0,"enemies":"Sentry and Sphere","floor":29,"turns":1},{"damage":6,"enemies":"Slavers","floor":31,"turns":3},{"damage":80,"enemies":"Champ","floor":33,"turns":5}],"event_choices":[{"event_name":"Match and Keep!","player_choice":"1 cards matched","floor":4,"damage_taken":0},{"event_name":"Transmorgrifier","player_choice":"Transform","floor":5,"damage_taken":0},{"event_name":"Golden Shrine","player_choice":"Desecrate","floor":13,"damage_taken":0},{"event_name":"Cursed Tome","player_choice":"Obtained Book","floor":22,"damage_taken":0},{"event_name":"Vampires","player_choice":"Ignored","floor":30,"damage_taken":0}],"boss_relics":[{"not_picked":["Tiny House","Sozu"],"picked":"Calling Bell"}],"potions_floor_spawned":[10,11,16,18,20,21,29,31],"seed_played":"-6008848597544292010","killed_by":"Champ","ascension_level":0,"is_trial":false}