{"gold_per_floor":[117,117,42,58,77,77,93,93,93,93,93,93,105,116,116,116],"floor_reached":16,"playtime":385,"items_purged":["Strike_G"],"score":184,"play_id":"67dcee10-f806-4d36-ac37-b650b7099a71","local_time":"20181223220012","is_ascension_mode":true,"campfire_choices":[{"data":"Neutralize","floor":6,"key":"SMITH"},{"data":"Catalyst","floor":8,"key":"SMITH"},{"data":"Strike_G","floor":12,"key":"PURGE"},{"data":"Defend_G","floor":15,"key":"PURGE"}],"neow_cost":"NONE","seed_source_timestamp":38852689873860,"circlet_count":0,"master_deck":["AscendersBane","Defend_G+1","Defend_G","Defend_G","Defend_G","Strike_G","Strike_G","Strike_G","Survivor+1","Neutralize+1","Backstab","Catalyst+1","Backflip","Footwork"],"relics":["Ring of the Snake","Peace Pipe","Calipers"],"potions_floor_usage":[13,16],"damage_taken":[{"damage":4,"enemies":"Small Slimes","floor":1,"turns":5},{"damage":0,"enemies":"2 Louse","floor":4,"turns":4},{"damage":0,"enemies":"Cultist","floor":5,"turns":4},{"damage":0,"enemies":"Blue Slaver","floor":7,"turns":6},{"damage":0,"enemies":"3 Louse","floor":13,"turns":7},{"damage":0,"enemies":"Red Slaver","floor":14,"turns":7},{"damage":0,"enemies":"The Guardian","floor":16,"turns":1}],"seed_played":"1063169660040018193","potions_obtained":[{"floor":5,"key":"Regen Potion"},{"floor":14,"key":"AttackPotion"}],"is_trial":false,"path_per_floor":["M","?","$","M","M","R","M","R","T","?","$","R","M","M","R","B"],"character_chosen":"THE_SILENT","items_purchased":[],"campfire_rested":0,"item_purchase_floors":[],"current_hp_per_floor":[61,39,39,39,39,39,39,39,39,28,28,28,43,43,43,43],"gold":116,"neow_bonus":"TEN_PERCENT_HP_BONUS","is_prod":false,"is_daily":false,"chose_seed":false,"campfire_upgraded":2,"win_rate":0,"timestamp":1545573612,"path_taken":["M","?","$","M","M","R","M","R","T","?","$","R","M","M","R","BOSS"],"build_version":"2018-12-20","purchased_purges":1,"victory":false,"max_hp_per_floor":[72,72,72,72,72,72,72,72,72,72,72,72,72,72,72,72],"card_choices":[{"not_picked":["Slice","Prepared","PiercingWail"],"picked":"SKIP","floor":1},{"not_picked":["Prepared","Flying Knee"],"picked":"Backstab","floor":4},{"not_picked":["Blade Dance","Backstab"],"picked":"Catalyst","floor":5},{"not_picked":["Dodge and Roll","Dagger Spray"],"picked":"Backflip","floor":7},{"not_picked":["Acrobatics","Cloak And Dagger"],"picked":"Footwork","floor":13},{"not_picked":["PiercingWail","Underhanded Strike","Prepared"],"picked":"SKIP","floor":14}],"player_experience":1446443,"relics_obtained":[{"floor":9,"key":"Peace Pipe"}],"event_choices":[{"damage_healed":0,"gold_gain":0,"player_choice":"Entered Light","damage_taken":22,"max_hp_gain":0,"max_hp_loss":0,"event_name":"Shining Light","floor":2,"gold_loss":0,"cards_upgraded":["Defend_G","Survivor"]},{"damage_healed":0,"gold_gain":0,"player_choice":"Success","damage_taken":11,"relics_obtained":["Calipers"],"max_hp_gain":0,"max_hp_loss":0,"event_name":"Scrap Ooze","floor":10,"gold_loss":0}],"is_beta":false,"boss_relics":[],"items_purged_floors":[3],"is_endless":false,"potions_floor_spawned":[5,14],"killed_by":"The Guardian","ascension_level":20}