{"gold_per_floor":[115,127,144,144,163,188,188,216,216,216,231,86,86,100,100,203,203,222,234,234,234,250,250,190,190,258,258,276,107,127,137,137,235,235,245,120,133,133,144,144,0,0,25,25,25,25,25,45,45,45],"floor_reached":50,"playtime":5016,"items_purged":["Strike_R","Strike_R","Bash"],"score":572,"play_id":"248480c9-0486-4caa-a141-3530aefbce18","local_time":"20190723024617","is_ascension_mode":true,"campfire_choices":[{"data":"Body Slam","floor":7,"key":"SMITH"},{"floor":10,"key":"REST"},{"data":"Rampage","floor":13,"key":"SMITH"},{"data":"Iron Wave","floor":15,"key":"SMITH"},{"data":"Searing Blow+1","floor":23,"key":"SMITH"},{"data":"Immolate","floor":25,"key":"SMITH"},{"data":"Searing Blow+2","floor":27,"key":"SMITH"},{"data":"Searing Blow+3","floor":32,"key":"SMITH"},{"data":"Searing Blow+4","floor":40,"key":"SMITH"},{"data":"Searing Blow+5","floor":42,"key":"SMITH"},{"data":"Searing Blow+6","floor":45,"key":"SMITH"},{"data":"Searing Blow+7","floor":49,"key":"SMITH"}],"neow_cost":"NONE","seed_source_timestamp":218941956251924,"circlet_count":0,"master_deck":["Defend_R","Defend_R","Trip","Hemokinesis+1","Uppercut","Body Slam+1","Clash","Uppercut","Iron Wave+1","Impervious","Rampage+1","Impervious","Twin Strike+1","Searing Blow+8","RitualDagger","Carnage","Dual Wield","Immolate+1","Shrug It Off","Offering","Warcry+1","Reaper+1","Rampage+1","Flame Barrier+1","Clash+1","Parasite","Madness","Madness"],"relics":["Burning Blood","Thread and Needle","Anchor","Orichalcum","Philosopher\u0027s Stone","Nilry\u0027s Codex","Bottled Flame","Astrolabe","Red Mask","Happy Flower"],"potions_floor_usage":[6,28,31,39,48,50,50,50,50,50],"damage_taken":[{"damage":1,"enemies":"Cultist","floor":1,"turns":3},{"damage":10,"enemies":"Jaw Worm","floor":2,"turns":2},{"damage":6,"enemies":"2 Louse","floor":3,"turns":2},{"damage":49,"enemies":"Exordium Thugs","floor":5,"turns":6},{"damage":6,"enemies":"Gremlin Nob","floor":6,"turns":3},{"damage":24,"enemies":"3 Sentries","floor":8,"turns":8},{"damage":2,"enemies":"2 Fungi Beasts","floor":11,"turns":2},{"damage":0,"enemies":"Blue Slaver","floor":14,"turns":2},{"damage":8,"enemies":"Hexaghost","floor":16,"turns":8},{"damage":0,"enemies":"Spheric Guardian","floor":18,"turns":1},{"damage":7,"enemies":"2 Thieves","floor":19,"turns":4},{"damage":25,"enemies":"Snecko","floor":22,"turns":5},{"damage":0,"enemies":"Shelled Parasite and Fungi","floor":28,"turns":2},{"damage":0,"enemies":"Cultist and Chosen","floor":30,"turns":4},{"damage":9,"enemies":"Centurion and Healer","floor":31,"turns":7},{"damage":29,"enemies":"Collector","floor":33,"turns":7},{"damage":33,"enemies":"3 Darklings","floor":35,"turns":5},{"damage":0,"enemies":"3 Shapes","floor":37,"turns":3},{"damage":42,"enemies":"Writhing Mass","floor":39,"turns":5},{"damage":0,"enemies":"4 Shapes","floor":48,"turns":5},{"damage":79,"enemies":"Awakened One","floor":50,"turns":9}],"seed_played":"8590223985691195207","potions_obtained":[{"floor":2,"key":"Strength Potion"},{"floor":6,"key":"Ancient Potion"},{"floor":8,"key":"FearPotion"},{"floor":11,"key":"BloodPotion"},{"floor":22,"key":"BloodPotion"},{"floor":30,"key":"Ancient Potion"},{"floor":31,"key":"BloodPotion"},{"floor":39,"key":"EntropicBrew"}],"is_trial":false,"path_per_floor":["M","M","M","?","M","E","R","E","T","R","M","$","R","M","R","B",null,"M","M","?","?","M","R","?","R","T","R","M","$","M","M","R","B",null,"M","$","M","$","M","R","?","R","T","?","R","?","$","M","R","B"],"character_chosen":"IRONCLAD","items_purchased":["Rampage","Berserk"],"campfire_rested":1,"item_purchase_floors":[12,29],"current_hp_per_floor":[80,76,76,76,33,33,33,15,15,39,43,43,43,49,49,47,80,80,79,73,57,38,38,38,38,38,38,64,64,70,67,67,44,80,53,53,74,74,58,58,58,58,58,58,58,48,48,74,74,0],"gold":45,"neow_bonus":"RANDOM_COLORLESS","is_prod":false,"is_daily":false,"chose_seed":false,"campfire_upgraded":11,"win_rate":0,"timestamp":1563867977,"path_taken":["M","M","M","?","M","E","R","E","T","R","M","?","R","M","R","BOSS","M","M","?","?","M","R","?","R","T","R","?","$","M","M","R","BOSS","M","$","M","$","M","R","?","R","T","?","R","?","$","M","R","BOSS"],"build_version":"2019-07-17","purchased_purges":3,"victory":false,"max_hp_per_floor":[80,80,80,80,80,80,80,80,80,80,80,80,80,80,80,80,80,80,80,80,80,80,80,80,80,80,80,80,80,80,80,80,80,80,80,80,80,80,80,80,80,80,80,80,80,80,80,80,80,80],"card_choices":[{"not_picked":["Wild Strike","Heavy Blade"],"picked":"Hemokinesis","floor":1},{"not_picked":["Dropkick","Infernal Blade"],"picked":"Uppercut","floor":2},{"not_picked":["True Grit","Sword Boomerang"],"picked":"Body Slam","floor":3},{"not_picked":["Flex","Armaments"],"picked":"Clash","floor":5},{"not_picked":["Reckless Charge","Shockwave"],"picked":"Uppercut","floor":6},{"not_picked":["Armaments","Clothesline"],"picked":"Iron Wave","floor":8},{"not_picked":["Uppercut","Fire Breathing"],"picked":"Impervious","floor":11},{"not_picked":["Pommel Strike","Sword Boomerang","Armaments"],"picked":"SKIP","floor":14},{"not_picked":["Offering","Limit Break"],"picked":"Impervious","floor":16},{"not_picked":["Hemokinesis","Armaments+1"],"picked":"Twin Strike+1","floor":18},{"not_picked":["Rupture","Warcry"],"picked":"Searing Blow+1","floor":19},{"not_picked":["Wild Strike","Flex"],"picked":"Carnage","floor":22},{"not_picked":["Headbutt","Infernal Blade"],"picked":"Shrug It Off","floor":28},{"not_picked":["Power Through+1","Headbutt"],"picked":"Offering","floor":30},{"not_picked":["Dual Wield","Clothesline"],"picked":"Warcry+1","floor":31},{"not_picked":["Heavy Blade+1","Uppercut"],"picked":"Clash+1","floor":35},{"not_picked":["Body Slam","Flex+1","Clothesline+1"],"picked":"SKIP","floor":37},{"not_picked":["Armaments","Havoc+1","Corruption"],"picked":"SKIP","floor":39},{"not_picked":["Anger+1","Burning Pact","Intimidate"],"picked":"SKIP","floor":48}],"player_experience":269261,"relics_obtained":[{"floor":6,"key":"Thread and Needle"},{"floor":8,"key":"Anchor"},{"floor":9,"key":"Orichalcum"},{"floor":21,"key":"Nilry\u0027s Codex"},{"floor":26,"key":"Bottled Flame"},{"floor":43,"key":"Happy Flower"}],"event_choices":[{"damage_healed":0,"gold_gain":0,"player_choice":"Forge","damage_taken":0,"max_hp_gain":0,"max_hp_loss":0,"event_name":"Accursed Blacksmith","floor":4,"gold_loss":0,"cards_upgraded":["Hemokinesis"]},{"damage_healed":0,"gold_gain":0,"player_choice":"Joined the Cult","damage_taken":6,"max_hp_gain":0,"max_hp_loss":0,"event_name":"Nest","floor":20,"gold_loss":0,"cards_obtained":["RitualDagger"]},{"damage_healed":0,"gold_gain":0,"player_choice":"Obtained Book","damage_taken":16,"max_hp_gain":0,"max_hp_loss":0,"event_name":"Cursed Tome","floor":21,"gold_loss":0},{"damage_healed":0,"gold_gain":0,"cards_transformed":["Strike_R","Strike_R"],"player_choice":"Transformed Cards","damage_taken":0,"max_hp_gain":0,"max_hp_loss":0,"event_name":"Designer","floor":24,"gold_loss":60,"cards_obtained":["Dual Wield","Immolate"]},{"damage_healed":0,"gold_gain":0,"player_choice":"Paid","damage_taken":0,"relics_obtained":["Red Mask"],"max_hp_gain":0,"max_hp_loss":0,"event_name":"Tomb of Lord Red Mask","floor":41,"gold_loss":144},{"cards_removed":["Berserk"],"damage_healed":0,"gold_gain":0,"player_choice":"Removed Power","damage_taken":0,"max_hp_gain":0,"max_hp_loss":0,"event_name":"Falling","floor":44,"gold_loss":0},{"damage_healed":0,"gold_gain":0,"player_choice":"Embrace Madness","damage_taken":10,"max_hp_gain":0,"max_hp_loss":0,"event_name":"Winding Halls","floor":46,"gold_loss":0,"cards_obtained":["Madness","Madness"]}],"is_beta":false,"boss_relics":[{"not_picked":["Runic Pyramid","White Beast Statue"],"picked":"Philosopher\u0027s Stone"},{"not_picked":["Fusion Hammer","Snecko Eye"],"picked":"Astrolabe"}],"items_purged_floors":[12,29,36],"is_endless":false,"potions_floor_spawned":[2,6,8,11,16,22,30,31,33,39],"killed_by":"Awakened One","ascension_level":4}