{"gold_per_floor":[110,110,129,204,204,235,235,266,266,300,310,322,332,366,366,366],"floor_reached":16,"playtime":473,"items_purged":[],"score":310,"play_id":"75369504-3cdd-4728-a271-3a2f5aa6bebb","local_time":"20190428193408","is_ascension_mode":true,"campfire_choices":[{"data":"Carnage","floor":7,"key":"SMITH"},{"data":"Limit Break","floor":15,"key":"SMITH"}],"neow_cost":"NONE","seed_source_timestamp":26691689010233,"circlet_count":0,"master_deck":["AscendersBane","Strike_R","Strike_R","Strike_R","Strike_R","Defend_R","Defend_R","Defend_R","Defend_R","Bash","Shrug It Off","Carnage+1","Disarm","Ghostly Armor","Limit Break+1","Power Through","Sword Boomerang"],"relics":["Burning Blood","NeowsBlessing","StoneCalendar","Anchor","Letter Opener","Shuriken","Mummified Hand"],"potions_floor_usage":[6,8,14],"damage_taken":[{"damage":0,"enemies":"Small Slimes","floor":1,"turns":1},{"damage":0,"enemies":"2 Louse","floor":3,"turns":1},{"damage":0,"enemies":"Lagavulin","floor":6,"turns":2},{"damage":21,"enemies":"Gremlin Nob","floor":8,"turns":4},{"damage":15,"enemies":"3 Sentries","floor":10,"turns":7},{"damage":4,"enemies":"Cultist","floor":11,"turns":4},{"damage":0,"enemies":"3 Louse","floor":12,"turns":4},{"damage":0,"enemies":"2 Fungi Beasts","floor":13,"turns":4},{"damage":31,"enemies":"Lagavulin","floor":14,"turns":7},{"damage":42,"enemies":"Hexaghost","floor":16,"turns":9}],"seed_played":"-7599840125055469255","potions_obtained":[{"floor":5,"key":"Fruit Juice"},{"floor":5,"key":"Poison Potion"},{"floor":6,"key":"Ancient Potion"},{"floor":8,"key":"EssenceOfSteel"},{"floor":11,"key":"FearPotion"},{"floor":14,"key":"Explosive Potion"}],"is_trial":false,"path_per_floor":["M","?","M","?","?","E","R","E","T","E","M","M","M","E","R","B"],"character_chosen":"IRONCLAD","items_purchased":[],"campfire_rested":0,"item_purchase_floors":[],"current_hp_per_floor":[74,74,75,64,64,75,75,60,60,51,53,59,65,40,40,0],"gold":366,"neow_bonus":"THREE_ENEMY_KILL","is_prod":false,"is_daily":false,"chose_seed":false,"campfire_upgraded":2,"win_rate":0,"timestamp":1556451248,"path_taken":["M","?","M","?","?","E","R","E","T","E","M","M","?","E","R","BOSS"],"build_version":"2019-01-23","purchased_purges":0,"victory":false,"max_hp_per_floor":[75,75,75,75,75,80,80,80,80,80,80,80,80,80,80,80],"card_choices":[{"not_picked":["Havoc","Anger"],"picked":"Shrug It Off","floor":1},{"not_picked":["Corruption","Dropkick"],"picked":"Disarm","floor":3},{"not_picked":["Intimidate","Pummel"],"picked":"Ghostly Armor","floor":6},{"not_picked":["Thunderclap","Havoc","Warcry"],"picked":"SKIP","floor":8},{"not_picked":["Entrench","Clash"],"picked":"Limit Break","floor":10},{"not_picked":["Sword Boomerang","Hemokinesis"],"picked":"Power Through","floor":11},{"not_picked":["Pommel Strike","Infernal Blade","Clash"],"picked":"SKIP","floor":12},{"not_picked":["Heavy Blade","Sever Soul","Havoc"],"picked":"SKIP","floor":13},{"not_picked":["Iron Wave","Wild Strike"],"picked":"Sword Boomerang","floor":14}],"player_experience":4554709,"relics_obtained":[{"floor":6,"key":"StoneCalendar"},{"floor":8,"key":"Anchor"},{"floor":9,"key":"Letter Opener"},{"floor":10,"key":"Shuriken"},{"floor":14,"key":"Mummified Hand"}],"event_choices":[{"damage_healed":0,"gold_gain":0,"cards_transformed":["Strike_R"],"player_choice":"Change","damage_taken":0,"max_hp_gain":0,"max_hp_loss":0,"event_name":"Living Wall","floor":2,"gold_loss":0,"cards_obtained":["Carnage"]},{"damage_healed":0,"gold_gain":75,"player_choice":"Gather Gold","damage_taken":11,"max_hp_gain":0,"max_hp_loss":0,"event_name":"World of Goop","floor":4,"gold_loss":0},{"damage_healed":0,"gold_gain":0,"player_choice":"Got Potions","damage_taken":0,"max_hp_gain":0,"max_hp_loss":0,"event_name":"Lab","floor":5,"gold_loss":0}],"is_beta":false,"boss_relics":[],"items_purged_floors":[],"is_endless":false,"potions_floor_spawned":[6,8,11,14],"killed_by":"Hexaghost","ascension_level":20}