{"gold_per_floor":[113,38,38,50,50,50,115,115,115,130,142,142,42,42,42,42],"floor_reached":16,"playtime":157,"items_purged":["Strike_B","Strike_B"],"score":246,"play_id":"42e3afa8-21f7-4b09-b504-2680b2d41078","local_time":"20181120160202","is_ascension_mode":true,"campfire_choices":[{"data":"Zap","floor":6,"key":"SMITH"},{"data":"Dualcast","floor":8,"key":"SMITH"},{"data":"Ball Lightning","floor":12,"key":"SMITH"},{"floor":15,"key":"REST"}],"neow_cost":"NONE","seed_source_timestamp":1746737979961676,"circlet_count":0,"master_deck":["AscendersBane","Strike_B","Strike_B+1","Defend_B","Defend_B+1","Defend_B","Defend_B","Zap+1","Dualcast+1","Ball Lightning+1","Parasite"],"relics":["Cracked Core","NeowsBlessing","Tiny Chest","Juzu Bracelet"],"potions_floor_usage":[],"damage_taken":[{"damage":0,"enemies":"Cultist","floor":1,"turns":1},{"damage":0,"enemies":"Small Slimes","floor":4,"turns":1},{"damage":0,"enemies":"3 Sentries","floor":7,"turns":1},{"damage":0,"enemies":"Jaw Worm","floor":10,"turns":2},{"damage":10,"enemies":"Large Slime","floor":11,"turns":5},{"damage":0,"enemies":"Hexaghost","floor":16,"turns":1}],"seed_played":"4111259270681283512","potions_obtained":[{"floor":7,"key":"Explosive Potion"},{"floor":10,"key":"Swift Potion"}],"is_trial":false,"path_per_floor":["M","$","?","M","?","R","E","R","T","M","M","R","$","?","R","B"],"character_chosen":"DEFECT","items_purchased":[],"campfire_rested":1,"item_purchase_floors":[],"current_hp_per_floor":[64,64,43,43,48,48,48,48,48,48,38,38,38,57,76,76],"gold":42,"neow_bonus":"THREE_ENEMY_KILL","is_prod":false,"is_daily":false,"chose_seed":false,"campfire_upgraded":3,"win_rate":0,"timestamp":1542700922,"path_taken":["M","$","?","M","?","R","E","R","T","M","M","R","$","?","R","BOSS"],"build_version":"2018-11-15","purchased_purges":2,"victory":false,"max_hp_per_floor":[71,71,71,71,76,76,76,76,76,76,76,76,76,76,76,76],"card_choices":[{"not_picked":["Gash","Beam Cell","Sweeping Beam"],"picked":"SKIP","floor":1},{"not_picked":["Rebound","Steam","Compile Driver"],"picked":"SKIP","floor":4},{"not_picked":["Melter","Sweeping Beam","Steam Power"],"picked":"SKIP","floor":7},{"not_picked":["Go for the Eyes","Stack"],"picked":"Ball Lightning","floor":10},{"not_picked":["Melter","BootSequence","Static Discharge"],"picked":"SKIP","floor":11}],"player_experience":579921,"relics_obtained":[{"floor":7,"key":"Tiny Chest"},{"floor":9,"key":"Juzu Bracelet"}],"event_choices":[{"damage_healed":0,"gold_gain":0,"player_choice":"Entered Light","damage_taken":21,"max_hp_gain":0,"max_hp_loss":0,"event_name":"Shining Light","floor":3,"gold_loss":0,"cards_upgraded":["Defend_B","Strike_B"]},{"damage_healed":0,"gold_gain":0,"player_choice":"Donut","damage_taken":0,"max_hp_gain":5,"max_hp_loss":0,"event_name":"Big Fish","floor":5,"gold_loss":0},{"damage_healed":19,"gold_gain":0,"player_choice":"Healed and dodged fight","damage_taken":0,"max_hp_gain":0,"max_hp_loss":0,"event_name":"Mushrooms","floor":14,"gold_loss":0,"cards_obtained":["Parasite"]}],"is_beta":true,"boss_relics":[],"items_purged_floors":[2,13],"is_endless":false,"potions_floor_spawned":[7,10],"killed_by":"Hexaghost","ascension_level":20}