{"gold_per_floor":[113,123,25,25,25,25,51,67,118,129,460,487,487,146,146,146],"floor_reached":16,"playtime":645,"items_purged":["Clumsy"],"score":266,"play_id":"5405c585-14f6-4a4a-bd29-6f1dca57db90","local_time":"20190801181630","is_ascension_mode":true,"campfire_choices":[{"data":"Endless Agony","floor":6,"key":"SMITH"},{"floor":13,"key":"REST"},{"data":"Flechettes","floor":15,"key":"SMITH"}],"neow_cost":"CURSE","seed_source_timestamp":110827575134263,"circlet_count":0,"master_deck":["AscendersBane","Strike_G","Strike_G","Strike_G","Strike_G","Strike_G","Defend_G","Defend_G","Defend_G","Defend_G","Defend_G","Survivor","Neutralize","All Out Attack","Endless Agony+1","Footwork","Die Die Die","Backflip","Backflip","Die Die Die","Dagger Throw","Flechettes+1"],"relics":["Ring of the Snake","Tough Bandages","Orichalcum","Dream Catcher","PreservedInsect","Old Coin","Odd Mushroom","Kunai"],"potions_floor_usage":[7,11,16],"damage_taken":[{"damage":0,"enemies":"2 Louse","floor":1,"turns":2},{"damage":0,"enemies":"Jaw Worm","floor":2,"turns":4},{"damage":17,"enemies":"3 Sentries","floor":7,"turns":6},{"damage":0,"enemies":"Cultist","floor":8,"turns":4},{"damage":0,"enemies":"Exordium Wildlife","floor":10,"turns":2},{"damage":0,"enemies":"Gremlin Nob","floor":11,"turns":2},{"damage":0,"enemies":"The Mushroom Lair","floor":12,"turns":2},{"damage":46,"enemies":"Slime Boss","floor":16,"turns":11}],"seed_played":"-2742862257398224009","potions_obtained":[{"floor":2,"key":"AttackPotion"},{"floor":11,"key":"Strength Potion"}],"is_trial":false,"path_per_floor":["M","M","$","?","?","R","E","M","T","M","E","?","R","$","R","B"],"character_chosen":"THE_SILENT","items_purchased":["Footwork","FearPotion","Kunai"],"campfire_rested":1,"item_purchase_floors":[3,3,14],"current_hp_per_floor":[59,59,59,41,41,41,24,24,24,24,24,24,43,43,43,0],"gold":146,"neow_bonus":"ONE_RARE_RELIC","is_prod":false,"is_daily":false,"chose_seed":false,"campfire_upgraded":2,"win_rate":0,"timestamp":1564676190,"path_taken":["M","M","$","?","?","R","E","?","T","M","E","?","R","$","R","BOSS"],"build_version":"2019-07-17","purchased_purges":1,"victory":false,"max_hp_per_floor":[66,66,66,66,66,66,66,66,66,66,66,66,66,66,66,66],"card_choices":[{"not_picked":["PiercingWail","Outmaneuver"],"picked":"All Out Attack","floor":1},{"not_picked":["Flechettes","Poisoned Stab"],"picked":"Endless Agony","floor":2},{"not_picked":["Infinite Blades","Blade Dance","Outmaneuver"],"picked":"SKIP","floor":7},{"not_picked":["Choke","Prepared"],"picked":"Backflip","floor":8},{"not_picked":["Infinite Blades","Dodge and Roll"],"picked":"Die Die Die","floor":10},{"not_picked":["Deadly Poison","Dodge and Roll"],"picked":"Dagger Throw","floor":11},{"not_picked":["Bane","Prepared"],"picked":"Flechettes","floor":13}],"player_experience":811334,"relics_obtained":[{"floor":7,"key":"Dream Catcher"},{"floor":9,"key":"PreservedInsect"},{"floor":11,"key":"Old Coin"},{"floor":12,"key":"Odd Mushroom"}],"event_choices":[{"damage_healed":0,"gold_gain":0,"player_choice":"Success","damage_taken":18,"relics_obtained":["Orichalcum"],"max_hp_gain":0,"max_hp_loss":0,"event_name":"Scrap Ooze","floor":4,"gold_loss":0},{"damage_healed":0,"gold_gain":0,"player_choice":"2 cards matched","damage_taken":0,"max_hp_gain":0,"max_hp_loss":0,"event_name":"Match and Keep!","floor":5,"gold_loss":0,"cards_obtained":["Die Die Die","Backflip"]},{"damage_healed":0,"gold_gain":0,"player_choice":"Fought Mushrooms","damage_taken":0,"max_hp_gain":0,"max_hp_loss":0,"event_name":"Mushrooms","floor":12,"gold_loss":0}],"is_beta":false,"boss_relics":[],"items_purged_floors":[14],"is_endless":false,"potions_floor_spawned":[2,11],"killed_by":"Slime Boss","ascension_level":20}