{"gold_per_floor":[118,118,118,38,50,81,101,130,201,201,218,234,244,261,261,261],"floor_reached":16,"playtime":348,"items_purged":[],"score":278,"play_id":"0d182161-b582-4325-872b-261724eec59c","local_time":"20190224022523","is_ascension_mode":true,"campfire_choices":[{"data":"Zap","floor":10,"key":"SMITH"},{"data":"Dualcast","floor":15,"key":"SMITH"}],"neow_cost":"NONE","seed_source_timestamp":541876069879232,"circlet_count":0,"master_deck":["AscendersBane","Strike_B","Strike_B","Strike_B","Defend_B","Defend_B","Defend_B","Defend_B","Zap+1","Dualcast+1","Conserve Battery","Skim","Compile Driver","Core Surge","Ball Lightning","Steam","Hologram","Blizzard","Hologram"],"relics":["Cracked Core","NeowsBlessing","Unceasing Top","Anchor","Bottled Lightning"],"potions_floor_usage":[8,16,16],"damage_taken":[{"damage":0,"enemies":"Cultist","floor":1,"turns":1},{"damage":0,"enemies":"Jaw Worm","floor":5,"turns":1},{"damage":0,"enemies":"Lagavulin","floor":6,"turns":1},{"damage":0,"enemies":"2 Louse","floor":7,"turns":2},{"damage":20,"enemies":"Gremlin Nob","floor":8,"turns":4},{"damage":5,"enemies":"Exordium Wildlife","floor":11,"turns":5},{"damage":23,"enemies":"Exordium Thugs","floor":12,"turns":4},{"damage":2,"enemies":"2 Fungi Beasts","floor":13,"turns":3},{"damage":5,"enemies":"Exordium Wildlife","floor":14,"turns":4},{"damage":0,"enemies":"Slime Boss","floor":16,"turns":4}],"seed_played":"-6164644047059921981","potions_obtained":[{"floor":5,"key":"Fire Potion"},{"floor":7,"key":"Weak Potion"},{"floor":8,"key":"FocusPotion"}],"is_trial":false,"path_per_floor":["M","?","?","$","M","E","M","E","T","R","M","M","M","M","R","B"],"character_chosen":"DEFECT","items_purchased":["Skim"],"campfire_rested":0,"item_purchase_floors":[4],"current_hp_per_floor":[64,64,57,57,57,57,57,37,37,37,32,9,7,2,2,2],"gold":261,"neow_bonus":"THREE_ENEMY_KILL","is_prod":false,"is_daily":false,"chose_seed":false,"campfire_upgraded":2,"win_rate":0,"timestamp":1550946323,"path_taken":["M","?","?","?","?","E","M","E","T","R","M","?","M","M","R","BOSS"],"build_version":"2019-01-23","purchased_purges":0,"victory":false,"max_hp_per_floor":[71,71,71,71,71,71,71,71,71,71,71,71,71,71,71,71],"card_choices":[{"not_picked":["Leap","Streamline"],"picked":"Conserve Battery","floor":1},{"not_picked":["Auto Shields","Steam"],"picked":"Compile Driver","floor":5},{"not_picked":["Rebound","Leap"],"picked":"Core Surge","floor":6},{"not_picked":["Rebound","Redo"],"picked":"Ball Lightning","floor":7},{"not_picked":["Tempest","Sweeping Beam","Barrage"],"picked":"SKIP","floor":8},{"not_picked":["Compile Driver","Conserve Battery"],"picked":"Steam","floor":11},{"not_picked":["Capacitor","Beam Cell"],"picked":"Hologram","floor":12},{"not_picked":["Sweeping Beam","Gash"],"picked":"Blizzard","floor":13},{"not_picked":["Force Field","Streamline"],"picked":"Hologram","floor":14}],"player_experience":962741,"relics_obtained":[{"floor":6,"key":"Unceasing Top"},{"floor":8,"key":"Anchor"},{"floor":9,"key":"Bottled Lightning"}],"event_choices":[{"damage_healed":0,"gold_gain":0,"player_choice":"Ignored","damage_taken":0,"max_hp_gain":0,"max_hp_loss":0,"event_name":"Liars Game","floor":2,"gold_loss":0},{"cards_removed":["Strike_B"],"damage_healed":0,"gold_gain":0,"player_choice":"Card Removal","damage_taken":7,"max_hp_gain":0,"max_hp_loss":0,"event_name":"Golden Wing","floor":3,"gold_loss":0}],"is_beta":false,"boss_relics":[],"items_purged_floors":[],"is_endless":false,"potions_floor_spawned":[5,7,8,14],"killed_by":"Slime Boss","ascension_level":20}