{"gold_per_floor":[116,116,116,41,56,56,56,56,83,118,134,169,184,84,84,184,184,200,219,219,238,95,95,121,174,174,208,220,220,220,237,237,334,334,345,363,363,363,238,238,270,270,348,348,358,358,458,183,183,183],"floor_reached":50,"playtime":1362,"items_purged":["Defend_R","Defend_R","Defend_R","Strike_R"],"score":589,"play_id":"5fcaaea0-9484-4031-abd5-d48f081a0dff","local_time":"20181123181311","is_ascension_mode":false,"campfire_choices":[{"data":"Rampage","floor":6,"key":"SMITH"},{"data":"Clash","floor":8,"key":"SMITH"},{"data":"Inflame","floor":15,"key":"SMITH"},{"floor":23,"key":"REST"},{"data":"Disarm","floor":30,"key":"SMITH"},{"data":"Disarm","floor":32,"key":"SMITH"},{"data":"Heavy Blade","floor":40,"key":"SMITH"},{"data":"Disarm","floor":44,"key":"SMITH"},{"data":"Spot Weakness","floor":46,"key":"SMITH"},{"data":"Spot Weakness","floor":49,"key":"SMITH"}],"neow_cost":"NONE","seed_source_timestamp":6707674550417,"circlet_count":0,"master_deck":["Strike_R+1","Strike_R","Strike_R","Strike_R","Bash","Clash+1","Disarm+1","Rampage+1","Offering","Spot Weakness+1","Inflame+1","Reaper+1","Disarm+1","Disarm+1","Shrug It Off+1","Shrug It Off+1","Spot Weakness+1","Uppercut+1","Fiend Fire","Heavy Blade+1","Disarm+1","Flex+1","Parasite","Second Wind+1","Flex+1"],"relics":["Burning Blood","NeowsBlessing","Kunai","PreservedInsect","Red Skull","Black Star","Nilry\u0027s Codex","Bag of Marbles","Regal Pillow","Whetstone","Art of War","Blue Candle","Oddly Smooth Stone","Vajra","Sozu","Blood Vial","Happy Flower","Sundial","Self Forming Clay","Ginger","Membership Card"],"potions_floor_usage":[19,24],"damage_taken":[{"damage":0,"enemies":"Jaw Worm","floor":1,"turns":1},{"damage":0,"enemies":"Small Slimes","floor":5,"turns":1},{"damage":0,"enemies":"Gremlin Nob","floor":10,"turns":1},{"damage":6,"enemies":"2 Louse","floor":11,"turns":2},{"damage":17,"enemies":"Lagavulin","floor":12,"turns":3},{"damage":11,"enemies":"Blue Slaver","floor":13,"turns":2},{"damage":22,"enemies":"Slime Boss","floor":16,"turns":7},{"damage":37,"enemies":"2 Thieves","floor":18,"turns":3},{"damage":17,"enemies":"3 Byrds","floor":19,"turns":4},{"damage":46,"enemies":"3 Cultists","floor":21,"turns":5},{"damage":13,"enemies":"Book of Stabbing","floor":24,"turns":6},{"damage":21,"enemies":"Gremlin Leader","floor":27,"turns":5},{"damage":10,"enemies":"Snecko","floor":28,"turns":6},{"damage":8,"enemies":"Shelled Parasite and Fungi","floor":31,"turns":4},{"damage":69,"enemies":"Automaton","floor":33,"turns":7},{"damage":17,"enemies":"3 Darklings","floor":35,"turns":5},{"damage":18,"enemies":"3 Shapes","floor":36,"turns":6},{"damage":15,"enemies":"Giant Head","floor":41,"turns":6},{"damage":6,"enemies":"Writhing Mass","floor":45,"turns":5},{"damage":1,"enemies":"Mind Bloom Boss Battle","floor":47,"turns":6},{"damage":86,"enemies":"Donu and Deca","floor":50,"turns":5}],"seed_played":"5730048961366403241","potions_obtained":[{"floor":1,"key":"Explosive Potion"},{"floor":13,"key":"LiquidBronze"},{"floor":16,"key":"Swift Potion"},{"floor":21,"key":"LiquidBronze"},{"floor":24,"key":"FearPotion"}],"is_trial":false,"path_per_floor":["M","$","?","$","M","R","?","R","T","E","M","E","M","$","R","B",null,"M","M","?","M","$","R","E","T","T","E","M","?","R","M","R","B",null,"M","M","?","?","$","R","E","T","T","R","M","R","?","$","R","B"],"character_chosen":"IRONCLAD","items_purchased":["Bag of Marbles","Membership Card"],"campfire_rested":1,"item_purchase_floors":[22,48],"current_hp_per_floor":[80,80,80,80,80,80,73,73,73,79,79,68,63,63,63,47,80,49,47,31,12,12,36,42,42,42,60,65,50,50,48,48,39,85,85,73,73,73,73,73,79,79,79,79,81,81,81,81,81,0],"gold":183,"neow_bonus":"THREE_ENEMY_KILL","is_prod":false,"is_daily":false,"chose_seed":false,"campfire_upgraded":9,"win_rate":0,"timestamp":1542967991,"path_taken":["M","$","?","$","M","R","?","R","T","E","M","E","M","$","R","BOSS","M","M","?","M","$","R","E","?","T","E","M","?","R","M","R","BOSS","M","M","?","?","$","R","E","?","T","R","M","R","?","?","R","BOSS"],"build_version":"2018-11-15","purchased_purges":4,"victory":false,"max_hp_per_floor":[80,80,80,80,80,80,80,80,80,80,80,80,80,80,80,80,80,80,80,80,80,80,80,80,80,80,80,80,85,85,85,85,85,85,85,85,85,81,81,81,81,81,81,81,81,81,81,81,81,81],"card_choices":[{"not_picked":["Blood for Blood","Heavy Blade"],"picked":"Clash","floor":1},{"not_picked":["Anger","Clothesline"],"picked":"Rampage","floor":5},{"not_picked":["Rampage","Iron Wave"],"picked":"Offering","floor":10},{"not_picked":["Cleave","Fire Breathing"],"picked":"Spot Weakness","floor":11},{"not_picked":["Blood for Blood","True Grit","Dual Wield"],"picked":"SKIP","floor":12},{"not_picked":["True Grit","Cleave"],"picked":"Inflame","floor":13},{"not_picked":["Fiend Fire","Brutality"],"picked":"Reaper","floor":16},{"not_picked":["Infernal Blade","Pummel"],"picked":"Disarm","floor":18},{"not_picked":["Inflame+1","Wild Strike"],"picked":"Disarm","floor":19},{"not_picked":["Warcry","Intimidate+1"],"picked":"Shrug It Off+1","floor":21},{"not_picked":["Sword Boomerang","Twin Strike"],"picked":"Shrug It Off+1","floor":24},{"not_picked":["Armaments","True Grit+1"],"picked":"Spot Weakness","floor":27},{"not_picked":["Pommel Strike","Perfected Strike"],"picked":"Uppercut+1","floor":28},{"not_picked":["Clothesline","Cleave+1","True Grit"],"picked":"SKIP","floor":31},{"not_picked":["Barricade","Brutality"],"picked":"Fiend Fire","floor":33},{"not_picked":["Iron Wave","Twin Strike"],"picked":"Heavy Blade","floor":35},{"not_picked":["Dual Wield","Combust"],"picked":"Disarm+1","floor":36},{"not_picked":["Corruption","Clothesline"],"picked":"Flex+1","floor":41},{"not_picked":["Power Through+1","Heavy Blade"],"picked":"Second Wind+1","floor":45},{"not_picked":["Heavy Blade","Cleave"],"picked":"Flex+1","floor":47}],"player_experience":1114449,"relics_obtained":[{"floor":10,"key":"PreservedInsect"},{"floor":12,"key":"Red Skull"},{"floor":20,"key":"Nilry\u0027s Codex"},{"floor":24,"key":"Regal Pillow"},{"floor":24,"key":"Whetstone"},{"floor":25,"key":"Art of War"},{"floor":26,"key":"Blue Candle"},{"floor":27,"key":"Oddly Smooth Stone"},{"floor":27,"key":"Vajra"},{"floor":41,"key":"Blood Vial"},{"floor":41,"key":"Happy Flower"},{"floor":42,"key":"Sundial"},{"floor":43,"key":"Self Forming Clay"},{"floor":47,"key":"Ginger"}],"event_choices":[{"damage_healed":0,"gold_gain":0,"cards_transformed":["Defend_R"],"player_choice":"Change","damage_taken":0,"max_hp_gain":0,"max_hp_loss":0,"event_name":"Living Wall","floor":3,"gold_loss":0,"cards_obtained":["Disarm"]},{"damage_healed":0,"gold_gain":0,"player_choice":"Success","damage_taken":7,"relics_obtained":["Kunai"],"max_hp_gain":0,"max_hp_loss":0,"event_name":"Scrap Ooze","floor":7,"gold_loss":0},{"damage_healed":0,"gold_gain":0,"player_choice":"Obtained Book","damage_taken":16,"max_hp_gain":0,"max_hp_loss":0,"event_name":"Cursed Tome","floor":20,"gold_loss":0},{"damage_healed":0,"gold_gain":0,"player_choice":"Shed Blood","damage_taken":20,"max_hp_gain":5,"max_hp_loss":0,"event_name":"Forgotten Altar","floor":29,"gold_loss":0},{"damage_healed":0,"gold_gain":0,"player_choice":"Ignored","damage_taken":0,"max_hp_gain":0,"max_hp_loss":0,"event_name":"Mysterious Sphere","floor":37,"gold_loss":0},{"damage_healed":0,"gold_gain":0,"player_choice":"Max HP","damage_taken":0,"max_hp_gain":0,"max_hp_loss":4,"event_name":"Winding Halls","floor":38,"gold_loss":0},{"damage_healed":0,"gold_gain":0,"player_choice":"Fight","damage_taken":0,"max_hp_gain":0,"max_hp_loss":0,"event_name":"MindBloom","floor":47,"gold_loss":0}],"is_beta":false,"boss_relics":[{"not_picked":["Runic Cube","Lizard Tail"],"picked":"Black Star"},{"not_picked":["Tiny House","Black Blood"],"picked":"Sozu"}],"items_purged_floors":[4,14,39,48],"is_endless":false,"potions_floor_spawned":[1,13,16,21,24,28,41,45,47],"killed_by":"Donu and Deca","ascension_level":0}