{"gold_per_floor":[119,119,139,139,414,449,468,499,499,499,163,207,207,246,246,339,339,363,413,413,141,165,165,200,200,200,200,225,250,262,284,296,381,443,471,483,370,26,37,37,71,71,97,129,129,129,142,142,142,142,142,142,142,0,34,34],"floor_reached":56,"playtime":2965,"items_purged":["Regret","Strike_G","Pain"],"score":2395,"play_id":"a90966bc-704e-446e-a935-9b778b831481","local_time":"20190414020407","is_ascension_mode":true,"campfire_choices":[{"floor":13.0,"key":"REST"},{"data":"Malaise","floor":15.0,"key":"SMITH"},{"data":"A Thousand Cuts","floor":23.0,"key":"SMITH"},{"data":"Neutralize","floor":25.0,"key":"SMITH"},{"data":"Calculated Gamble","floor":30.0,"key":"SMITH"},{"data":"Outmaneuver","floor":32.0,"key":"SMITH"},{"data":"Crippling Poison","floor":40.0,"key":"SMITH"},{"data":"Leg Sweep","floor":42.0,"key":"SMITH"},{"floor":45.0,"key":"RECALL"},{"data":"Night Terror","floor":49.0,"key":"SMITH"},{"floor":53.0,"key":"REST"}],"neow_cost":"NONE","seed_source_timestamp":48011077796584,"circlet_count":0,"master_deck":["AscendersBane","Defend_G","Defend_G","Defend_G","Defend_G+1","Defend_G","Strike_G+1","Strike_G","Strike_G+1","Strike_G+1","Survivor","Neutralize+1","Cloak And Dagger","Crippling Poison+1","Backflip","Malaise+1","Infinite Blades","A Thousand Cuts+1","Calculated Gamble+1","Magnetism+1","Outmaneuver+1","Night Terror+1","Leg Sweep+1","Prepared+1","Concentrate","Deflect","PiercingWail"],"special_seed":0,"relics":["Ring of the Snake","NeowsBlessing","Bloody Idol","Whetstone","Mango","Ninja Scroll","Paper Crane","Regal Pillow","Ancient Tea Set","Runic Pyramid","Anchor","Art of War","Bronze Scales","Tingsha","MawBank","Tiny House","WarpedTongs","Gambling Chip","Vajra","Strawberry"],"potions_floor_usage":[56],"damage_taken":[{"damage":0.0,"enemies":"2 Louse","floor":1.0,"turns":1.0},{"damage":0.0,"enemies":"Jaw Worm","floor":3.0,"turns":1.0},{"damage":0.0,"enemies":"Gremlin Nob","floor":6.0,"turns":1.0},{"damage":0.0,"enemies":"Cultist","floor":7.0,"turns":5.0},{"damage":37.0,"enemies":"3 Sentries","floor":8.0,"turns":13.0},{"damage":0.0,"enemies":"Gremlin Nob","floor":12.0,"turns":3.0},{"damage":16.0,"enemies":"3 Sentries","floor":14.0,"turns":7.0},{"damage":0.0,"enemies":"Hexaghost","floor":16.0,"turns":11.0},{"damage":16.0,"enemies":"2 Thieves","floor":18.0,"turns":5.0},{"damage":9.0,"enemies":"Book of Stabbing","floor":24.0,"turns":8.0},{"damage":43.0,"enemies":"Slavers","floor":28.0,"turns":6.0},{"damage":0.0,"enemies":"Chosen","floor":29.0,"turns":6.0},{"damage":10.0,"enemies":"Sentry and Sphere","floor":31.0,"turns":6.0},{"damage":0.0,"enemies":"Champ","floor":33.0,"turns":11.0},{"damage":3.0,"enemies":"Orb Walker","floor":35.0,"turns":4.0},{"damage":0.0,"enemies":"3 Shapes","floor":39.0,"turns":5.0},{"damage":12.0,"enemies":"Maw","floor":41.0,"turns":9.0},{"damage":1.0,"enemies":"Reptomancer","floor":44.0,"turns":7.0},{"damage":1.0,"enemies":"Writhing Mass","floor":47.0,"turns":8.0},{"damage":64.0,"enemies":"Donu and Deca","floor":50.0,"turns":13.0},{"damage":0.0,"enemies":"Awakened One","floor":51.0,"turns":17.0},{"damage":26.0,"enemies":"Shield and Spear","floor":55.0,"turns":12.0},{"damage":103,"enemies":"The Heart","floor":56,"turns":9}],"seed_played":"362643431348296861","potions_obtained":[{"floor":7.0,"key":"Swift Potion"},{"floor":12.0,"key":"Dexterity Potion"},{"floor":14.0,"key":"GamblersBrew"},{"floor":31.0,"key":"FearPotion"},{"floor":34.0,"key":"Ancient Potion"}],"is_trial":false,"path_per_floor":["M","?","M","?","?","E","M","E","T","?","$","E","R","E","R","B",null,"M","?","?","$","T","R","E","R","T","?","E","M","R","M","R","B",null,"M","?","$","$","M","R","M","R","T","E","R","$","M","?","R","B","B",null,"R","$","E","B"],"character_chosen":"THE_SILENT","items_purchased":["FearPotion","Magnetism","Anchor","Gambling Chip","GhostInAJar","Deflect"],"campfire_rested":2,"item_purchase_floors":[11,11,21,38,54,54],"current_hp_per_floor":[59,59,59,41,41,41,41,18,18,7,7,7,44,28,28,28,63,47,47,47,47,52,52,48,48,48,48,10,20,25,25,30,40,73,79,79,79,79,79,79,77,77,79,79,79,79,79,79,79,15,15,63,79,79,65,0],"gold":34,"neow_bonus":"THREE_ENEMY_KILL","is_prod":false,"is_daily":false,"chose_seed":false,"campfire_upgraded":8,"win_rate":0,"timestamp":1555178647,"path_taken":["M","?","M","?","?","E","?","E","T","?","$","E","R","E","R","BOSS","M","?","?","?","?","R","E","R","T","?","E","M","R","?","R","BOSS","M","?","?","$","M","R","?","R","T","E","R","$","M","?","R","BOSS","BOSS","R","$","E","BOSS"],"build_version":"2019-01-23","purchased_purges":3,"victory":false,"max_hp_per_floor":[66,60,60,60,60,60,60,74,74,74,74,74,74,74,74,74,74,74,74,74,74,74,74,74,74,74,74,74,74,74,74,74,74,79,79,79,79,79,79,79,79,79,79,79,79,79,79,79,79,79,79,79,79,79,86,86],"card_choices":[{"not_picked":["Quick Slash","Reflex"],"picked":"Cloak And Dagger","floor":1.0},{"not_picked":["Blur","Distraction"],"picked":"Crippling Poison","floor":3.0},{"not_picked":["Heel Hook","Eviscerate"],"picked":"Backflip","floor":6.0},{"not_picked":["Backstab","Slice"],"picked":"Malaise","floor":7.0},{"not_picked":["Cloak And Dagger","Terror"],"picked":"Infinite Blades","floor":8.0},{"not_picked":["Blade Dance","Acrobatics","Reflex"],"picked":"SKIP","floor":12.0},{"not_picked":["Backstab","Reflex","Sucker Punch"],"picked":"SKIP","floor":14.0},{"not_picked":["Tools of the Trade","Phantasmal Killer"],"picked":"A Thousand Cuts","floor":16.0},{"not_picked":["Flechettes","Sucker Punch","Caltrops"],"picked":"SKIP","floor":18.0},{"not_picked":["Backflip","Cloak And Dagger"],"picked":"Calculated Gamble","floor":24.0},{"not_picked":["Backflip","Blur","Acrobatics"],"picked":"SKIP","floor":28.0},{"not_picked":["Flechettes","Blade Dance","Dash"],"picked":"SKIP","floor":29.0},{"not_picked":["Leg Sweep","Underhanded Strike+1"],"picked":"Outmaneuver","floor":31.0},{"not_picked":["Grand Finale","Phantasmal Killer"],"picked":"Night Terror","floor":33.0},{"not_picked":["Bane","Poisoned Stab"],"picked":"Leg Sweep","floor":34.0},{"not_picked":["Masterful Stab","Leg Sweep"],"picked":"Prepared+1","floor":35.0},{"not_picked":["Blade Dance","Flying Knee","Slice"],"picked":"SKIP","floor":39.0},{"not_picked":["Prepared","Quick Slash","Underhanded Strike+1"],"picked":"SKIP","floor":41.0},{"not_picked":["Outmaneuver","Grand Finale"],"picked":"Concentrate","floor":44.0},{"not_picked":["Quick Slash","Caltrops","Endless Agony"],"picked":"SKIP","floor":47.0},{"not_picked":["Crippling Poison","Riddle With Holes"],"picked":"PiercingWail","floor":55.0}],"player_experience":4265107,"relics_obtained":[{"floor":6.0,"key":"Whetstone"},{"floor":8.0,"key":"Mango"},{"floor":9.0,"key":"Ninja Scroll"},{"floor":12.0,"key":"Regal Pillow"},{"floor":14.0,"key":"Ancient Tea Set"},{"floor":22.0,"key":"Art of War"},{"floor":24.0,"key":"Bronze Scales"},{"floor":26.0,"key":"Tingsha"},{"floor":28.0,"key":"MawBank"},{"floor":44.0,"key":"Vajra"},{"floor":55.0,"key":"Strawberry"}],"event_choices":[{"damage_healed":0.0,"max_hp_gain":0.0,"max_hp_loss":6.0,"gold_gain":0.0,"event_name":"Golden Idol","player_choice":"Lose Max HP","floor":2.0,"gold_loss":0.0,"damage_taken":0.0,"relics_obtained":["Golden Idol"]},{"damage_healed":0.0,"max_hp_gain":0.0,"max_hp_loss":0.0,"gold_gain":0.0,"event_name":"Shining Light","player_choice":"Entered Light","floor":4.0,"gold_loss":0.0,"damage_taken":18.0,"cards_upgraded":["Defend_G","Strike_G"]},{"damage_healed":0.0,"max_hp_gain":0.0,"max_hp_loss":0.0,"gold_gain":275.0,"event_name":"Golden Shrine","player_choice":"Desecrate","floor":5.0,"gold_loss":0.0,"damage_taken":0.0,"cards_obtained":["Regret"]},{"damage_healed":0.0,"max_hp_gain":0.0,"max_hp_loss":0.0,"gold_gain":0.0,"event_name":"Scrap Ooze","player_choice":"Success","floor":10.0,"gold_loss":0.0,"damage_taken":11.0,"relics_obtained":["Paper Crane"]},{"damage_healed":0.0,"max_hp_gain":0.0,"max_hp_loss":0.0,"gold_gain":50.0,"event_name":"Nest","player_choice":"Stole From Cult","floor":19.0,"gold_loss":0.0,"damage_taken":0.0},{"damage_healed":0.0,"max_hp_gain":0.0,"max_hp_loss":0.0,"gold_gain":0.0,"event_name":"Forgotten Altar","player_choice":"Gave Idol","floor":20.0,"relics_lost":["Golden Idol"],"gold_loss":0.0,"damage_taken":0.0,"relics_obtained":["Bloody Idol"]},{"damage_healed":0.0,"max_hp_gain":0.0,"max_hp_loss":0.0,"gold_gain":0.0,"event_name":"Duplicator","player_choice":"Copied","floor":27.0,"gold_loss":0.0,"damage_taken":0.0,"cards_obtained":["Magnetism"]},{"damage_healed":0.0,"max_hp_gain":0.0,"max_hp_loss":0.0,"gold_gain":0.0,"event_name":"Accursed Blacksmith","player_choice":"Rummage","floor":36.0,"gold_loss":0.0,"damage_taken":0.0,"relics_obtained":["WarpedTongs"],"cards_obtained":["Pain"]},{"cards_removed":["Magnetism"],"damage_healed":0.0,"max_hp_gain":0.0,"max_hp_loss":0.0,"gold_gain":0.0,"event_name":"Falling","player_choice":"Removed Power","floor":48.0,"gold_loss":0.0,"damage_taken":0.0}],"is_beta":false,"boss_relics":[{"not_picked":["Orrery","Fusion Hammer"],"picked":"Runic Pyramid"},{"not_picked":["Snecko Eye","Ring of the Serpent"],"picked":"Tiny House"}],"items_purged_floors":[11,21,37],"is_endless":false,"potions_floor_spawned":[7,12,14,16,31,33,41,47],"killed_by":"The Heart","ascension_level":20}