{"gold_per_floor":[117,117,117,42,42,78,102,120,175,211,234,132,175,253,253,376,376,390,410,425,425,170,95,95,128,128,172,172,212,212,232,232,355,355,369,396,396,419,92,127,89,89,89,114,147,163,163,194,194,194],"floor_reached":51,"playtime":1875,"items_purged":["Meteor Strike","All For One","Hyperbeam+1","Self Repair"],"score":1159,"play_id":"7e44945f-01c0-4715-a38b-ed2ea4987ad3","local_time":"20181019235807","daily_mods":["Shiny","Vintage","Heirloom"],"is_ascension_mode":false,"campfire_choices":[{"data":"Fission","floor":15,"key":"SMITH"},{"data":"Rainbow","floor":24,"key":"SMITH"},{"data":"Creative AI","floor":30,"key":"SMITH"},{"data":"Buffer","floor":32,"key":"SMITH"},{"data":"Biased Cognition","floor":42,"key":"SMITH"},{"data":"1","floor":49,"key":"LIFT"}],"neow_cost":"","seed_source_timestamp":0,"circlet_count":0,"master_deck":["Thunder Strike+1","Biased Cognition+1","Machine Learning+1","Electrodynamics+1","Buffer+1","Rainbow+1","Seek+1","Echo Form+1","Reboot+1","Amplify+1","Creative AI+1","Fission+1","Core Surge+1","Glacier+1","Capacitor+1","Leap+1","Defragment+1"],"relics":["Cracked Core","Nunchaku","Vajra","Bag of Marbles","Golden Idol","Shuriken","PreservedInsect","Toxic Egg 2","Tiny Chest","Centennial Puzzle","Potion Belt","Juzu Bracelet","Lantern","Bag of Preparation","Busted Crown","Frozen Egg 2","Sundial","Nloth\u0027s Gift","Omamori","Art of War","Regal Pillow","Bottled Flame","War Paint","Smiling Mask","Blood Vial","White Beast Statue","Blue Candle","Bronze Scales","Whetstone","ClockworkSouvenir","MawBank","Cables","Ornamental Fan","FossilizedHelix","Girya","Mark of the Bloom","Dodecahedron"],"potions_floor_usage":[25,27,50,50,50],"damage_taken":[{"damage":18,"enemies":"Jaw Worm","floor":1,"turns":3},{"damage":9,"enemies":"3 Sentries","floor":6,"turns":2},{"damage":6,"enemies":"Small Slimes","floor":7,"turns":2},{"damage":0,"enemies":"2 Louse","floor":8,"turns":2},{"damage":6,"enemies":"Lagavulin","floor":10,"turns":5},{"damage":0,"enemies":"Lots of Slimes","floor":11,"turns":1},{"damage":15,"enemies":"3 Sentries","floor":13,"turns":3},{"damage":0,"enemies":"Gremlin Nob","floor":14,"turns":2},{"damage":6,"enemies":"Hexaghost","floor":16,"turns":7},{"damage":0,"enemies":"Shell Parasite","floor":18,"turns":6},{"damage":0,"enemies":"Spheric Guardian","floor":19,"turns":4},{"damage":9,"enemies":"Snake Plant","floor":20,"turns":3},{"damage":0,"enemies":"Book of Stabbing","floor":25,"turns":4},{"damage":18,"enemies":"Gremlin Leader","floor":27,"turns":4},{"damage":12,"enemies":"Book of Stabbing","floor":29,"turns":3},{"damage":1,"enemies":"Centurion and Healer","floor":31,"turns":4},{"damage":0,"enemies":"Automaton","floor":33,"turns":6},{"damage":0,"enemies":"3 Darklings","floor":35,"turns":4},{"damage":0,"enemies":"3 Shapes","floor":38,"turns":1},{"damage":0,"enemies":"Reptomancer","floor":40,"turns":3},{"damage":0,"enemies":"Spire Growth","floor":44,"turns":5},{"damage":0,"enemies":"Nemesis","floor":45,"turns":5},{"damage":0,"enemies":"3 Darklings","floor":46,"turns":3},{"damage":0,"enemies":"Giant Head","floor":48,"turns":5},{"damage":0,"enemies":"Donu and Deca","floor":50,"turns":5}],"seed_played":"218320137362944700","potions_obtained":[{"floor":1,"key":"EssenceOfSteel"},{"floor":8,"key":"Strength Potion"},{"floor":11,"key":"AttackPotion"},{"floor":18,"key":"Block Potion"},{"floor":31,"key":"EssenceOfSteel"},{"floor":35,"key":"Fire Potion"},{"floor":38,"key":"Dexterity Potion"},{"floor":40,"key":"Weak Potion"}],"is_trial":true,"path_per_floor":["M","?","?","$","?","E","M","M","T","E","M","$","E","?","R","B",null,"M","M","M","?","$","?","R","E","T","E","?","E","R","M","R","B",null,"M","T","?","M","$","E","$","R","T","M","E","M","?","E","R","B"],"character_chosen":"DEFECT","items_purchased":["Glacier","Leap+1","Omamori","Defragment+1","ClockworkSouvenir"],"campfire_rested":0,"item_purchase_floors":[4,12,22,39,39],"current_hp_per_floor":[57,62,62,62,62,53,47,47,47,41,41,41,26,26,26,27,74,74,74,72,72,72,72,72,74,74,63,63,58,58,71,71,74,74,74,74,74,74,74,74,74,74,74,74,74,74,74,74,74,74],"gold":194,"neow_bonus":"","is_prod":false,"is_daily":false,"chose_seed":false,"campfire_upgraded":5,"win_rate":0,"timestamp":1539964687,"path_taken":["M","?","?","$","?","E","?","M","T","E","M","$","E","?","R","BOSS","M","M","M","?","$","?","R","E","T","E","?","E","R","M","R","BOSS","M","?","?","M","$","E","$","R","T","M","E","M","?","E","R","BOSS"],"build_version":"2018-10-18","purchased_purges":4,"victory":true,"max_hp_per_floor":[75,80,80,80,74,74,74,74,74,74,74,74,74,74,74,74,74,74,74,74,74,74,74,74,74,74,74,74,74,74,74,74,74,74,74,74,74,74,74,74,74,74,74,74,74,74,74,74,74,74],"card_choices":[{"not_picked":["Reinforced Body","Seek","Recycle"],"picked":"SKIP","floor":6},{"not_picked":["Storm","Undo+1"],"picked":"Capacitor","floor":10},{"not_picked":["Cold Snap","Sweeping Beam"],"picked":"Self Repair","floor":13},{"not_picked":["Electrodynamics+1"],"picked":"SKIP","floor":25},{"not_picked":["Stack+1"],"picked":"SKIP","floor":27},{"not_picked":["Hyperbeam"],"picked":"SKIP","floor":29},{"not_picked":["Leap+1"],"picked":"SKIP","floor":40},{"not_picked":["Chill+1"],"picked":"SKIP","floor":45},{"not_picked":["Hologram+1"],"picked":"SKIP","floor":48}],"player_experience":338658,"relics_obtained":[{"floor":1,"key":"Vajra"},{"floor":6,"key":"Shuriken"},{"floor":7,"key":"PreservedInsect"},{"floor":8,"key":"Toxic Egg 2"},{"floor":9,"key":"Tiny Chest"},{"floor":10,"key":"Centennial Puzzle"},{"floor":11,"key":"Potion Belt"},{"floor":13,"key":"Juzu Bracelet"},{"floor":14,"key":"Lantern"},{"floor":16,"key":"Bag of Preparation"},{"floor":18,"key":"Frozen Egg 2"},{"floor":19,"key":"Dream Catcher"},{"floor":20,"key":"Sundial"},{"floor":25,"key":"Art of War"},{"floor":26,"key":"Regal Pillow"},{"floor":27,"key":"Bottled Flame"},{"floor":29,"key":"War Paint"},{"floor":31,"key":"Smiling Mask"},{"floor":33,"key":"Blood Vial"},{"floor":35,"key":"Blue Candle"},{"floor":36,"key":"Bronze Scales"},{"floor":38,"key":"Whetstone"},{"floor":40,"key":"MawBank"},{"floor":43,"key":"Cables"},{"floor":44,"key":"Ornamental Fan"},{"floor":45,"key":"FossilizedHelix"},{"floor":46,"key":"Girya"},{"floor":48,"key":"Dodecahedron"}],"event_choices":[{"damage_healed":0,"gold_gain":0,"player_choice":"Donut","damage_taken":0,"max_hp_gain":5,"max_hp_loss":0,"event_name":"Big Fish","floor":2,"gold_loss":0},{"damage_healed":0,"gold_gain":0,"player_choice":"Gave Potion","damage_taken":0,"relics_obtained":["Bag of Marbles"],"max_hp_gain":0,"max_hp_loss":0,"event_name":"WeMeetAgain","floor":3,"gold_loss":0},{"damage_healed":0,"gold_gain":0,"player_choice":"Lose Max HP","damage_taken":0,"relics_obtained":["Golden Idol"],"max_hp_gain":0,"max_hp_loss":6,"event_name":"Golden Idol","floor":5,"gold_loss":0},{"damage_healed":0,"gold_gain":0,"player_choice":"Searched \u00271\u0027 times","damage_taken":0,"max_hp_gain":0,"max_hp_loss":0,"event_name":"Dead Adventurer","floor":14,"gold_loss":0},{"damage_healed":0,"gold_gain":0,"player_choice":"Traded Relic","damage_taken":0,"relics_obtained":["Nloth\u0027s Gift"],"max_hp_gain":0,"max_hp_loss":0,"event_name":"N\u0027loth","floor":21,"relics_lost":["Dream Catcher"],"gold_loss":0},{"cards_removed":["Multi-Cast"],"damage_healed":0,"gold_gain":0,"player_choice":"Gave Gold","damage_taken":0,"max_hp_gain":0,"max_hp_loss":0,"event_name":"Beggar","floor":23,"gold_loss":75},{"damage_healed":0,"gold_gain":0,"player_choice":"Ignored","damage_taken":0,"max_hp_gain":0,"max_hp_loss":0,"event_name":"Ghosts","floor":28,"gold_loss":0},{"damage_healed":0,"gold_gain":0,"player_choice":"0 cards matched","damage_taken":0,"max_hp_gain":0,"max_hp_loss":0,"event_name":"Match and Keep!","floor":37,"gold_loss":0,"cards_obtained":[]},{"damage_healed":0,"gold_gain":0,"player_choice":"Upgrade","damage_taken":0,"relics_obtained":["Mark of the Bloom"],"max_hp_gain":0,"max_hp_loss":0,"event_name":"MindBloom","floor":47,"gold_loss":0,"cards_upgraded":["Thunder Strike","Machine Learning","Electrodynamics","Seek","Echo Form","Glacier","Capacitor"]}],"is_beta":false,"boss_relics":[{"not_picked":["Cursed Key","Black Star"],"picked":"Busted Crown"},{"not_picked":["Velvet Choker","Orrery"],"picked":"White Beast Statue"}],"items_purged_floors":[12,22,39,41],"is_endless":false,"potions_floor_spawned":[1,8,11,18,31,35,38,40,44,45,46,48],"ascension_level":0}