{"path_per_floor":["M","?","M","M","?","E","?","R","T","T","E","M","M","M","R"],"character_chosen":"DEFECT","items_purchased":[],"gold_per_floor":[114,114,130,150,100,129,129,129,208,285,317,336,346,358,358,358],"floor_reached":16,"campfire_rested":1,"playtime":834,"current_hp_per_floor":[75,75,74,59,59,33,18,55,55,55,36,40,42,41,41,0],"items_purged":[],"gold":358,"score":112,"play_id":"38a5f3d3-63a5-4d5e-9951-c609cd5efe0c","local_time":"20180429213411","is_prod":false,"is_daily":false,"chose_seed":false,"is_ascension_mode":false,"campfire_upgraded":1,"timestamp":1525030451,"path_taken":["M","?","M","M","?","E","?","R","T","?","E","M","M","M","R","BOSS"],"build_version":"2018-04-27v3","seed_source_timestamp":33624334343562,"purchased_purges":0,"victory":false,"master_deck":["Strike_B","Strike_B","Strike_B","Strike_B+1","Defend_B","Defend_B+1","Defend_B","Defend_B","Zap","Dualcast","Heatsinks","Darkness","Melter","Sweeping Beam","Self Repair","Conserve Battery","Reprogram","Flux Capacitor+1"],"max_hp_per_floor":[75,75,75,75,75,75,75,75,75,75,75,75,75,75,75,75],"relics":["Cracked Core","Regal Pillow","Bag of Marbles","Ancient Tea Set","Matryoshka","Toolbox","Centennial Puzzle","Happy Flower"],"card_choices":[{"not_picked":["Conserve Battery","Streamline"],"picked":"Heatsinks","floor":1},{"not_picked":["Steam Power","Heatsinks"],"picked":"Darkness","floor":3},{"not_picked":["Streamline","Beam Cell"],"picked":"Melter","floor":4},{"not_picked":["Loop","Axe Kick"],"picked":"Sweeping Beam","floor":6},{"not_picked":["Sweeping Beam","Axe Kick"],"picked":"Self Repair","floor":11},{"not_picked":["Darkness","Skim"],"picked":"Conserve Battery","floor":12},{"not_picked":["Chill","Melter"],"picked":"Reprogram","floor":13},{"not_picked":["Go for the Eyes","Axe Kick"],"picked":"Flux Capacitor","floor":14}],"player_experience":24412,"potions_floor_usage":[14,14],"damage_taken":[{"damage":0,"enemies":"Small Slimes","floor":1,"turns":3},{"damage":1,"enemies":"Cultist","floor":3,"turns":3},{"damage":15,"enemies":"Jaw Worm","floor":4,"turns":4},{"damage":26,"enemies":"Gremlin Nob","floor":6,"turns":4},{"damage":19,"enemies":"3 Sentries","floor":11,"turns":7},{"damage":6,"enemies":"3 Louse","floor":12,"turns":3},{"damage":5,"enemies":"2 Fungi Beasts","floor":13,"turns":4},{"damage":1,"enemies":"Red Slaver","floor":14,"turns":2},{"damage":41,"enemies":"Slime Boss","floor":16,"turns":7}],"event_choices":[{"event_name":"Big Fish","player_choice":"Box","floor":2,"damage_taken":0},{"event_name":"The Cleric","player_choice":"Card Removal","floor":5,"damage_taken":0},{"event_name":"Shining Light","player_choice":"Entered Light","floor":7,"damage_taken":0}],"boss_relics":[],"potions_floor_spawned":[1,11,13],"seed_played":"3536383544726439873","killed_by":"Slime Boss","ascension_level":0,"is_trial":false}