{"gold_per_floor":[18,18,37,187,9,9,9,27,50,73,73,98,98,98,98,187,187,212,57,3,18,18,18,33,33,33,33,33,48,63,188,188,284,284,304,329,329,329,348,387,287,287,368,433,449,374,374,182,182,182,182,182,182,7,42,42],"floor_reached":57,"playtime":3145,"items_purged":["Pain","Strike_G","Strike_G","Strike_G","Defend_G"],"score":2665,"play_id":"a54ddaed-bdd0-4893-a34d-7775ae3b0a31","local_time":"20190514180506","is_ascension_mode":true,"campfire_choices":[{"data":"Corpse Explosion","floor":6.0,"key":"SMITH"},{"data":"Neutralize","floor":11.0,"key":"SMITH"},{"data":"Poisoned Stab","floor":13.0,"key":"SMITH"},{"data":"Grand Finale","floor":15.0,"key":"SMITH"},{"floor":23.0,"key":"REST"},{"data":"Well Laid Plans","floor":25.0,"key":"SMITH"},{"data":"Acrobatics","floor":28.0,"key":"SMITH"},{"floor":32.0,"key":"REST"},{"floor":47.0,"key":"RECALL"},{"data":"Wraith Form v2","floor":49.0,"key":"SMITH"},{"floor":53.0,"key":"REST"}],"neow_cost":"NO_GOLD","seed_source_timestamp":0,"circlet_count":0,"master_deck":["AscendersBane","Defend_G","Defend_G","Defend_G","Defend_G","Survivor","Neutralize+1","Corpse Explosion+1","Poisoned Stab+1","Grand Finale+1","Tools of the Trade","Acrobatics+1","Well Laid Plans+1","Backflip","Prepared+1","Wraith Form v2+1","Master of Strategy","Bandage Up","Secret Technique","Acrobatics+1","Well Laid Plans","Outmaneuver+1"],"special_seed":0,"relics":["Ring of the Snake","Golden Idol","WarpedTongs","PreservedInsect","Runic Dome","Ice Cream","Pear","Empty Cage","Bronze Scales","SsserpentHead","Gambling Chip"],"potions_floor_usage":[56,56,56,56],"damage_taken":[{"damage":1.0,"enemies":"2 Louse","floor":1.0,"turns":4.0},{"damage":0.0,"enemies":"Small Slimes","floor":3.0,"turns":2.0},{"damage":3.0,"enemies":"Cultist","floor":8.0,"turns":4.0},{"damage":0.0,"enemies":"3 Louse","floor":10.0,"turns":1.0},{"damage":10.0,"enemies":"Red Slaver","floor":12.0,"turns":3.0},{"damage":40.0,"enemies":"Slime Boss","floor":16.0,"turns":7.0},{"damage":18.0,"enemies":"Shell Parasite","floor":18.0,"turns":7.0},{"damage":10.0,"enemies":"2 Thieves","floor":21.0,"turns":3.0},{"damage":5.0,"enemies":"Snake Plant","floor":24.0,"turns":4.0},{"damage":3.0,"enemies":"Shelled Parasite and Fungi","floor":29.0,"turns":4.0},{"damage":9.0,"enemies":"Centurion and Healer","floor":30.0,"turns":5.0},{"damage":12.0,"enemies":"Colosseum Slavers","floor":31.0,"turns":3.0},{"damage":9.0,"enemies":"Colosseum Nobs","floor":31.0,"turns":3.0},{"damage":2.0,"enemies":"Champ","floor":33.0,"turns":11.0},{"damage":19.0,"enemies":"3 Shapes","floor":35.0,"turns":3.0},{"damage":0.0,"enemies":"Orb Walker","floor":36.0,"turns":3.0},{"damage":1.0,"enemies":"Sphere and 2 Shapes","floor":39.0,"turns":3.0},{"damage":0.0,"enemies":"Nemesis","floor":40.0,"turns":5.0},{"damage":0.0,"enemies":"Maw","floor":44.0,"turns":5.0},{"damage":10.0,"enemies":"4 Shapes","floor":45.0,"turns":4.0},{"damage":25.0,"enemies":"Awakened One","floor":50.0,"turns":9.0},{"damage":13.0,"enemies":"Donu and Deca","floor":51.0,"turns":5.0},{"damage":0.0,"enemies":"Shield and Spear","floor":55.0,"turns":3.0},{"damage":71,"enemies":"The Heart","floor":56,"turns":8}],"seed_played":"-4777958225535877581","potions_obtained":[{"floor":3.0,"key":"AttackPotion"},{"floor":12.0,"key":"Block Potion"},{"floor":16.0,"key":"Swift Potion"},{"floor":30.0,"key":"Ancient Potion"},{"floor":31.0,"key":"Strength Potion"},{"floor":45.0,"key":"EntropicBrew"}],"is_trial":false,"path_per_floor":["M","?","M","?","$","R","?","M","T","M","R","M","R","?","R","B",null,"M","$","$","M","?","R","M","R","T","?","R","M","M","?","R","B",null,"M","M","?","?","M","E","$","?","T","M","M","$","R","$","R","B","B",null,"R","$","E","B",null],"character_chosen":"THE_SILENT","items_purchased":["Grand Finale","Well Laid Plans","Fire Potion","Well Laid Plans"],"campfire_rested":3,"item_purchase_floors":[5,19,20,48],"current_hp_per_floor":[58,58,58,58,58,58,58,55,55,55,55,45,45,45,45,5,46,28,28,28,18,18,36,31,31,31,43,43,40,31,20,41,39,62,43,43,33,33,36,40,40,40,40,44,38,38,38,38,38,17,8,55,70,70,70,3],"gold":42,"neow_bonus":"THREE_RARE_CARDS","is_prod":false,"is_daily":false,"chose_seed":false,"campfire_upgraded":7,"win_rate":0,"timestamp":1557828306,"path_taken":["M","?","M","?","$","R","?","?","T","M","R","M","R","?","R","BOSS","M","?","$","M","?","R","M","R","T","?","R","M","M","?","R","BOSS","M","M","?","?","?","E","$","?","T","?","M","?","R","$","R","BOSS","BOSS","R","$","E","BOSS"],"build_version":"2019-01-23","purchased_purges":5,"victory":true,"max_hp_per_floor":[66,60,60,60,60,60,60,60,60,60,60,60,60,60,60,60,60,60,60,60,60,60,60,60,60,60,60,60,60,60,70,70,70,70,70,70,70,70,70,70,70,70,70,70,70,70,70,70,70,70,70,70,70,70,70,70],"card_choices":[{"not_picked":["Burst","Storm of Steel"],"picked":"Corpse Explosion","floor":0.0},{"not_picked":["Outmaneuver","Acrobatics","Eviscerate"],"picked":"SKIP","floor":1.0},{"not_picked":["Dagger Spray","Dagger Throw"],"picked":"Poisoned Stab","floor":3.0},{"not_picked":["Dagger Throw","Blade Dance","Deadly Poison"],"picked":"SKIP","floor":8.0},{"not_picked":["Infinite Blades","Bouncing Flask","Prepared"],"picked":"SKIP","floor":10.0},{"not_picked":["Slice","Setup","Dagger Spray"],"picked":"SKIP","floor":12.0},{"not_picked":["Storm of Steel","Bullet Time"],"picked":"Tools of the Trade","floor":16.0},{"not_picked":["Dagger Throw","Finisher"],"picked":"Acrobatics","floor":18.0},{"not_picked":["Sucker Punch","Cloak And Dagger","Poisoned Stab"],"picked":"SKIP","floor":21.0},{"not_picked":["Dagger Spray","Flying Knee"],"picked":"Backflip","floor":24.0},{"not_picked":["Sucker Punch","Cloak And Dagger","Flechettes"],"picked":"SKIP","floor":29.0},{"not_picked":["Dodge and Roll","Quick Slash"],"picked":"Prepared+1","floor":30.0},{"not_picked":["Deflect","Choke"],"picked":"Wraith Form v2","floor":31.0},{"not_picked":["Deflect","Prepared","Bane+1"],"picked":"SKIP","floor":35.0},{"not_picked":["Riddle With Holes","Backflip","Prepared"],"picked":"SKIP","floor":36.0},{"not_picked":["Mind Blast","Metamorphosis"],"picked":"Master of Strategy","floor":37.0},{"not_picked":["Violence","Madness"],"picked":"Bandage Up","floor":37.0},{"not_picked":["Panacea","Discovery"],"picked":"Secret Technique","floor":37.0},{"not_picked":["Sucker Punch","Slice","Deadly Poison+1"],"picked":"SKIP","floor":39.0},{"not_picked":["All Out Attack","Reflex+1"],"picked":"Acrobatics+1","floor":40.0},{"not_picked":["Underhanded Strike","Quick Slash","Crippling Poison"],"picked":"SKIP","floor":44.0},{"not_picked":["Endless Agony","Flying Knee","Deflect"],"picked":"SKIP","floor":45.0},{"not_picked":["Well Laid Plans+1","Accuracy"],"picked":"Outmaneuver+1","floor":55.0}],"player_experience":4755636,"relics_obtained":[{"floor":9.0,"key":"PreservedInsect"},{"floor":31.0,"key":"Ice Cream"},{"floor":31.0,"key":"Pear"},{"floor":40.0,"key":"Bronze Scales"},{"floor":55.0,"key":"Gambling Chip"}],"event_choices":[{"damage_healed":0.0,"max_hp_gain":0.0,"max_hp_loss":6.0,"gold_gain":0.0,"event_name":"Golden Idol","player_choice":"Lose Max HP","floor":2.0,"gold_loss":0.0,"damage_taken":0.0,"relics_obtained":["Golden Idol"]},{"damage_healed":0.0,"max_hp_gain":0.0,"max_hp_loss":0.0,"gold_gain":150.0,"event_name":"Liars Game","player_choice":"AGREE","floor":4.0,"gold_loss":0.0,"damage_taken":0.0,"cards_obtained":["Doubt"]},{"damage_healed":0.0,"max_hp_gain":0.0,"max_hp_loss":0.0,"gold_gain":0.0,"event_name":"Accursed Blacksmith","player_choice":"Rummage","floor":7.0,"gold_loss":0.0,"damage_taken":0.0,"relics_obtained":["WarpedTongs"],"cards_obtained":["Pain"]},{"damage_healed":0.0,"max_hp_gain":0.0,"max_hp_loss":0.0,"gold_gain":0.0,"event_name":"Lab","player_choice":"Got Potions","floor":14.0,"gold_loss":0.0,"damage_taken":0.0},{"damage_healed":12.0,"max_hp_gain":0.0,"max_hp_loss":0.0,"gold_gain":0.0,"event_name":"The Library","player_choice":"Heal","floor":27.0,"gold_loss":0.0,"damage_taken":0.0},{"damage_healed":0.0,"max_hp_gain":0.0,"max_hp_loss":0.0,"gold_gain":0.0,"event_name":"Colosseum","player_choice":"Fight","floor":31.0,"gold_loss":0.0,"damage_taken":0.0},{"damage_healed":0.0,"max_hp_gain":0.0,"max_hp_loss":0.0,"gold_gain":0.0,"event_name":"Colosseum","player_choice":"Fought Nobs","floor":31.0,"gold_loss":0.0,"damage_taken":0.0},{"damage_healed":0.0,"max_hp_gain":0.0,"max_hp_loss":0.0,"gold_gain":0.0,"event_name":"SensoryStone","player_choice":"Memory 3","floor":37.0,"gold_loss":0.0,"damage_taken":10.0},{"cards_removed":["Strike_G"],"damage_healed":0.0,"max_hp_gain":0.0,"max_hp_loss":0.0,"gold_gain":0.0,"event_name":"Bonfire Elementals","player_choice":"Offered Basic","floor":38.0,"gold_loss":0.0,"damage_taken":0.0},{"damage_healed":0.0,"max_hp_gain":0.0,"max_hp_loss":0.0,"gold_gain":0.0,"event_name":"FaceTrader","player_choice":"Trade","floor":42.0,"gold_loss":0.0,"damage_taken":0.0,"relics_obtained":["SsserpentHead"]}],"is_beta":false,"boss_relics":[{"not_picked":["White Beast Statue","WristBlade"],"picked":"Runic Dome"},{"not_picked":["Runic Pyramid","Cursed Key"],"picked":"Empty Cage"}],"items_purged_floors":[19,41,46,48,54],"is_endless":false,"potions_floor_spawned":[3,12,16,21,30,31,31,36,45,55],"ascension_level":20}