{"gold_per_floor":[109,109,119,139,139,170,181,181,181,200,125,125,125,125,125,202,202,213,213,224,63,78,78,88,88,166,182,182,215,265,265],"floor_reached":31,"playtime":620,"items_purged":["Strike_G"],"score":560,"play_id":"b5030e11-ca0d-4a89-9991-be2baf443427","local_time":"20181116223930","is_ascension_mode":true,"campfire_choices":[{"data":"Neutralize","floor":8,"key":"SMITH"},{"floor":15,"key":"REST"},{"data":"Catalyst","floor":23,"key":"SMITH"},{"floor":28,"key":"REST"}],"neow_cost":"NONE","seed_source_timestamp":13788127738585,"circlet_count":0,"master_deck":["AscendersBane","Defend_G","Defend_G","Defend_G+1","Defend_G+1","Defend_G","Strike_G","Strike_G","Strike_G","Strike_G","Survivor","Neutralize+1","Deadly Poison+1","Blur","PiercingWail","Corpse Explosion","Catalyst+1","Blur","Deadly Poison+1","Prepared","Acrobatics+1"],"relics":["Ring of the Snake","NeowsBlessing","Snake Skull","War Paint","Blue Candle","Sozu","Regal Pillow","The Courier"],"potions_floor_usage":[6,6,6,27],"damage_taken":[{"damage":0,"enemies":"Small Slimes","floor":1,"turns":1},{"damage":0,"enemies":"Cultist","floor":3,"turns":1},{"damage":0,"enemies":"Jaw Worm","floor":4,"turns":1},{"damage":42,"enemies":"Gremlin Nob","floor":6,"turns":5},{"damage":5,"enemies":"3 Louse","floor":7,"turns":4},{"damage":0,"enemies":"Looter","floor":10,"turns":4},{"damage":10,"enemies":"The Guardian","floor":16,"turns":12},{"damage":7,"enemies":"Shell Parasite","floor":18,"turns":6},{"damage":0,"enemies":"2 Thieves","floor":20,"turns":4},{"damage":12,"enemies":"Centurion and Healer","floor":22,"turns":5},{"damage":5,"enemies":"Snecko","floor":24,"turns":4},{"damage":0,"enemies":"Shelled Parasite and Fungi","floor":27,"turns":3},{"damage":20,"enemies":"Book of Stabbing","floor":29,"turns":5},{"damage":35,"enemies":"Sentry and Sphere","floor":31,"turns":5}],"seed_played":"-8379972515511723517","potions_obtained":[{"floor":1,"key":"EntropicBrew"},{"floor":3,"key":"PowerPotion"}],"is_trial":false,"path_per_floor":["M","?","M","M","?","E","M","R","T","M","$","?","?","?","R","B",null,"M","?","M","$","M","R","M","$","T","M","R","E","?","M"],"character_chosen":"THE_SILENT","items_purchased":["Regal Pillow"],"campfire_rested":2,"item_purchase_floors":[21],"current_hp_per_floor":[59,59,59,59,59,17,12,12,12,12,12,7,7,7,26,16,54,47,29,29,29,17,17,12,12,12,12,48,28,28,0],"gold":265,"neow_bonus":"THREE_ENEMY_KILL","is_prod":false,"is_daily":false,"chose_seed":false,"campfire_upgraded":2,"win_rate":0,"timestamp":1542379170,"path_taken":["M","?","?","M","?","E","M","R","T","M","$","?","?","?","R","BOSS","M","?","M","$","M","R","M","$","T","M","R","E","?","?"],"build_version":"2018-11-15","purchased_purges":1,"victory":false,"max_hp_per_floor":[66,66,66,66,66,66,66,66,66,66,66,66,66,66,66,66,66,66,71,71,71,71,71,71,71,71,71,71,71,71,71],"card_choices":[{"not_picked":["Crippling Poison","Dagger Spray"],"picked":"Deadly Poison","floor":1},{"not_picked":["Bane","Terror"],"picked":"Blur","floor":3},{"not_picked":["Underhanded Strike","Slice","Outmaneuver"],"picked":"SKIP","floor":4},{"not_picked":["Accuracy","Caltrops","Dagger Throw"],"picked":"SKIP","floor":6},{"not_picked":["Accuracy","Caltrops","Dagger Throw"],"picked":"SKIP","floor":6},{"not_picked":["Acrobatics","Bane"],"picked":"PiercingWail","floor":7},{"not_picked":["Unload","Dodge and Roll","Caltrops"],"picked":"SKIP","floor":10},{"not_picked":["Storm of Steel","Phantasmal Killer"],"picked":"Corpse Explosion","floor":16},{"not_picked":["Deadly Poison","PiercingWail"],"picked":"Catalyst","floor":18},{"not_picked":["PiercingWail","Leg Sweep+1"],"picked":"Blur","floor":20},{"not_picked":["Slice","Predator"],"picked":"Deadly Poison+1","floor":22},{"not_picked":["Choke","Underhanded Strike"],"picked":"Prepared","floor":24},{"not_picked":["Flechettes","Deadly Poison","Sucker Punch"],"picked":"SKIP","floor":27},{"not_picked":["Prepared","Sucker Punch"],"picked":"Acrobatics+1","floor":29}],"player_experience":1080499,"relics_obtained":[{"floor":6,"key":"Snake Skull"},{"floor":9,"key":"War Paint"},{"floor":29,"key":"The Courier"}],"event_choices":[{"damage_healed":0,"gold_gain":0,"player_choice":"Upgraded","damage_taken":0,"max_hp_gain":0,"max_hp_loss":0,"event_name":"Upgrade Shrine","floor":2,"gold_loss":0,"cards_upgraded":["Deadly Poison"]},{"damage_healed":0,"gold_gain":0,"player_choice":"Ignored","damage_taken":0,"max_hp_gain":0,"max_hp_loss":0,"event_name":"Liars Game","floor":5,"gold_loss":0},{"damage_healed":0,"gold_gain":0,"player_choice":"Success","damage_taken":5,"relics_obtained":["Blue Candle"],"max_hp_gain":0,"max_hp_loss":0,"event_name":"Scrap Ooze","floor":12,"gold_loss":0},{"damage_healed":0,"gold_gain":0,"player_choice":"Ignored","damage_taken":0,"max_hp_gain":0,"max_hp_loss":0,"event_name":"Golden Wing","floor":13,"gold_loss":0},{"damage_healed":0,"gold_gain":0,"player_choice":"Ignored","damage_taken":0,"max_hp_gain":0,"max_hp_loss":0,"event_name":"Shining Light","floor":14,"gold_loss":0},{"damage_healed":0,"gold_gain":0,"player_choice":"Shed Blood","damage_taken":23,"max_hp_gain":5,"max_hp_loss":0,"event_name":"Forgotten Altar","floor":19,"gold_loss":0},{"damage_healed":0,"gold_gain":100,"player_choice":"Bet on Murderer","damage_taken":0,"max_hp_gain":0,"max_hp_loss":0,"event_name":"The Joust","floor":30,"gold_loss":50}],"is_beta":true,"boss_relics":[{"not_picked":["Eternal Feather","Coffee Dripper"],"picked":"Sozu"}],"items_purged_floors":[11],"is_endless":false,"potions_floor_spawned":[1,3,22,29],"killed_by":"Sentry and Sphere","ascension_level":20}