{"gold_per_floor":[119,132,142,161,161,161,161,161],"floor_reached":8,"playtime":245,"items_purged":[],"score":113,"play_id":"8c3f0e1c-91d0-410d-bb6b-f75d3a5e9d79","local_time":"20181114235242","is_ascension_mode":true,"campfire_choices":[{"data":"Bane","floor":7,"key":"SMITH"}],"neow_cost":"NONE","seed_source_timestamp":550323183885,"circlet_count":0,"master_deck":["AscendersBane","Defend_G","Defend_G","Defend_G","Defend_G","Defend_G","Strike_G","Strike_G","Strike_G","Strike_G","Strike_G","Survivor","Neutralize","Bane+1","Flechettes","Caltrops"],"relics":["Coffee Dripper","Golden Idol"],"potions_floor_usage":[6],"damage_taken":[{"damage":7,"enemies":"Small Slimes","floor":1,"turns":5},{"damage":0,"enemies":"2 Louse","floor":2,"turns":3},{"damage":0,"enemies":"Jaw Worm","floor":3,"turns":4},{"damage":11,"enemies":"Lots of Slimes","floor":4,"turns":7},{"damage":7,"enemies":"Lagavulin","floor":6,"turns":4},{"damage":20,"enemies":"The Mushroom Lair","floor":8,"turns":3}],"seed_played":"-1682343773990607933","potions_obtained":[{"floor":2,"key":"SmokeBomb"},{"floor":3,"key":"SpeedPotion"}],"is_trial":false,"path_per_floor":["M","M","M","M","?","E","R","?"],"character_chosen":"THE_SILENT","items_purchased":[],"campfire_rested":0,"item_purchase_floors":[],"current_hp_per_floor":[52,52,52,41,41,34,34,14],"gold":161,"neow_bonus":"BOSS_RELIC","is_prod":false,"is_daily":false,"chose_seed":false,"campfire_upgraded":1,"win_rate":0,"timestamp":1542210762,"path_taken":["M","M","M","M","?","E","R","?"],"build_version":"2018-11-13","purchased_purges":0,"victory":false,"max_hp_per_floor":[66,66,66,66,60,60,60,60],"card_choices":[{"not_picked":["Dodge and Roll","Outmaneuver"],"picked":"Bane","floor":1},{"not_picked":["Quick Slash","Riddle With Holes","Tactician"],"picked":"SKIP","floor":2},{"not_picked":["Acrobatics","PiercingWail"],"picked":"Flechettes","floor":3},{"not_picked":["Cloak And Dagger","Bane"],"picked":"Caltrops","floor":4}],"player_experience":1061252,"relics_obtained":[],"event_choices":[{"damage_healed":0,"gold_gain":0,"player_choice":"Lose Max HP","damage_taken":0,"relics_obtained":["Golden Idol"],"max_hp_gain":0,"max_hp_loss":6,"event_name":"Golden Idol","floor":5,"gold_loss":0},{"damage_healed":0,"gold_gain":0,"player_choice":"Fought Mushrooms","damage_taken":0,"max_hp_gain":0,"max_hp_loss":0,"event_name":"Mushrooms","floor":8,"gold_loss":0}],"is_beta":true,"boss_relics":[],"items_purged_floors":[],"is_endless":false,"potions_floor_spawned":[2,3,4],"killed_by":"The Mushroom Lair","ascension_level":19}