{"gold_per_floor":[118,118,133,133,151,151,184,4,77,88,88],"floor_reached":11,"playtime":232,"items_purged":[],"score":146,"play_id":"91af6d43-608a-49d7-863d-8176d7d35cef","local_time":"20190217232613","is_ascension_mode":true,"campfire_choices":[{"data":"Beam Cell","floor":6,"key":"SMITH"}],"neow_cost":"NONE","seed_source_timestamp":12471326010114,"circlet_count":0,"master_deck":["AscendersBane","Strike_B","Strike_B","Strike_B","Strike_B+1","Defend_B","Defend_B","Defend_B","Defend_B+1","Zap","Dualcast","Recycle","Beam Cell+1","Undo","Skim","Defragment","Hologram","Doom and Gloom","Coolheaded"],"relics":["Cracked Core","NeowsBlessing","Ornamental Fan","Strawberry","The Courier"],"potions_floor_usage":[7,10],"damage_taken":[{"damage":0,"enemies":"2 Louse","floor":1,"turns":1},{"damage":0,"enemies":"Jaw Worm","floor":3,"turns":1},{"damage":0,"enemies":"Small Slimes","floor":5,"turns":1},{"damage":22,"enemies":"Lagavulin","floor":7,"turns":5},{"damage":14,"enemies":"Exordium Thugs","floor":10,"turns":4},{"damage":18,"enemies":"The Mushroom Lair","floor":11,"turns":4}],"seed_played":"-239171601904760202","potions_obtained":[{"floor":3,"key":"SkillPotion"},{"floor":5,"key":"Explosive Potion"},{"floor":10,"key":"Dexterity Potion"}],"is_trial":false,"path_per_floor":["M","?","M","T","M","R","E","$","T","M","?"],"character_chosen":"DEFECT","items_purchased":["Defragment","Hologram","Doom and Gloom"],"campfire_rested":0,"item_purchase_floors":[8,8,8],"current_hp_per_floor":[64,43,43,43,43,43,28,28,28,14,0],"gold":88,"neow_bonus":"THREE_ENEMY_KILL","is_prod":false,"is_daily":false,"chose_seed":false,"campfire_upgraded":1,"win_rate":0,"timestamp":1550417173,"path_taken":["M","?","M","?","M","R","E","?","T","?","?"],"build_version":"2019-01-23","purchased_purges":0,"victory":false,"max_hp_per_floor":[71,71,71,71,71,71,78,78,78,78,78],"card_choices":[{"not_picked":["Go for the Eyes","Scrape"],"picked":"Recycle","floor":1},{"not_picked":["Gash","Steam"],"picked":"Beam Cell","floor":3},{"not_picked":["Sweeping Beam","Stack"],"picked":"Undo","floor":5},{"not_picked":["Turbo","Scrape"],"picked":"Skim","floor":7},{"not_picked":["Sweeping Beam","Storm"],"picked":"Coolheaded","floor":10}],"player_experience":806448,"relics_obtained":[{"floor":4,"key":"Ornamental Fan"},{"floor":7,"key":"Strawberry"},{"floor":9,"key":"The Courier"}],"event_choices":[{"damage_healed":0,"gold_gain":0,"player_choice":"Entered Light","damage_taken":21,"max_hp_gain":0,"max_hp_loss":0,"event_name":"Shining Light","floor":2,"gold_loss":0,"cards_upgraded":["Defend_B","Strike_B"]},{"damage_healed":0,"gold_gain":0,"player_choice":"Fought Mushrooms","damage_taken":0,"max_hp_gain":0,"max_hp_loss":0,"event_name":"Mushrooms","floor":11,"gold_loss":0}],"is_beta":false,"boss_relics":[],"items_purged_floors":[],"is_endless":false,"potions_floor_spawned":[3,5,10],"killed_by":"The Mushroom Lair","ascension_level":20}