{"gold_per_floor":[109,109,0,0,0,32,32,43,94,94,122,139,161,177,177,177],"floor_reached":16,"playtime":229,"items_purged":[],"score":266,"play_id":"87e96a1a-ce9c-42c1-b753-f2aebbf406d8","local_time":"20190608142619","is_ascension_mode":true,"campfire_choices":[{"data":"Hologram","floor":7,"key":"SMITH"},{"data":"Coolheaded","floor":10,"key":"SMITH"},{"floor":15,"key":"REST"}],"neow_cost":"NONE","seed_source_timestamp":179872693178150,"circlet_count":0,"master_deck":["AscendersBane","Strike_B","Strike_B","Strike_B","Defend_B","Defend_B","Defend_B","Defend_B","Zap","Dualcast","Doom and Gloom","Conserve Battery","Hologram+1","Pain","Coolheaded+1","Cold Snap","Double Energy","Turbo"],"relics":["Cracked Core","NeowsBlessing","WarpedTongs","The Courier","Ancient Tea Set","PreservedInsect","Odd Mushroom"],"potions_floor_usage":[11,14],"damage_taken":[{"damage":0,"enemies":"Jaw Worm","floor":1,"turns":1},{"damage":1,"enemies":"3 Sentries","floor":6,"turns":1},{"damage":2,"enemies":"2 Louse","floor":8,"turns":2},{"damage":17,"enemies":"Gremlin Nob","floor":11,"turns":4},{"damage":0,"enemies":"Small Slimes","floor":12,"turns":2},{"damage":29,"enemies":"The Mushroom Lair","floor":13,"turns":4},{"damage":3,"enemies":"Gremlin Gang","floor":14,"turns":2},{"damage":36,"enemies":"Slime Boss","floor":16,"turns":3}],"seed_played":"-732082742844694819","potions_obtained":[{"floor":8,"key":"PowerPotion"},{"floor":11,"key":"Ancient Potion"},{"floor":13,"key":"Swift Potion"},{"floor":14,"key":"Strength Potion"}],"is_trial":false,"path_per_floor":["M","?","$","?","?","E","R","M","T","R","E","M","?","M","R","B"],"character_chosen":"DEFECT","items_purchased":["Conserve Battery","Hologram"],"campfire_rested":1,"item_purchase_floors":[3,3],"current_hp_per_floor":[64,57,57,57,57,56,56,54,54,54,37,37,8,5,26,0],"gold":177,"neow_bonus":"THREE_ENEMY_KILL","is_prod":false,"is_daily":false,"chose_seed":false,"campfire_upgraded":2,"win_rate":0,"timestamp":1559971579,"path_taken":["M","?","$","?","?","E","R","M","T","R","E","?","?","M","R","BOSS"],"build_version":"2019-01-23","purchased_purges":0,"victory":false,"max_hp_per_floor":[71,71,71,71,71,71,71,71,71,71,71,71,71,71,71,71],"card_choices":[{"not_picked":["Barrage","Redo"],"picked":"Doom and Gloom","floor":1},{"not_picked":["Ball Lightning","Streamline"],"picked":"Coolheaded","floor":6},{"not_picked":["Fusion","Rebound"],"picked":"Cold Snap","floor":8},{"not_picked":["Go for the Eyes","FTL","Scrape"],"picked":"SKIP","floor":11},{"not_picked":["Capacitor","Compile Driver"],"picked":"Double Energy","floor":12},{"not_picked":["Storm","Beam Cell"],"picked":"Turbo","floor":13},{"not_picked":["Steam","Barrage","Leap"],"picked":"SKIP","floor":14}],"player_experience":570597,"relics_obtained":[{"floor":6,"key":"The Courier"},{"floor":9,"key":"Ancient Tea Set"},{"floor":11,"key":"PreservedInsect"},{"floor":13,"key":"Odd Mushroom"}],"event_choices":[{"cards_removed":["Strike_B"],"damage_healed":0,"gold_gain":0,"player_choice":"Card Removal","damage_taken":7,"max_hp_gain":0,"max_hp_loss":0,"event_name":"Golden Wing","floor":2,"gold_loss":0},{"damage_healed":0,"gold_gain":0,"player_choice":"Leave","damage_taken":0,"max_hp_gain":0,"max_hp_loss":0,"event_name":"The Cleric","floor":4,"gold_loss":0},{"damage_healed":0,"gold_gain":0,"player_choice":"Rummage","damage_taken":0,"relics_obtained":["WarpedTongs"],"max_hp_gain":0,"max_hp_loss":0,"event_name":"Accursed Blacksmith","floor":5,"gold_loss":0,"cards_obtained":["Pain"]},{"damage_healed":0,"gold_gain":0,"player_choice":"Fought Mushrooms","damage_taken":0,"max_hp_gain":0,"max_hp_loss":0,"event_name":"Mushrooms","floor":13,"gold_loss":0}],"is_beta":false,"boss_relics":[],"items_purged_floors":[],"is_endless":false,"potions_floor_spawned":[8,11,13,14],"killed_by":"Slime Boss","ascension_level":20}