{"path_per_floor":["M","$","M","?","?","E","M","R","T","R","M","?","M","M","R","B",null,"M","$","?","M","M","R","M","R","T","E","M","?","$","?","R","B",null,"M","?","$","?","M","R","E","R","T","M","M","M","M","M","R","B"],"character_chosen":"IRONCLAD","items_purchased":["Matryoshka","Anchor"],"gold_per_floor":[112,37,53,53,128,162,181,181,207,207,223,278,293,308,308,408,408,427,129,129,142,158,158,177,207,207,241,255,255,205,205,205,300,300,320,320,118,0,18,18,47,47,47,57,68,80,96,115,115,115],"floor_reached":51,"campfire_rested":1,"playtime":2470,"current_hp_per_floor":[45,45,51,35,24,17,23,23,23,23,29,23,29,35,35,20,80,70,70,70,76,55,55,61,61,61,57,56,56,56,56,56,16,90,81,81,81,81,83,83,58,58,58,44,36,90,43,55,90,81],"items_purged":["Strike_R","Defend_R","Defend_R","Strike_R"],"gold":115,"score":701,"play_id":"463799b3-a18c-4377-9d83-c9e65f9f626f","local_time":"20180402182515","is_prod":false,"is_daily":false,"is_ascension_mode":false,"campfire_upgraded":0,"timestamp":1522686315,"path_taken":["M","$","M","?","?","E","M","R","T","R","M","?","M","?","R","BOSS","M","$","?","M","M","R","?","R","T","E","M","?","?","?","R","BOSS","M","?","$","?","M","R","E","R","T","M","?","M","M","?","R","BOSS"],"build_version":"2018-03-29v2","purchased_purges":4,"victory":true,"master_deck":["Strike_R+1","Strike_R","Defend_R+1","Defend_R+1","Bash","Flame Barrier+1","Whirlwind","Thunderclap","Headbutt","Double Tap","Flame Barrier+1","Clash","Offering","Flex+1","Limit Break","Cleave","Reaper","Pain","Spot Weakness+1"],"max_hp_per_floor":[80,80,80,80,80,80,80,80,80,80,80,80,80,80,80,80,80,80,80,80,80,80,80,80,80,80,90,90,90,90,90,90,90,90,90,90,90,90,90,90,90,90,90,90,90,90,90,90,90,90],"relics":["Burning Blood","Red Skull","Shovel","Pen Nib","War Paint","Dream Catcher","Art of War","Smiling Mask","Snecko Eye","Matryoshka","Vajra","Tiny Chest","Regal Pillow","Ice Cream","Pear","Dodecahedron","Cursed Key","Anchor","Red Mask","Magic Flower","Bag of Marbles","Bottled Lightning","Blood Vial","Dead Branch"],"card_choices":[{"not_picked":["Sentinel","Clothesline"],"picked":"Flame Barrier","floor":1},{"not_picked":["Limit Break","Disarm"],"picked":"Whirlwind","floor":6},{"not_picked":["Cleave","Rupture"],"picked":"Thunderclap","floor":7},{"not_picked":["Sword Boomerang","Corruption"],"picked":"Headbutt","floor":14},{"not_picked":["Demon Form","Brutality"],"picked":"Double Tap","floor":16},{"not_picked":["Iron Wave","Anger"],"picked":"Clash","floor":21},{"not_picked":["Blood for Blood","Cleave"],"picked":"Offering","floor":27},{"not_picked":["Perfected Strike","Cleave"],"picked":"Flex","floor":28},{"not_picked":["Immolate","Bludgeon"],"picked":"Limit Break","floor":33},{"not_picked":["Headbutt","Anger"],"picked":"Reaper","floor":41},{"not_picked":["Cleave","Disarm"],"picked":"Spot Weakness","floor":44}],"player_experience":218803,"potions_floor_usage":[6,12,33,35,41,44,50,50,50],"damage_taken":[{"damage":1,"enemies":"2 Louse","floor":1,"turns":2},{"damage":0,"enemies":"Jaw Worm","floor":3,"turns":4},{"damage":13,"enemies":"3 Sentries","floor":6,"turns":9},{"damage":0,"enemies":"Small Slimes","floor":7,"turns":2},{"damage":0,"enemies":"2 Fungi Beasts","floor":11,"turns":3},{"damage":12,"enemies":"Gremlin Nob","floor":12,"turns":4},{"damage":0,"enemies":"Exordium Wildlife","floor":13,"turns":5},{"damage":0,"enemies":"Large Slime","floor":14,"turns":4},{"damage":21,"enemies":"Hexaghost","floor":16,"turns":9},{"damage":16,"enemies":"Shell Parasite","floor":18,"turns":3},{"damage":0,"enemies":"2 Thieves","floor":21,"turns":3},{"damage":27,"enemies":"Cultist and Chosen","floor":22,"turns":4},{"damage":0,"enemies":"Sentry and Sphere","floor":24,"turns":3},{"damage":20,"enemies":"Book of Stabbing","floor":27,"turns":6},{"damage":7,"enemies":"Snecko","floor":28,"turns":4},{"damage":46,"enemies":"Collector","floor":33,"turns":5},{"damage":15,"enemies":"3 Shapes","floor":35,"turns":3},{"damage":4,"enemies":"Orb Walker","floor":39,"turns":2},{"damage":34,"enemies":"Nemesis","floor":41,"turns":7},{"damage":50,"enemies":"Maw","floor":44,"turns":7},{"damage":20,"enemies":"4 Shapes","floor":45,"turns":2},{"damage":4,"enemies":"3 Darklings","floor":46,"turns":1},{"damage":64,"enemies":"Maw","floor":47,"turns":7},{"damage":0,"enemies":"Sphere and 2 Shapes","floor":48,"turns":2},{"damage":35,"enemies":"Awakened One","floor":50,"turns":6}],"event_choices":[{"event_name":"Shining Light","player_choice":"Entered Light","floor":4,"damage_taken":0},{"event_name":"World of Goop","player_choice":"Gather Gold","floor":5,"damage_taken":0},{"event_name":"Dead Adventurer","player_choice":"Searched \u00271\u0027 times","floor":12,"damage_taken":0},{"event_name":"Duplicator","player_choice":"One dupe","floor":20,"damage_taken":0},{"event_name":"Ghosts","player_choice":"Ignored","floor":29,"damage_taken":0},{"event_name":"Drug Dealer","player_choice":"Ignored","floor":31,"damage_taken":0},{"event_name":"Transmorgrifier","player_choice":"Transform","floor":36,"damage_taken":0},{"event_name":"Tomb of Lord Red Mask","player_choice":"Paid","floor":38,"damage_taken":0}],"boss_relics":[{"not_picked":["Orrery","Lizard Tail"],"picked":"Snecko Eye"},{"not_picked":["Runic Dome","Runic Pyramid"],"picked":"Cursed Key"}],"potions_floor_spawned":[3,6,7,12,22,28,33,39,45,46,48],"seed_played":"-4780421523549586978","ascension_level":0,"is_trial":false}