{"gold_per_floor":[117,77,94,269,269,310,310,346,370,370,21,21,37,112,112,235,235,251,350,388,388,29,29,29,45,45,45,45,64,64,83,83,206,206,226,241,265,140,164,164,179,179,179,179,179,29,154,154,154,154],"floor_reached":51,"playtime":1747,"items_purged":["Doubt","Strike_B","Strike_B","Strike_B"],"score":749,"play_id":"54e14b2c-491a-413a-9132-54ca38d110f7","local_time":"20190612105357","is_ascension_mode":false,"campfire_choices":[{"data":"Streamline","floor":7.0,"key":"SMITH"},{"data":"Defragment","floor":10.0,"key":"SMITH"},{"data":"Discovery","floor":12.0,"key":"SMITH"},{"data":"Loop","floor":15.0,"key":"SMITH"},{"data":"Buffer","floor":23.0,"key":"SMITH"},{"data":"Dualcast","floor":27.0,"key":"SMITH"},{"data":"White Noise","floor":30.0,"key":"SMITH"},{"data":"Genetic Algorithm","floor":32.0,"key":"SMITH"},{"data":"Coolheaded","floor":40,"key":"SMITH"},{"data":"Thunder Strike","floor":42,"key":"SMITH"},{"data":"Self Repair","floor":44,"key":"SMITH"},{"data":"Discovery","floor":49,"key":"SMITH"}],"neow_cost":"NONE","seed_source_timestamp":280660779160,"circlet_count":0,"master_deck":["Defend_B","Defend_B","Defend_B","Defend_B+1","Zap+1","Dualcast+1","Defragment+1","Streamline+1","Genetic Algorithm+1","White Noise+1","Loop+1","Discovery+1","Buffer+1","White Noise+1","Force Field+1","Ball Lightning+1","Thunder Strike+1","Coolheaded+1","Self Repair+1","Hologram+1","Discovery+1"],"special_seed":0,"relics":["Cracked Core","NeowsBlessing","Golden Idol","War Paint","Pear","Happy Flower","Lantern","Coffee Dripper","Red Mask","Mummified Hand","Ornamental Fan","Orrery","Pocketwatch","StoneCalendar"],"potions_floor_usage":[37,39,50,50],"damage_taken":[{"damage":0.0,"enemies":"Small Slimes","floor":1.0,"turns":1.0},{"damage":0.0,"enemies":"Cultist","floor":3.0,"turns":1.0},{"damage":0.0,"enemies":"3 Sentries","floor":6.0,"turns":1.0},{"damage":17.0,"enemies":"Lagavulin","floor":8.0,"turns":6.0},{"damage":3.0,"enemies":"Jaw Worm","floor":13.0,"turns":3.0},{"damage":14.0,"enemies":"The Guardian","floor":16.0,"turns":10.0},{"damage":7.0,"enemies":"2 Thieves","floor":18.0,"turns":4.0},{"damage":0.0,"enemies":"Masked Bandits","floor":20.0,"turns":3.0},{"damage":0.0,"enemies":"Colosseum Slavers","floor":21.0,"turns":4.0},{"damage":0.0,"enemies":"Shell Parasite","floor":25.0,"turns":4.0},{"damage":1.0,"enemies":"Snake Plant","floor":29.0,"turns":4.0},{"damage":0.0,"enemies":"Cultist and Chosen","floor":31.0,"turns":5.0},{"damage":0.0,"enemies":"Champ","floor":33.0,"turns":11.0},{"damage":7,"enemies":"3 Darklings","floor":35,"turns":5},{"damage":0,"enemies":"3 Shapes","floor":36,"turns":5},{"damage":0,"enemies":"3 Darklings","floor":37,"turns":7},{"damage":7,"enemies":"Spire Growth","floor":39,"turns":6},{"damage":11,"enemies":"4 Shapes","floor":41,"turns":5},{"damage":0,"enemies":"Mind Bloom Boss Battle","floor":47,"turns":6},{"damage":39,"enemies":"Awakened One","floor":50,"turns":9}],"seed_played":"7771396645225883294","potions_obtained":[{"floor":2.0,"key":"GamblersBrew"},{"floor":2.0,"key":"AttackPotion"},{"floor":2.0,"key":"SteroidPotion"},{"floor":16.0,"key":"Weak Potion"},{"floor":25.0,"key":"SkillPotion"},{"floor":29.0,"key":"Swift Potion"},{"floor":37,"key":"EssenceOfSteel"},{"floor":41,"key":"SteroidPotion"}],"is_trial":false,"path_per_floor":["M","?","M","?","?","E","R","E","T","R","$","R","M","?","R","B",null,"M","?","?","?","$","R","$","M","T","R","$","M","R","M","R","B",null,"M","M","M","$","M","R","M","R","T","R","?","$","?","?","R","B",null],"character_chosen":"DEFECT","items_purchased":["Loop","Discovery","Lantern","Mummified Hand"],"campfire_rested":0,"item_purchase_floors":[11,11,11,22],"current_hp_per_floor":[75,75,75,75,57,57,57,50,50,50,50,50,47,36,36,22,85,78,78,78,78,78,78,78,78,78,78,78,77,77,77,77,77,85,78,78,78,78,71,71,60,60,60,60,60,60,70,60,60,31],"gold":154,"neow_bonus":"THREE_ENEMY_KILL","is_prod":false,"is_daily":false,"chose_seed":false,"campfire_upgraded":12,"win_rate":0,"timestamp":1560308037,"path_taken":["M","?","?","?","?","E","R","E","T","R","$","R","M","?","R","BOSS","M","?","?","?","$","R","?","?","T","R","?","M","R","M","R","BOSS","M","M","M","$","M","R","M","R","T","R","?","$","?","?","R","BOSS"],"build_version":"2019-01-23","purchased_purges":4,"victory":true,"max_hp_per_floor":[75,75,75,75,75,75,75,85,85,85,85,85,85,85,85,85,85,85,85,85,85,85,85,85,85,85,85,85,85,85,85,85,85,85,85,85,85,85,85,85,85,85,85,85,85,85,85,85,85,85],"card_choices":[{"not_picked":["Leap","Stack"],"picked":"Defragment","floor":1.0},{"not_picked":["Steam","Conserve Battery"],"picked":"Streamline","floor":3.0},{"not_picked":["Beam Cell","Go for the Eyes"],"picked":"Genetic Algorithm","floor":6.0},{"not_picked":["Stack","Scrape"],"picked":"White Noise","floor":8.0},{"not_picked":["Reprogram","Leap","BootSequence"],"picked":"SKIP","floor":13.0},{"not_picked":["Machine Learning","Fission"],"picked":"Buffer","floor":16.0},{"not_picked":["Barrage","Redo","Leap"],"picked":"SKIP","floor":18.0},{"not_picked":["Tempest","Sweeping Beam"],"picked":"White Noise+1","floor":20.0},{"not_picked":["Melter","Hello World"],"picked":"Force Field+1","floor":25.0},{"not_picked":["Static Discharge","Reinforced Body","Stack+1"],"picked":"SKIP","floor":29.0},{"not_picked":["Leap","Sweeping Beam"],"picked":"Ball Lightning+1","floor":31.0},{"not_picked":["Gash","Conserve Battery"],"picked":"Thunder Strike","floor":34},{"not_picked":["Stack+1","Beam Cell"],"picked":"Coolheaded","floor":34},{"not_picked":["Rebound","Chaos","Leap+1"],"picked":"SKIP","floor":35},{"not_picked":["Leap","Double Energy+1","Streamline+1"],"picked":"SKIP","floor":36},{"not_picked":["Multi-Cast","Cold Snap","Rip and Tear"],"picked":"SKIP","floor":37},{"not_picked":["Rebound+1","Steam+1","Leap+1"],"picked":"SKIP","floor":39},{"not_picked":["Steam","Turbo"],"picked":"Self Repair","floor":41},{"not_picked":["Barrage","Beam Cell"],"picked":"Hologram+1","floor":47},{"not_picked":["Secret Technique","Mind Blast"],"picked":"Discovery","floor":48}],"player_experience":5087663,"relics_obtained":[{"floor":6.0,"key":"War Paint"},{"floor":8.0,"key":"Pear"},{"floor":9.0,"key":"Happy Flower"},{"floor":20.0,"key":"Red Mask"},{"floor":26.0,"key":"Ornamental Fan"},{"floor":43,"key":"Pocketwatch"},{"floor":47,"key":"StoneCalendar"}],"event_choices":[{"damage_healed":0.0,"max_hp_gain":0.0,"max_hp_loss":0.0,"gold_gain":0.0,"event_name":"The Woman in Blue","player_choice":"Bought 3 Potions","floor":2.0,"gold_loss":0.0,"damage_taken":0.0},{"damage_healed":0.0,"max_hp_gain":0.0,"max_hp_loss":0.0,"gold_gain":175.0,"event_name":"Liars Game","player_choice":"AGREE","floor":4.0,"gold_loss":0.0,"damage_taken":0.0,"cards_obtained":["Doubt"]},{"damage_healed":0.0,"max_hp_gain":0.0,"max_hp_loss":0.0,"gold_gain":0.0,"event_name":"Golden Idol","player_choice":"Take Damage","floor":5.0,"gold_loss":0.0,"damage_taken":18.0,"relics_obtained":["Golden Idol"]},{"damage_healed":0.0,"max_hp_gain":0.0,"max_hp_loss":0.0,"gold_gain":75.0,"event_name":"World of Goop","player_choice":"Gather Gold","floor":14.0,"gold_loss":0.0,"damage_taken":11.0},{"damage_healed":0.0,"max_hp_gain":0.0,"max_hp_loss":0.0,"gold_gain":99.0,"event_name":"Nest","player_choice":"Stole From Cult","floor":19.0,"gold_loss":0.0,"damage_taken":0.0},{"damage_healed":0.0,"max_hp_gain":0.0,"max_hp_loss":0.0,"gold_gain":0.0,"event_name":"Masked Bandits","player_choice":"Fought Bandits","floor":20.0,"gold_loss":0.0,"damage_taken":0.0},{"damage_healed":0.0,"max_hp_gain":0.0,"max_hp_loss":0.0,"gold_gain":0.0,"event_name":"Colosseum","player_choice":"Fight","floor":21.0,"gold_loss":0.0,"damage_taken":0.0},{"damage_healed":0.0,"max_hp_gain":0.0,"max_hp_loss":0.0,"gold_gain":0.0,"event_name":"Colosseum","player_choice":"Fled From Nobs","floor":21.0,"gold_loss":0.0,"damage_taken":0.0},{"cards_removed":["Strike_B"],"damage_healed":0,"gold_gain":0,"player_choice":"Removed Attack","damage_taken":0,"max_hp_gain":0,"max_hp_loss":0,"event_name":"Falling","floor":45,"gold_loss":0},{"damage_healed":0,"gold_gain":0,"player_choice":"Fight","damage_taken":0,"max_hp_gain":0,"max_hp_loss":0,"event_name":"MindBloom","floor":47,"gold_loss":0},{"damage_healed":0,"gold_gain":0,"player_choice":"Memory 3","damage_taken":10,"max_hp_gain":0,"max_hp_loss":0,"event_name":"SensoryStone","floor":48,"gold_loss":0}],"is_beta":false,"boss_relics":[{"not_picked":["Ectoplasm","Cursed Key"],"picked":"Coffee Dripper"},{"not_picked":["FrozenCore","Snecko Eye"],"picked":"Orrery"}],"items_purged_floors":[11,22,38,46],"is_endless":false,"potions_floor_spawned":[3,16,21,25,29,37,41],"ascension_level":0}