{"gold_per_floor":[118,68,68,80,96,124,136,161,161,161,174,208,221,237,237,365,365,379,379,478,493,493,527,527,570,582,594,631,663,148,148],"floor_reached":31,"playtime":1354,"items_purged":["Strike_G"],"score":475,"play_id":"181d768a-98f3-4535-86fb-b4bf9911c095","local_time":"20181020112753","is_ascension_mode":true,"campfire_choices":[{"data":"Blade Dance","floor":15,"key":"SMITH"},{"data":"Envenom","floor":24,"key":"SMITH"},{"data":"Neutralize","floor":27,"key":"SMITH"}],"neow_cost":"TEN_PERCENT_HP_LOSS","seed_source_timestamp":7797336993453,"circlet_count":0,"master_deck":["Defend_G","Defend_G","Defend_G","Defend_G","Defend_G","Strike_G","Survivor","Neutralize+1","AscendersBane","Dagger Throw","Sucker Punch","Dash","Backflip","Footwork","Slice","Blade Dance+1","Footwork","Envenom+1","Blade Dance","Infinite Blades","Finisher+1","Doubt","Dodge and Roll+1","Burst"],"relics":["Ring of the Snake","Darkstone Periapt","Shuriken","Blue Candle","Pear","Golden Idol","Girya","Cursed Key","Molten Egg 2","MawBank","Mummified Hand","FossilizedHelix"],"potions_floor_usage":[8,8,14,23,23],"damage_taken":[{"damage":0,"enemies":"2 Louse","floor":1,"turns":3},{"damage":0,"enemies":"Small Slimes","floor":4,"turns":4},{"damage":0,"enemies":"Cultist","floor":5,"turns":3},{"damage":20,"enemies":"3 Sentries","floor":6,"turns":14},{"damage":1,"enemies":"Large Slime","floor":7,"turns":5},{"damage":26,"enemies":"Gremlin Nob","floor":8,"turns":7},{"damage":0,"enemies":"2 Fungi Beasts","floor":11,"turns":4},{"damage":8,"enemies":"Lagavulin","floor":12,"turns":7},{"damage":0,"enemies":"Exordium Thugs","floor":13,"turns":4},{"damage":0,"enemies":"Gremlin Gang","floor":14,"turns":5},{"damage":2,"enemies":"Hexaghost","floor":16,"turns":12},{"damage":6,"enemies":"Spheric Guardian","floor":18,"turns":4},{"damage":0,"enemies":"Shell Parasite","floor":21,"turns":6},{"damage":10,"enemies":"Slavers","floor":23,"turns":7},{"damage":25,"enemies":"Gremlin Leader","floor":25,"turns":8},{"damage":8,"enemies":"3 Cultists","floor":28,"turns":5},{"damage":6,"enemies":"Sentry and Sphere","floor":29,"turns":4},{"damage":5,"enemies":"Book of Stabbing","floor":31,"turns":4}],"seed_played":"-7959287998945956836","potions_obtained":[{"floor":5,"key":"Block Potion"},{"floor":7,"key":"GhostInAJar"},{"floor":8,"key":"SteroidPotion"},{"floor":12,"key":"Block Potion"},{"floor":16,"key":"Fire Potion"},{"floor":18,"key":"Block Potion"},{"floor":25,"key":"Ancient Potion"}],"is_trial":false,"path_per_floor":["M","?","?","M","M","E","M","E","T","?","M","E","M","M","R","B",null,"M","?","?","M","?","E","R","E","T","R","M","M","$"],"character_chosen":"THE_SILENT","items_purchased":["FossilizedHelix","Burst"],"campfire_rested":0,"item_purchase_floors":[30,30],"current_hp_per_floor":[63,63,51,51,51,31,30,4,14,14,14,6,6,6,6,4,52,46,46,46,46,46,36,36,11,17,17,9,3,3,0],"gold":148,"neow_bonus":"TRANSFORM_TWO_CARDS","is_prod":false,"is_daily":false,"chose_seed":false,"campfire_upgraded":3,"win_rate":0,"timestamp":1540006073,"path_taken":["M","?","?","?","?","E","M","E","T","?","?","E","M","M","R","BOSS","M","?","?","?","?","E","R","E","T","R","M","M","$","E"],"build_version":"2018-10-18","purchased_purges":1,"victory":false,"max_hp_per_floor":[63,63,63,63,63,63,63,63,73,68,68,68,68,68,68,68,68,68,68,68,68,68,68,68,68,74,74,74,74,74,74],"card_choices":[{"not_picked":["Dagger Throw","Backflip"],"picked":"Dash","floor":1},{"not_picked":["Dagger Spray","Slice"],"picked":"Backflip","floor":4},{"not_picked":["Underhanded Strike","Prepared"],"picked":"Footwork","floor":5},{"not_picked":["Masterful Stab","Deadly Poison","Underhanded Strike"],"picked":"SKIP","floor":6},{"not_picked":["Wraith Form v2","Deflect","PiercingWail"],"picked":"SKIP","floor":7},{"not_picked":["Noxious Fumes","Blur"],"picked":"Slice","floor":8},{"not_picked":["Quick Slash","Underhanded Strike"],"picked":"Blade Dance","floor":11},{"not_picked":["Poisoned Stab","Backflip","Venomology"],"picked":"SKIP","floor":12},{"not_picked":["Prepared","Quick Slash","Acrobatics"],"picked":"SKIP","floor":13},{"not_picked":["Dagger Throw","PiercingWail"],"picked":"Footwork","floor":14},{"not_picked":["Tools of the Trade","Night Terror"],"picked":"Envenom","floor":16},{"not_picked":["Footwork+1","Setup"],"picked":"Blade Dance","floor":18},{"not_picked":["Deadly Poison+1","PiercingWail","Prepared"],"picked":"SKIP","floor":21},{"not_picked":["Dodge and Roll+1","Masterful Stab"],"picked":"Infinite Blades","floor":23},{"not_picked":["Poisoned Stab+1","Blade Dance+1"],"picked":"Finisher+1","floor":25},{"not_picked":["Underhanded Strike+1","Dodge and Roll+1","Prepared"],"picked":"SKIP","floor":28},{"not_picked":["Underhanded Strike+1","Dodge and Roll+1","Prepared"],"picked":"SKIP","floor":28},{"not_picked":["Underhanded Strike+1","Prepared"],"picked":"Dodge and Roll+1","floor":28},{"not_picked":["Bouncing Flask","Bane+1","Dagger Throw+1"],"picked":"SKIP","floor":29}],"player_experience":348894,"relics_obtained":[{"floor":6,"key":"Shuriken"},{"floor":8,"key":"Blue Candle"},{"floor":9,"key":"Pear"},{"floor":12,"key":"Girya"},{"floor":23,"key":"Molten Egg 2"},{"floor":25,"key":"MawBank"},{"floor":26,"key":"Mummified Hand"}],"event_choices":[{"cards_removed":["Strike_G"],"damage_healed":0,"gold_gain":0,"player_choice":"Card Removal","damage_taken":0,"max_hp_gain":0,"max_hp_loss":0,"event_name":"The Cleric","floor":2,"gold_loss":50},{"damage_healed":0,"gold_gain":0,"player_choice":"Success","damage_taken":12,"relics_obtained":["Darkstone Periapt"],"max_hp_gain":0,"max_hp_loss":0,"event_name":"Scrap Ooze","floor":3,"gold_loss":0},{"damage_healed":0,"gold_gain":0,"player_choice":"Lose Max HP","damage_taken":0,"relics_obtained":["Golden Idol"],"max_hp_gain":0,"max_hp_loss":5,"event_name":"Golden Idol","floor":10,"gold_loss":0},{"damage_healed":0,"gold_gain":0,"player_choice":"Ignored","damage_taken":0,"max_hp_gain":0,"max_hp_loss":0,"event_name":"N\u0027loth","floor":19,"gold_loss":0},{"damage_healed":0,"gold_gain":99,"player_choice":"Stole From Cult","damage_taken":0,"max_hp_gain":0,"max_hp_loss":0,"event_name":"Nest","floor":20,"gold_loss":0},{"damage_healed":0,"gold_gain":0,"player_choice":"Ignored","damage_taken":0,"max_hp_gain":0,"max_hp_loss":0,"event_name":"Vampires","floor":22,"gold_loss":0}],"is_beta":false,"boss_relics":[{"not_picked":["Tiny House","Runic Dome"],"picked":"Cursed Key"}],"items_purged_floors":[30],"is_endless":false,"potions_floor_spawned":[5,7,8,12,16,18,21,25],"killed_by":"Book of Stabbing","ascension_level":12}