{"path_per_floor":["M","M","?","M","?","R","E","?","T","?","R","E","M","$","R","B",null,"M","M","M","?","T","R","E","R","T","M","M","E","M","M","R","B",null,"M","?","$","$","M","E","R","M","T","E","M","R","M","M","R","B"],"character_chosen":"IRONCLAD","items_purchased":["Bag of Marbles","Paper Frog","Dead Branch"],"gold_per_floor":[114,129,129,144,144,144,174,174,224,246,246,276,291,66,66,166,166,181,196,211,261,261,261,291,291,316,331,346,406,421,436,436,536,536,551,551,301,1,16,46,46,61,61,91,106,106,121,136,136,136],"floor_reached":51,"campfire_rested":0,"playtime":1869,"current_hp_per_floor":[78,77,70,70,58,65,40,40,46,48,48,50,50,50,50,49,81,68,70,67,67,73,73,56,56,62,58,54,46,46,50,50,65,102,100,100,100,100,97,97,97,96,102,86,87,87,86,87,87,79],"items_purged":["Strike_R"],"gold":136,"score":1084,"play_id":"c34978ad-9721-4163-ab63-ae790e65c12a","local_time":"20180420113121","daily_mods":["Heirloom","Cursed Run","Terminal"],"is_prod":false,"is_daily":true,"chose_seed":false,"is_ascension_mode":false,"campfire_upgraded":0,"timestamp":1524195081,"path_taken":["M","M","?","M","?","R","E","?","T","?","R","E","M","$","R","BOSS","M","?","M","?","?","R","E","R","T","M","M","E","M","M","R","BOSS","M","?","?","$","M","E","R","M","T","E","M","R","M","M","R","BOSS"],"build_version":"2018-04-19","seed_source_timestamp":0,"purchased_purges":2,"victory":true,"master_deck":["Strike_R","Strike_R","Strike_R","Defend_R+1","Defend_R","Defend_R","Defend_R","Bash","Twin Strike","Shockwave+1","Sword Boomerang","Rupture","Injury","Evolve","Doubt","Immolate","Shrug It Off+1","Writhe","Sword Boomerang+1","Pain","Warcry+1","Clumsy","Parasite","Writhe","Clumsy","Second Wind+1","Clumsy","Clumsy"],"max_hp_per_floor":[78,77,76,75,74,80,79,78,83,82,81,80,79,78,77,82,81,80,79,78,77,82,81,80,79,84,83,82,81,80,79,78,85,102,103,102,101,100,99,100,99,103,108,109,110,109,110,111,110,115],"relics":["Cursed Key","Darkstone Periapt","Du-Vu Doll","Shovel","Blood Vial","Strawberry","Mummified Hand","Regal Pillow","Odd Mushroom","Self Forming Clay","Lantern","Bag of Marbles","Unceasing Top","White Beast Statue","Matryoshka","Molten Egg 2","Mercury Hourglass","Bag of Preparation","Happy Flower","Ancient Tea Set","Tiny Chest","Singing Bowl","Calling Bell","War Paint","Kunai","Thread and Needle","Paper Frog","Dead Branch","Toolbox","Orichalcum","Art of War","Dodecahedron","Centennial Puzzle","Pen Nib"],"card_choices":[{"not_picked":["True Grit","Second Wind"],"picked":"Twin Strike","floor":1},{"not_picked":["Thunderclap","Corruption"],"picked":"Shockwave","floor":2},{"not_picked":["Cleave","Pommel Strike"],"picked":"Sword Boomerang","floor":4},{"not_picked":["Thunderclap","Iron Wave"],"picked":"Rupture","floor":7},{"not_picked":["Ghostly Armor","Wild Strike"],"picked":"Evolve","floor":10},{"not_picked":["Bludgeon","Exhume"],"picked":"Immolate","floor":16},{"not_picked":["Blood for Blood","Flame Barrier"],"picked":"Shrug It Off","floor":19},{"not_picked":["Anger","Clash"],"picked":"Sword Boomerang","floor":24},{"not_picked":["Clash","Ghostly Armor"],"picked":"Warcry","floor":30},{"not_picked":["Headbutt","Cleave"],"picked":"Second Wind","floor":39}],"player_experience":415169,"potions_floor_usage":[12,16,16,20,29,31,33,33,33,50,50],"damage_taken":[{"damage":0,"enemies":"2 Louse","floor":1,"turns":4},{"damage":1,"enemies":"Jaw Worm","floor":2,"turns":3},{"damage":0,"enemies":"Cultist","floor":4,"turns":3},{"damage":27,"enemies":"Lagavulin","floor":7,"turns":7},{"damage":0,"enemies":"The Mushroom Lair","floor":10,"turns":4},{"damage":0,"enemies":"Gremlin Nob","floor":12,"turns":4},{"damage":2,"enemies":"2 Fungi Beasts","floor":13,"turns":3},{"damage":9,"enemies":"Hexaghost","floor":16,"turns":8},{"damage":13,"enemies":"2 Thieves","floor":18,"turns":4},{"damage":0,"enemies":"Chosen","floor":19,"turns":3},{"damage":5,"enemies":"Snake Plant","floor":20,"turns":6},{"damage":19,"enemies":"Slavers","floor":24,"turns":6},{"damage":6,"enemies":"Chosen and Byrds","floor":27,"turns":3},{"damage":6,"enemies":"Centurion and Healer","floor":28,"turns":4},{"damage":10,"enemies":"Book of Stabbing","floor":29,"turns":5},{"damage":2,"enemies":"3 Cultists","floor":30,"turns":3},{"damage":1,"enemies":"Snake Plant","floor":31,"turns":2},{"damage":10,"enemies":"Automaton","floor":33,"turns":6},{"damage":4,"enemies":"3 Shapes","floor":35,"turns":3},{"damage":3,"enemies":"3 Darklings","floor":39,"turns":2},{"damage":4,"enemies":"Giant Head","floor":40,"turns":5},{"damage":8,"enemies":"4 Shapes","floor":42,"turns":2},{"damage":20,"enemies":"Nemesis","floor":44,"turns":5},{"damage":3,"enemies":"Sphere and 2 Shapes","floor":45,"turns":1},{"damage":5,"enemies":"Maw","floor":47,"turns":4},{"damage":3,"enemies":"3 Darklings","floor":48,"turns":3},{"damage":16,"enemies":"Donu and Deca","floor":50,"turns":5}],"event_choices":[{"event_name":"Golden Wing","player_choice":"Card Removal","floor":3,"damage_taken":0},{"event_name":"Scrap Ooze","player_choice":"success","floor":5,"damage_taken":12},{"event_name":"Living Wall","player_choice":"Grow","floor":8,"damage_taken":0},{"event_name":"Mushrooms","player_choice":"Fought Mushrooms","floor":10,"damage_taken":0},{"event_name":"The Joust","player_choice":"Bet on Murderer","floor":21,"damage_taken":0},{"event_name":"Tomb of Lord Red Mask","player_choice":"Ignored","floor":36,"damage_taken":0}],"boss_relics":[{"not_picked":["Runic Dome","Velvet Choker"],"picked":"White Beast Statue"},{"not_picked":["Snecko Eye","Astrolabe"],"picked":"Calling Bell"}],"potions_floor_spawned":[2,7,10,13,18,19,20,24,27,28,29,30,31,33,35,39,40,42,44,45,47,48],"seed_played":"8167839930029530236","ascension_level":0,"is_trial":false}