{"gold_per_floor":[110,121,137,137,156,183,183,216,241,241,255,268,268,330,342,432,444,467,479,491,503,334,334,362,379,379,393,393,110,110,110,110,184,184,197,214,233,233,5,36,36,49,128,128,128],"floor_reached":45,"playtime":2220,"items_purged":["Strike_B+1"],"score":967,"play_id":"ea78ccd1-2687-40d2-b5f3-fc492ec2d28e","local_time":"20190223155952","is_ascension_mode":true,"campfire_choices":[{"data":"Double Energy","floor":7.0,"key":"SMITH"},{"data":"Coolheaded","floor":10.0,"key":"SMITH"},{"data":"Dualcast","floor":13.0,"key":"SMITH"},{"data":"Zap","floor":15.0,"key":"SMITH"},{"data":"Defragment","floor":23.0,"key":"SMITH"},{"floor":30.0,"key":"REST"},{"data":"Hologram","floor":32.0,"key":"SMITH"},{"data":"Heatsinks","floor":41.0,"key":"SMITH"},{"floor":44,"key":"REST"}],"neow_cost":"TEN_PERCENT_HP_LOSS","seed_source_timestamp":502072455922128,"circlet_count":0,"master_deck":["AscendersBane","Defend_B+1","Defend_B+1","Defend_B+1","Defend_B+1","Zap+1","Dualcast+1","Core Surge","Self Repair","Double Energy+1","Sunder+1","Coolheaded+1","Capacitor","Skim","Turbo","Cold Snap","Hologram+1","All For One","Recycle+1","Defragment+1","FTL","Turbo+1","Heatsinks+1","Defragment+1","Glacier","Loop+1","BootSequence","Aggregate","Decay","Amplify","Glacier+1","Capacitor+1","Hologram","Undo+1","Stack","Leap+1","Parasite"],"special_seed":0,"relics":["Cracked Core","Shuriken","Pen Nib","MawBank","Sozu","Frozen Egg 2","War Paint","Lantern","Orrery","Medical Kit","Smiling Mask","Meat on the Bone"],"potions_floor_usage":[],"damage_taken":[{"damage":0.0,"enemies":"2 Louse","floor":1.0,"turns":2.0},{"damage":6.0,"enemies":"Cultist","floor":2.0,"turns":4.0},{"damage":0.0,"enemies":"Small Slimes","floor":3.0,"turns":2.0},{"damage":4.0,"enemies":"3 Louse","floor":5.0,"turns":4.0},{"damage":31.0,"enemies":"Gremlin Nob","floor":6.0,"turns":4.0},{"damage":22.0,"enemies":"Lagavulin","floor":8.0,"turns":7.0},{"damage":3.0,"enemies":"Blue Slaver","floor":11.0,"turns":4.0},{"damage":1.0,"enemies":"Large Slime","floor":12.0,"turns":8.0},{"damage":15.0,"enemies":"Lagavulin Event","floor":14.0,"turns":4.0},{"damage":15.0,"enemies":"The Guardian","floor":16.0,"turns":13.0},{"damage":6.0,"enemies":"Chosen","floor":18.0,"turns":4.0},{"damage":33.0,"enemies":"Book of Stabbing","floor":24.0,"turns":4.0},{"damage":10.0,"enemies":"3 Byrds","floor":25.0,"turns":3.0},{"damage":6.0,"enemies":"3 Cultists","floor":27.0,"turns":3.0},{"damage":5.0,"enemies":"Automaton","floor":33.0,"turns":13.0},{"damage":13.0,"enemies":"3 Shapes","floor":35.0,"turns":10.0},{"damage":0.0,"enemies":"3 Darklings","floor":36.0,"turns":13.0},{"damage":31.0,"enemies":"Jaw Worm Horde","floor":37.0,"turns":6.0},{"damage":9.0,"enemies":"Nemesis","floor":40.0,"turns":13.0},{"damage":25,"enemies":"Writhing Mass","floor":42,"turns":10},{"damage":39,"enemies":"Reptomancer","floor":45,"turns":2}],"seed_played":"4848000423178340419","potions_obtained":[{"floor":1.0,"key":"FocusPotion"},{"floor":3.0,"key":"Poison Potion"},{"floor":8.0,"key":"Strength Potion"},{"floor":12.0,"key":"Energy Potion"}],"is_trial":false,"path_per_floor":["M","M","M","?","M","E","R","E","T","R","M","M","R","?","R","B",null,"M","?","?","?","$","R","E","M","T","M","T","$","R","?","R","B",null,"M","M","M","?","$","E","R","M","T","R","E"],"character_chosen":"DEFECT","items_purchased":["FTL","Turbo","Heatsinks","Loop+1","BootSequence","Aggregate","Medical Kit"],"campfire_rested":2,"item_purchase_floors":[22,22,22,29,29,29,39],"current_hp_per_floor":[64,64,64,64,64,40,40,18,18,18,22,28,28,20,20,12,51,52,52,52,52,52,52,19,9,9,3,3,3,22,22,22,24,54,48,55,31,31,31,36,36,18,18,37,0],"gold":128,"neow_bonus":"TRANSFORM_TWO_CARDS","is_prod":false,"is_daily":false,"chose_seed":false,"campfire_upgraded":7,"win_rate":0,"timestamp":1550908792,"path_taken":["M","M","M","?","M","E","R","E","T","R","?","M","R","?","R","BOSS","M","?","?","?","$","R","E","?","T","M","?","$","R","?","R","BOSS","M","?","M","?","$","E","R","M","T","R","E"],"build_version":"2019-01-23","purchased_purges":1,"victory":false,"max_hp_per_floor":[64,64,64,64,64,64,64,64,64,64,64,64,64,64,64,64,64,64,64,64,64,64,64,64,64,64,64,64,64,64,64,64,64,64,64,64,64,64,64,64,64,64,64,64,64],"card_choices":[{"not_picked":["Rip and Tear","Barrage"],"picked":"Double Energy","floor":1.0},{"not_picked":["Leap","Conserve Battery"],"picked":"Sunder","floor":2.0},{"not_picked":["Compile Driver","Beam Cell"],"picked":"Coolheaded","floor":3.0},{"not_picked":["Rebound","Sweeping Beam","Consume"],"picked":"SKIP","floor":5.0},{"not_picked":["Coolheaded","Hologram"],"picked":"Capacitor","floor":6.0},{"not_picked":["Rip and Tear","Ball Lightning"],"picked":"Skim","floor":8.0},{"not_picked":["Scrape","Go for the Eyes"],"picked":"Turbo","floor":11.0},{"not_picked":["Go for the Eyes","FTL"],"picked":"Cold Snap","floor":12.0},{"not_picked":["Auto Shields","Skim"],"picked":"Hologram","floor":14.0},{"not_picked":["Thunder Strike","Core Surge"],"picked":"All For One","floor":16.0},{"not_picked":["Auto Shields","Hologram"],"picked":"Recycle","floor":18.0},{"not_picked":["Barrage","Hologram"],"picked":"Defragment","floor":24.0},{"not_picked":["Barrage","Rebound","Ball Lightning"],"picked":"SKIP","floor":25.0},{"not_picked":["Sweeping Beam","Barrage+1"],"picked":"Glacier","floor":27.0},{"not_picked":["Machine Learning+1","All For One"],"picked":"Amplify","floor":33.0},{"not_picked":["Capacitor+1","Sweeping Beam"],"picked":"Glacier+1","floor":34.0},{"not_picked":["Reinforced Body","Ball Lightning"],"picked":"Capacitor+1","floor":34.0},{"not_picked":["Turbo+1","Beam Cell"],"picked":"Hologram","floor":34.0},{"not_picked":["Genetic Algorithm","Hologram+1"],"picked":"Undo+1","floor":35.0},{"not_picked":["Streamline","Lockon","Sweeping Beam"],"picked":"SKIP","floor":36.0},{"not_picked":["Rebound","Glacier+1"],"picked":"Stack","floor":37.0},{"not_picked":["Streamline","Ball Lightning"],"picked":"Leap+1","floor":40.0},{"not_picked":["Aggregate","Static Discharge+1","Streamline"],"picked":"SKIP","floor":42}],"player_experience":934294,"relics_obtained":[{"floor":6.0,"key":"Shuriken"},{"floor":8.0,"key":"Pen Nib"},{"floor":14.0,"key":"MawBank"},{"floor":24.0,"key":"Frozen Egg 2"},{"floor":26.0,"key":"War Paint"},{"floor":28.0,"key":"Lantern"},{"floor":40.0,"key":"Smiling Mask"},{"floor":43,"key":"Meat on the Bone"}],"event_choices":[{"damage_healed":0.0,"max_hp_gain":0.0,"max_hp_loss":0.0,"gold_gain":0.0,"event_name":"Upgrade Shrine","player_choice":"Upgraded","floor":4.0,"gold_loss":0.0,"damage_taken":0.0,"cards_upgraded":["Sunder"]},{"damage_healed":0.0,"max_hp_gain":0.0,"max_hp_loss":0.0,"gold_gain":0.0,"event_name":"Dead Adventurer","player_choice":"Searched \u00272\u0027 times","floor":14.0,"gold_loss":0.0,"damage_taken":0.0},{"damage_healed":0.0,"max_hp_gain":0.0,"max_hp_loss":0.0,"gold_gain":0.0,"event_name":"Back to Basics","player_choice":"Simplicity","floor":19.0,"gold_loss":0.0,"damage_taken":0.0,"cards_upgraded":["Strike_B","Strike_B","Defend_B","Defend_B","Defend_B","Defend_B"]},{"damage_healed":0.0,"max_hp_gain":0.0,"max_hp_loss":0.0,"gold_gain":0.0,"event_name":"The Library","player_choice":"Read","floor":20.0,"gold_loss":0.0,"damage_taken":0.0,"cards_obtained":["Defragment"]},{"cards_removed":["Strike_B"],"damage_healed":0.0,"max_hp_gain":0.0,"max_hp_loss":0.0,"gold_gain":0.0,"event_name":"Bonfire Elementals","player_choice":"Offered Basic","floor":21.0,"gold_loss":0.0,"damage_taken":0.0},{"damage_healed":0.0,"max_hp_gain":0.0,"max_hp_loss":0.0,"gold_gain":0.0,"event_name":"Wheel of Change","player_choice":"Cursed","floor":31.0,"gold_loss":0.0,"damage_taken":0.0,"cards_obtained":["Decay"]},{"damage_healed":0.0,"max_hp_gain":0.0,"max_hp_loss":0.0,"gold_gain":0.0,"event_name":"Tomb of Lord Red Mask","player_choice":"Ignored","floor":38.0,"gold_loss":0.0,"damage_taken":0.0}],"is_beta":false,"boss_relics":[{"not_picked":["Black Star","Calling Bell"],"picked":"Sozu"},{"not_picked":["FrozenCore","Empty Cage"],"picked":"Orrery"}],"items_purged_floors":[29],"is_endless":false,"potions_floor_spawned":[1,3,8,12,18,24,33,36],"killed_by":"Reptomancer","ascension_level":20}