{"gold_per_floor":[114,114,39,58,70,87,111,111,411,427,427,427,460,166,166,292,292,305,27,27,51,66,66,20,20,99,124,124,124,124,157,157,282,282,296,296,296,105,123,123,141,141,141,182,182,202,226,28,28,28],"floor_reached":51,"playtime":1136,"items_purged":["Strike_B","Strike_B","Lockon+1"],"score":841,"play_id":"d39d79a2-9b65-4b61-9d63-8a37dfe66579","local_time":"20190614113023","is_ascension_mode":false,"campfire_choices":[{"data":"Lockon","floor":8.0,"key":"SMITH"},{"data":"Biased Cognition","floor":12.0,"key":"SMITH"},{"data":"Dualcast","floor":15.0,"key":"SMITH"},{"data":"Defragment","floor":23,"key":"SMITH"},{"data":"Turbo","floor":25,"key":"SMITH"},{"data":"White Noise","floor":28,"key":"SMITH"},{"data":"Machine Learning","floor":32,"key":"SMITH"},{"data":"Seek","floor":40,"key":"SMITH"},{"data":"Electrodynamics","floor":42,"key":"SMITH"},{"data":"Creative AI","floor":45,"key":"SMITH"},{"data":"Glacier","floor":49,"key":"SMITH"}],"neow_cost":"NONE","seed_source_timestamp":3108449424199,"circlet_count":0,"master_deck":["Zap+1","Dualcast+1","Biased Cognition+1","White Noise+1","Turbo+1","Seek+1","White Noise+1","Electrodynamics+1","Genetic Algorithm","Chill","Glacier+1","Ball Lightning+1","Defragment+1","Storm+1","Coolheaded+1","Doom and Gloom","Machine Learning+1","Recycle+1","Amplify+1","Coolheaded+1","Double Energy+1","Creative AI+1","Hologram+1"],"special_seed":0,"relics":["Cracked Core","Bag of Preparation","Old Coin","Golden Idol","War Paint","OrangePellets","Pandora\u0027s Box","Toxic Egg 2","Tiny Chest","Bird Faced Urn","Lantern","Runic Pyramid","Runic Capacitor","Bottled Tornado","Molten Egg 2","Potion Belt"],"potions_floor_usage":[50,50],"damage_taken":[{"damage":2.0,"enemies":"2 Louse","floor":1.0,"turns":3.0},{"damage":6.0,"enemies":"Jaw Worm","floor":4.0,"turns":3.0},{"damage":0.0,"enemies":"Cultist","floor":5.0,"turns":3.0},{"damage":0.0,"enemies":"Looter","floor":6.0,"turns":3.0},{"damage":1.0,"enemies":"Exordium Thugs","floor":10.0,"turns":3.0},{"damage":16.0,"enemies":"Gremlin Nob","floor":13.0,"turns":3.0},{"damage":0.0,"enemies":"Slime Boss","floor":16.0,"turns":7.0},{"damage":0.0,"enemies":"3 Byrds","floor":18.0,"turns":1.0},{"damage":7,"enemies":"Chosen","floor":21,"turns":3},{"damage":0,"enemies":"Snecko","floor":22,"turns":4},{"damage":2,"enemies":"Centurion and Healer","floor":27,"turns":3},{"damage":35,"enemies":"Gremlin Leader","floor":31,"turns":3},{"damage":1,"enemies":"Champ","floor":33,"turns":4},{"damage":0,"enemies":"3 Darklings","floor":35,"turns":2},{"damage":0,"enemies":"Orb Walker","floor":39,"turns":2},{"damage":0,"enemies":"Sphere and 2 Shapes","floor":41,"turns":1},{"damage":0,"enemies":"Nemesis","floor":44,"turns":3},{"damage":3,"enemies":"Spire Growth","floor":46,"turns":3},{"damage":0,"enemies":"Donu and Deca","floor":50,"turns":2}],"seed_played":"3465252374395120689","potions_obtained":[{"floor":1.0,"key":"Regen Potion"},{"floor":4.0,"key":"GamblersBrew"},{"floor":21,"key":"LiquidBronze"},{"floor":22,"key":"Poison Potion"},{"floor":31,"key":"PowerPotion"},{"floor":41,"key":"Swift Potion"}],"is_trial":false,"path_per_floor":["M","?","$","M","M","M","T","R","T","M","?","R","E","$","R","B",null,"M","$","?","M","M","R","$","R","T","M","R","T","?","E","R","B",null,"M","?","?","$","M","R","M","R","T","E","R","M","T","$","R","B",null],"character_chosen":"DEFECT","items_purchased":["OrangePellets","Defragment","Toxic Egg 2","Coolheaded+1","Runic Capacitor","Block Potion","Hologram+1"],"campfire_rested":0,"item_purchase_floors":[14,19,19,24,38,48,48],"current_hp_per_floor":[73,66,66,60,60,60,60,60,60,59,41,41,25,25,25,25,75,75,75,75,68,68,68,68,68,68,66,66,66,66,43,43,58,75,75,71,71,71,71,71,71,71,71,71,71,71,71,71,71,71],"gold":28,"neow_bonus":"ONE_RANDOM_RARE_CARD","is_prod":false,"is_daily":false,"chose_seed":false,"campfire_upgraded":11,"win_rate":0,"timestamp":1560483023,"path_taken":["M","?","$","M","M","M","?","R","T","M","?","R","E","?","R","BOSS","M","?","?","?","M","R","$","R","T","M","R","?","?","E","R","BOSS","M","?","?","$","?","R","M","R","T","E","R","?","?","$","R","BOSS"],"build_version":"2019-01-23","purchased_purges":3,"victory":true,"max_hp_per_floor":[75,75,75,75,75,75,75,75,75,75,75,75,75,75,75,75,75,75,75,75,75,75,75,75,75,75,75,75,75,75,75,75,75,75,75,71,71,71,71,71,71,71,71,71,71,71,71,71,71,71],"card_choices":[{"not_picked":["Barrage","Conserve Battery"],"picked":"White Noise","floor":1.0},{"not_picked":["Leap","Barrage"],"picked":"Turbo","floor":4.0},{"not_picked":["Hologram","Streamline"],"picked":"Seek","floor":5.0},{"not_picked":["Conserve Battery","Compile Driver"],"picked":"Lockon","floor":6.0},{"not_picked":["Turbo","Consume"],"picked":"White Noise","floor":10.0},{"not_picked":["BootSequence","Sweeping Beam","Meteor Strike"],"picked":"SKIP","floor":13.0},{"not_picked":["Amplify","All For One"],"picked":"Electrodynamics","floor":16.0},{"not_picked":["Gash","Barrage"],"picked":"Ball Lightning+1","floor":18.0},{"not_picked":["Conserve Battery+1","Streamline","Barrage"],"picked":"SKIP","floor":21},{"not_picked":["Rip and Tear","Go for the Eyes+1"],"picked":"Storm+1","floor":22},{"not_picked":["Go for the Eyes","Leap+1","Barrage+1"],"picked":"SKIP","floor":27},{"not_picked":["Gash","Barrage+1"],"picked":"Recycle+1","floor":31},{"not_picked":["Seek+1","Fission+1"],"picked":"Amplify+1","floor":33},{"not_picked":["Scrape","Lockon+1","Compile Driver"],"picked":"SKIP","floor":35},{"not_picked":["Beam Cell+1","Cold Snap+1"],"picked":"Coolheaded+1","floor":39},{"not_picked":["Sweeping Beam+1","Stack+1"],"picked":"Double Energy+1","floor":41},{"not_picked":["Rebound","Gash+1"],"picked":"Creative AI","floor":44},{"not_picked":["Hello World+1","Recycle+1","Conserve Battery+1"],"picked":"SKIP","floor":46}],"player_experience":5183445,"relics_obtained":[{"floor":7.0,"key":"Bag of Preparation"},{"floor":9.0,"key":"Old Coin"},{"floor":13.0,"key":"War Paint"},{"floor":26,"key":"Tiny Chest"},{"floor":29,"key":"Bird Faced Urn"},{"floor":31,"key":"Lantern"},{"floor":43,"key":"Bottled Tornado"},{"floor":44,"key":"Molten Egg 2"},{"floor":47,"key":"Potion Belt"}],"event_choices":[{"cards_removed":["Strike_B"],"damage_healed":0.0,"max_hp_gain":0.0,"max_hp_loss":0.0,"gold_gain":0.0,"event_name":"Golden Wing","player_choice":"Card Removal","floor":2.0,"gold_loss":0.0,"damage_taken":7.0},{"damage_healed":0.0,"max_hp_gain":0.0,"max_hp_loss":0.0,"gold_gain":0.0,"event_name":"Golden Idol","player_choice":"Take Damage","floor":11.0,"gold_loss":0.0,"damage_taken":18.0,"relics_obtained":["Golden Idol"]},{"damage_healed":0,"gold_gain":0,"player_choice":"0 cards matched","damage_taken":0,"max_hp_gain":0,"max_hp_loss":0,"event_name":"Match and Keep!","floor":20,"gold_loss":0,"cards_obtained":[]},{"damage_healed":0,"gold_gain":0,"cards_transformed":["Scrape","Rip and Tear"],"player_choice":"Became Test Subject","damage_taken":0,"max_hp_gain":0,"max_hp_loss":0,"event_name":"Drug Dealer","floor":30,"gold_loss":0,"cards_obtained":["Doom and Gloom","Machine Learning"]},{"damage_healed":0,"gold_gain":0,"player_choice":"Max HP","damage_taken":0,"max_hp_gain":0,"max_hp_loss":4,"event_name":"Winding Halls","floor":36,"gold_loss":0},{"damage_healed":0,"gold_gain":0,"player_choice":"Forge","damage_taken":0,"max_hp_gain":0,"max_hp_loss":0,"event_name":"Accursed Blacksmith","floor":37,"gold_loss":0,"cards_upgraded":["White Noise"]}],"is_beta":false,"boss_relics":[{"not_picked":["Fusion Hammer","Snecko Eye"],"picked":"Pandora\u0027s Box"},{"not_picked":["Busted Crown","Velvet Choker"],"picked":"Runic Pyramid"}],"items_purged_floors":[3,14,48],"is_endless":false,"potions_floor_spawned":[1,4,21,22,31,33,41],"ascension_level":0}