{"gold_per_floor":[118,37,37,37,56,100,100,118,165,165,206,206,235,282,282,380,380,403,403,24,37,53,96,96,96,121,133,180,25,25,25,25,115,115,128,128,28,46,72,72,72,72,96,96,127,143,268,284,284,284,284,284,63,94,94],"floor_reached":56,"playtime":5330,"items_purged":["Strike_B","Strike_B","Doom and Gloom+1"],"score":2135,"play_id":"b1163fd4-9740-4aaa-a162-2f8e81d38d02","local_time":"20190505201945","is_ascension_mode":true,"campfire_choices":[{"data":"Self Repair","floor":7.0,"key":"SMITH"},{"data":"Buffer","floor":12.0,"key":"SMITH"},{"data":"Dualcast","floor":15.0,"key":"SMITH"},{"floor":25.0,"key":"REST"},{"data":"Capacitor","floor":27.0,"key":"SMITH"},{"data":"Apotheosis","floor":32.0,"key":"SMITH"},{"data":"Seek","floor":40.0,"key":"SMITH"},{"floor":42.0,"key":"RECALL"},{"data":"Seek","floor":44.0,"key":"SMITH"},{"data":"Strike_B","floor":49,"key":"PURGE"},{"data":"Strike_B","floor":52,"key":"PURGE"}],"neow_cost":"NONE","seed_source_timestamp":113192490073448,"circlet_count":0,"master_deck":["AscendersBane","Defend_B+1","Defend_B","Defend_B","Zap+1","Dualcast+1","Coolheaded+1","Hello World","Undo","Self Repair+1","Buffer+1","Gash","Seek+1","Cold Snap","Capacitor+1","Storm","Go for the Eyes","Seek+1","Storm","Apotheosis+1","Gash","Fission","Heatsinks","Capacitor+1","Defragment","Coolheaded","Heatsinks","Force Field+1"],"special_seed":0,"relics":["Cracked Core","Ancient Tea Set","Golden Idol","War Paint","Centennial Puzzle","Regal Pillow","Odd Mushroom","Art of War","Black Star","Membership Card","Vajra","Pocketwatch","Matryoshka","MawBank","Juzu Bracelet","Pen Nib","Strawberry","GremlinMask","Philosopher\u0027s Stone","PreservedInsect","DataDisk","Potion Belt","Unceasing Top","Molten Egg 2","Peace Pipe","Frozen Eye","Orichalcum","Bronze Scales"],"potions_floor_usage":[55,55,55,55],"damage_taken":[{"damage":0.0,"enemies":"Small Slimes","floor":1.0,"turns":2.0},{"damage":0.0,"enemies":"2 Louse","floor":5.0,"turns":2.0},{"damage":14.0,"enemies":"3 Sentries","floor":6.0,"turns":12.0},{"damage":1.0,"enemies":"Cultist","floor":8.0,"turns":3.0},{"damage":0.0,"enemies":"Lagavulin","floor":11.0,"turns":7.0},{"damage":7.0,"enemies":"The Mushroom Lair","floor":13.0,"turns":6.0},{"damage":0.0,"enemies":"The Guardian","floor":16.0,"turns":10.0},{"damage":13.0,"enemies":"3 Byrds","floor":18.0,"turns":6.0},{"damage":15.0,"enemies":"Colosseum Slavers","floor":19.0,"turns":5.0},{"damage":9.0,"enemies":"Spheric Guardian","floor":21.0,"turns":6.0},{"damage":28.0,"enemies":"Cultist and Chosen","floor":22.0,"turns":8.0},{"damage":25.0,"enemies":"Gremlin Leader","floor":23.0,"turns":9.0},{"damage":0.0,"enemies":"Sentry and Sphere","floor":24.0,"turns":1.0},{"damage":32.0,"enemies":"Book of Stabbing","floor":28.0,"turns":8.0},{"damage":37.0,"enemies":"Automaton","floor":33.0,"turns":9.0},{"damage":0.0,"enemies":"3 Shapes","floor":35.0,"turns":5.0},{"damage":0.0,"enemies":"Orb Walker","floor":38.0,"turns":3.0},{"damage":12.0,"enemies":"Nemesis","floor":45.0,"turns":7.0},{"damage":18.0,"enemies":"Sphere and 2 Shapes","floor":46.0,"turns":4.0},{"damage":0.0,"enemies":"Mind Bloom Boss Battle","floor":47.0,"turns":3.0},{"damage":9,"enemies":"4 Shapes","floor":48,"turns":4},{"damage":12,"enemies":"Time Eater","floor":50,"turns":10},{"damage":7,"enemies":"Shield and Spear","floor":54,"turns":2},{"damage":80,"enemies":"The Heart","floor":55,"turns":10}],"seed_played":"-277764504730451232","potions_obtained":[{"floor":8.0,"key":"SteroidPotion"},{"floor":11.0,"key":"SmokeBomb"},{"floor":13.0,"key":"SkillPotion"},{"floor":16.0,"key":"SkillPotion"},{"floor":18.0,"key":"Explosive Potion"},{"floor":21.0,"key":"Ancient Potion"},{"floor":28.0,"key":"PowerPotion"},{"floor":41.0,"key":"Swift Potion"},{"floor":46.0,"key":"FearPotion"},{"floor":48,"key":"SpeedPotion"},{"floor":54,"key":"Regen Potion"}],"is_trial":false,"path_per_floor":["M","$","?","?","M","E","R","M","T","?","E","R","?","T","R","B",null,"M","?","$","M","M","E","M","R","T","R","E","$","?","?","R","B",null,"M","?","$","M","T","R","?","R","T","R","E","M","?","M","R","B",null,"R","$","E","B",null],"character_chosen":"DEFECT","items_purchased":["Hello World","Membership Card","Capacitor","Vajra","Apotheosis","Gash","PreservedInsect","Heatsinks","Frozen Eye","Coolheaded","Heatsinks"],"campfire_rested":1,"item_purchase_floors":[2,20,20,20,29,29,37,37,53,53,53],"current_hp_per_floor":[64,64,40,40,40,26,26,35,35,28,38,38,41,41,41,51,66,63,58,58,59,41,26,26,62,62,62,47,47,47,47,47,20,64,74,74,74,78,78,78,78,78,78,78,76,68,68,69,69,67,75,75,75,78,23],"gold":94,"neow_bonus":"RANDOM_COMMON_RELIC","is_prod":false,"is_daily":false,"chose_seed":false,"campfire_upgraded":7,"win_rate":0,"timestamp":1557080385,"path_taken":["M","$","?","?","?","E","R","M","T","?","E","R","?","?","R","BOSS","M","?","$","M","M","E","M","R","T","R","E","$","?","?","R","BOSS","M","?","$","M","?","R","?","R","T","R","E","M","?","M","R","BOSS","R","$","E","BOSS"],"build_version":"2019-01-23","purchased_purges":3,"victory":true,"max_hp_per_floor":[71,71,71,71,71,71,71,71,71,71,71,71,71,71,71,71,71,71,71,71,71,71,71,71,71,71,71,78,78,78,78,78,78,78,78,78,78,78,78,78,78,78,78,78,78,78,78,78,78,78,78,78,78,78,78],"card_choices":[{"not_picked":["Sweeping Beam","BootSequence"],"picked":"Coolheaded","floor":1.0},{"not_picked":["Turbo","Aggregate"],"picked":"Undo","floor":5.0},{"not_picked":["Reinforced Body","Leap"],"picked":"Self Repair","floor":6.0},{"not_picked":["Hello World","Lockon"],"picked":"Buffer","floor":8.0},{"not_picked":["Stack","Hello World","Static Discharge"],"picked":"SKIP","floor":11.0},{"not_picked":["Stack","Hello World","Static Discharge"],"picked":"SKIP","floor":11.0},{"not_picked":["Consume","Hologram"],"picked":"Gash","floor":13.0},{"not_picked":["Amplify","Thunder Strike"],"picked":"Seek","floor":16.0},{"not_picked":["Blizzard","Static Discharge"],"picked":"Cold Snap","floor":18.0},{"not_picked":["Redo","Beam Cell+1"],"picked":"Storm","floor":21.0},{"not_picked":["Rebound","Compile Driver"],"picked":"Go for the Eyes","floor":22.0},{"not_picked":["Go for the Eyes","Lockon+1"],"picked":"Seek","floor":23.0},{"not_picked":["Meteor Strike","Tempest"],"picked":"Storm","floor":28.0},{"not_picked":["Rainbow","Thunder Strike"],"picked":"Fission","floor":33.0},{"not_picked":["Compile Driver","Stack","Scrape"],"picked":"SKIP","floor":35.0},{"not_picked":["Hologram","Turbo"],"picked":"Capacitor+1","floor":38.0},{"not_picked":["Rip and Tear+1","Reboot"],"picked":"Doom and Gloom","floor":45.0},{"not_picked":["Rebound+1","Streamline+1","Auto Shields"],"picked":"SKIP","floor":46.0},{"not_picked":["Rebound+1","Consume"],"picked":"Defragment","floor":48},{"not_picked":["Turbo","Hologram+1"],"picked":"Force Field+1","floor":54}],"player_experience":559946,"relics_obtained":[{"floor":6.0,"key":"War Paint"},{"floor":9.0,"key":"Centennial Puzzle"},{"floor":11.0,"key":"Regal Pillow"},{"floor":13.0,"key":"Odd Mushroom"},{"floor":14.0,"key":"Art of War"},{"floor":23.0,"key":"Pocketwatch"},{"floor":23.0,"key":"Matryoshka"},{"floor":26.0,"key":"MawBank"},{"floor":26.0,"key":"Juzu Bracelet"},{"floor":28.0,"key":"Pen Nib"},{"floor":28.0,"key":"Strawberry"},{"floor":39.0,"key":"DataDisk"},{"floor":43.0,"key":"Potion Belt"},{"floor":45.0,"key":"Unceasing Top"},{"floor":45.0,"key":"Molten Egg 2"},{"floor":47.0,"key":"Peace Pipe"},{"floor":54,"key":"Orichalcum"},{"floor":54,"key":"Bronze Scales"}],"event_choices":[{"damage_healed":0.0,"max_hp_gain":0.0,"max_hp_loss":0.0,"gold_gain":0.0,"event_name":"Golden Idol","player_choice":"Take Damage","floor":3.0,"gold_loss":0.0,"damage_taken":24.0,"relics_obtained":["Golden Idol"]},{"damage_healed":0.0,"max_hp_gain":0.0,"max_hp_loss":0.0,"gold_gain":0.0,"event_name":"Upgrade Shrine","player_choice":"Upgraded","floor":4.0,"gold_loss":0.0,"damage_taken":0.0,"cards_upgraded":["Zap"]},{"cards_removed":["Defend_B"],"damage_healed":0.0,"max_hp_gain":0.0,"max_hp_loss":0.0,"gold_gain":0.0,"event_name":"Golden Wing","player_choice":"Card Removal","floor":10.0,"gold_loss":0.0,"damage_taken":7.0},{"damage_healed":0.0,"max_hp_gain":0.0,"max_hp_loss":0.0,"gold_gain":0.0,"event_name":"Mushrooms","player_choice":"Fought Mushrooms","floor":13.0,"gold_loss":0.0,"damage_taken":0.0},{"damage_healed":0.0,"max_hp_gain":0.0,"max_hp_loss":0.0,"gold_gain":0.0,"event_name":"Colosseum","player_choice":"Fight","floor":19.0,"gold_loss":0.0,"damage_taken":0.0},{"damage_healed":0.0,"max_hp_gain":0.0,"max_hp_loss":0.0,"gold_gain":0.0,"event_name":"Colosseum","player_choice":"Fled From Nobs","floor":19.0,"gold_loss":0.0,"damage_taken":0.0},{"damage_healed":0.0,"max_hp_gain":0.0,"max_hp_loss":0.0,"gold_gain":0.0,"event_name":"The Mausoleum","player_choice":"Ignored","floor":30.0,"gold_loss":0.0,"damage_taken":0.0},{"damage_healed":0.0,"max_hp_gain":0.0,"max_hp_loss":0.0,"gold_gain":0.0,"event_name":"FaceTrader","player_choice":"Trade","floor":31.0,"gold_loss":0.0,"damage_taken":0.0,"relics_obtained":["GremlinMask"]},{"damage_healed":0.0,"max_hp_gain":0.0,"max_hp_loss":0.0,"gold_gain":0.0,"event_name":"Match and Keep!","player_choice":"0 cards matched","floor":36.0,"gold_loss":0.0,"damage_taken":0.0,"cards_obtained":[]},{"damage_healed":0.0,"max_hp_gain":0.0,"max_hp_loss":0.0,"gold_gain":0.0,"event_name":"Lab","player_choice":"Got Potions","floor":41.0,"gold_loss":0.0,"damage_taken":0.0},{"damage_healed":0.0,"max_hp_gain":0.0,"max_hp_loss":0.0,"gold_gain":0.0,"event_name":"MindBloom","player_choice":"Fight","floor":47.0,"gold_loss":0.0,"damage_taken":0.0}],"is_beta":false,"boss_relics":[{"not_picked":["Sozu","Coffee Dripper"],"picked":"Black Star"},{"not_picked":["White Beast Statue","Eternal Feather"],"picked":"Philosopher\u0027s Stone"}],"items_purged_floors":[20,29,53],"is_endless":false,"potions_floor_spawned":[8,11,13,16,18,21,28,46,48,54],"ascension_level":17}