{"gold_per_floor":[109,127,140,65,79,79,104,115,115,115,115,115],"floor_reached":12,"playtime":735,"items_purged":[],"score":160,"play_id":"7a744910-69ac-45e1-bb89-e97343bda878","local_time":"20190329175133","is_ascension_mode":true,"campfire_choices":[{"data":"Catalyst","floor":6.0,"key":"SMITH"},{"data":"Bouncing Flask","floor":11.0,"key":"SMITH"}],"neow_cost":"CURSE","seed_source_timestamp":109581044035986,"circlet_count":0,"master_deck":["AscendersBane","Defend_G","Defend_G","Defend_G","Defend_G","Defend_G","Strike_G","Strike_G","Strike_G","Strike_G","Strike_G","Survivor","Neutralize","Injury","Cloak And Dagger","Expertise","Bouncing Flask+1","Catalyst+1","Deadly Poison","Grand Finale"],"special_seed":0,"relics":["Ring of the Snake","WingedGreaves","Art of War","Singing Bowl","Golden Idol"],"potions_floor_usage":[12],"damage_taken":[{"damage":0.0,"enemies":"2 Louse","floor":1.0,"turns":5.0},{"damage":1.0,"enemies":"Jaw Worm","floor":2.0,"turns":5.0},{"damage":6.0,"enemies":"Cultist","floor":3.0,"turns":5.0},{"damage":4.0,"enemies":"Gremlin Gang","floor":5.0,"turns":6.0},{"damage":33.0,"enemies":"3 Sentries","floor":7.0,"turns":12.0},{"damage":3.0,"enemies":"Blue Slaver","floor":8.0,"turns":4.0},{"damage":2,"enemies":"Lots of Slimes","floor":12,"turns":2}],"seed_played":"-6706441000184315859","potions_obtained":[{"floor":1.0,"key":"LiquidBronze"},{"floor":2.0,"key":"SkillPotion"},{"floor":5.0,"key":"SteroidPotion"}],"is_trial":false,"path_per_floor":["M","M","M","$","M","R","E","M","T","?","R","M"],"character_chosen":"THE_SILENT","items_purchased":["Catalyst"],"campfire_rested":0,"item_purchase_floors":[4],"current_hp_per_floor":[59,58,52,52,48,48,15,12,12,12,12,10],"gold":115,"neow_bonus":"ONE_RARE_RELIC","is_prod":false,"is_daily":false,"chose_seed":false,"campfire_upgraded":2,"win_rate":0,"timestamp":1553853093,"path_taken":["M","M","M","$","M","R","E","M","T","?","R","M"],"build_version":"2019-01-23","purchased_purges":0,"victory":false,"max_hp_per_floor":[66,66,66,66,66,66,66,66,66,60,60,60],"card_choices":[{"not_picked":["Dodge and Roll","Blade Dance"],"picked":"Cloak And Dagger","floor":1.0},{"not_picked":["Dodge and Roll","Leg Sweep"],"picked":"Expertise","floor":2.0},{"not_picked":["Prepared","Riddle With Holes"],"picked":"Bouncing Flask","floor":3.0},{"not_picked":["PiercingWail","Cloak And Dagger"],"picked":"Deadly Poison","floor":5.0},{"not_picked":["Infinite Blades","All Out Attack"],"picked":"Grand Finale","floor":7.0},{"not_picked":["Blade Dance","Prepared","Flying Knee"],"picked":"SKIP","floor":8.0}],"player_experience":3947000,"relics_obtained":[{"floor":7.0,"key":"Art of War"},{"floor":9.0,"key":"Singing Bowl"}],"event_choices":[{"damage_healed":0.0,"max_hp_gain":0.0,"max_hp_loss":6.0,"gold_gain":0.0,"event_name":"Golden Idol","player_choice":"Lose Max HP","floor":10.0,"gold_loss":0.0,"damage_taken":0.0,"relics_obtained":["Golden Idol"]}],"is_beta":false,"boss_relics":[],"items_purged_floors":[],"is_endless":false,"potions_floor_spawned":[1,2,5],"killed_by":"Lots of Slimes","ascension_level":20}