{"gold_per_floor":[109,34,54,54,74,74,88,88,88,88,101,101,101,111,111,183,183,201,201,220,231,131,131,156,156,180,180,197,215,240,256,256,330,330,347,347,364,382,482,482,502,502,551,551,581,600,635,635,635,635,635,635,635,96,123,123],"floor_reached":57,"playtime":3063,"items_purged":["Defend_G","Strike_G","Defend_G"],"score":3033,"play_id":"7ac05cc8-567e-4f8f-bc02-b47e2bfae0ec","local_time":"20190105173421","is_ascension_mode":true,"campfire_choices":[{"data":"Poisoned Stab","floor":6.0,"key":"SMITH"},{"data":"Neutralize","floor":8.0,"key":"SMITH"},{"data":"Acrobatics","floor":12.0,"key":"SMITH"},{"data":"Flechettes","floor":15.0,"key":"SMITH"},{"data":"Acrobatics","floor":23.0,"key":"SMITH"},{"data":"Tactician","floor":25.0,"key":"SMITH"},{"floor":27.0,"key":"RECALL"},{"data":"Caltrops","floor":32.0,"key":"SMITH"},{"data":"After Image","floor":40.0,"key":"SMITH"},{"data":"Bouncing Flask","floor":42.0,"key":"SMITH"},{"floor":49,"key":"REST"},{"data":"After Image","floor":53,"key":"SMITH"}],"neow_cost":"TEN_PERCENT_HP_LOSS","seed_source_timestamp":22692685187137,"circlet_count":0,"master_deck":["AscendersBane","Defend_G+1","Survivor+1","Neutralize+1","Acrobatics+1","Poisoned Stab+1","Flechettes+1","Tactician+1","After Image+1","Caltrops+1","Bouncing Flask+1","Acrobatics+1","Well Laid Plans+1","Terror+1","After Image+1"],"special_seed":0,"relics":["Ring of the Snake","Tingsha","Lizard Tail","Red Mask","Strawberry","Boot","Pocketwatch","Anchor","Membership Card","Blood Vial","Vajra","Happy Flower"],"potions_floor_usage":[45,54,56,56],"damage_taken":[{"damage":3.0,"enemies":"Cultist","floor":1.0,"turns":5.0},{"damage":1.0,"enemies":"Small Slimes","floor":3.0,"turns":4.0},{"damage":0.0,"enemies":"2 Louse","floor":5.0,"turns":2.0},{"damage":9.0,"enemies":"Blue Slaver","floor":7.0,"turns":3.0},{"damage":0.0,"enemies":"3 Louse","floor":11.0,"turns":3.0},{"damage":6.0,"enemies":"Large Slime","floor":14.0,"turns":4.0},{"damage":6.0,"enemies":"The Guardian","floor":16.0,"turns":12.0},{"damage":2.0,"enemies":"Chosen","floor":18.0,"turns":5.0},{"damage":9.0,"enemies":"2 Thieves","floor":20.0,"turns":4.0},{"damage":0.0,"enemies":"Snecko","floor":21.0,"turns":5.0},{"damage":11.0,"enemies":"Masked Bandits","floor":24.0,"turns":3.0},{"damage":0.0,"enemies":"Centurion and Healer","floor":28.0,"turns":4.0},{"damage":0.0,"enemies":"Snake Plant","floor":29.0,"turns":3.0},{"damage":0.0,"enemies":"Sentry and Sphere","floor":31.0,"turns":3.0},{"damage":0.0,"enemies":"Automaton","floor":33.0,"turns":2.0},{"damage":0.0,"enemies":"3 Shapes","floor":35.0,"turns":2.0},{"damage":0.0,"enemies":"3 Darklings","floor":37.0,"turns":2.0},{"damage":0.0,"enemies":"Maw","floor":38.0,"turns":2.0},{"damage":0.0,"enemies":"Mind Bloom Boss Battle","floor":39.0,"turns":3.0},{"damage":0.0,"enemies":"Spire Growth","floor":41.0,"turns":2.0},{"damage":26,"enemies":"Reptomancer","floor":45,"turns":4},{"damage":2,"enemies":"Sphere and 2 Shapes","floor":46,"turns":2},{"damage":27,"enemies":"Nemesis","floor":47,"turns":7},{"damage":0,"enemies":"Time Eater","floor":50,"turns":7},{"damage":0,"enemies":"Donu and Deca","floor":51,"turns":3},{"damage":31,"enemies":"Shield and Spear","floor":55,"turns":8},{"damage":8,"enemies":"The Heart","floor":56,"turns":6}],"seed_played":"-6118739489908917882","potions_obtained":[{"floor":3.0,"key":"Regen Potion"},{"floor":7.0,"key":"AttackPotion"},{"floor":24.0,"key":"Strength Potion"},{"floor":31.0,"key":"Ancient Potion"},{"floor":45,"key":"EssenceOfSteel"},{"floor":55,"key":"GhostInAJar"}],"is_trial":false,"path_per_floor":["M","$","M","$","M","R","M","R","T","?","M","R","?","M","R","B",null,"M","?","M","M","$","R","?","R","T","R","M","M","T","M","R","B",null,"M","?","M","M","?","R","M","R","T","?","E","M","E","?","R","B","B",null,"R","$","E","B",null],"character_chosen":"THE_SILENT","items_purchased":["Membership Card","Blood Vial","Vajra","Fruit Juice","Poison Potion"],"campfire_rested":1,"item_purchase_floors":[54,54,54,54,54],"current_hp_per_floor":[56,56,55,55,55,55,46,46,46,39,39,39,21,15,15,24,51,49,49,40,40,40,40,29,29,29,29,29,29,36,36,36,36,59,59,59,59,59,59,59,59,59,59,59,33,31,4,4,23,23,23,54,54,59,30,24],"gold":123,"neow_bonus":"REMOVE_TWO","is_prod":false,"is_daily":false,"chose_seed":false,"campfire_upgraded":10,"win_rate":0,"timestamp":1546680861,"path_taken":["M","$","M","$","M","R","?","R","T","?","M","R","?","M","R","BOSS","M","?","M","M","$","R","?","R","T","R","M","M","?","M","R","BOSS","M","?","M","M","?","R","M","R","T","?","E","M","E","?","R","BOSS","BOSS","R","$","E","BOSS"],"build_version":"2019-01-03v4","purchased_purges":3,"victory":true,"max_hp_per_floor":[60,60,60,60,60,60,60,60,60,60,60,60,60,60,60,60,60,60,60,60,60,60,60,60,60,60,60,60,60,67,67,67,67,67,67,67,67,67,67,67,67,67,67,67,67,67,67,64,64,64,64,64,64,69,69,69],"card_choices":[{"not_picked":["Bane","Flying Knee"],"picked":"Acrobatics","floor":1.0},{"not_picked":["Prepared","Storm of Steel"],"picked":"Poisoned Stab","floor":3.0},{"not_picked":["Predator","Skewer","Distraction"],"picked":"SKIP","floor":5.0},{"not_picked":["Caltrops","Sucker Punch","Cloak And Dagger"],"picked":"SKIP","floor":7.0},{"not_picked":["Outmaneuver","Blur"],"picked":"Flechettes","floor":11.0},{"not_picked":["Deflect","Infinite Blades"],"picked":"Tactician","floor":14.0},{"not_picked":["Doppelganger","Night Terror"],"picked":"After Image","floor":16.0},{"not_picked":["Quick Slash","Poisoned Stab","Slice"],"picked":"SKIP","floor":18.0},{"not_picked":["Dash","Terror"],"picked":"Acrobatics","floor":20.0},{"not_picked":["Backflip","Cloak And Dagger","Crippling Poison"],"picked":"SKIP","floor":21.0},{"not_picked":["Blade Dance","Underhanded Strike+1","Choke"],"picked":"SKIP","floor":28.0},{"not_picked":["Setup","Quick Slash"],"picked":"Well Laid Plans+1","floor":29.0},{"not_picked":["PiercingWail","Outmaneuver"],"picked":"Terror+1","floor":31.0},{"not_picked":["Slice","Predator","Deflect"],"picked":"SKIP","floor":35.0},{"not_picked":["Deflect","Bane","Flying Knee"],"picked":"SKIP","floor":37.0},{"not_picked":["Dash","Slice","Choke+1"],"picked":"SKIP","floor":38.0},{"not_picked":["Prepared","Outmaneuver","Distraction"],"picked":"SKIP","floor":41.0},{"not_picked":["Acrobatics","Heel Hook","Expertise"],"picked":"SKIP","floor":45},{"not_picked":["Poisoned Stab+1","Prepared","Deflect+1"],"picked":"SKIP","floor":46},{"not_picked":["Dash","Sucker Punch+1"],"picked":"After Image","floor":47},{"not_picked":["Sucker Punch+1","Backflip","Underhanded Strike+1"],"picked":"SKIP","floor":55}],"player_experience":1749232,"relics_obtained":[{"floor":9.0,"key":"Tingsha"},{"floor":24.0,"key":"Red Mask"},{"floor":30.0,"key":"Strawberry"},{"floor":43.0,"key":"Boot"},{"floor":45,"key":"Pocketwatch"},{"floor":47,"key":"Anchor"},{"floor":55,"key":"Happy Flower"}],"event_choices":[{"cards_removed":["Strike_G"],"damage_healed":0.0,"max_hp_gain":0.0,"max_hp_loss":0.0,"gold_gain":0.0,"event_name":"Golden Wing","player_choice":"Card Removal","floor":10.0,"gold_loss":0.0,"damage_taken":7.0},{"damage_healed":0.0,"max_hp_gain":0.0,"max_hp_loss":0.0,"gold_gain":0.0,"event_name":"Shining Light","player_choice":"Entered Light","floor":13.0,"gold_loss":0.0,"damage_taken":18.0,"cards_upgraded":["Survivor","Defend_G"]},{"damage_healed":0.0,"max_hp_gain":0.0,"max_hp_loss":0.0,"gold_gain":0.0,"cards_transformed":["Strike_G","Strike_G"],"event_name":"Drug Dealer","player_choice":"Became Test Subject","floor":19.0,"gold_loss":0.0,"damage_taken":0.0,"cards_obtained":["Caltrops","Bouncing Flask"]},{"damage_healed":0.0,"max_hp_gain":0.0,"max_hp_loss":0.0,"gold_gain":0.0,"event_name":"Masked Bandits","player_choice":"Fought Bandits","floor":24.0,"gold_loss":0.0,"damage_taken":0.0},{"cards_removed":["Defend_G"],"damage_healed":0.0,"max_hp_gain":0.0,"max_hp_loss":0.0,"gold_gain":0.0,"event_name":"Falling","player_choice":"Removed Skill","floor":36.0,"gold_loss":0.0,"damage_taken":0.0},{"damage_healed":0.0,"max_hp_gain":0.0,"max_hp_loss":0.0,"gold_gain":0.0,"event_name":"MindBloom","player_choice":"Fight","floor":39.0,"gold_loss":0.0,"damage_taken":0.0},{"damage_healed":0.0,"max_hp_gain":0.0,"max_hp_loss":0.0,"gold_gain":0.0,"event_name":"SensoryStone","player_choice":"Memory 1","floor":44.0,"gold_loss":0.0,"damage_taken":0.0},{"damage_healed":0,"gold_gain":0,"player_choice":"Max HP","damage_taken":0,"max_hp_gain":0,"max_hp_loss":3,"event_name":"Winding Halls","floor":48,"gold_loss":0}],"is_beta":false,"boss_relics":[{"not_picked":["Snecko Eye","Black Star"],"picked":"Lizard Tail"},{"not_picked":["Velvet Choker","HoveringKite","Ring of the Serpent"]}],"items_purged_floors":[2,22,54],"is_endless":false,"potions_floor_spawned":[3,7,24,31,35,45,46,55],"ascension_level":20}