{"gold_per_floor":[118,118,68,19,19,52,52,85,111,125,125,139,69,81,81,179,179,190,190,190,203,213,233,247,247,247,247,247,258,258,258,258,258],"floor_reached":33,"playtime":1447,"items_purged":[],"score":282,"play_id":"09631cae-5cc5-49d3-8949-e361411e942c","local_time":"20180708164704","daily_mods":["Draft"],"is_ascension_mode":false,"campfire_choices":[{"data":"Flex","floor":7.0,"key":"SMITH"},{"data":"Searing Blow","floor":11.0,"key":"SMITH"},{"data":"Searing Blow+1","floor":15.0,"key":"SMITH"},{"data":"Searing Blow+2","floor":25,"key":"SMITH"},{"data":"Searing Blow+3","floor":28,"key":"SMITH"},{"data":"Reaper","floor":30,"key":"SMITH"},{"data":"Searing Blow+4","floor":32,"key":"SMITH"}],"neow_cost":"","seed_source_timestamp":0,"circlet_count":0,"master_deck":["Iron Wave","Heavy Blade","Cleave","Body Slam","Ghostly Armor","Flex","Rupture","Battle Trance","Flex","Dual Wield","Searing Blow+5","Clash","Flex+1","Infernal Blade","Flame Barrier+1","Flex","Rampage","Seeing Red","Whirlwind","Feed","Thunderclap","Cleave+1","Reaper+1"],"special_seed":0,"relics":["Burning Blood","Boot","Blood Vial","Juzu Bracelet","Philosopher\u0027s Stone","Mercury Hourglass"],"potions_floor_usage":[27,33,33],"damage_taken":[{"damage":6.0,"enemies":"Jaw Worm","floor":1.0,"turns":2.0},{"damage":18.0,"enemies":"Lagavulin","floor":6.0,"turns":5.0},{"damage":30.0,"enemies":"Gremlin Nob","floor":8.0,"turns":3.0},{"damage":2.0,"enemies":"Small Slimes","floor":10.0,"turns":3.0},{"damage":0.0,"enemies":"2 Louse","floor":12.0,"turns":1.0},{"damage":2.0,"enemies":"2 Fungi Beasts","floor":14.0,"turns":3.0},{"damage":16.0,"enemies":"Slime Boss","floor":16.0,"turns":9.0},{"damage":35.0,"enemies":"3 Byrds","floor":18.0,"turns":4.0},{"damage":12,"enemies":"2 Thieves","floor":21,"turns":2},{"damage":0,"enemies":"Snake Plant","floor":22,"turns":2},{"damage":5,"enemies":"Snecko","floor":23,"turns":4},{"damage":14,"enemies":"Sentry and Sphere","floor":24,"turns":4},{"damage":0,"enemies":"Snake Plant","floor":27,"turns":1},{"damage":3,"enemies":"3 Cultists","floor":29,"turns":3},{"damage":86,"enemies":"Automaton","floor":33,"turns":6}],"seed_played":"-3048040286201218065","potions_obtained":[{"floor":8.0,"key":"FearPotion"},{"floor":12.0,"key":"EssenceOfSteel"},{"floor":14.0,"key":"SmokeBomb"},{"floor":24,"key":"Swift Potion"}],"is_trial":true,"path_per_floor":["M","?","?","$","?","E","R","E","T","M","R","M","$","M","R","B",null,"M","$","?","M","M","M","M","R","T","M","R","M","R","?","R"],"character_chosen":"IRONCLAD","items_purchased":["Flex","Seeing Red"],"campfire_rested":0,"item_purchase_floors":[4,13],"current_hp_per_floor":[80,64,64,64,64,52,52,28,28,34,34,42,42,48,48,40,80,51,51,36,32,40,43,37,37,37,45,45,53,53,53,53,0],"gold":258,"neow_bonus":"","is_prod":false,"is_daily":false,"chose_seed":false,"campfire_upgraded":7,"win_rate":0,"timestamp":1531061224,"path_taken":["M","?","?","$","?","E","R","E","T","M","R","M","$","M","R","BOSS","M","$","?","M","M","M","M","R","T","M","R","M","R","?","R","BOSS"],"build_version":"2018-07-05","purchased_purges":0,"victory":false,"max_hp_per_floor":[80,80,80,80,80,80,80,80,80,80,80,80,80,80,80,80,80,80,80,85,85,85,85,85,85,85,85,85,88,88,88,88,88],"card_choices":[{"not_picked":["Twin Strike","Second Wind"],"picked":"Iron Wave","floor":0.0},{"not_picked":["Sword Boomerang","Searing Blow"],"picked":"Heavy Blade","floor":0.0},{"not_picked":["Second Wind","Iron Wave"],"picked":"Cleave","floor":0.0},{"not_picked":["Heavy Blade","Pommel Strike"],"picked":"Body Slam","floor":0.0},{"not_picked":["Disarm","Sword Boomerang"],"picked":"Ghostly Armor","floor":0.0},{"not_picked":["True Grit","Intimidate"],"picked":"Flex","floor":0.0},{"not_picked":["Cleave","Pommel Strike"],"picked":"Rupture","floor":0.0},{"not_picked":["Evolve","Headbutt"],"picked":"Battle Trance","floor":0.0},{"not_picked":["Dropkick","Rampage"],"picked":"Flex","floor":0.0},{"not_picked":["Iron Wave","Warcry"],"picked":"Dual Wield","floor":0.0},{"not_picked":["Twin Strike","Perfected Strike"],"picked":"Sword Boomerang","floor":0.0},{"not_picked":["Cleave","Power Through"],"picked":"Searing Blow","floor":0.0},{"not_picked":["Thunderclap","Pommel Strike"],"picked":"Clash","floor":0.0},{"not_picked":["Feel No Pain","Twin Strike"],"picked":"Flex","floor":0.0},{"not_picked":["Havoc","Clothesline"],"picked":"Infernal Blade","floor":0.0},{"not_picked":["Searing Blow","Thunderclap"],"picked":"Flame Barrier","floor":1.0},{"not_picked":["Fire Breathing","Flex","Armaments"],"picked":"SKIP","floor":6.0},{"not_picked":["Feel No Pain","Power Through","Armaments"],"picked":"SKIP","floor":8.0},{"not_picked":["Warcry","Pommel Strike","True Grit"],"picked":"SKIP","floor":10.0},{"not_picked":["Twin Strike","Cleave"],"picked":"Rampage","floor":12.0},{"not_picked":["Thunderclap","Infernal Blade"],"picked":"Whirlwind","floor":14.0},{"not_picked":["Immolate","Fiend Fire"],"picked":"Feed","floor":16.0},{"not_picked":["Second Wind","Rampage"],"picked":"Thunderclap","floor":18.0},{"not_picked":["Iron Wave","True Grit","Armaments+1"],"picked":"SKIP","floor":21},{"not_picked":["Power Through","Headbutt","Clothesline"],"picked":"SKIP","floor":22},{"not_picked":["Burning Pact","Flame Barrier"],"picked":"Cleave+1","floor":23},{"not_picked":["Pommel Strike","Seeing Red","Body Slam"],"picked":"SKIP","floor":24},{"not_picked":["Shrug It Off+1","Twin Strike"],"picked":"Reaper","floor":29}],"player_experience":312021,"relics_obtained":[{"floor":6.0,"key":"Boot"},{"floor":8.0,"key":"Blood Vial"},{"floor":9.0,"key":"Juzu Bracelet"},{"floor":26,"key":"Mercury Hourglass"}],"event_choices":[{"event_name":"Shining Light","player_choice":"Entered Light","floor":2.0,"damage_taken":0.0},{"event_name":"The Cleric","player_choice":"Card Removal","floor":3.0,"damage_taken":0.0},{"event_name":"Liars Game","player_choice":"disagreed","floor":5.0,"damage_taken":0.0},{"event_name":"Forgotten Altar","player_choice":"Shed Blood","floor":20.0,"damage_taken":0.0},{"event_name":"Beggar","player_choice":"Ignored","floor":31,"damage_taken":0}],"boss_relics":[{"not_picked":["Runic Dome","Cursed Key"],"picked":"Philosopher\u0027s Stone"}],"items_purged_floors":[],"is_endless":false,"potions_floor_spawned":[8,12,14,16,18,22,23,24],"killed_by":"Automaton","ascension_level":0}