{"gold_per_floor":[219,144,170,87,87,87,107,107,107,146,146,186,186,227,227,320,320,341,354,368,383,283,283,304,194,194,228,228,263,59,75,75,171,171,187,187,206,221,2,2,35,55,55,55,55,55,99,117,117,117,117,117,117,22,22],"floor_reached":55,"playtime":2936,"items_purged":["Strike_G","Strike_G","Strike_G"],"score":2012,"play_id":"fac835e6-dbfc-48f8-9f88-eb8d0f85633e","local_time":"20190220133731","is_ascension_mode":true,"campfire_choices":[{"data":"Neutralize","floor":6.0,"key":"SMITH"},{"data":"Predator","floor":8.0,"key":"SMITH"},{"data":"Deadly Poison","floor":15.0,"key":"SMITH"},{"data":"Footwork","floor":23.0,"key":"SMITH"},{"data":"Footwork","floor":28.0,"key":"SMITH"},{"data":"Corpse Explosion","floor":32.0,"key":"SMITH"},{"data":"Backflip","floor":40.0,"key":"SMITH"},{"floor":44.0,"key":"RECALL"},{"data":"Survivor","floor":46.0,"key":"SMITH"},{"data":"Defend_G","floor":49.0,"key":"SMITH"},{"data":"Defend_G","floor":53.0,"key":"SMITH"}],"neow_cost":"NONE","seed_source_timestamp":5632378399149,"circlet_count":0,"master_deck":["AscendersBane","Defend_G+1","Defend_G+1","Defend_G+1","Survivor+1","Neutralize+1","Footwork+1","Predator+1","Deadly Poison+1","Corpse Explosion+1","Backflip+1","Footwork+1","Grand Finale+1","Caltrops","Backflip"],"special_seed":0,"relics":["Ring of the Snake","Potion Belt","Golden Idol","Omamori","Blood Vial","Molten Egg 2","Ginger","Coffee Dripper","Bag of Marbles","Gambling Chip","Torii","Philosopher\u0027s Stone","Medical Kit","Meat on the Bone","Orichalcum"],"potions_floor_usage":[],"damage_taken":[{"damage":0.0,"enemies":"Cultist","floor":1.0,"turns":4.0},{"damage":9.0,"enemies":"2 Louse","floor":7.0,"turns":6.0},{"damage":16.0,"enemies":"Lagavulin","floor":10.0,"turns":9.0},{"damage":10.0,"enemies":"3 Sentries","floor":12.0,"turns":11.0},{"damage":39.0,"enemies":"Gremlin Nob","floor":14.0,"turns":4.0},{"damage":7.0,"enemies":"The Guardian","floor":16.0,"turns":11.0},{"damage":9.0,"enemies":"Shell Parasite","floor":18.0,"turns":6.0},{"damage":21.0,"enemies":"Chosen","floor":19.0,"turns":5.0},{"damage":2.0,"enemies":"3 Cultists","floor":20.0,"turns":3.0},{"damage":1.0,"enemies":"Centurion and Healer","floor":21.0,"turns":7.0},{"damage":0.0,"enemies":"Snake Plant","floor":24.0,"turns":6.0},{"damage":21.0,"enemies":"Slavers","floor":27.0,"turns":3.0},{"damage":6.0,"enemies":"Gremlin Leader","floor":29.0,"turns":11.0},{"damage":0.0,"enemies":"Shelled Parasite and Fungi","floor":31.0,"turns":8.0},{"damage":1.0,"enemies":"Collector","floor":33.0,"turns":10.0},{"damage":0.0,"enemies":"3 Shapes","floor":35.0,"turns":1.0},{"damage":0.0,"enemies":"Orb Walker","floor":37.0,"turns":1.0},{"damage":0.0,"enemies":"Sphere and 2 Shapes","floor":38.0,"turns":1.0},{"damage":0.0,"enemies":"Giant Head","floor":41.0,"turns":9.0},{"damage":0.0,"enemies":"3 Darklings","floor":42.0,"turns":1.0},{"damage":0.0,"enemies":"Nemesis","floor":47.0,"turns":5.0},{"damage":0.0,"enemies":"4 Shapes","floor":48.0,"turns":1.0},{"damage":16.0,"enemies":"Donu and Deca","floor":50.0,"turns":9.0},{"damage":11.0,"enemies":"Awakened One","floor":51.0,"turns":22.0},{"damage":48,"enemies":"Shield and Spear","floor":55,"turns":5}],"seed_played":"5198185203267796790","potions_obtained":[{"floor":7.0,"key":"SpeedPotion"},{"floor":12.0,"key":"Regen Potion"},{"floor":20.0,"key":"SpeedPotion"},{"floor":24.0,"key":"Weak Potion"},{"floor":27.0,"key":"Swift Potion"},{"floor":29.0,"key":"GhostInAJar"},{"floor":38.0,"key":"Dexterity Potion"},{"floor":41.0,"key":"Poison Potion"},{"floor":48.0,"key":"Energy Potion"}],"is_trial":false,"path_per_floor":["M","$","T","$","?","R","M","R","T","E","?","E","?","E","R","B",null,"M","M","M","M","$","R","M","?","T","E","R","E","$","M","R","B",null,"M","?","M","M","$","R","E","M","T","R","?","R","E","M","R","B","B",null,"R","$","E"],"character_chosen":"THE_SILENT","items_purchased":["Footwork","GhostInAJar","Medical Kit","Caltrops","Backflip"],"campfire_rested":0,"item_purchase_floors":[4,30,39,54,54],"current_hp_per_floor":[59,59,59,59,59,59,50,50,50,34,54,46,46,23,23,18,50,43,24,24,25,25,25,27,27,27,8,8,4,4,6,6,7,47,49,49,51,53,53,53,55,57,57,57,57,57,59,60,60,44,35,54,54,54,8],"gold":22,"neow_bonus":"HUNDRED_GOLD","is_prod":false,"is_daily":false,"chose_seed":false,"campfire_upgraded":10,"win_rate":0,"timestamp":1550641051,"path_taken":["M","$","?","$","?","R","M","R","T","E","?","E","?","E","R","BOSS","M","M","?","M","$","R","M","?","T","E","R","E","$","?","R","BOSS","M","?","?","M","$","R","E","?","T","R","?","R","E","M","R","BOSS","BOSS","R","$","E"],"build_version":"2019-01-23","purchased_purges":3,"victory":false,"max_hp_per_floor":[66,66,66,66,60,60,60,60,60,60,60,60,60,60,60,60,60,60,60,60,60,60,60,60,60,60,60,60,60,60,60,60,60,60,60,60,60,60,60,60,60,60,60,60,60,60,60,60,60,60,60,60,60,60,60],"card_choices":[{"not_picked":["Deflect","Setup","Flying Knee"],"picked":"SKIP","floor":1.0},{"not_picked":["Predator","Flying Knee","Blade Dance"],"picked":"SKIP","floor":7.0},{"not_picked":["Flying Knee","Blade Dance"],"picked":"Predator","floor":7.0},{"not_picked":["Deflect","All Out Attack"],"picked":"Deadly Poison","floor":10.0},{"not_picked":["Dodge and Roll","Infinite Blades","Storm of Steel"],"picked":"SKIP","floor":12.0},{"not_picked":["Outmaneuver","All Out Attack+1","Sucker Punch+1"],"picked":"SKIP","floor":14.0},{"not_picked":["Unload+1","Wraith Form v2"],"picked":"Corpse Explosion","floor":16.0},{"not_picked":["Dagger Spray+1","Infinite Blades"],"picked":"Backflip","floor":18.0},{"not_picked":["Quick Slash+1","Accuracy","Flying Knee+1"],"picked":"SKIP","floor":19.0},{"not_picked":["Deadly Poison","Dagger Spray+1","Deflect"],"picked":"SKIP","floor":20.0},{"not_picked":["Deadly Poison+1","Bane+1","Caltrops"],"picked":"SKIP","floor":21.0},{"not_picked":["Bane+1","Dodge and Roll","Outmaneuver"],"picked":"SKIP","floor":24.0},{"not_picked":["PiercingWail","Envenom"],"picked":"Footwork","floor":27.0},{"not_picked":["Distraction+1","Flying Knee+1","Predator+1"],"picked":"SKIP","floor":29.0},{"not_picked":["Underhanded Strike+1","Heel Hook+1","Skewer+1"],"picked":"SKIP","floor":31.0},{"not_picked":["Storm of Steel","Tools of the Trade"],"picked":"Grand Finale+1","floor":33.0},{"not_picked":["Backflip+1","Finisher+1","Deflect"],"picked":"SKIP","floor":35.0},{"not_picked":["Accuracy","Poisoned Stab+1","Choke+1"],"picked":"SKIP","floor":37.0},{"not_picked":["Deflect","Escape Plan","Heel Hook+1"],"picked":"SKIP","floor":38.0},{"not_picked":["Bane+1","Underhanded Strike+1","Riddle With Holes+1"],"picked":"SKIP","floor":41.0},{"not_picked":["Quick Slash+1","Backstab+1","Choke+1"],"picked":"SKIP","floor":42.0},{"not_picked":["Bane+1","Reflex","Bouncing Flask"],"picked":"SKIP","floor":47.0},{"not_picked":["Dodge and Roll","Dagger Spray+1","Outmaneuver"],"picked":"SKIP","floor":48.0}],"player_experience":2983381,"relics_obtained":[{"floor":3.0,"key":"Potion Belt"},{"floor":9.0,"key":"Omamori"},{"floor":10.0,"key":"Blood Vial"},{"floor":12.0,"key":"Molten Egg 2"},{"floor":14.0,"key":"Ginger"},{"floor":26.0,"key":"Bag of Marbles"},{"floor":27.0,"key":"Gambling Chip"},{"floor":29.0,"key":"Torii"},{"floor":41.0,"key":"Meat on the Bone"},{"floor":47.0,"key":"Orichalcum"}],"event_choices":[{"damage_healed":0.0,"max_hp_gain":0.0,"max_hp_loss":6.0,"gold_gain":0.0,"event_name":"Golden Idol","player_choice":"Lose Max HP","floor":5.0,"gold_loss":0.0,"damage_taken":0.0,"relics_obtained":["Golden Idol"]},{"damage_healed":20.0,"max_hp_gain":0.0,"max_hp_loss":0.0,"gold_gain":0.0,"event_name":"Big Fish","player_choice":"Banana","floor":11.0,"gold_loss":0.0,"damage_taken":0.0},{"cards_removed":["Strike_G"],"damage_healed":0.0,"max_hp_gain":0.0,"max_hp_loss":0.0,"gold_gain":0.0,"event_name":"Purifier","player_choice":"Purged","floor":13.0,"gold_loss":0.0,"damage_taken":0.0},{"cards_removed":["Strike_G"],"damage_healed":0.0,"max_hp_gain":0.0,"max_hp_loss":0.0,"gold_gain":0.0,"event_name":"Designer","player_choice":"Upgrade and Remove","floor":25.0,"gold_loss":110.0,"damage_taken":0.0,"cards_upgraded":["Defend_G"]},{"cards_removed":["Defend_G"],"damage_healed":0.0,"max_hp_gain":0.0,"max_hp_loss":0.0,"gold_gain":0.0,"event_name":"Purifier","player_choice":"Purged","floor":36.0,"gold_loss":0.0,"damage_taken":0.0},{"cards_removed":["Defend_G"],"damage_healed":0.0,"max_hp_gain":0.0,"max_hp_loss":0.0,"gold_gain":0.0,"event_name":"Bonfire Elementals","player_choice":"Offered Basic","floor":45.0,"gold_loss":0.0,"damage_taken":0.0}],"is_beta":false,"boss_relics":[{"not_picked":["Eternal Feather","Busted Crown"],"picked":"Coffee Dripper"},{"not_picked":["Tiny House","Snecko Eye"],"picked":"Philosopher\u0027s Stone"}],"items_purged_floors":[2,22,30],"is_endless":false,"potions_floor_spawned":[7,12,20,24,27,29,38,41,48],"killed_by":"Shield and Spear","ascension_level":20}