{"gold_per_floor":[113,132,57,57,157,157,177,187,211,230,241,251,251,267,267,372,372,391,411,411,411,425,425,130,130,130,5,25,25,41,59,59,159,159,173,23,23,33,33,33,44,144,225,244,244,0,0,15,15,15],"floor_reached":51,"playtime":2197,"items_purged":["Strike_R","Thunderclap","Cleave+1","Blood for Blood+1"],"score":768,"play_id":"caa1e8fd-cdfe-4ba0-bdf1-cca35fcb6c88","local_time":"20190724183141","is_ascension_mode":false,"campfire_choices":[{"data":"Rupture","floor":6.0,"key":"SMITH"},{"data":"Cleave","floor":13.0,"key":"SMITH"},{"data":"Blood for Blood","floor":15.0,"key":"SMITH"},{"data":"Body Slam","floor":25.0,"key":"SMITH"},{"data":"Shockwave","floor":29.0,"key":"SMITH"},{"data":"Shrug It Off","floor":32.0,"key":"SMITH"},{"data":"Second Wind","floor":40,"key":"SMITH"},{"data":"Power Through","floor":45,"key":"SMITH"},{"data":"Berserk","floor":47,"key":"SMITH"},{"data":"Flame Barrier","floor":49,"key":"SMITH"}],"neow_cost":"TEN_PERCENT_HP_LOSS","seed_source_timestamp":0,"circlet_count":0,"master_deck":["Rupture+1","Shrug It Off+1","Double Tap","Pummel","Shockwave+1","Feed","Flame Barrier+1","Shrug It Off+1","Second Wind+1","Berserk+1","Feed","Spot Weakness","Body Slam+1","Impervious","Power Through+1"],"special_seed":0,"relics":["Burning Blood","Bronze Scales","Pandora\u0027s Box","Vajra","Blue Candle","Coffee Dripper","Singing Bowl","Red Mask"],"potions_floor_usage":[50,50],"damage_taken":[{"damage":3.0,"enemies":"2 Louse","floor":1.0,"turns":3.0},{"damage":10.0,"enemies":"Small Slimes","floor":2.0,"turns":3.0},{"damage":1.0,"enemies":"Cultist","floor":7.0,"turns":3.0},{"damage":4.0,"enemies":"2 Fungi Beasts","floor":8.0,"turns":5.0},{"damage":15.0,"enemies":"Exordium Wildlife","floor":10.0,"turns":8.0},{"damage":0.0,"enemies":"Lots of Slimes","floor":11.0,"turns":1.0},{"damage":24.0,"enemies":"Exordium Thugs","floor":12.0,"turns":4.0},{"damage":0.0,"enemies":"Large Slime","floor":14.0,"turns":6.0},{"damage":60.0,"enemies":"Slime Boss","floor":16.0,"turns":9.0},{"damage":16.0,"enemies":"Chosen","floor":18.0,"turns":6.0},{"damage":8.0,"enemies":"Spheric Guardian","floor":19.0,"turns":4.0},{"damage":8.0,"enemies":"Cultist and Chosen","floor":22.0,"turns":6.0},{"damage":10.0,"enemies":"Snecko","floor":28.0,"turns":4.0},{"damage":31.0,"enemies":"Shelled Parasite and Fungi","floor":30.0,"turns":4.0},{"damage":0.0,"enemies":"3 Cultists","floor":31.0,"turns":5.0},{"damage":31.0,"enemies":"Automaton","floor":33.0,"turns":9.0},{"damage":0,"enemies":"Orb Walker","floor":35,"turns":3},{"damage":3,"enemies":"3 Shapes","floor":38,"turns":6},{"damage":0,"enemies":"3 Darklings","floor":41,"turns":6},{"damage":7,"enemies":"Jaw Worm Horde","floor":44,"turns":8},{"damage":24,"enemies":"Sphere and 2 Shapes","floor":48,"turns":5},{"damage":0,"enemies":"Awakened One","floor":50,"turns":10}],"seed_played":"-6326035440789945307","potions_obtained":[{"floor":1.0,"key":"SteroidPotion"},{"floor":2.0,"key":"Poison Potion"},{"floor":10.0,"key":"Energy Potion"},{"floor":11.0,"key":"FearPotion"},{"floor":19.0,"key":"SteroidPotion"},{"floor":28.0,"key":"GamblersBrew"},{"floor":33.0,"key":"SneckoOil"},{"floor":38,"key":"FairyPotion"},{"floor":41,"key":"SteroidPotion"},{"floor":44,"key":"LiquidBronze"}],"is_trial":false,"path_per_floor":["M","M","$","?","?","R","M","M","T","M","M","M","R","M","R","B",null,"M","M","?","?","M","?","$","R","T","$","M","R","M","M","R","B",null,"M","$","?","M","$","R","M","?","T","M","R","?","R","M","R","B",null],"character_chosen":"IRONCLAD","items_purchased":["Body Slam","Vajra"],"campfire_rested":0,"item_purchase_floors":[24,24],"current_hp_per_floor":[72,68,68,73,73,73,77,77,77,68,74,56,56,62,62,8,77,70,71,71,71,72,72,72,72,72,72,68,68,49,61,61,39,101,104,104,104,110,110,110,110,110,110,117,117,117,117,104,104,110],"gold":15,"neow_bonus":"REMOVE_TWO","is_prod":false,"is_daily":false,"chose_seed":false,"campfire_upgraded":10,"win_rate":0,"timestamp":1563964301,"path_taken":["M","M","$","?","?","R","M","?","T","M","M","M","R","M","R","BOSS","M","M","?","?","?","?","$","R","T","?","M","R","M","M","R","BOSS","M","$","?","M","?","R","M","?","T","?","R","?","R","M","R","BOSS"],"build_version":"2019-07-17","purchased_purges":4,"victory":true,"max_hp_per_floor":[72,72,72,77,77,77,77,77,77,77,77,77,77,77,77,77,77,80,83,83,83,86,86,86,86,86,86,86,86,92,98,98,101,101,104,104,104,110,110,110,110,110,110,118,118,118,118,123,123,123],"card_choices":[{"not_picked":["Shockwave","Anger"],"picked":"Rupture","floor":1.0},{"not_picked":["Fire Breathing","Warcry","Anger"],"picked":"SKIP","floor":2.0},{"not_picked":["Intimidate","Headbutt"],"picked":"Shrug It Off","floor":7.0},{"not_picked":["Twin Strike","Power Through"],"picked":"Thunderclap","floor":8.0},{"not_picked":["Headbutt","Perfected Strike"],"picked":"Cleave","floor":10.0},{"not_picked":["Perfected Strike","Anger","Reckless Charge"],"picked":"SKIP","floor":11.0},{"not_picked":["Thunderclap","Armaments","Sentinel"],"picked":"SKIP","floor":12.0},{"not_picked":["Rupture","Perfected Strike"],"picked":"Blood for Blood","floor":14.0},{"not_picked":["Barricade","Exhume"],"picked":"Double Tap","floor":16.0},{"not_picked":["Warcry+1","Entrench"],"picked":"Shrug It Off+1","floor":18.0},{"not_picked":["Uppercut","Clash"],"picked":"Second Wind","floor":19.0},{"not_picked":["Thunderclap","Corruption"],"picked":"Spot Weakness","floor":22.0},{"not_picked":["Whirlwind","True Grit","Armaments"],"picked":"SKIP","floor":28.0},{"not_picked":["Pommel Strike","Wild Strike","Cleave"],"picked":"SKIP","floor":30.0},{"not_picked":["Pommel Strike","Wild Strike","Cleave"],"picked":"SKIP","floor":30.0},{"not_picked":["Dropkick+1","Pommel Strike","Headbutt"],"picked":"SKIP","floor":31.0},{"not_picked":["Immolate","Bludgeon"],"picked":"Impervious","floor":33.0},{"not_picked":["Wild Strike+1","Intimidate","Ghostly Armor"],"picked":"SKIP","floor":35},{"not_picked":["Clash","Heavy Blade"],"picked":"Power Through","floor":38},{"not_picked":["Infernal Blade+1","Armaments","Shrug It Off+1"],"picked":"SKIP","floor":41},{"not_picked":["Flex","Warcry+1","Cleave"],"picked":"Singing Bowl","floor":44},{"not_picked":["Rupture","Reaper","Sword Boomerang"],"picked":"Singing Bowl","floor":48}],"player_experience":5846795,"relics_obtained":[{"floor":9.0,"key":"Bronze Scales"},{"floor":26.0,"key":"Blue Candle"},{"floor":43,"key":"Singing Bowl"}],"event_choices":[{"damage_healed":0.0,"max_hp_gain":5.0,"max_hp_loss":0.0,"gold_gain":0.0,"event_name":"Big Fish","player_choice":"Donut","floor":4.0,"gold_loss":0.0,"damage_taken":0.0},{"damage_healed":0.0,"max_hp_gain":0.0,"max_hp_loss":0.0,"gold_gain":100.0,"event_name":"Golden Shrine","player_choice":"Pray","floor":5.0,"gold_loss":0.0,"damage_taken":0.0},{"damage_healed":0.0,"max_hp_gain":0.0,"max_hp_loss":0.0,"gold_gain":0.0,"cards_transformed":["Bash","Entrench"],"event_name":"Drug Dealer","player_choice":"Became Test Subject","floor":20.0,"gold_loss":0.0,"damage_taken":0.0,"cards_obtained":["Berserk","Feed"]},{"damage_healed":0.0,"max_hp_gain":0.0,"max_hp_loss":0.0,"gold_gain":0.0,"event_name":"The Woman in Blue","player_choice":"Bought 0 Potions","floor":21.0,"gold_loss":0.0,"damage_taken":0.0},{"cards_removed":["Clash"],"damage_healed":0.0,"max_hp_gain":0.0,"max_hp_loss":0.0,"gold_gain":0.0,"event_name":"Back to Basics","player_choice":"Elegance","floor":23.0,"gold_loss":0.0,"damage_taken":0.0},{"damage_healed":0,"gold_gain":0,"player_choice":"0 cards matched","damage_taken":0,"max_hp_gain":0,"max_hp_loss":0,"event_name":"Match and Keep!","floor":37,"gold_loss":0,"cards_obtained":[]},{"damage_healed":0,"gold_gain":100,"player_choice":"Pray","damage_taken":0,"max_hp_gain":0,"max_hp_loss":0,"event_name":"Golden Shrine","floor":42,"gold_loss":0},{"damage_healed":0,"gold_gain":0,"player_choice":"Paid","damage_taken":0,"relics_obtained":["Red Mask"],"max_hp_gain":0,"max_hp_loss":0,"event_name":"Tomb of Lord Red Mask","floor":46,"gold_loss":244}],"is_beta":false,"boss_relics":[{"not_picked":["Ectoplasm","Orrery"],"picked":"Pandora\u0027s Box"},{"not_picked":["Black Blood","White Beast Statue"],"picked":"Coffee Dripper"}],"items_purged_floors":[3,24,27,36],"is_endless":false,"potions_floor_spawned":[1,2,10,11,12,14,19,28,33,38,41,44],"ascension_level":0}