{"gold_per_floor":[110,110,110,129,52,52,78,78,78,108,135,135,155,169,169,242,242,202],"floor_reached":18,"playtime":769,"items_purged":[],"score":336,"play_id":"23dab536-e362-4609-a7d9-c23d06d57bbe","local_time":"20190223233752","is_ascension_mode":true,"campfire_choices":[{"data":"Consume","floor":6.0,"key":"SMITH"},{"data":"Dualcast","floor":8.0,"key":"SMITH"},{"data":"Zap","floor":12.0,"key":"SMITH"},{"floor":15.0,"key":"REST"}],"neow_cost":"NONE","seed_source_timestamp":4412316488313,"circlet_count":0,"master_deck":["AscendersBane","Strike_B","Strike_B","Defend_B","Defend_B","Defend_B","Defend_B","Zap+1","Dualcast+1","Hologram","Consume+1","Ball Lightning","Capacitor","Conserve Battery","Coolheaded","Core Surge","Glacier","Ball Lightning"],"special_seed":0,"relics":["Cracked Core","Oddly Smooth Stone","Unceasing Top","Regal Pillow","Orrery"],"potions_floor_usage":[],"damage_taken":[{"damage":2.0,"enemies":"Jaw Worm","floor":1.0,"turns":3.0},{"damage":2.0,"enemies":"2 Louse","floor":4.0,"turns":3.0},{"damage":12.0,"enemies":"Lagavulin","floor":7.0,"turns":6.0},{"damage":6.0,"enemies":"3 Sentries","floor":11.0,"turns":4.0},{"damage":6.0,"enemies":"Small Slimes","floor":13.0,"turns":3.0},{"damage":10.0,"enemies":"2 Fungi Beasts","floor":14.0,"turns":3.0},{"damage":36.0,"enemies":"Slime Boss","floor":16.0,"turns":10.0},{"damage":2,"enemies":"2 Thieves","floor":18,"turns":2}],"seed_played":"-1155528873618147823","potions_obtained":[{"floor":1.0,"key":"AttackPotion"},{"floor":7.0,"key":"SteroidPotion"},{"floor":11.0,"key":"Ancient Potion"}],"is_trial":false,"path_per_floor":["M","?","?","M","$","R","E","R","T","?","E","R","M","M","R","B",null,"M"],"character_chosen":"DEFECT","items_purchased":["Capacitor"],"campfire_rested":1,"item_purchase_floors":[5],"current_hp_per_floor":[62,44,44,42,42,42,30,30,30,30,24,24,18,8,44,8,55,53],"gold":202,"neow_bonus":"TRANSFORM_CARD","is_prod":false,"is_daily":false,"chose_seed":false,"campfire_upgraded":3,"win_rate":0,"timestamp":1550936272,"path_taken":["M","?","?","M","$","R","E","R","T","?","E","R","M","M","R","BOSS","M"],"build_version":"2019-01-23","purchased_purges":0,"victory":false,"max_hp_per_floor":[71,71,71,71,71,71,71,71,71,71,71,71,71,71,71,71,71,71],"card_choices":[{"not_picked":["Cold Snap","Stack"],"picked":"Consume","floor":1.0},{"not_picked":["Barrage","Thunder Strike"],"picked":"Ball Lightning","floor":4.0},{"not_picked":["Rebound","Scrape"],"picked":"Conserve Battery","floor":7.0},{"not_picked":["Reinforced Body","Streamline","Skim"],"picked":"SKIP","floor":11.0},{"not_picked":["Beam Cell","Consume","Aggregate"],"picked":"SKIP","floor":13.0},{"not_picked":["Cold Snap","Stack"],"picked":"Coolheaded","floor":14.0},{"not_picked":["Echo Form","Hyperbeam"],"picked":"Core Surge","floor":16.0},{"not_picked":["Static Discharge","Conserve Battery"],"picked":"Glacier","floor":17},{"not_picked":["Reinforced Body","Leap"],"picked":"Ball Lightning","floor":17}],"player_experience":3084226,"relics_obtained":[{"floor":7.0,"key":"Unceasing Top"},{"floor":9.0,"key":"Regal Pillow"}],"event_choices":[{"damage_healed":0.0,"max_hp_gain":0.0,"max_hp_loss":0.0,"gold_gain":0.0,"event_name":"Scrap Ooze","player_choice":"Success","floor":2.0,"gold_loss":0.0,"damage_taken":18.0,"relics_obtained":["Oddly Smooth Stone"]},{"cards_removed":["Strike_B"],"damage_healed":0.0,"max_hp_gain":0.0,"max_hp_loss":0.0,"gold_gain":0.0,"event_name":"Living Wall","player_choice":"Forget","floor":3.0,"gold_loss":0.0,"damage_taken":0.0},{"damage_healed":0.0,"max_hp_gain":0.0,"max_hp_loss":0.0,"gold_gain":30.0,"event_name":"Dead Adventurer","player_choice":"Searched \u00272\u0027 times","floor":10.0,"gold_loss":0.0,"damage_taken":0.0}],"is_beta":false,"boss_relics":[{"not_picked":["FrozenCore","Lizard Tail"],"picked":"Orrery"}],"items_purged_floors":[],"is_endless":false,"potions_floor_spawned":[1,7,11],"killed_by":"2 Thieves","ascension_level":20}