{"gold_per_floor":[111,36,36,36,48,77,91,122,122,453,472,472],"floor_reached":12,"playtime":375,"items_purged":["Strike_G"],"score":296,"play_id":"3f55d88e-5b58-4cc2-ac20-d750cd57d139","local_time":"20181120192651","is_ascension_mode":true,"campfire_choices":[],"neow_cost":"NONE","seed_source_timestamp":2269469778484,"circlet_count":0,"master_deck":["AscendersBane","Defend_G","Defend_G","Defend_G","Defend_G","Defend_G","Strike_G","Strike_G","Strike_G","Strike_G","Survivor","Neutralize","Well Laid Plans+1","Flying Knee","Predator","Calculated Gamble"],"special_seed":0,"relics":["Ring of the Snake","NeowsBlessing","Dodecahedron","Bottled Flame","Letter Opener","Old Coin"],"potions_floor_usage":[8,8],"damage_taken":[{"damage":0.0,"enemies":"Small Slimes","floor":1.0,"turns":1.0},{"damage":0.0,"enemies":"Cultist","floor":5.0,"turns":1.0},{"damage":0.0,"enemies":"Gremlin Nob","floor":6.0,"turns":1.0},{"damage":2.0,"enemies":"Jaw Worm","floor":7.0,"turns":5.0},{"damage":0,"enemies":"3 Sentries","floor":8,"turns":8},{"damage":37,"enemies":"Lagavulin","floor":10,"turns":8},{"damage":11,"enemies":"Red Slaver","floor":11,"turns":5},{"damage":8,"enemies":"Exordium Thugs","floor":12,"turns":4}],"seed_played":"1263509919260806289","potions_obtained":[{"floor":1.0,"key":"GhostInAJar"},{"floor":5.0,"key":"AttackPotion"}],"is_trial":false,"path_per_floor":["M","$","?","$","M","E","M","E","T","E","M","M"],"character_chosen":"THE_SILENT","items_purchased":[],"campfire_rested":0,"item_purchase_floors":[],"current_hp_per_floor":[59,59,59,59,59,59,57,57,57,20,9,1],"gold":472,"neow_bonus":"THREE_ENEMY_KILL","is_prod":false,"is_daily":false,"chose_seed":false,"campfire_upgraded":0,"win_rate":0,"timestamp":1542713211,"path_taken":["M","$","?","?","?","E","M","E","T","E","M","M"],"build_version":"2018-11-15","purchased_purges":1,"victory":false,"max_hp_per_floor":[66,66,66,66,66,66,66,66,66,66,66,66],"card_choices":[{"not_picked":["Catalyst","Slice"],"picked":"Well Laid Plans","floor":1.0},{"not_picked":["Dodge and Roll","Sucker Punch","PiercingWail"],"picked":"SKIP","floor":5.0},{"not_picked":["Well Laid Plans","Slice"],"picked":"Flying Knee","floor":6.0},{"not_picked":["Blur","Poisoned Stab"],"picked":"Predator","floor":7.0},{"not_picked":["Cloak And Dagger","Leg Sweep","Outmaneuver"],"picked":"SKIP","floor":8},{"not_picked":["Cloak And Dagger","Leg Sweep","Outmaneuver"],"picked":"SKIP","floor":8},{"not_picked":["Caltrops","Underhanded Strike","Flying Knee"],"picked":"SKIP","floor":10},{"not_picked":["Accuracy","Dodge and Roll"],"picked":"Calculated Gamble","floor":11}],"player_experience":1119891,"relics_obtained":[{"floor":6.0,"key":"Dodecahedron"},{"floor":8,"key":"Bottled Flame"},{"floor":9,"key":"Letter Opener"},{"floor":10,"key":"Old Coin"}],"event_choices":[{"damage_healed":0.0,"max_hp_gain":0.0,"max_hp_loss":0.0,"gold_gain":0.0,"event_name":"Upgrade Shrine","player_choice":"Upgraded","floor":3.0,"gold_loss":0.0,"damage_taken":0.0,"cards_upgraded":["Well Laid Plans"]}],"is_beta":true,"boss_relics":[],"items_purged_floors":[2],"is_endless":false,"potions_floor_spawned":[1,5,6],"killed_by":"Exordium Thugs","ascension_level":20}