{"gold_per_floor":[118,128,48,58,58,78,78,78,78,78,3,15,30,56,56,157,157,176,91,190,210,36,63,63,90,90,90,105,135,135,97,97,195,195,209,209,225,16,30,30,30,30,30,49,61,61,61,61,61,61],"floor_reached":51,"playtime":1942,"items_purged":["Strike_B","Strike_B"],"score":803,"play_id":"bcc9582f-c0f3-44d7-b3ed-0dfeaaadf4c2","local_time":"20190617200901","is_ascension_mode":false,"campfire_choices":[{"data":"Skim","floor":8.0,"key":"SMITH"},{"data":"Recycle","floor":10.0,"key":"SMITH"},{"data":"Steam Power","floor":15.0,"key":"SMITH"},{"data":"Coolheaded","floor":24.0,"key":"SMITH"},{"data":"Turbo","floor":27,"key":"SMITH"},{"data":"Skim","floor":30,"key":"SMITH"},{"data":"Steam Power","floor":32,"key":"SMITH"},{"data":"1","floor":40,"key":"LIFT"},{"data":"2","floor":42,"key":"LIFT"},{"data":"3","floor":47,"key":"LIFT"},{"floor":49,"key":"RECALL"}],"neow_cost":"NONE","seed_source_timestamp":27837039348880,"circlet_count":0,"master_deck":["Defend_B","Defend_B","Defend_B","Zap","Dualcast","Stack","Skim+1","Recycle+1","Blizzard","Gash","Gash","Undo","Glacier","Steam Power+1","Electrodynamics","Coolheaded+1","Skim+1","Turbo+1","Turbo+1","Steam Power+1","Seek","Coolheaded+1","Recycle+1","Beam Cell+1","Steam Power+1","Go for the Eyes+1","FTL+1","Parasite"],"special_seed":0,"relics":["Cracked Core","Girya","StoneCalendar","Runic Pyramid","Molten Egg 2","Oddly Smooth Stone","Shuriken","Blue Candle","Bronze Scales","Fusion Hammer","DollysMirror","Bottled Lightning"],"potions_floor_usage":[25,25,25,50],"damage_taken":[{"damage":1.0,"enemies":"Jaw Worm","floor":1.0,"turns":4.0},{"damage":3.0,"enemies":"Small Slimes","floor":2.0,"turns":4.0},{"damage":1.0,"enemies":"Cultist","floor":4.0,"turns":4.0},{"damage":1.0,"enemies":"Exordium Wildlife","floor":6.0,"turns":2.0},{"damage":0.0,"enemies":"Large Slime","floor":12.0,"turns":4.0},{"damage":0.0,"enemies":"Blue Slaver","floor":13.0,"turns":4.0},{"damage":0.0,"enemies":"Lagavulin","floor":14.0,"turns":9.0},{"damage":31.0,"enemies":"The Guardian","floor":16.0,"turns":8.0},{"damage":0.0,"enemies":"3 Byrds","floor":18.0,"turns":2.0},{"damage":0.0,"enemies":"Chosen","floor":21.0,"turns":5.0},{"damage":3.0,"enemies":"Gremlin Leader","floor":23.0,"turns":6.0},{"damage":3,"enemies":"Book of Stabbing","floor":25,"turns":5},{"damage":0,"enemies":"Centurion and Healer","floor":28,"turns":5},{"damage":25,"enemies":"Gremlin Leader","floor":29,"turns":6},{"damage":24,"enemies":"Champ","floor":33,"turns":8},{"damage":0,"enemies":"Orb Walker","floor":35,"turns":3},{"damage":0,"enemies":"3 Shapes","floor":37,"turns":2},{"damage":0,"enemies":"Transient","floor":39,"turns":5},{"damage":0,"enemies":"3 Darklings","floor":44,"turns":2},{"damage":0,"enemies":"Writhing Mass","floor":45,"turns":3},{"damage":1,"enemies":"Time Eater","floor":50,"turns":7}],"seed_played":"5363851695714600788","potions_obtained":[{"floor":6.0,"key":"SmokeBomb"},{"floor":12.0,"key":"Block Potion"},{"floor":18.0,"key":"Fire Potion"},{"floor":21.0,"key":"Fire Potion"},{"floor":23.0,"key":"Energy Potion"},{"floor":29,"key":"FocusPotion"},{"floor":44,"key":"Explosive Potion"},{"floor":45,"key":"Regen Potion"}],"is_trial":false,"path_per_floor":["M","M","$","M","?","M","?","R","T","R","$","M","M","E","R","B",null,"M","?","?","M","$","E","R","E","T","R","M","E","R","$","R","B",null,"M","?","M","$","M","R","$","R","T","M","M","?","R","$","R","B",null],"character_chosen":"DEFECT","items_purchased":["Blizzard","Skim","Steam Power","DollysMirror"],"campfire_rested":0,"item_purchase_floors":[3,22,31,38],"current_hp_per_floor":[74,71,71,70,63,62,62,62,62,62,62,62,62,62,62,31,75,75,75,75,75,75,72,72,69,69,69,69,44,44,44,44,20,75,75,75,75,75,75,75,75,75,75,75,75,75,75,75,75,74],"gold":61,"neow_bonus":"TRANSFORM_CARD","is_prod":false,"is_daily":false,"chose_seed":false,"campfire_upgraded":7,"win_rate":0,"timestamp":1560773341,"path_taken":["M","M","$","M","?","M","?","R","T","R","$","M","?","E","R","BOSS","M","?","?","M","$","E","R","E","T","R","M","E","R","$","R","BOSS","M","?","M","$","M","R","$","R","T","?","?","?","R","?","R","BOSS"],"build_version":"2019-01-23","purchased_purges":2,"victory":true,"max_hp_per_floor":[75,75,75,75,75,75,75,75,75,75,75,75,75,75,75,75,75,75,75,75,75,75,75,75,75,75,75,75,75,75,75,75,75,75,75,75,75,75,75,75,75,75,75,75,75,75,75,75,75,75],"card_choices":[{"not_picked":["Streamline","Conserve Battery"],"picked":"Skim","floor":1.0},{"not_picked":["Streamline","White Noise"],"picked":"Recycle","floor":2.0},{"not_picked":["Genetic Algorithm","Streamline"],"picked":"Gash","floor":4.0},{"not_picked":["Rainbow","Leap"],"picked":"Gash","floor":6.0},{"not_picked":["Darkness","Glacier"],"picked":"Undo","floor":12.0},{"not_picked":["Conserve Battery","Streamline"],"picked":"Glacier","floor":13.0},{"not_picked":["Chaos","Gash"],"picked":"Steam Power","floor":14.0},{"not_picked":["Thunder Strike","Hyperbeam"],"picked":"Electrodynamics","floor":16.0},{"not_picked":["Stack","Darkness","Scrape"],"picked":"SKIP","floor":18.0},{"not_picked":["Leap","Redo"],"picked":"Coolheaded","floor":21.0},{"not_picked":["Reprogram","Force Field","Streamline+1"],"picked":"SKIP","floor":23.0},{"not_picked":["Auto Shields","Doom and Gloom+1"],"picked":"Turbo","floor":25},{"not_picked":["Hello World","Steam"],"picked":"Turbo+1","floor":28},{"not_picked":["Rip and Tear+1","Conserve Battery+1","Sweeping Beam+1"],"picked":"SKIP","floor":29},{"not_picked":["Meteor Strike+1","Rainbow"],"picked":"Seek","floor":33},{"not_picked":["Beam Cell+1","Redo"],"picked":"Coolheaded+1","floor":35},{"not_picked":["Barrage+1","Hyperbeam+1"],"picked":"Beam Cell+1","floor":37},{"not_picked":["Hologram","Go for the Eyes+1","Sweeping Beam+1"],"picked":"SKIP","floor":39},{"not_picked":["Hologram","Sweeping Beam+1"],"picked":"Go for the Eyes+1","floor":39},{"not_picked":["Go for the Eyes+1","Compile Driver+1"],"picked":"FTL+1","floor":44},{"not_picked":["Double Energy","Go for the Eyes+1","Turbo"],"picked":"SKIP","floor":45}],"player_experience":5361812,"relics_obtained":[{"floor":9.0,"key":"Girya"},{"floor":14.0,"key":"StoneCalendar"},{"floor":23.0,"key":"Oddly Smooth Stone"},{"floor":25,"key":"Shuriken"},{"floor":26,"key":"Blue Candle"},{"floor":29,"key":"Bronze Scales"},{"floor":43,"key":"Bottled Lightning"}],"event_choices":[{"cards_removed":["Defend_B"],"damage_healed":0.0,"max_hp_gain":0.0,"max_hp_loss":0.0,"gold_gain":0.0,"event_name":"Golden Wing","player_choice":"Card Removal","floor":5.0,"gold_loss":0.0,"damage_taken":7.0},{"damage_healed":0.0,"max_hp_gain":0.0,"max_hp_loss":0.0,"gold_gain":0.0,"event_name":"NoteForYourself","player_choice":"Ignored","floor":7.0,"gold_loss":0.0,"damage_taken":0.0},{"damage_healed":0.0,"max_hp_gain":0.0,"max_hp_loss":0.0,"gold_gain":0.0,"event_name":"Addict","player_choice":"Obtained Relic","floor":19.0,"gold_loss":85.0,"damage_taken":0.0,"relics_obtained":["Molten Egg 2"]},{"damage_healed":0.0,"max_hp_gain":0.0,"max_hp_loss":0.0,"gold_gain":99.0,"event_name":"Nest","player_choice":"Stole From Cult","floor":20.0,"gold_loss":0.0,"damage_taken":0.0},{"damage_healed":0,"gold_gain":0,"player_choice":"Copied","damage_taken":0,"max_hp_gain":0,"max_hp_loss":0,"event_name":"Duplicator","floor":36,"gold_loss":0,"cards_obtained":["Recycle"]},{"cards_removed":["Strike_B"],"damage_healed":0,"gold_gain":0,"player_choice":"Removed Attack","damage_taken":0,"max_hp_gain":0,"max_hp_loss":0,"event_name":"Falling","floor":46,"gold_loss":0}],"is_beta":false,"boss_relics":[{"not_picked":["Orrery","Lizard Tail"],"picked":"Runic Pyramid"},{"not_picked":["Calling Bell","White Beast Statue"],"picked":"Fusion Hammer"}],"items_purged_floors":[11,22],"is_endless":false,"potions_floor_spawned":[6,12,18,21,23,29,44,45],"ascension_level":0}