{"gold_per_floor":[114,134,152,77,95,124,153,153,153,153,181,81,98,117,117,221,221,232,232,232,248,266,141,141,141,141,62,62,76,76,103,103,199,199,212,212,212,132,144,144,159,175,257,267,267,279,279,295,295,295],"floor_reached":51,"playtime":1264,"items_purged":["Strike_B","Strike_B","Zap"],"score":704,"play_id":"0bec5916-8cdb-4002-b608-058cc4b2f7dd","local_time":"20190617150046","is_ascension_mode":false,"campfire_choices":[{"data":"Darkness","floor":10,"key":"SMITH"},{"data":"Defend_B","floor":15,"key":"PURGE"},{"data":"Storm","floor":24,"key":"SMITH"},{"floor":28,"key":"REST"},{"data":"Defragment","floor":30,"key":"SMITH"},{"data":"Biased Cognition","floor":32,"key":"SMITH"},{"data":"Biased Cognition","floor":40,"key":"SMITH"},{"data":"Storm","floor":45,"key":"SMITH"},{"floor":47,"key":"REST"},{"floor":49,"key":"REST"}],"neow_cost":"NONE","seed_source_timestamp":9977146013871,"circlet_count":0,"master_deck":["Biased Cognition+1","Coolheaded","Cold Snap","Darkness+1","Recycle","Ball Lightning","Electrodynamics","Storm+1","Seek","Echo Form","Hologram","Defragment+1","Creative AI","Biased Cognition+1","Rainbow+1","Darkness+1","Conserve Battery+1","Turbo+1","Storm+1","Storm+1","Parasite","Defragment","Capacitor+1"],"relics":["Cracked Core","Oddly Smooth Stone","Odd Mushroom","Peace Pipe","Runic Dome","Nloth\u0027s Gift","Torii","Sundial","Astrolabe","Dodecahedron"],"potions_floor_usage":[3,31,41,50,50,50],"damage_taken":[{"damage":1,"enemies":"Cultist","floor":1,"turns":3},{"damage":9,"enemies":"Jaw Worm","floor":2,"turns":4},{"damage":6,"enemies":"2 Louse","floor":3,"turns":2},{"damage":0,"enemies":"Looter","floor":5,"turns":3},{"damage":0,"enemies":"Gremlin Nob","floor":6,"turns":3},{"damage":11,"enemies":"The Mushroom Lair","floor":7,"turns":4},{"damage":9,"enemies":"3 Sentries","floor":11,"turns":2},{"damage":0,"enemies":"Gremlin Gang","floor":13,"turns":1},{"damage":0,"enemies":"3 Louse","floor":14,"turns":1},{"damage":36,"enemies":"Hexaghost","floor":16,"turns":6},{"damage":12,"enemies":"2 Thieves","floor":18,"turns":3},{"damage":0,"enemies":"Spheric Guardian","floor":21,"turns":3},{"damage":14,"enemies":"Centurion and Healer","floor":22,"turns":5},{"damage":6,"enemies":"Shelled Parasite and Fungi","floor":29,"turns":3},{"damage":20,"enemies":"Slavers","floor":31,"turns":2},{"damage":36,"enemies":"Collector","floor":33,"turns":5},{"damage":0,"enemies":"Orb Walker","floor":35,"turns":2},{"damage":1,"enemies":"3 Shapes","floor":39,"turns":2},{"damage":0,"enemies":"3 Darklings","floor":41,"turns":1},{"damage":0,"enemies":"Writhing Mass","floor":42,"turns":3},{"damage":25,"enemies":"Maw","floor":44,"turns":3},{"damage":9,"enemies":"Transient","floor":46,"turns":5},{"damage":17,"enemies":"3 Darklings","floor":48,"turns":2},{"damage":68,"enemies":"Time Eater","floor":50,"turns":4}],"seed_played":"-3830858737370676952","potions_obtained":[{"floor":2,"key":"Strength Potion"},{"floor":3,"key":"Fruit Juice"},{"floor":16,"key":"Swift Potion"},{"floor":18,"key":"Block Potion"},{"floor":33,"key":"Dexterity Potion"},{"floor":41,"key":"PowerPotion"}],"is_trial":false,"path_per_floor":["M","M","M","$","M","E","?","?","T","R","E","$","M","M","R","B",null,"M","?","?","M","M","$","R","?","T","$","R","M","R","E","R","B",null,"M","?","?","$","M","R","M","M","T","M","R","M","R","M","R","B",null],"character_chosen":"DEFECT","items_purchased":["Defragment","Storm"],"campfire_rested":3,"item_purchase_floors":[27,38],"current_hp_per_floor":[74,65,64,64,64,64,53,53,53,53,44,44,44,44,44,8,80,68,53,53,53,39,39,39,39,39,39,64,58,58,38,38,2,85,85,85,85,85,84,84,84,84,84,59,59,50,75,58,83,15],"gold":295,"neow_bonus":"ONE_RANDOM_RARE_CARD","is_prod":false,"is_daily":false,"chose_seed":false,"campfire_upgraded":6,"win_rate":0,"timestamp":1560754846,"path_taken":["M","M","M","$","M","E","?","?","T","R","E","$","M","M","R","BOSS","M","?","?","M","M","$","R","?","T","$","R","?","R","E","R","BOSS","M","?","?","$","M","R","M","M","T","?","R","M","R","M","R","BOSS"],"build_version":"2019-01-23","purchased_purges":3,"victory":true,"max_hp_per_floor":[75,75,80,80,80,80,80,80,80,80,80,80,80,80,80,80,80,80,85,85,85,85,85,85,85,85,85,85,85,85,85,85,85,85,85,85,85,85,85,85,85,85,85,85,85,85,85,85,85,85],"card_choices":[{"not_picked":["Beam Cell","Barrage"],"picked":"Coolheaded","floor":1},{"not_picked":["Hologram","Leap"],"picked":"Cold Snap","floor":2},{"not_picked":["Barrage","Chaos"],"picked":"Darkness","floor":3},{"not_picked":["BootSequence","Sweeping Beam"],"picked":"Recycle","floor":5},{"not_picked":["Gash","Scrape"],"picked":"Ball Lightning","floor":6},{"not_picked":["Rebound","Hologram","Compile Driver"],"picked":"SKIP","floor":11},{"not_picked":["Reboot","Rebound","Storm"],"picked":"SKIP","floor":13},{"not_picked":["Reboot","Rebound"],"picked":"Storm","floor":13},{"not_picked":["Stack","Steam","Sweeping Beam"],"picked":"SKIP","floor":14},{"not_picked":["Machine Learning","Reboot"],"picked":"Seek","floor":16},{"not_picked":["Doom and Gloom","Sunder+1","Glacier"],"picked":"SKIP","floor":18},{"not_picked":["Capacitor","Rebound+1","Darkness"],"picked":"SKIP","floor":21},{"not_picked":["Gash","Cold Snap","Turbo"],"picked":"SKIP","floor":22},{"not_picked":["Go for the Eyes+1","Ball Lightning","Steam"],"picked":"SKIP","floor":29},{"not_picked":["Compile Driver","Turbo"],"picked":"Creative AI","floor":31},{"not_picked":["Creative AI","All For One"],"picked":"Biased Cognition","floor":33},{"not_picked":["Leap","Beam Cell+1"],"picked":"Turbo+1","floor":35},{"not_picked":["Redo","Sweeping Beam","Go for the Eyes+1"],"picked":"SKIP","floor":39},{"not_picked":["Conserve Battery","Beam Cell+1","Leap+1"],"picked":"SKIP","floor":41},{"not_picked":["Compile Driver+1","Hello World"],"picked":"Defragment","floor":42},{"not_picked":["Rainbow","Coolheaded","Go for the Eyes+1"],"picked":"SKIP","floor":44},{"not_picked":["Gash","Sweeping Beam+1","Genetic Algorithm"],"picked":"SKIP","floor":46},{"not_picked":["Buffer","Barrage"],"picked":"Capacitor+1","floor":48}],"player_experience":5346343,"relics_obtained":[{"floor":6,"key":"Oddly Smooth Stone"},{"floor":7,"key":"Odd Mushroom"},{"floor":9,"key":"Ornamental Fan"},{"floor":11,"key":"Peace Pipe"},{"floor":26,"key":"Torii"},{"floor":31,"key":"Sundial"},{"floor":43,"key":"Dodecahedron"}],"event_choices":[{"damage_healed":0,"gold_gain":0,"player_choice":"Fought Mushrooms","damage_taken":0,"max_hp_gain":0,"max_hp_loss":0,"event_name":"Mushrooms","floor":7,"gold_loss":0},{"damage_healed":0,"gold_gain":0,"cards_transformed":["Strike_B"],"player_choice":"Change","damage_taken":0,"max_hp_gain":0,"max_hp_loss":0,"event_name":"Living Wall","floor":8,"gold_loss":0,"cards_obtained":["Electrodynamics"]},{"damage_healed":0,"gold_gain":0,"player_choice":"Shed Blood","damage_taken":20,"max_hp_gain":5,"max_hp_loss":0,"event_name":"Forgotten Altar","floor":19,"gold_loss":0},{"damage_healed":0,"gold_gain":0,"cards_transformed":["Strike_B","Defend_B"],"player_choice":"Became Test Subject","damage_taken":0,"max_hp_gain":0,"max_hp_loss":0,"event_name":"Drug Dealer","floor":20,"gold_loss":0,"cards_obtained":["Echo Form","Hologram"]},{"damage_healed":0,"gold_gain":0,"player_choice":"Traded Relic","damage_taken":0,"relics_obtained":["Nloth\u0027s Gift"],"max_hp_gain":0,"max_hp_loss":0,"event_name":"N\u0027loth","floor":25,"relics_lost":["Ornamental Fan"],"gold_loss":0},{"damage_healed":0,"gold_gain":0,"player_choice":"Memory 1","damage_taken":0,"max_hp_gain":0,"max_hp_loss":0,"event_name":"SensoryStone","floor":36,"gold_loss":0},{"damage_healed":0,"gold_gain":0,"player_choice":"Copied","damage_taken":0,"max_hp_gain":0,"max_hp_loss":0,"event_name":"Duplicator","floor":37,"gold_loss":0,"cards_obtained":["Storm"]}],"is_beta":false,"boss_relics":[{"not_picked":["Inserter","Philosopher\u0027s Stone"],"picked":"Runic Dome"},{"not_picked":["Tiny House","Empty Cage"],"picked":"Astrolabe"}],"items_purged_floors":[4,12,23],"is_endless":false,"potions_floor_spawned":[2,3,16,18,33,35,41,42],"ascension_level":0}