{"gold_per_floor":[117,130,147,164,177,177,193,193,193,209,209,60,60,74,74,176,176,191,191,21,21,34,34,48,60,60,159,34,54,54,66,66,170,170,186,36,47,59,77,77,77,77,77,96,96,6,6,6,6,6],"floor_reached":51,"playtime":2916,"items_purged":["Defend_B","Strike_B","Defend_B","Cold Snap"],"score":829,"play_id":"e4b803c7-5530-4a6c-aa7b-0e281b0fa9b4","local_time":"20181009154133","is_ascension_mode":true,"campfire_choices":[{"data":"Zap","floor":6,"key":"SMITH"},{"data":"Buffer","floor":8,"key":"SMITH"},{"data":"Loop","floor":13,"key":"SMITH"},{"data":"Dualcast","floor":15,"key":"SMITH"},{"data":"Defragment","floor":23,"key":"SMITH"},{"data":"White Noise","floor":30,"key":"SMITH"},{"floor":32,"key":"REST"},{"data":"Coolheaded","floor":40,"key":"SMITH"},{"data":"Electrodynamics","floor":42,"key":"SMITH"},{"data":"Undo","floor":49,"key":"SMITH"}],"neow_cost":"NONE","seed_source_timestamp":15656748862845,"circlet_count":0,"master_deck":["Zap+1","Dualcast+1","Buffer+1","White Noise+1","Electrodynamics+1","Loop+1","Undo+1","Electrodynamics","Defragment+1","Buffer+1","Coolheaded+1","All For One+1","All For One+1","Reinforced Body+1","Rainbow+1","Hyperbeam+1","White Noise+1","Glacier"],"relics":["Cracked Core","Blue Candle","Cursed Key","Astrolabe"],"potions_floor_usage":[10,18,50,50,50],"damage_taken":[{"damage":0,"enemies":"Small Slimes","floor":1,"turns":3},{"damage":6,"enemies":"Jaw Worm","floor":2,"turns":5},{"damage":0,"enemies":"2 Louse","floor":3,"turns":2},{"damage":13,"enemies":"Exordium Wildlife","floor":4,"turns":6},{"damage":8,"enemies":"Blue Slaver","floor":5,"turns":2},{"damage":0,"enemies":"2 Fungi Beasts","floor":7,"turns":4},{"damage":5,"enemies":"Gremlin Gang","floor":10,"turns":3},{"damage":7,"enemies":"Large Slime","floor":14,"turns":3},{"damage":0,"enemies":"Slime Boss","floor":16,"turns":6},{"damage":3,"enemies":"3 Byrds","floor":18,"turns":2},{"damage":0,"enemies":"Spheric Guardian","floor":22,"turns":5},{"damage":0,"enemies":"Centurion and Healer","floor":24,"turns":4},{"damage":0,"enemies":"Snecko","floor":25,"turns":5},{"damage":8,"enemies":"Snake Plant","floor":29,"turns":4},{"damage":0,"enemies":"Centurion and Healer","floor":31,"turns":4},{"damage":13,"enemies":"Collector","floor":33,"turns":7},{"damage":0,"enemies":"3 Shapes","floor":35,"turns":3},{"damage":0,"enemies":"3 Darklings","floor":37,"turns":2},{"damage":0,"enemies":"Spire Growth","floor":38,"turns":7},{"damage":2,"enemies":"Maw","floor":39,"turns":8},{"damage":0,"enemies":"3 Darklings","floor":44,"turns":4},{"damage":120,"enemies":"Awakened One","floor":50,"turns":23}],"seed_played":"8932833102174441187","potions_obtained":[{"floor":4,"key":"FearPotion"},{"floor":7,"key":"Poison Potion"},{"floor":10,"key":"LiquidBronze"},{"floor":14,"key":"Regen Potion"},{"floor":16,"key":"Block Potion"},{"floor":24,"key":"Weak Potion"},{"floor":31,"key":"Regen Potion"}],"is_trial":false,"path_per_floor":["M","M","M","M","M","R","M","R","T","M","?","$","R","M","R","B",null,"M","?","$","?","M","R","M","M","T","?","$","M","R","M","R","B",null,"M","$","M","M","M","R","?","R","T","M","?","?","$","?","R","B"],"character_chosen":"DEFECT","items_purchased":["Loop","Defragment"],"campfire_rested":1,"item_purchase_floors":[12,20],"current_hp_per_floor":[75,69,69,56,48,48,48,48,48,43,43,43,43,36,36,36,65,62,62,62,62,62,62,62,62,62,62,62,54,54,54,75,62,72,72,72,72,72,70,70,70,70,70,70,70,70,70,70,70,5],"gold":6,"neow_bonus":"REMOVE_CARD","is_prod":false,"is_daily":false,"chose_seed":false,"campfire_upgraded":9,"win_rate":0,"timestamp":1539070893,"path_taken":["M","M","M","M","M","R","M","R","T","M","?","?","R","?","R","BOSS","M","?","$","?","M","R","M","?","T","?","?","M","R","M","R","BOSS","M","$","M","M","M","R","?","R","T","M","?","?","$","?","R","BOSS"],"build_version":"2018-10-04v2","purchased_purges":4,"victory":true,"max_hp_per_floor":[75,75,75,75,75,75,75,75,75,75,75,75,75,75,75,75,75,75,75,75,75,75,75,75,75,75,75,75,75,75,75,75,75,75,75,75,75,75,75,75,75,75,75,75,75,75,75,75,75,75],"card_choices":[{"not_picked":["Compile Driver","Hologram","Turbo"],"picked":"SKIP","floor":1},{"not_picked":["Reinforced Body","Compile Driver"],"picked":"Ball Lightning","floor":2},{"not_picked":["Beam Cell","Undo"],"picked":"Buffer","floor":3},{"not_picked":["Barrage","Stack"],"picked":"Cold Snap","floor":4},{"not_picked":["Beam Cell","Static Discharge"],"picked":"Cold Snap","floor":5},{"not_picked":["Beam Cell","Redo"],"picked":"White Noise","floor":7},{"not_picked":["Hello World","Beam Cell"],"picked":"Electrodynamics","floor":10},{"not_picked":["Rip and Tear","Conserve Battery"],"picked":"Undo","floor":14},{"not_picked":["Meteor Strike","Reboot"],"picked":"Electrodynamics","floor":16},{"not_picked":["Barrage","Streamline","Redo+1"],"picked":"SKIP","floor":18},{"not_picked":["Redo+1","Beam Cell+1"],"picked":"Coolheaded","floor":22},{"not_picked":["Barrage","Compile Driver","Go for the Eyes+1"],"picked":"SKIP","floor":24},{"not_picked":["Reinforced Body","Coolheaded+1"],"picked":"All For One","floor":25},{"not_picked":["Barrage","Genetic Algorithm","Redo"],"picked":"SKIP","floor":29},{"not_picked":["Force Field","Double Energy","Steam"],"picked":"SKIP","floor":31},{"not_picked":["Electrodynamics","Buffer"],"picked":"All For One","floor":33},{"not_picked":["Sweeping Beam","Redo"],"picked":"White Noise+1","floor":35},{"not_picked":["Hello World+1","Doom and Gloom+1","Beam Cell+1"],"picked":"SKIP","floor":37},{"not_picked":["Hologram","Go for the Eyes"],"picked":"Glacier","floor":38},{"not_picked":["Static Discharge+1","Compile Driver+1","Sweeping Beam+1"],"picked":"SKIP","floor":39},{"not_picked":["Sweeping Beam","Scrape","Barrage+1"],"picked":"SKIP","floor":44}],"player_experience":38663,"relics_obtained":[{"floor":9,"key":"Blue Candle"}],"event_choices":[{"event_name":"Living Wall","player_choice":"Forget","floor":11,"damage_taken":0},{"event_name":"Vampires","player_choice":"Ignored","floor":19,"damage_taken":0},{"event_name":"Duplicator","player_choice":"One dupe","floor":21,"damage_taken":0},{"event_name":"Nest","player_choice":"Stole From Cult","floor":27,"damage_taken":0},{"event_name":"Falling","player_choice":"Removed Attack","floor":41,"damage_taken":0},{"event_name":"Tomb of Lord Red Mask","player_choice":"Ignored","floor":45,"damage_taken":0},{"event_name":"Designer","player_choice":"Full Service","floor":46,"damage_taken":0},{"event_name":"Upgrade Shrine","player_choice":"Upgraded","floor":48,"damage_taken":0}],"is_beta":false,"boss_relics":[{"not_picked":["Eternal Feather","FrozenCore"],"picked":"Cursed Key"},{"not_picked":["Pandora\u0027s Box","Orrery"],"picked":"Astrolabe"}],"items_purged_floors":[12,20,28,36],"is_endless":false,"potions_floor_spawned":[4,7,10,14,16,24,25,31,39,44],"ascension_level":5}