{"gold_per_floor":[367,367,367,377,388,388,64,78,78,56,56,56,56,70,70,165,165,182,197,209,409,420,420,430,442,442,442,457,69,69,88,88,184,184,202,222,322,322,322,340,360,101,101,112,132,132,132,150,150,150],"floor_reached":51,"playtime":1801,"items_purged":["Strike_B","Zap"],"score":745,"play_id":"cc6b45fe-9c50-4d89-8411-030f82903ded","local_time":"20190619164554","is_ascension_mode":false,"campfire_choices":[{"data":"Reinforced Body","floor":6.0,"key":"SMITH"},{"data":"Dualcast","floor":11.0,"key":"SMITH"},{"data":"Coolheaded","floor":13.0,"key":"SMITH"},{"data":"Gash","floor":15.0,"key":"SMITH"},{"data":"Fusion","floor":23.0,"key":"SMITH"},{"data":"Fission","floor":27.0,"key":"SMITH"},{"data":"Fission","floor":30.0,"key":"SMITH"},{"data":"Coolheaded","floor":32.0,"key":"SMITH"},{"data":"Buffer","floor":46.0,"key":"SMITH"},{"data":"Electrodynamics","floor":49,"key":"SMITH"}],"neow_cost":"PERCENT_DAMAGE","seed_source_timestamp":23383231014287,"circlet_count":0,"master_deck":["Dualcast+1","Gash+1","Undo","Reinforced Body+1","Gash+1","Coolheaded+1","Core Surge+1","Rip and Tear+1","Fission+1","Fusion+1","Beam Cell+1","Fission+1","Cold Snap+1","Compile Driver+1","Core Surge+1","Coolheaded+1","Buffer+1","Undo","Meteor Strike+1","Electrodynamics+1"],"special_seed":0,"relics":["Cracked Core","Meat on the Bone","Molten Egg 2","Pandora\u0027s Box","Pantograph","FossilizedHelix","Runic Dome","Dead Branch","Mercury Hourglass","Ornamental Fan"],"potions_floor_usage":[50,50,50],"damage_taken":[{"damage":0.0,"enemies":"2 Louse","floor":1.0,"turns":2.0},{"damage":0.0,"enemies":"Small Slimes","floor":4.0,"turns":2.0},{"damage":6.0,"enemies":"Jaw Worm","floor":5.0,"turns":3.0},{"damage":0.0,"enemies":"Red Slaver","floor":8.0,"turns":3.0},{"damage":0.0,"enemies":"3 Louse","floor":14.0,"turns":3.0},{"damage":27.0,"enemies":"Slime Boss","floor":16.0,"turns":14.0},{"damage":0.0,"enemies":"Spheric Guardian","floor":18.0,"turns":3.0},{"damage":0.0,"enemies":"Chosen","floor":19.0,"turns":2.0},{"damage":0.0,"enemies":"Centurion and Healer","floor":20.0,"turns":4.0},{"damage":0.0,"enemies":"Chosen and Byrds","floor":22.0,"turns":5.0},{"damage":0.0,"enemies":"Snake Plant","floor":24.0,"turns":3.0},{"damage":0.0,"enemies":"Snecko","floor":25.0,"turns":3.0},{"damage":11.0,"enemies":"Sentry and Sphere","floor":28.0,"turns":4.0},{"damage":0.0,"enemies":"Centurion and Healer","floor":31.0,"turns":3.0},{"damage":0.0,"enemies":"Automaton","floor":33.0,"turns":6.0},{"damage":0.0,"enemies":"3 Shapes","floor":35.0,"turns":4.0},{"damage":0.0,"enemies":"3 Darklings","floor":36.0,"turns":4.0},{"damage":0.0,"enemies":"Mind Bloom Boss Battle","floor":37.0,"turns":6.0},{"damage":0.0,"enemies":"Transient","floor":40.0,"turns":5.0},{"damage":0.0,"enemies":"Spire Growth","floor":41.0,"turns":4.0},{"damage":0.0,"enemies":"3 Darklings","floor":44.0,"turns":2.0},{"damage":0.0,"enemies":"Transient","floor":45.0,"turns":5.0},{"damage":0,"enemies":"4 Shapes","floor":48,"turns":3},{"damage":9,"enemies":"Awakened One","floor":50,"turns":9}],"seed_played":"-5419297954733770137","potions_obtained":[{"floor":8.0,"key":"SpeedPotion"},{"floor":16.0,"key":"PowerPotion"},{"floor":22.0,"key":"Regen Potion"},{"floor":33.0,"key":"GamblersBrew"}],"is_trial":false,"path_per_floor":["M","?","?","M","M","R","$","M","T","$","R","?","R","M","R","B",null,"M","M","M","?","M","R","M","M","T","R","M","$","R","M","R","B",null,"M","M","?","?","?","M","M","$","T","M","M","R","?","M","R","B",null],"character_chosen":"DEFECT","items_purchased":["Meat on the Bone","Gash+1","FossilizedHelix","Mercury Hourglass"],"campfire_rested":0,"item_purchase_floors":[7,10,29,42],"current_hp_per_floor":[54,39,39,39,33,33,33,45,45,45,45,45,45,45,45,30,75,75,75,75,75,75,75,75,75,75,75,64,64,64,64,64,75,75,75,75,75,75,71,71,71,71,71,71,71,71,71,71,71,71],"gold":150,"neow_bonus":"TWO_FIFTY_GOLD","is_prod":false,"is_daily":false,"chose_seed":false,"campfire_upgraded":10,"win_rate":0,"timestamp":1560933954,"path_taken":["M","?","?","?","M","R","$","M","T","?","R","?","R","M","R","BOSS","M","M","M","?","M","R","?","M","T","R","M","?","R","M","R","BOSS","M","M","?","?","?","M","M","$","T","M","M","R","?","?","R","BOSS"],"build_version":"2019-01-23","purchased_purges":2,"victory":true,"max_hp_per_floor":[75,75,75,75,75,75,75,75,75,75,75,75,75,75,75,75,75,75,75,75,75,75,75,75,75,75,75,75,75,75,75,75,75,75,75,75,75,75,71,71,71,71,71,71,71,71,71,71,71,71],"card_choices":[{"not_picked":["Hologram","Compile Driver"],"picked":"Gash","floor":1.0},{"not_picked":["Ball Lightning","Rip and Tear"],"picked":"Undo","floor":4.0},{"not_picked":["Chaos","Rebound"],"picked":"Reinforced Body","floor":5.0},{"not_picked":["Stack","Sweeping Beam"],"picked":"Glacier","floor":8.0},{"not_picked":["Stack","Redo","Fusion"],"picked":"SKIP","floor":14.0},{"not_picked":["Machine Learning","Fission"],"picked":"Core Surge+1","floor":16.0},{"not_picked":["Sweeping Beam+1","White Noise","Redo"],"picked":"SKIP","floor":18.0},{"not_picked":["Sweeping Beam+1","Hologram"],"picked":"Compile Driver+1","floor":19.0},{"not_picked":["Cold Snap+1","Rebound+1","Ball Lightning+1"],"picked":"SKIP","floor":20.0},{"not_picked":["Hello World","Ball Lightning+1","Beam Cell+1"],"picked":"SKIP","floor":22.0},{"not_picked":["Hologram","Beam Cell+1"],"picked":"Core Surge+1","floor":24.0},{"not_picked":["Sunder+1","Aggregate+1","Go for the Eyes+1"],"picked":"SKIP","floor":25.0},{"not_picked":["Hologram","Steam+1","Turbo"],"picked":"SKIP","floor":28.0},{"not_picked":["Sweeping Beam+1","Doom and Gloom+1"],"picked":"Coolheaded","floor":31.0},{"not_picked":["Thunder Strike+1","Electrodynamics"],"picked":"Buffer","floor":33.0},{"not_picked":["Rebound+1","Self Repair","Stack"],"picked":"SKIP","floor":35.0},{"not_picked":["Beam Cell+1","Melter+1"],"picked":"Undo","floor":36.0},{"not_picked":["Lockon+1","Darkness","Streamline+1"],"picked":"SKIP","floor":40.0},{"not_picked":["Redo+1","Turbo"],"picked":"Meteor Strike+1","floor":41.0},{"not_picked":["Genetic Algorithm+1","Barrage+1","Turbo+1"],"picked":"SKIP","floor":44.0},{"not_picked":["Ball Lightning+1","Redo","Streamline+1"],"picked":"SKIP","floor":45.0},{"not_picked":["Redo","Go for the Eyes+1","Darkness+1"],"picked":"SKIP","floor":48},{"not_picked":["Redo","Go for the Eyes+1","Darkness+1"],"picked":"SKIP","floor":48}],"player_experience":5458917,"relics_obtained":[{"floor":9.0,"key":"Molten Egg 2"},{"floor":26.0,"key":"Pantograph"},{"floor":37.0,"key":"Dead Branch"},{"floor":43.0,"key":"Ornamental Fan"}],"event_choices":[{"damage_healed":0.0,"max_hp_gain":0.0,"max_hp_loss":0.0,"gold_gain":0.0,"event_name":"Shining Light","player_choice":"Entered Light","floor":2.0,"gold_loss":0.0,"damage_taken":15.0,"cards_upgraded":["Strike_B","Strike_B"]},{"damage_healed":0.0,"max_hp_gain":0.0,"max_hp_loss":0.0,"gold_gain":0.0,"event_name":"Liars Game","player_choice":"Ignored","floor":3.0,"gold_loss":0.0,"damage_taken":0.0},{"damage_healed":0.0,"max_hp_gain":0.0,"max_hp_loss":0.0,"gold_gain":0.0,"cards_transformed":["Strike_B"],"event_name":"Living Wall","player_choice":"Change","floor":12.0,"gold_loss":0.0,"damage_taken":0.0,"cards_obtained":["Coolheaded"]},{"damage_healed":0.0,"max_hp_gain":0.0,"max_hp_loss":0.0,"gold_gain":200.0,"event_name":"Wheel of Change","player_choice":"Gold","floor":21.0,"gold_loss":0.0,"damage_taken":0.0},{"damage_healed":0.0,"max_hp_gain":0.0,"max_hp_loss":0.0,"gold_gain":0.0,"event_name":"MindBloom","player_choice":"Fight","floor":37.0,"gold_loss":0.0,"damage_taken":0.0},{"damage_healed":0.0,"max_hp_gain":0.0,"max_hp_loss":0.0,"gold_gain":0.0,"event_name":"Mysterious Sphere","player_choice":"Ignored","floor":38.0,"gold_loss":0.0,"damage_taken":0.0},{"damage_healed":0.0,"max_hp_gain":0.0,"max_hp_loss":4.0,"gold_gain":0.0,"event_name":"Winding Halls","player_choice":"Max HP","floor":39.0,"gold_loss":0.0,"damage_taken":0.0},{"damage_healed":0,"gold_gain":0,"cards_transformed":["Glacier"],"player_choice":"Transformed","damage_taken":0,"max_hp_gain":0,"max_hp_loss":0,"event_name":"Transmorgrifier","floor":47,"gold_loss":0,"cards_obtained":["Electrodynamics"]}],"is_beta":false,"boss_relics":[{"not_picked":["Busted Crown","Orrery"],"picked":"Pandora\u0027s Box"},{"not_picked":["Calling Bell","Velvet Choker"],"picked":"Runic Dome"}],"items_purged_floors":[7,29],"is_endless":false,"potions_floor_spawned":[8,16,22,28,31,33,35,41,44,48],"ascension_level":0}