{"gold_per_floor":[113,113,33,33,33,61,81,81,131,131,144,144,144,164,164,262,262,278,203,203,203,223,223,253,253],"floor_reached":25,"playtime":539,"items_purged":[],"score":584,"play_id":"112a68f4-dd98-4956-bd12-1ff3bf3cbe52","local_time":"20181120165803","is_ascension_mode":true,"campfire_choices":[{"data":"Defragment","floor":8.0,"key":"SMITH"},{"data":"Streamline","floor":13.0,"key":"SMITH"},{"data":"Zap","floor":15.0,"key":"SMITH"},{"data":"Coolheaded","floor":23.0,"key":"SMITH"}],"neow_cost":"NONE","seed_source_timestamp":0,"circlet_count":0,"master_deck":["AscendersBane","Strike_B","Strike_B+1","Strike_B","Defend_B","Defend_B+1","Defend_B+1","Defend_B+1","Zap+1","Dualcast","Defragment+1","Coolheaded+1","Streamline+1","Echo Form","Ghostly","Ghostly","Ghostly"],"special_seed":0,"relics":["Cracked Core","NeowsBlessing","Blue Candle","War Paint","Bloody Idol","Philosopher\u0027s Stone","Girya"],"potions_floor_usage":[],"damage_taken":[{"damage":0.0,"enemies":"Small Slimes","floor":1.0,"turns":1.0},{"damage":0.0,"enemies":"3 Sentries","floor":6.0,"turns":2.0},{"damage":0.0,"enemies":"Jaw Worm","floor":7.0,"turns":1.0},{"damage":0.0,"enemies":"2 Louse","floor":11.0,"turns":2.0},{"damage":10.0,"enemies":"2 Fungi Beasts","floor":14.0,"turns":3.0},{"damage":0.0,"enemies":"The Guardian","floor":16.0,"turns":8.0},{"damage":32.0,"enemies":"Shell Parasite","floor":18.0,"turns":6.0},{"damage":16.0,"enemies":"3 Byrds","floor":22.0,"turns":7.0},{"damage":16,"enemies":"Slavers","floor":24,"turns":8},{"damage":0,"enemies":"Colosseum Slavers","floor":25,"turns":1}],"seed_played":"-5980303989848385510","potions_obtained":[{"floor":6.0,"key":"FearPotion"},{"floor":14.0,"key":"FearPotion"},{"floor":16.0,"key":"FearPotion"},{"floor":24,"key":"FocusPotion"}],"is_trial":false,"path_per_floor":["M","?","$","?","?","E","M","R","T","?","M","?","R","M","R","B",null,"M","?","?","?","M","R","E","?"],"character_chosen":"DEFECT","items_purchased":["Defragment"],"campfire_rested":0,"item_purchase_floors":[3],"current_hp_per_floor":[64,69,69,69,46,46,46,46,46,46,46,46,46,36,36,36,61,29,29,29,29,18,18,7,7],"gold":253,"neow_bonus":"THREE_ENEMY_KILL","is_prod":false,"is_daily":false,"chose_seed":false,"campfire_upgraded":4,"win_rate":0,"timestamp":1542704283,"path_taken":["M","?","$","?","?","E","M","R","T","?","?","?","R","M","R","BOSS","M","?","?","?","M","R","E","?"],"build_version":"2018-11-15","purchased_purges":0,"victory":false,"max_hp_per_floor":[71,76,76,76,76,76,76,76,76,76,76,69,69,69,69,69,69,69,69,34,34,34,34,34,34],"card_choices":[{"not_picked":["Cold Snap","Go for the Eyes","Storm"],"picked":"SKIP","floor":1.0},{"not_picked":["Conserve Battery","Gash"],"picked":"Coolheaded","floor":6.0},{"not_picked":["Turbo","Coolheaded"],"picked":"Streamline","floor":7.0},{"not_picked":["BootSequence","Cold Snap","Fusion"],"picked":"SKIP","floor":11.0},{"not_picked":["Gash","Beam Cell"],"picked":"Echo Form","floor":14.0},{"not_picked":["Beam Cell+1","Scrape","Force Field"],"picked":"SKIP","floor":18.0},{"not_picked":["Consume","Double Energy","Cold Snap"],"picked":"SKIP","floor":22.0},{"not_picked":["Steam","Barrage","Aggregate"],"picked":"SKIP","floor":24}],"player_experience":582252,"relics_obtained":[{"floor":6.0,"key":"Blue Candle"},{"floor":9.0,"key":"War Paint"},{"floor":24,"key":"Girya"}],"event_choices":[{"damage_healed":0.0,"max_hp_gain":5.0,"max_hp_loss":0.0,"gold_gain":0.0,"event_name":"Big Fish","player_choice":"Donut","floor":2.0,"gold_loss":0.0,"damage_taken":0.0},{"damage_healed":0.0,"max_hp_gain":0.0,"max_hp_loss":0.0,"gold_gain":0.0,"event_name":"The Cleric","player_choice":"Leave","floor":4.0,"gold_loss":0.0,"damage_taken":0.0},{"damage_healed":0.0,"max_hp_gain":0.0,"max_hp_loss":0.0,"gold_gain":0.0,"event_name":"Shining Light","player_choice":"Entered Light","floor":5.0,"gold_loss":0.0,"damage_taken":23.0,"cards_upgraded":["Strike_B","Defend_B"]},{"damage_healed":0.0,"max_hp_gain":0.0,"max_hp_loss":0.0,"gold_gain":0.0,"event_name":"Liars Game","player_choice":"Ignored","floor":10.0,"gold_loss":0.0,"damage_taken":0.0},{"damage_healed":0.0,"max_hp_gain":0.0,"max_hp_loss":7.0,"gold_gain":0.0,"event_name":"Golden Idol","player_choice":"Lose Max HP","floor":12.0,"gold_loss":0.0,"damage_taken":0.0,"relics_obtained":["Golden Idol"]},{"cards_removed":["Strike_B"],"damage_healed":0.0,"max_hp_gain":0.0,"max_hp_loss":0.0,"gold_gain":0.0,"event_name":"Beggar","player_choice":"Gave Gold","floor":19.0,"gold_loss":75.0,"damage_taken":0.0},{"damage_healed":0.0,"max_hp_gain":0.0,"max_hp_loss":35.0,"gold_gain":0.0,"event_name":"Ghosts","player_choice":"Became a Ghost","floor":20.0,"gold_loss":0.0,"damage_taken":0.0,"cards_obtained":["Ghostly","Ghostly","Ghostly"]},{"damage_healed":0.0,"max_hp_gain":0.0,"max_hp_loss":0.0,"gold_gain":0.0,"event_name":"Forgotten Altar","player_choice":"Gave Idol","floor":21.0,"relics_lost":["Golden Idol"],"gold_loss":0.0,"damage_taken":0.0,"relics_obtained":["Bloody Idol"]},{"damage_healed":0,"gold_gain":0,"player_choice":"Fight","damage_taken":0,"max_hp_gain":0,"max_hp_loss":0,"event_name":"Colosseum","floor":25,"gold_loss":0}],"is_beta":true,"boss_relics":[{"not_picked":["Lizard Tail","FrozenCore"],"picked":"Philosopher\u0027s Stone"}],"items_purged_floors":[],"is_endless":false,"potions_floor_spawned":[6,14,16,24],"killed_by":"Colosseum Slavers","ascension_level":20}