{"gold_per_floor":[112,22,35,110,135,169,179,179,251,251,263,263,276,293,293,370,370,382,409,409,421,421,421,439,439,463,463,498,498,511,528,528,607,607,621,621,312,322,11,11,40,52,77,87,98,109,109,109,109,109,109,109,109,3,29,29],"floor_reached":57,"playtime":2654,"items_purged":["Defend_G","Defend_G","Defend_G"],"score":2868,"play_id":"af8198ec-bdef-4725-beb8-c721add215b0","local_time":"20181220142434","is_ascension_mode":true,"campfire_choices":[{"data":"Well Laid Plans","floor":10.0,"key":"SMITH"},{"data":"Neutralize","floor":12.0,"key":"SMITH"},{"data":"Reflex","floor":15.0,"key":"SMITH"},{"data":"Prepared","floor":23.0,"key":"SMITH"},{"data":"Acrobatics","floor":25.0,"key":"SMITH"},{"data":"Prepared","floor":27.0,"key":"SMITH"},{"data":"Tactician","floor":32.0,"key":"SMITH"},{"data":"Expertise","floor":40.0,"key":"SMITH"},{"data":"Grand Finale","floor":47.0,"key":"SMITH"},{"floor":49.0,"key":"RECALL"},{"data":"Backflip","floor":53.0,"key":"SMITH"}],"neow_cost":"NONE","seed_source_timestamp":11709631031831,"circlet_count":0,"master_deck":["AscendersBane","Defend_G","Defend_G","Strike_G+1","Strike_G+1","Survivor","Neutralize+1","Reflex+1","Tactician+1","Well Laid Plans+1","Unload","Prepared+1","Prepared+1","Backflip+1","Grand Finale+1","Distraction+1","After Image+1","Backstab+1","Acrobatics+1","Panacea","After Image","Expertise+1"],"special_seed":0,"relics":["Ring of the Snake","NeowsBlessing","Centennial Puzzle","The Specimen","Mercury Hourglass","Astrolabe","Red Mask","Smiling Mask","Whetstone","Runic Pyramid","Blood Vial","Tingsha","Boot","Oddly Smooth Stone"],"potions_floor_usage":[56,56,56,56],"damage_taken":[{"damage":0.0,"enemies":"Cultist","floor":1.0,"turns":1.0},{"damage":0.0,"enemies":"Jaw Worm","floor":3.0,"turns":1.0},{"damage":0.0,"enemies":"3 Sentries","floor":6.0,"turns":1.0},{"damage":0.0,"enemies":"Small Slimes","floor":7.0,"turns":3.0},{"damage":3.0,"enemies":"Looter","floor":11.0,"turns":3.0},{"damage":4.0,"enemies":"Blue Slaver","floor":13.0,"turns":4.0},{"damage":4.0,"enemies":"Exordium Thugs","floor":14.0,"turns":4.0},{"damage":33.0,"enemies":"Hexaghost","floor":16.0,"turns":10.0},{"damage":8.0,"enemies":"2 Thieves","floor":18.0,"turns":2.0},{"damage":1.0,"enemies":"Masked Bandits","floor":19.0,"turns":2.0},{"damage":1.0,"enemies":"Shell Parasite","floor":21.0,"turns":3.0},{"damage":3.0,"enemies":"Centurion and Healer","floor":24.0,"turns":2.0},{"damage":1.0,"enemies":"Gremlin Leader","floor":28.0,"turns":3.0},{"damage":0.0,"enemies":"Snake Plant","floor":30.0,"turns":2.0},{"damage":0.0,"enemies":"Shelled Parasite and Fungi","floor":31.0,"turns":2.0},{"damage":18.0,"enemies":"Collector","floor":33.0,"turns":10.0},{"damage":0.0,"enemies":"3 Shapes","floor":35.0,"turns":2.0},{"damage":0.0,"enemies":"Orb Walker","floor":38.0,"turns":3.0},{"damage":0.0,"enemies":"Reptomancer","floor":41.0,"turns":3.0},{"damage":0.0,"enemies":"Maw","floor":42.0,"turns":5.0},{"damage":0.0,"enemies":"4 Shapes","floor":44.0,"turns":4.0},{"damage":0.0,"enemies":"Transient","floor":45.0,"turns":6.0},{"damage":0.0,"enemies":"Maw","floor":46.0,"turns":3.0},{"damage":0.0,"enemies":"Time Eater","floor":50.0,"turns":5.0},{"damage":1.0,"enemies":"Donu and Deca","floor":51.0,"turns":4.0},{"damage":10.0,"enemies":"Shield and Spear","floor":55.0,"turns":3.0},{"damage":42,"enemies":"The Heart","floor":56,"turns":7}],"seed_played":"-1430291194062659095","potions_obtained":[{"floor":3.0,"key":"SkillPotion"},{"floor":6.0,"key":"SneckoOil"},{"floor":11.0,"key":"AttackPotion"},{"floor":18.0,"key":"Fire Potion"},{"floor":19.0,"key":"EssenceOfSteel"},{"floor":38.0,"key":"EntropicBrew"}],"is_trial":false,"path_per_floor":["M","$","M","?","T","E","M","?","T","R","M","R","M","M","R","B",null,"M","?","?","M","?","R","M","R","T","R","E","T","M","M","R","B",null,"M","?","$","M","$","R","E","M","T","M","M","M","R","?","R","B","B",null,"R","$","E","B",null],"character_chosen":"THE_SILENT","items_purchased":["Tactician","Blood Vial","Panacea","After Image","Expertise","FearPotion"],"campfire_rested":0,"item_purchase_floors":[2,37,37,39,39,54],"current_hp_per_floor":[59,59,59,48,48,48,48,53,53,53,50,50,46,42,42,9,56,48,47,47,46,46,46,43,43,43,43,42,42,42,42,42,24,59,59,59,59,61,61,61,63,65,65,67,67,67,67,63,63,65,66,67,67,67,57,17],"gold":29,"neow_bonus":"THREE_ENEMY_KILL","is_prod":false,"is_daily":false,"chose_seed":false,"campfire_upgraded":10,"win_rate":0,"timestamp":1545287074,"path_taken":["M","$","?","?","?","E","M","?","T","R","M","R","M","M","R","BOSS","M","?","?","M","?","R","M","R","T","R","E","?","M","?","R","BOSS","M","?","$","M","$","R","E","M","T","M","M","M","R","?","R","BOSS","BOSS","R","$","E","BOSS"],"build_version":"2018-12-13","purchased_purges":3,"victory":true,"max_hp_per_floor":[66,66,66,66,66,66,66,71,71,71,71,71,71,71,71,71,71,71,71,71,71,71,71,71,71,71,71,71,71,71,71,71,71,71,71,67,67,67,67,67,67,67,67,67,67,67,67,67,67,67,67,67,67,67,67,67],"card_choices":[{"not_picked":["Prepared","Blur"],"picked":"Reflex","floor":1.0},{"not_picked":["Dagger Spray","Dodge and Roll"],"picked":"Well Laid Plans","floor":3.0},{"not_picked":["Skewer","Leg Sweep"],"picked":"Unload","floor":6.0},{"not_picked":["Slice","Poisoned Stab"],"picked":"Prepared","floor":7.0},{"not_picked":["Choke","Flying Knee","Quick Slash"],"picked":"SKIP","floor":11.0},{"not_picked":["Eviscerate","Blur"],"picked":"Prepared","floor":13.0},{"not_picked":["Cloak And Dagger","Outmaneuver"],"picked":"Backflip","floor":14.0},{"not_picked":["Die Die Die","Venomology"],"picked":"Grand Finale","floor":16.0},{"not_picked":["Dash+1","Slice","Dagger Throw"],"picked":"SKIP","floor":18.0},{"not_picked":["Cloak And Dagger","Sucker Punch","Bane"],"picked":"SKIP","floor":21.0},{"not_picked":["Deadly Poison","Dodge and Roll"],"picked":"Acrobatics","floor":24.0},{"not_picked":["Distraction","Riddle With Holes","Predator+1"],"picked":"SKIP","floor":28.0},{"not_picked":["Crippling Poison","Backflip","Deadly Poison"],"picked":"SKIP","floor":30.0},{"not_picked":["Endless Agony","Reflex","Noxious Fumes"],"picked":"SKIP","floor":31.0},{"not_picked":["PiercingWail","Choke","Underhanded Strike"],"picked":"SKIP","floor":35.0},{"not_picked":["Dodge and Roll+1","Skewer","Terror"],"picked":"SKIP","floor":38.0},{"not_picked":["Deflect","Acrobatics","Riddle With Holes"],"picked":"SKIP","floor":41.0},{"not_picked":["Blade Dance","Sucker Punch","Deadly Poison"],"picked":"SKIP","floor":42.0},{"not_picked":["Dagger Spray+1","Acrobatics+1","Caltrops"],"picked":"SKIP","floor":44.0},{"not_picked":["Choke","Dagger Throw","Blur"],"picked":"SKIP","floor":45.0},{"not_picked":["Riddle With Holes","Slice+1","Skewer"],"picked":"SKIP","floor":46.0},{"not_picked":["Well Laid Plans","Bouncing Flask","Dagger Spray"],"picked":"SKIP","floor":55.0},{"not_picked":["Well Laid Plans","Bouncing Flask","Dagger Spray"],"picked":"SKIP","floor":55.0}],"player_experience":1403747,"relics_obtained":[{"floor":5.0,"key":"Centennial Puzzle"},{"floor":6.0,"key":"The Specimen"},{"floor":9.0,"key":"Mercury Hourglass"},{"floor":19.0,"key":"Red Mask"},{"floor":26.0,"key":"Smiling Mask"},{"floor":28.0,"key":"Whetstone"},{"floor":41.0,"key":"Tingsha"},{"floor":43.0,"key":"Boot"},{"floor":55.0,"key":"Oddly Smooth Stone"}],"event_choices":[{"damage_healed":0.0,"max_hp_gain":0.0,"max_hp_loss":0.0,"gold_gain":75.0,"event_name":"World of Goop","player_choice":"Gather Gold","floor":4.0,"gold_loss":0.0,"damage_taken":11.0},{"damage_healed":0.0,"max_hp_gain":5.0,"max_hp_loss":0.0,"gold_gain":0.0,"event_name":"Big Fish","player_choice":"Donut","floor":8.0,"gold_loss":0.0,"damage_taken":0.0},{"damage_healed":0.0,"max_hp_gain":0.0,"max_hp_loss":0.0,"gold_gain":0.0,"event_name":"Masked Bandits","player_choice":"Fought Bandits","floor":19.0,"gold_loss":0.0,"damage_taken":0.0},{"damage_healed":0.0,"max_hp_gain":0.0,"max_hp_loss":0.0,"gold_gain":0.0,"event_name":"The Mausoleum","player_choice":"Ignored","floor":20.0,"gold_loss":0.0,"damage_taken":0.0},{"damage_healed":0.0,"max_hp_gain":0.0,"max_hp_loss":0.0,"gold_gain":0.0,"event_name":"Vampires","player_choice":"Ignored","floor":22.0,"gold_loss":0.0,"damage_taken":0.0},{"damage_healed":0.0,"max_hp_gain":0.0,"max_hp_loss":4.0,"gold_gain":0.0,"event_name":"Winding Halls","player_choice":"Max HP","floor":36.0,"gold_loss":0.0,"damage_taken":0.0},{"damage_healed":0.0,"max_hp_gain":0.0,"max_hp_loss":0.0,"gold_gain":0.0,"event_name":"The Woman in Blue","player_choice":"Bought 0 Potions","floor":48.0,"gold_loss":0.0,"damage_taken":0.0}],"is_beta":false,"boss_relics":[{"not_picked":["WristBlade","Ring of the Serpent"],"picked":"Astrolabe"},{"not_picked":["Sozu","Orrery"],"picked":"Runic Pyramid"}],"items_purged_floors":[37,39,54],"is_endless":false,"potions_floor_spawned":[3,6,11,14,18,19,30,33,38,42],"ascension_level":20}