{"gold_per_floor":[113,263,188,199,199,199,99,131,131,131,131,131,53,66,66,66],"floor_reached":16,"playtime":164,"items_purged":["Doubt","Defend_G"],"score":242,"play_id":"a1b23f2b-1bc9-4b04-ba4b-6fbd2d9f95a7","local_time":"20181227180850","is_ascension_mode":true,"campfire_choices":[{"data":"Neutralize","floor":6,"key":"SMITH"},{"data":"Expertise","floor":10,"key":"SMITH"},{"data":"Backflip","floor":12,"key":"SMITH"},{"data":"Calculated Gamble","floor":15,"key":"SMITH"}],"neow_cost":"NONE","seed_source_timestamp":23328768512747,"circlet_count":0,"master_deck":["AscendersBane","Defend_G+1","Defend_G","Defend_G","Defend_G+1","Strike_G","Strike_G","Strike_G","Strike_G","Survivor","Neutralize+1","Backflip+1","Expertise+1","Calculated Gamble+1","Prepared"],"relics":["Ring of the Snake","NeowsBlessing","Tough Bandages"],"potions_floor_usage":[],"damage_taken":[{"damage":0,"enemies":"2 Louse","floor":1,"turns":1},{"damage":0,"enemies":"Small Slimes","floor":4,"turns":1},{"damage":0,"enemies":"Lagavulin","floor":8,"turns":1},{"damage":0,"enemies":"Jaw Worm","floor":14,"turns":5},{"damage":0,"enemies":"The Guardian","floor":16,"turns":1}],"seed_played":"-6750406492809881275","potions_obtained":[{"floor":4,"key":"SneckoOil"},{"floor":8,"key":"Fire Potion"}],"is_trial":false,"path_per_floor":["M","?","$","M","?","R","$","E","T","R","?","R","$","M","R","B"],"character_chosen":"THE_SILENT","items_purchased":["Calculated Gamble"],"campfire_rested":0,"item_purchase_floors":[13],"current_hp_per_floor":[59,59,59,59,52,52,52,52,52,52,32,32,32,32,32,32],"gold":66,"neow_bonus":"THREE_ENEMY_KILL","is_prod":false,"is_daily":false,"chose_seed":false,"campfire_upgraded":4,"win_rate":0,"timestamp":1545905330,"path_taken":["M","?","$","M","?","R","?","E","T","R","?","R","$","M","R","BOSS"],"build_version":"2018-12-20","purchased_purges":2,"victory":false,"max_hp_per_floor":[66,66,66,66,66,66,66,66,66,66,66,66,66,66,66,66],"card_choices":[{"not_picked":["Poisoned Stab","Infinite Blades"],"picked":"Backflip","floor":1},{"not_picked":["Acrobatics","Dagger Spray","Dagger Throw"],"picked":"SKIP","floor":4},{"not_picked":["Slice","Terror"],"picked":"Expertise","floor":8},{"not_picked":["Dagger Throw","Blade Dance"],"picked":"Prepared","floor":14}],"player_experience":1528306,"relics_obtained":[{"floor":8,"key":"Tough Bandages"}],"event_choices":[{"damage_healed":0,"gold_gain":150,"player_choice":"AGREE","damage_taken":0,"max_hp_gain":0,"max_hp_loss":0,"event_name":"Liars Game","floor":2,"gold_loss":0,"cards_obtained":["Doubt"]},{"cards_removed":["Strike_G"],"damage_healed":0,"gold_gain":0,"player_choice":"Card Removal","damage_taken":7,"max_hp_gain":0,"max_hp_loss":0,"event_name":"Golden Wing","floor":5,"gold_loss":0},{"damage_healed":0,"gold_gain":0,"player_choice":"Entered Light","damage_taken":20,"max_hp_gain":0,"max_hp_loss":0,"event_name":"Shining Light","floor":11,"gold_loss":0,"cards_upgraded":["Defend_G","Defend_G"]}],"is_beta":false,"boss_relics":[],"items_purged_floors":[3,7],"is_endless":false,"potions_floor_spawned":[4,8],"killed_by":"The Guardian","ascension_level":20}