{"gold_per_floor":[17,17,29,39,39,67,67,98,145,178,190,190,200,215,215,293,293,309,323,43,73,90,117,117,117],"floor_reached":25,"playtime":1447,"items_purged":["Strike_R"],"score":586,"play_id":"cbd48845-45ae-44d7-b4dc-7d7db8ccec22","local_time":"20190601195708","is_ascension_mode":true,"campfire_choices":[{"data":"Body Slam","floor":7.0,"key":"SMITH"},{"floor":12.0,"key":"DIG"},{"floor":15.0,"key":"DIG"},{"floor":24.0,"key":"DIG"}],"neow_cost":"NO_GOLD","seed_source_timestamp":10374515276713,"circlet_count":0,"master_deck":["AscendersBane","Strike_R","Strike_R","Defend_R","Defend_R","Defend_R","Defend_R","Bash","Second Wind","Power Through","Immolate","Body Slam+1","Pain","Dark Embrace","Entrench","Impervious","Seeing Red+1","Shrug It Off"],"special_seed":0,"relics":["Burning Blood","WarpedTongs","Question Card","Red Skull","Smiling Mask","Shovel","Girya","Dodecahedron","Cursed Key","Medical Kit","Red Mask","Omamori","Potion Belt"],"potions_floor_usage":[],"damage_taken":[{"damage":16.0,"enemies":"Jaw Worm","floor":1.0,"turns":8.0},{"damage":0.0,"enemies":"Cultist","floor":3.0,"turns":4.0},{"damage":4.0,"enemies":"Small Slimes","floor":4.0,"turns":4.0},{"damage":7.0,"enemies":"3 Sentries","floor":6.0,"turns":6.0},{"damage":14.0,"enemies":"Lagavulin","floor":8.0,"turns":7.0},{"damage":2.0,"enemies":"Gremlin Nob","floor":10.0,"turns":3.0},{"damage":6.0,"enemies":"Looter","floor":11.0,"turns":2.0},{"damage":7.0,"enemies":"Large Slime","floor":13.0,"turns":5.0},{"damage":2.0,"enemies":"Lots of Slimes","floor":14.0,"turns":2.0},{"damage":28.0,"enemies":"The Guardian","floor":16.0,"turns":12.0},{"damage":27.0,"enemies":"Chosen","floor":18.0,"turns":5.0},{"damage":5.0,"enemies":"Spheric Guardian","floor":19.0,"turns":4.0},{"damage":44.0,"enemies":"Masked Bandits","floor":21.0,"turns":5.0},{"damage":14.0,"enemies":"Snake Plant","floor":22.0,"turns":3.0},{"damage":5.0,"enemies":"Slavers","floor":23.0,"turns":8.0},{"damage":18,"enemies":"Book of Stabbing","floor":25,"turns":3}],"seed_played":"-8862869077370633416","potions_obtained":[{"floor":4.0,"key":"Block Potion"},{"floor":8.0,"key":"Regen Potion"},{"floor":11.0,"key":"AttackPotion"},{"floor":21.0,"key":"LiquidBronze"},{"floor":22.0,"key":"FearPotion"}],"is_trial":false,"path_per_floor":["M","?","M","M","?","E","R","E","T","E","M","R","M","M","R","B",null,"M","M","$","?","M","E","R","E"],"character_chosen":"IRONCLAD","items_purchased":["Medical Kit"],"campfire_rested":0,"item_purchase_floors":[20],"current_hp_per_floor":[58,58,64,66,66,65,65,57,57,61,61,61,60,64,64,42,67,57,58,58,20,12,13,13,0],"gold":117,"neow_bonus":"TRANSFORM_TWO_CARDS","is_prod":false,"is_daily":false,"chose_seed":false,"campfire_upgraded":1,"win_rate":0,"timestamp":1559390228,"path_taken":["M","?","M","?","?","E","R","E","T","E","M","R","M","M","R","BOSS","M","?","$","?","M","E","R","E"],"build_version":"2019-01-23","purchased_purges":1,"victory":false,"max_hp_per_floor":[75,75,75,75,75,75,75,75,75,75,75,75,75,75,75,75,75,75,75,75,75,75,75,75,75],"card_choices":[{"not_picked":["Perfected Strike","Pummel","Clash"],"picked":"SKIP","floor":1.0},{"not_picked":["Heavy Blade","Rupture","Headbutt"],"picked":"SKIP","floor":3.0},{"not_picked":["Armaments","Clash"],"picked":"Body Slam","floor":4.0},{"not_picked":["Rampage","Metallicize","Ghostly Armor"],"picked":"SKIP","floor":6.0},{"not_picked":["Iron Wave","Power Through","Pommel Strike","Shrug It Off"],"picked":"SKIP","floor":8.0},{"not_picked":["Iron Wave","Body Slam","Sword Boomerang"],"picked":"Dark Embrace","floor":10.0},{"not_picked":["Havoc","Shrug It Off","Warcry"],"picked":"Entrench","floor":11.0},{"not_picked":["Inflame","Sword Boomerang","Warcry","Dropkick"],"picked":"SKIP","floor":13.0},{"not_picked":["True Grit","Pommel Strike","Corruption","Iron Wave"],"picked":"SKIP","floor":14.0},{"not_picked":["Juggernaut","Immolate","Demon Form"],"picked":"Impervious","floor":16.0},{"not_picked":["Warcry+1","Twin Strike","Sever Soul"],"picked":"Seeing Red+1","floor":18.0},{"not_picked":["Perfected Strike","Body Slam","Twin Strike","Disarm"],"picked":"SKIP","floor":19.0},{"not_picked":["Uppercut","Brutality","Ghostly Armor"],"picked":"Shrug It Off","floor":21.0},{"not_picked":["Anger","Heavy Blade","Thunderclap","Rampage"],"picked":"SKIP","floor":22.0},{"not_picked":["Anger","Havoc+1","Entrench","Perfected Strike"],"picked":"SKIP","floor":23.0}],"player_experience":4972290,"relics_obtained":[{"floor":6.0,"key":"Question Card"},{"floor":8.0,"key":"Red Skull"},{"floor":9.0,"key":"Smiling Mask"},{"floor":10.0,"key":"Shovel"},{"floor":12.0,"key":"Girya"},{"floor":15.0,"key":"Dodecahedron"},{"floor":21.0,"key":"Red Mask"},{"floor":23.0,"key":"Omamori"},{"floor":24.0,"key":"Potion Belt"}],"event_choices":[{"damage_healed":0.0,"max_hp_gain":0.0,"max_hp_loss":0.0,"gold_gain":0.0,"event_name":"Match and Keep!","player_choice":"1 cards matched","floor":2.0,"gold_loss":0.0,"damage_taken":0.0,"cards_obtained":["Immolate"]},{"damage_healed":0.0,"max_hp_gain":0.0,"max_hp_loss":0.0,"gold_gain":0.0,"event_name":"Accursed Blacksmith","player_choice":"Rummage","floor":5.0,"gold_loss":0.0,"damage_taken":0.0,"relics_obtained":["WarpedTongs"],"cards_obtained":["Pain"]},{"damage_healed":0.0,"max_hp_gain":0.0,"max_hp_loss":0.0,"gold_gain":0.0,"event_name":"Masked Bandits","player_choice":"Fought Bandits","floor":21.0,"gold_loss":0.0,"damage_taken":0.0}],"is_beta":false,"boss_relics":[{"not_picked":["Astrolabe","Tiny House"],"picked":"Cursed Key"}],"items_purged_floors":[20],"is_endless":false,"potions_floor_spawned":[4,8,11,16,21,22,23],"killed_by":"Book of Stabbing","ascension_level":20}