{"gold_per_floor":[109,30,41,41,41,75,75,88,170,189,214,214,214,245,245,340,340,360,6,6,24,24,58,58,58,58,58,58,77,77,77,77,166,166,166],"floor_reached":35,"playtime":3519,"items_purged":["Strike_G"],"score":811,"play_id":"7c490728-15cd-426f-b5e6-57fc1e7b8bd1","local_time":"20190126153054","is_ascension_mode":true,"campfire_choices":[{"data":"Well Laid Plans","floor":12.0,"key":"SMITH"},{"data":"Skewer","floor":15.0,"key":"SMITH"},{"data":"Night Terror","floor":24.0,"key":"SMITH"},{"floor":28.0,"key":"REST"},{"data":"Footwork","floor":30.0,"key":"SMITH"},{"data":"Setup","floor":32.0,"key":"SMITH"}],"neow_cost":"NONE","seed_source_timestamp":20483339468653,"circlet_count":0,"master_deck":["AscendersBane","Defend_G","Defend_G","Defend_G","Survivor","Neutralize","Dash","Well Laid Plans+1","Footwork+1","Leg Sweep","Caltrops","Night Terror","Skewer+1","Malaise","Calculated Gamble+1","Backflip","Night Terror+1","Reflex+1","Setup+1","After Image"],"special_seed":0,"relics":["Ring of the Snake","NeowsBlessing","Juzu Bracelet","Golden Idol","Pantograph","Bottled Tornado","HoveringKite","DollysMirror","theJungle:SpiritDisease","Ancient Tea Set","theJungle:BirthdayCakeSlice","Spirit Poop","Bag of Marbles","Cursed Key"],"potions_floor_usage":[],"damage_taken":[{"damage":0.0,"enemies":"2 Louse","floor":1.0,"turns":1.0},{"damage":0.0,"enemies":"Small Slimes","floor":3.0,"turns":1.0},{"damage":0.0,"enemies":"Gremlin Nob","floor":6.0,"turns":1.0},{"damage":0.0,"enemies":"Cultist","floor":8.0,"turns":4.0},{"damage":1.0,"enemies":"Exordium Wildlife","floor":10.0,"turns":7.0},{"damage":1.0,"enemies":"Blue Slaver","floor":11.0,"turns":5.0},{"damage":5.0,"enemies":"3 Sentries","floor":14.0,"turns":16.0},{"damage":37.0,"enemies":"Slime Boss","floor":16.0,"turns":14.0},{"damage":0.0,"enemies":"theJungle:GiantWrat","floor":18.0,"turns":6.0},{"damage":0.0,"enemies":"theJungle:Flameango_and_Byrd","floor":21.0,"turns":9.0},{"damage":36.0,"enemies":"theJungle:MamaSnecko","floor":23.0,"turns":12.0},{"damage":1.0,"enemies":"Snake Plant","floor":29.0,"turns":5.0},{"damage":25,"enemies":"theJungle:TotemBoss","floor":33,"turns":38},{"damage":0,"enemies":"3 Darklings","floor":35,"turns":1}],"seed_played":"1528059671561673898","potions_obtained":[{"floor":1.0,"key":"FearPotion"},{"floor":6.0,"key":"Explosive Potion"},{"floor":14.0,"key":"Explosive Potion"},{"floor":18.0,"key":"Regen Potion"},{"floor":21.0,"key":"Explosive Potion"}],"is_trial":false,"path_per_floor":["M","$","M","$","?","E","?","M","T","M","M","R","?","E","R","B",null,"M","$","?","M","?","E","R","?","T","?","R","M","R","T","R","B",null,"M"],"character_chosen":"THE_SILENT","items_purchased":["Well Laid Plans","Backflip","DollysMirror"],"campfire_rested":1,"item_purchase_floors":[2,19,19],"current_hp_per_floor":[59,59,59,59,52,52,52,52,52,51,50,50,50,45,45,23,51,51,51,41,56,56,20,20,25,25,10,31,30,30,30,30,30,60,60],"gold":166,"neow_bonus":"THREE_ENEMY_KILL","is_prod":false,"is_daily":false,"chose_seed":false,"campfire_upgraded":5,"win_rate":0,"timestamp":1548487854,"path_taken":["M","$","M","$","?","E","?","M","T","M","M","R","?","E","R","BOSS","M","$","?","M","?","E","R","?","T","?","R","M","R","?","R","BOSS","M"],"build_version":"2019-01-23","purchased_purges":1,"victory":false,"max_hp_per_floor":[66,66,66,66,66,66,60,60,60,60,60,60,60,60,60,60,60,60,60,65,65,65,65,65,70,70,70,70,70,70,70,70,70,70,70],"card_choices":[{"not_picked":["Calculated Gamble","Outmaneuver"],"picked":"Dash","floor":1.0},{"not_picked":["Endless Agony","Slice"],"picked":"Footwork","floor":3.0},{"not_picked":["Dagger Throw","Backflip"],"picked":"Leg Sweep","floor":6.0},{"not_picked":["Dagger Throw","Backflip","Bane"],"picked":"SKIP","floor":8.0},{"not_picked":["Skewer","Finisher"],"picked":"Caltrops","floor":10.0},{"not_picked":["Deadly Poison","Well Laid Plans"],"picked":"Night Terror","floor":11.0},{"not_picked":["Calculated Gamble","Expertise"],"picked":"Skewer","floor":14.0},{"not_picked":["Night Terror","Unload"],"picked":"Malaise","floor":16.0},{"not_picked":["Well Laid Plans","Deadly Poison"],"picked":"Calculated Gamble+1","floor":18.0},{"not_picked":["Prepared","Poisoned Stab","Underhanded Strike"],"picked":"SKIP","floor":21.0},{"not_picked":["Noxious Fumes","PiercingWail"],"picked":"Reflex+1","floor":23.0},{"not_picked":["All Out Attack","Endless Agony","Setup"],"picked":"SKIP","floor":29.0},{"not_picked":["All Out Attack","Endless Agony"],"picked":"Setup","floor":29.0},{"not_picked":["Adrenaline","Bullet Time"],"picked":"After Image","floor":33}],"player_experience":2276101,"relics_obtained":[{"floor":6.0,"key":"Juzu Bracelet"},{"floor":9.0,"key":"Pantograph"},{"floor":14.0,"key":"Bottled Tornado"},{"floor":23.0,"key":"Ancient Tea Set"},{"floor":26.0,"key":"Spirit Poop"},{"floor":31.0,"key":"Bag of Marbles"}],"event_choices":[{"cards_removed":["Strike_G"],"damage_healed":0.0,"max_hp_gain":0.0,"max_hp_loss":0.0,"gold_gain":0.0,"event_name":"Golden Wing","player_choice":"Card Removal","floor":5.0,"gold_loss":0.0,"damage_taken":7.0},{"damage_healed":0.0,"max_hp_gain":0.0,"max_hp_loss":6.0,"gold_gain":0.0,"event_name":"Golden Idol","player_choice":"Lose Max HP","floor":7.0,"gold_loss":0.0,"damage_taken":0.0,"relics_obtained":["Golden Idol"]},{"cards_removed":["Strike_G"],"damage_healed":0.0,"max_hp_gain":0.0,"max_hp_loss":0.0,"gold_gain":0.0,"event_name":"Purifier","player_choice":"Purged","floor":13.0,"gold_loss":0.0,"damage_taken":0.0}],"is_beta":false,"boss_relics":[{"not_picked":["Empty Cage","Snecko Eye"],"picked":"HoveringKite"},{"not_picked":["Eternal Feather","Black Star"],"picked":"Cursed Key"}],"items_purged_floors":[19],"is_endless":false,"potions_floor_spawned":[1,6,8,14,18,21],"killed_by":"3 Darklings","ascension_level":20}