{"gold_per_floor":[109,109,34,55,76,76,92,131,158,182,201,201,101,124,124,220,220,238,23,23,23,39,39,53,53,53,178,216,241,241,304,304,394,394,412,412,189,264,154,154,195,216,216,236,161,182,225,137,137,137,137,137,137,37,72,72],"floor_reached":57,"playtime":3718,"items_purged":["Strike_G","Strike_G","Defend_G","Defend_G","Leg Sweep","Corpse Explosion+1"],"score":3260,"play_id":"e644b62e-6f17-44b3-b064-94c124f1d4c7","local_time":"20190725110300","is_ascension_mode":true,"campfire_choices":[{"data":"Deadly Poison","floor":6.0,"key":"SMITH"},{"data":"Calculated Gamble","floor":15.0,"key":"SMITH"},{"data":"Neutralize","floor":23.0,"key":"SMITH"},{"data":"Acrobatics","floor":30.0,"key":"SMITH"},{"data":"Corpse Explosion","floor":32.0,"key":"SMITH"},{"floor":40.0,"key":"RECALL"},{"data":"Footwork","floor":49.0,"key":"SMITH"},{"data":"Ghostly","floor":53,"key":"SMITH"}],"neow_cost":"NONE","seed_source_timestamp":1557958033614514,"circlet_count":0,"master_deck":["AscendersBane","Survivor","Neutralize+1","Endless Agony","Calculated Gamble+1","Deadly Poison+1","Tactician+1","Blur+1","Caltrops+1","Prepared+1","Ghostly+1","Ghostly+1","Ghostly","Acrobatics+1","Adrenaline","Backflip","Footwork+1","After Image","Well Laid Plans+1","Catalyst+1"],"special_seed":0,"relics":["Ring of the Snake","Golden Idol","Lantern","Boot","Anchor","Astrolabe","Membership Card","Enchiridion","Kunai","Prayer Wheel","Bottled Lightning","Red Mask","Tiny Chest","Coffee Dripper","Unceasing Top","Gremlin Horn","Mercury Hourglass"],"potions_floor_usage":[56,56],"damage_taken":[{"damage":4.0,"enemies":"Jaw Worm","floor":1.0,"turns":6.0},{"damage":1.0,"enemies":"Cultist","floor":4.0,"turns":5.0},{"damage":1.0,"enemies":"2 Louse","floor":5.0,"turns":3.0},{"damage":14.0,"enemies":"Large Slime","floor":7.0,"turns":7.0},{"damage":20.0,"enemies":"3 Sentries","floor":8.0,"turns":3.0},{"damage":0.0,"enemies":"2 Fungi Beasts","floor":10.0,"turns":2.0},{"damage":1.0,"enemies":"Looter","floor":11.0,"turns":3.0},{"damage":0.0,"enemies":"3 Louse","floor":14.0,"turns":1.0},{"damage":8.0,"enemies":"Hexaghost","floor":16.0,"turns":9.0},{"damage":15.0,"enemies":"Shell Parasite","floor":18.0,"turns":4.0},{"damage":0.0,"enemies":"Chosen","floor":22.0,"turns":5.0},{"damage":0.0,"enemies":"3 Cultists","floor":24.0,"turns":3.0},{"damage":0.0,"enemies":"Colosseum Slavers","floor":27.0,"turns":3.0},{"damage":0.0,"enemies":"Colosseum Nobs","floor":27.0,"turns":5.0},{"damage":0.0,"enemies":"Masked Bandits","floor":28.0,"turns":3.0},{"damage":1.0,"enemies":"Snecko","floor":29.0,"turns":5.0},{"damage":0.0,"enemies":"Gremlin Leader","floor":31.0,"turns":6.0},{"damage":0.0,"enemies":"Collector","floor":33.0,"turns":8.0},{"damage":1.0,"enemies":"Orb Walker","floor":35.0,"turns":4.0},{"damage":0.0,"enemies":"Giant Head","floor":41.0,"turns":9.0},{"damage":0.0,"enemies":"3 Shapes","floor":42.0,"turns":3.0},{"damage":0.0,"enemies":"3 Darklings","floor":44.0,"turns":2.0},{"damage":0.0,"enemies":"Maw","floor":46.0,"turns":4.0},{"damage":0.0,"enemies":"Reptomancer","floor":47.0,"turns":5.0},{"damage":0.0,"enemies":"Awakened One","floor":50.0,"turns":8.0},{"damage":0,"enemies":"Time Eater","floor":51,"turns":12},{"damage":0,"enemies":"Shield and Spear","floor":55,"turns":6},{"damage":0,"enemies":"The Heart","floor":56,"turns":7}],"seed_played":"6594463015092959334","potions_obtained":[{"floor":4.0,"key":"GhostInAJar"},{"floor":5.0,"key":"Poison Potion"},{"floor":7.0,"key":"EssenceOfSteel"},{"floor":27.0,"key":"LiquidBronze"},{"floor":28.0,"key":"Ancient Potion"},{"floor":31.0,"key":"GamblersBrew"},{"floor":41.0,"key":"Energy Potion"},{"floor":55,"key":"SkillPotion"}],"is_trial":false,"path_per_floor":["M","?","$","M","M","R","M","E","T","M","M","T","$","M","R","B",null,"M","$","?","?","M","R","M","?","T","?","?","M","R","E","R","B",null,"M","?","$","T","?","R","E","M","T","M","$","M","E","$","R","B","B",null,"R","$","E","B",null],"character_chosen":"THE_SILENT","items_purchased":["Membership Card","Unceasing Top"],"campfire_rested":0,"item_purchase_floors":[19,37],"current_hp_per_floor":[55,55,55,54,53,53,39,19,19,19,18,18,18,18,18,10,48,33,33,33,12,12,12,12,12,12,12,12,11,11,11,11,11,25,24,24,24,24,24,24,24,24,24,24,24,24,24,24,24,24,24,29,29,29,29,29],"gold":72,"neow_bonus":"TRANSFORM_CARD","is_prod":false,"is_daily":false,"chose_seed":false,"campfire_upgraded":7,"win_rate":0,"timestamp":1564023780,"path_taken":["M","?","$","M","M","R","M","E","T","M","M","?","?","M","R","BOSS","M","$","?","?","M","R","M","?","T","?","?","?","R","E","R","BOSS","M","?","$","?","?","R","E","M","T","?","?","M","E","$","R","BOSS","BOSS","R","$","E","BOSS"],"build_version":"2019-07-17","purchased_purges":6,"victory":true,"max_hp_per_floor":[66,60,60,60,60,60,60,60,60,60,60,60,60,60,60,60,60,60,60,60,60,60,60,60,30,30,30,30,30,30,30,30,30,30,30,30,30,30,30,30,30,30,30,30,30,30,30,30,30,30,30,30,30,30,30,30],"card_choices":[{"not_picked":["Backflip","Underhanded Strike"],"picked":"Calculated Gamble","floor":1.0},{"not_picked":["Outmaneuver","Flying Knee","Dodge and Roll"],"picked":"SKIP","floor":4.0},{"not_picked":["Concentrate","Escape Plan"],"picked":"Deadly Poison","floor":5.0},{"not_picked":["Dash","Prepared"],"picked":"Corpse Explosion","floor":7.0},{"not_picked":["Backstab","Dagger Spray","Prepared"],"picked":"SKIP","floor":8.0},{"not_picked":["Sucker Punch","Deflect","Dagger Spray"],"picked":"SKIP","floor":10.0},{"not_picked":["Escape Plan","Deflect","Calculated Gamble"],"picked":"SKIP","floor":11.0},{"not_picked":["Deflect","Calculated Gamble"],"picked":"Escape Plan","floor":11.0},{"not_picked":["Deadly Poison","Slice","Quick Slash"],"picked":"SKIP","floor":14.0},{"not_picked":["Outmaneuver","Distraction+1","Bane+1"],"picked":"SKIP","floor":18.0},{"not_picked":["Crippling Poison","Flying Knee"],"picked":"Prepared+1","floor":22.0},{"not_picked":["Choke","Bane"],"picked":"Leg Sweep","floor":24.0},{"not_picked":["Underhanded Strike","Prepared"],"picked":"Acrobatics","floor":28.0},{"not_picked":["Sucker Punch","Terror","All Out Attack"],"picked":"SKIP","floor":29.0},{"not_picked":["Concentrate+1","Heel Hook+1","Sucker Punch"],"picked":"SKIP","floor":29.0},{"not_picked":["Die Die Die","Tactician","Dodge and Roll"],"picked":"SKIP","floor":31.0},{"not_picked":["After Image","Corpse Explosion"],"picked":"Adrenaline","floor":33.0},{"not_picked":["Heel Hook","Endless Agony+1"],"picked":"Backflip","floor":35.0},{"not_picked":["Prepared","Dagger Spray","Poisoned Stab"],"picked":"SKIP","floor":35.0},{"not_picked":["Prepared","Dagger Spray","Poisoned Stab"],"picked":"SKIP","floor":35.0},{"not_picked":["Dodge and Roll","Slice+1"],"picked":"Footwork","floor":41.0},{"not_picked":["Blade Dance","Prepared+1"],"picked":"After Image","floor":42.0},{"not_picked":["Blade Dance+1","Concentrate","Acrobatics"],"picked":"SKIP","floor":42.0},{"not_picked":["Expertise","Distraction"],"picked":"Well Laid Plans+1","floor":44.0},{"not_picked":["Blur","Bane","PiercingWail"],"picked":"SKIP","floor":44.0},{"not_picked":["Blade Dance","Prepared","Backflip"],"picked":"SKIP","floor":46.0},{"not_picked":["Concentrate","Flying Knee","Blur"],"picked":"SKIP","floor":46.0},{"not_picked":["PiercingWail","Envenom"],"picked":"Catalyst+1","floor":47.0},{"not_picked":["Quick Slash","Deadly Poison","Malaise"],"picked":"SKIP","floor":55}],"player_experience":1671560,"relics_obtained":[{"floor":8.0,"key":"Lantern"},{"floor":9.0,"key":"Boot"},{"floor":12.0,"key":"Anchor"},{"floor":21.0,"key":"Enchiridion"},{"floor":26.0,"key":"Kunai"},{"floor":27.0,"key":"Prayer Wheel"},{"floor":27.0,"key":"Bottled Lightning"},{"floor":28.0,"key":"Red Mask"},{"floor":31.0,"key":"Tiny Chest"},{"floor":38.0,"key":"Gremlin Horn"},{"floor":55,"key":"Mercury Hourglass"}],"event_choices":[{"damage_healed":0.0,"max_hp_gain":0.0,"max_hp_loss":6.0,"gold_gain":0.0,"event_name":"Golden Idol","player_choice":"Lose Max HP","floor":2.0,"gold_loss":0.0,"damage_taken":0.0,"relics_obtained":["Golden Idol"]},{"cards_removed":["Defend_G"],"damage_healed":0.0,"max_hp_gain":0.0,"max_hp_loss":0.0,"gold_gain":0.0,"event_name":"Back to Basics","player_choice":"Elegance","floor":20.0,"gold_loss":0.0,"damage_taken":0.0},{"damage_healed":0.0,"max_hp_gain":0.0,"max_hp_loss":0.0,"gold_gain":0.0,"event_name":"Cursed Tome","player_choice":"Obtained Book","floor":21.0,"gold_loss":0.0,"damage_taken":21.0},{"damage_healed":0.0,"max_hp_gain":0.0,"max_hp_loss":30.0,"gold_gain":0.0,"event_name":"Ghosts","player_choice":"Became a Ghost","floor":25.0,"gold_loss":0.0,"damage_taken":0.0,"cards_obtained":["Ghostly","Ghostly","Ghostly"]},{"damage_healed":0.0,"max_hp_gain":0.0,"max_hp_loss":0.0,"gold_gain":0.0,"event_name":"Colosseum","player_choice":"Fight","floor":27.0,"gold_loss":0.0,"damage_taken":0.0},{"damage_healed":0.0,"max_hp_gain":0.0,"max_hp_loss":0.0,"gold_gain":0.0,"event_name":"Colosseum","player_choice":"Fought Nobs","floor":27.0,"gold_loss":0.0,"damage_taken":0.0},{"damage_healed":0.0,"max_hp_gain":0.0,"max_hp_loss":0.0,"gold_gain":0.0,"event_name":"Masked Bandits","player_choice":"Fought Bandits","floor":28.0,"gold_loss":0.0,"damage_taken":0.0},{"cards_removed":["Defend_G"],"damage_healed":0.0,"max_hp_gain":0.0,"max_hp_loss":0.0,"gold_gain":0.0,"event_name":"Purifier","player_choice":"Purged","floor":36.0,"gold_loss":0.0,"damage_taken":0.0},{"cards_removed":["Defend_G"],"damage_healed":0.0,"max_hp_gain":0.0,"max_hp_loss":0.0,"gold_gain":0.0,"event_name":"Designer","player_choice":"Upgrade and Remove","floor":39.0,"gold_loss":110.0,"damage_taken":0.0,"cards_upgraded":["Ghostly"]}],"is_beta":false,"boss_relics":[{"not_picked":["Sozu","Empty Cage"],"picked":"Astrolabe"},{"not_picked":["Snecko Eye","Philosopher\u0027s Stone"],"picked":"Coffee Dripper"}],"items_purged_floors":[3,13,37,45,48,54],"is_endless":false,"potions_floor_spawned":[4,5,7,8,11,27,28,31,41,42,46,47,55],"ascension_level":20}