{"path_per_floor":["M","M","?","M","T","R","E","?","T","R","M","$","R","M","R"],"character_chosen":"THE_SILENT","items_purchased":[],"gold_per_floor":[110,126,126,145,145,145,174,127,127,127,145,85,85,102,102,102],"floor_reached":16,"campfire_rested":0,"playtime":361,"item_purchase_floors":[],"current_hp_per_floor":[63,63,63,63,63,63,30,30,30,30,24,24,24,21,21,0],"items_purged":["Defend_G"],"gold":102,"score":145,"play_id":"f982c045-a870-4809-b9a1-2632b9126514","local_time":"20180605213927","is_prod":false,"is_daily":false,"chose_seed":false,"is_ascension_mode":true,"campfire_upgraded":4,"win_rate":0,"timestamp":1528205967,"campfire_choices":[{"data":"Dagger Spray","floor":6,"key":"SMITH"},{"data":"Neutralize","floor":10,"key":"SMITH"},{"data":"Night Terror","floor":13,"key":"SMITH"},{"data":"Setup","floor":15,"key":"SMITH"}],"path_taken":["M","M","?","M","?","R","E","?","T","R","M","$","R","?","R","BOSS"],"build_version":"2018-06-04v2","seed_source_timestamp":46215011342182,"purchased_purges":1,"victory":false,"master_deck":["Defend_G","Defend_G","Defend_G","Strike_G","Strike_G","Strike_G","Strike_G","Survivor","Neutralize+1","Night Terror+1","Dagger Spray+1","Flying Knee","Prepared","Escape Plan","Setup+1"],"max_hp_per_floor":[70,70,70,70,70,70,70,70,70,70,70,70,70,70,70,70],"relics":["Ring of the Snake","Bottled Flame","Bottled Lightning","The Courier"],"card_choices":[{"not_picked":["Prepared","Slice"],"picked":"Dagger Spray","floor":1},{"not_picked":["Deflect","Acrobatics"],"picked":"Flying Knee","floor":2},{"not_picked":["Noxious Fumes","Dagger Spray"],"picked":"Prepared","floor":4},{"not_picked":["Poisoned Stab","Corpse Explosion"],"picked":"Escape Plan","floor":7},{"not_picked":["Blade Dance","Dagger Spray","Choke"],"picked":"SKIP","floor":11},{"not_picked":["Cloak And Dagger","PiercingWail"],"picked":"Setup","floor":14}],"player_experience":533048,"potions_floor_usage":[16],"damage_taken":[{"damage":0,"enemies":"2 Louse","floor":1,"turns":3},{"damage":0,"enemies":"Cultist","floor":2,"turns":3},{"damage":0,"enemies":"Small Slimes","floor":4,"turns":4},{"damage":33,"enemies":"Lagavulin","floor":7,"turns":8},{"damage":6,"enemies":"Exordium Wildlife","floor":11,"turns":3},{"damage":3,"enemies":"Looter","floor":14,"turns":3},{"damage":28,"enemies":"Slime Boss","floor":16,"turns":3}],"relics_obtained":[{"floor":5,"key":"Bottled Flame"},{"floor":7,"key":"Bottled Lightning"},{"floor":9,"key":"The Courier"}],"event_choices":[{"event_name":"Purifier","player_choice":"One Purge","floor":3,"damage_taken":0},{"event_name":"World of Goop","player_choice":"Left","floor":8,"damage_taken":0}],"boss_relics":[],"items_purged_floors":[12],"potions_floor_spawned":[11,14],"seed_played":"-5339393766038908473","killed_by":"Slime Boss","ascension_level":9,"potions_obtained":[{"floor":11,"key":"Energy Potion"},{"floor":14,"key":"LiquidBronze"}],"is_trial":false}