{"gold_per_floor":[109,184,184,201,214,214,164,164,164,196,212,212,227,227,227,227],"floor_reached":16,"playtime":314,"items_purged":[],"score":165,"play_id":"8c88f2f6-b53b-40b7-b2e3-f6b927132ee3","local_time":"20181011235357","is_ascension_mode":true,"campfire_choices":[{"data":"Inflame","floor":6,"key":"SMITH"},{"data":"Flex","floor":8,"key":"SMITH"},{"floor":12,"key":"REST"},{"data":"Dual Wield","floor":15,"key":"SMITH"}],"neow_cost":"TEN_PERCENT_HP_LOSS","seed_source_timestamp":3465684561992,"circlet_count":0,"master_deck":["Strike_R+1","Strike_R+1","Strike_R","Strike_R","Defend_R","Defend_R","Bash","AscendersBane","Flex+1","Inflame+1","Dual Wield+1"],"relics":["Burning Blood","Kunai","Bronze Scales"],"potions_floor_usage":[10,16],"damage_taken":[{"damage":6,"enemies":"Cultist","floor":1,"turns":3},{"damage":9,"enemies":"Small Slimes","floor":4,"turns":4},{"damage":2,"enemies":"2 Louse","floor":5,"turns":3},{"damage":37,"enemies":"3 Sentries","floor":10,"turns":6},{"damage":12,"enemies":"Looter","floor":11,"turns":3},{"damage":0,"enemies":"3 Louse","floor":13,"turns":2},{"damage":45,"enemies":"Hexaghost","floor":16,"turns":7}],"seed_played":"6503144053217859229","potions_obtained":[{"floor":4,"key":"SkillPotion"},{"floor":10,"key":"Ancient Potion"}],"is_trial":false,"path_per_floor":["M","?","?","M","M","R","?","R","T","E","M","R","M","?","R"],"character_chosen":"IRONCLAD","items_purchased":[],"campfire_rested":1,"item_purchase_floors":[],"current_hp_per_floor":[72,61,47,44,48,48,48,48,48,17,11,32,38,43,43,0],"gold":227,"neow_bonus":"REMOVE_TWO","is_prod":false,"is_daily":false,"chose_seed":false,"campfire_upgraded":3,"win_rate":0,"timestamp":1539273237,"path_taken":["M","?","?","M","M","R","?","R","T","E","?","R","M","?","R","BOSS"],"build_version":"2018-10-04v2","purchased_purges":0,"victory":false,"max_hp_per_floor":[72,72,72,72,72,72,72,72,72,72,72,72,72,77,77,77],"card_choices":[{"not_picked":["Body Slam","Dual Wield"],"picked":"Flex","floor":1},{"not_picked":["Clash","Wild Strike"],"picked":"Inflame","floor":4},{"not_picked":["Sever Soul","Iron Wave","Cleave"],"picked":"SKIP","floor":5},{"not_picked":["Infernal Blade","Havoc","Sever Soul"],"picked":"SKIP","floor":10},{"not_picked":["Heavy Blade","Iron Wave","Searing Blow"],"picked":"SKIP","floor":11},{"not_picked":["Anger","Heavy Blade"],"picked":"Dual Wield","floor":13}],"player_experience":113925,"relics_obtained":[{"floor":9,"key":"Kunai"},{"floor":10,"key":"Bronze Scales"}],"event_choices":[{"event_name":"World of Goop","player_choice":"Gather Gold","floor":2,"damage_taken":0},{"event_name":"Shining Light","player_choice":"Entered Light","floor":3,"damage_taken":0},{"event_name":"The Cleric","player_choice":"Card Removal","floor":7,"damage_taken":0},{"event_name":"Big Fish","player_choice":"Donut","floor":14,"damage_taken":0}],"is_beta":false,"boss_relics":[],"items_purged_floors":[],"is_endless":false,"potions_floor_spawned":[4,10],"killed_by":"Hexaghost","ascension_level":13}