{"gold_per_floor":[18,36,36,111,111,111,123,135,135,135,166,166,194,205,205,283,283,294,7,22,41,51,51,51],"floor_reached":24,"playtime":649,"items_purged":["Riddle With Holes"],"score":356,"play_id":"80eab033-52bc-4a73-9d3a-b678ef9c1a0e","local_time":"20190201050123","is_ascension_mode":true,"campfire_choices":[{"data":"Neutralize","floor":6,"key":"SMITH"},{"data":"Masterful Stab","floor":10,"key":"SMITH"},{"data":"Footwork","floor":12,"key":"SMITH"},{"data":"Deadly Poison","floor":15,"key":"SMITH"},{"data":"Wraith Form v2","floor":23,"key":"SMITH"}],"neow_cost":"NO_GOLD","seed_source_timestamp":11246022859405,"circlet_count":0,"master_deck":["AscendersBane","Survivor","Neutralize+1","Die Die Die","Infinite Blades","Masterful Stab+1","Footwork+1","Backflip","Deadly Poison+1","Predator","Poisoned Stab","Accuracy","Night Terror","Backflip","Quick Slash","Wraith Form v2+1","Outmaneuver","Footwork","Shrug It Off","Purity"],"relics":["Ring of the Snake","Matryoshka","Bird Faced Urn","Odd Mushroom","Pandora\u0027s Box","PrismaticShard"],"potions_floor_usage":[11,20,22,22],"damage_taken":[{"damage":0,"enemies":"Cultist","floor":1,"turns":3},{"damage":8,"enemies":"Jaw Worm","floor":2,"turns":4},{"damage":0,"enemies":"Small Slimes","floor":7,"turns":3},{"damage":0,"enemies":"2 Fungi Beasts","floor":8,"turns":3},{"damage":15,"enemies":"Gremlin Nob","floor":11,"turns":4},{"damage":7,"enemies":"The Mushroom Lair","floor":13,"turns":4},{"damage":4,"enemies":"Exordium Wildlife","floor":14,"turns":7},{"damage":4,"enemies":"The Guardian","floor":16,"turns":13},{"damage":11,"enemies":"3 Byrds","floor":18,"turns":7},{"damage":2,"enemies":"2 Thieves","floor":20,"turns":4},{"damage":54,"enemies":"3 Cultists","floor":21,"turns":7},{"damage":20,"enemies":"Cultist and Chosen","floor":22,"turns":7},{"damage":8,"enemies":"Slavers","floor":24,"turns":1}],"seed_played":"7706961868911563783","potions_obtained":[{"floor":2,"key":"SteroidPotion"},{"floor":7,"key":"GhostInAJar"},{"floor":14,"key":"Energy Potion"},{"floor":21,"key":"GhostInAJar"}],"is_trial":false,"path_per_floor":["M","M","?","?","?","R","M","M","T","R","E","R","?","M","R","B",null,"M","$","M","M","M","R","E"],"character_chosen":"THE_SILENT","items_purchased":["PrismaticShard"],"campfire_rested":0,"item_purchase_floors":[19],"current_hp_per_floor":[59,51,51,40,62,62,62,62,62,62,47,47,44,44,44,44,61,56,56,62,14,4,4,0],"gold":51,"neow_bonus":"THREE_RARE_CARDS","is_prod":false,"is_daily":false,"chose_seed":false,"campfire_upgraded":5,"win_rate":0,"timestamp":1548968483,"path_taken":["M","M","?","?","?","R","M","M","T","R","E","R","?","?","R","BOSS","M","$","M","M","M","R","E"],"build_version":"2019-01-23","purchased_purges":1,"victory":false,"max_hp_per_floor":[66,66,66,66,66,66,66,66,66,66,66,66,66,66,66,66,66,66,66,66,66,66,66,66],"card_choices":[{"not_picked":["Doppelganger","Bullet Time"],"picked":"Die Die Die","floor":0},{"not_picked":["Dagger Throw","Acrobatics"],"picked":"Infinite Blades","floor":1},{"not_picked":["Bane","Dagger Throw"],"picked":"Masterful Stab","floor":2},{"not_picked":["Choke","Underhanded Strike"],"picked":"Footwork","floor":7},{"not_picked":["Bane","Underhanded Strike","Quick Slash"],"picked":"SKIP","floor":8},{"not_picked":["Tactician","Concentrate"],"picked":"Backflip","floor":11},{"not_picked":["Backflip","Dagger Spray"],"picked":"Deadly Poison","floor":13},{"not_picked":["Sucker Punch","Predator","Deflect"],"picked":"SKIP","floor":14},{"not_picked":["Dagger Throw","Flying Knee"],"picked":"Footwork","floor":18},{"not_picked":["Blade Dance","Force Field"],"picked":"Shrug It Off","floor":20},{"not_picked":["Dagger Throw","Loop"],"picked":"Purity","floor":21},{"not_picked":["Flechettes","Hemokinesis","Iron Wave"],"picked":"SKIP","floor":22}],"player_experience":2440606,"relics_obtained":[{"floor":9,"key":"Matryoshka"},{"floor":11,"key":"Bird Faced Urn"},{"floor":13,"key":"Odd Mushroom"}],"event_choices":[{"cards_removed":["Strike_G"],"damage_healed":0,"gold_gain":0,"player_choice":"Forget","damage_taken":0,"max_hp_gain":0,"max_hp_loss":0,"event_name":"Living Wall","floor":3,"gold_loss":0},{"damage_healed":0,"gold_gain":75,"player_choice":"Gather Gold","damage_taken":11,"max_hp_gain":0,"max_hp_loss":0,"event_name":"World of Goop","floor":4,"gold_loss":0},{"damage_healed":22,"gold_gain":0,"player_choice":"Banana","damage_taken":0,"max_hp_gain":0,"max_hp_loss":0,"event_name":"Big Fish","floor":5,"gold_loss":0},{"damage_healed":0,"gold_gain":0,"player_choice":"Fought Mushrooms","damage_taken":0,"max_hp_gain":0,"max_hp_loss":0,"event_name":"Mushrooms","floor":13,"gold_loss":0}],"is_beta":false,"boss_relics":[{"not_picked":["HoveringKite","Astrolabe"],"picked":"Pandora\u0027s Box"}],"items_purged_floors":[19],"is_endless":false,"potions_floor_spawned":[2,7,8,14,16,21],"killed_by":"Slavers","ascension_level":16}