{"gold_per_floor":[117,117,1,1,15,53,53,89,89,38,38,58,58,89,89,89],"floor_reached":16,"playtime":697,"items_purged":["Shame"],"score":226,"play_id":"9753f576-ed49-4d70-89d2-604f6c35fc84","local_time":"20190530124455","is_ascension_mode":true,"campfire_choices":[{"floor":7,"key":"REST"},{"data":"Bash","floor":11,"key":"SMITH"},{"floor":13,"key":"REST"},{"floor":15,"key":"REST"}],"neow_cost":"NONE","seed_source_timestamp":67716769715895,"circlet_count":0,"master_deck":["AscendersBane","Strike_R","Strike_R","Strike_R","Strike_R","Strike_R","Defend_R","Defend_R","Defend_R","Defend_R","Bash+1","Injury","Decay","Whirlwind","Carnage","Second Wind+1","Shockwave+1","Pommel Strike+1","True Grit+1","Disarm+1","Dropkick+1","Shrug It Off+1"],"relics":["Calling Bell","Dream Catcher","Toxic Egg 2","Champion Belt","Golden Idol","Molten Egg 2","Letter Opener","Shuriken","Vajra"],"potions_floor_usage":[6,8,16],"damage_taken":[{"damage":12,"enemies":"Jaw Worm","floor":1,"turns":4},{"damage":0,"enemies":"2 Louse","floor":5,"turns":1},{"damage":33,"enemies":"Lagavulin","floor":6,"turns":6},{"damage":12,"enemies":"3 Sentries","floor":8,"turns":5},{"damage":0,"enemies":"Cultist","floor":12,"turns":4},{"damage":29,"enemies":"Gremlin Nob","floor":14,"turns":4},{"damage":45,"enemies":"Slime Boss","floor":16,"turns":12}],"seed_played":"-5081692626294946055","potions_obtained":[{"floor":4,"key":"SpeedPotion"},{"floor":4,"key":"SneckoOil"},{"floor":5,"key":"Strength Potion"},{"floor":14,"key":"Energy Potion"}],"is_trial":false,"path_per_floor":["M","?","$","?","M","E","R","E","T","$","R","M","R","E","R","B"],"character_chosen":"IRONCLAD","items_purchased":["Carnage","True Grit+1"],"campfire_rested":3,"item_purchase_floors":[3,10],"current_hp_per_floor":[56,56,56,56,56,23,43,31,31,31,31,31,51,22,42,0],"gold":89,"neow_bonus":"BOSS_RELIC","is_prod":false,"is_daily":false,"chose_seed":false,"campfire_upgraded":1,"win_rate":0,"timestamp":1559213095,"path_taken":["M","?","$","?","M","E","R","E","T","$","R","M","R","E","R","BOSS"],"build_version":"2019-01-23","purchased_purges":1,"victory":false,"max_hp_per_floor":[75,68,68,68,68,68,68,68,68,68,68,68,68,68,68,68],"card_choices":[{"not_picked":["Feel No Pain","Flex+1"],"picked":"Whirlwind","floor":1},{"not_picked":["Sentinel+1","Sever Soul"],"picked":"Second Wind+1","floor":5},{"not_picked":["Body Slam","Wild Strike"],"picked":"Shockwave+1","floor":6},{"not_picked":["Shockwave+1","Body Slam+1"],"picked":"Pommel Strike+1","floor":7},{"not_picked":["Headbutt+1","Anger+1","Reckless Charge+1"],"picked":"SKIP","floor":8},{"not_picked":["Headbutt+1","Spot Weakness+1"],"picked":"Disarm+1","floor":12},{"not_picked":["Hemokinesis+1","Iron Wave+1"],"picked":"Dropkick+1","floor":14},{"not_picked":["Feel No Pain","Clothesline+1"],"picked":"Shrug It Off+1","floor":15}],"player_experience":628656,"relics_obtained":[{"floor":0,"key":"Dream Catcher"},{"floor":0,"key":"Toxic Egg 2"},{"floor":0,"key":"Champion Belt"},{"floor":6,"key":"Molten Egg 2"},{"floor":8,"key":"Letter Opener"},{"floor":9,"key":"Shuriken"},{"floor":14,"key":"Vajra"}],"event_choices":[{"damage_healed":0,"gold_gain":0,"player_choice":"Lose Max HP","damage_taken":0,"relics_obtained":["Golden Idol"],"max_hp_gain":0,"max_hp_loss":7,"event_name":"Golden Idol","floor":2,"gold_loss":0},{"damage_healed":0,"gold_gain":0,"player_choice":"Got Potions","damage_taken":0,"max_hp_gain":0,"max_hp_loss":0,"event_name":"Lab","floor":4,"gold_loss":0}],"is_beta":false,"boss_relics":[],"items_purged_floors":[3],"is_endless":false,"potions_floor_spawned":[5,14],"killed_by":"Slime Boss","ascension_level":19}