{"gold_per_floor":[111,111,111,121,132,132,49,69,69,69,69,82,101,26,26,103,103,116,128,128],"floor_reached":20,"playtime":936,"items_purged":[],"score":332,"play_id":"a1157d48-1a0c-441e-9209-b331c32f117c","local_time":"20190528170128","is_ascension_mode":true,"campfire_choices":[{"data":"Bash","floor":6.0,"key":"SMITH"},{"data":"1","floor":10.0,"key":"LIFT"},{"data":"2","floor":15,"key":"LIFT"}],"neow_cost":"NONE","seed_source_timestamp":20175251358528,"circlet_count":0,"master_deck":["AscendersBane","Strike_R","Strike_R","Strike_R","Defend_R","Defend_R","Defend_R","Defend_R","Bash+1","Shrug It Off","Dropkick","Evolve+1","Ghostly Armor","Rupture+1","Sword Boomerang","Immolate","Feel No Pain+1","Dropkick"],"special_seed":0,"relics":["Burning Blood","Frozen Egg 2","Girya","Runic Pyramid"],"potions_floor_usage":[],"damage_taken":[{"damage":1.0,"enemies":"Small Slimes","floor":1.0,"turns":4.0},{"damage":16.0,"enemies":"2 Louse","floor":4.0,"turns":3.0},{"damage":13.0,"enemies":"Jaw Worm","floor":5.0,"turns":5.0},{"damage":6.0,"enemies":"3 Louse","floor":8.0,"turns":6.0},{"damage":2.0,"enemies":"Looter","floor":12.0,"turns":3.0},{"damage":8.0,"enemies":"Large Slime","floor":13.0,"turns":6.0},{"damage":54,"enemies":"Slime Boss","floor":16,"turns":9},{"damage":38,"enemies":"Spheric Guardian","floor":18,"turns":6},{"damage":24,"enemies":"3 Byrds","floor":19,"turns":6}],"seed_played":"5109075359834634711","potions_obtained":[{"floor":4.0,"key":"SteroidPotion"}],"is_trial":false,"path_per_floor":["M","?","?","M","M","R","$","M","T","R","$","M","M","?","R","B",null,"M","M","?"],"character_chosen":"IRONCLAD","items_purchased":["Evolve+1"],"campfire_rested":0,"item_purchase_floors":[7],"current_hp_per_floor":[73,68,73,63,56,56,56,56,56,56,56,60,58,58,58,10,63,31,13,13],"gold":128,"neow_bonus":"REMOVE_CARD","is_prod":false,"is_daily":false,"chose_seed":false,"campfire_upgraded":1,"win_rate":0,"timestamp":1559034088,"path_taken":["M","?","?","M","M","R","?","M","T","R","$","M","M","?","R","BOSS","M","M","?"],"build_version":"2019-01-23","purchased_purges":0,"victory":false,"max_hp_per_floor":[75,75,80,80,80,80,80,80,80,80,80,80,80,80,80,80,80,80,80,80],"card_choices":[{"not_picked":["Anger","Clash","Havoc"],"picked":"SKIP","floor":1.0},{"not_picked":["Heavy Blade","Anger"],"picked":"Shrug It Off","floor":4.0},{"not_picked":["Sentinel","Dual Wield"],"picked":"Dropkick","floor":5.0},{"not_picked":["Pommel Strike","Perfected Strike"],"picked":"Ghostly Armor","floor":8.0},{"not_picked":["Armaments","Iron Wave"],"picked":"Rupture+1","floor":12.0},{"not_picked":["Hemokinesis","Heavy Blade"],"picked":"Sword Boomerang","floor":13.0},{"not_picked":["Bludgeon","Brutality+1"],"picked":"Immolate","floor":16},{"not_picked":["Heavy Blade","Havoc"],"picked":"Feel No Pain+1","floor":18},{"not_picked":["Iron Wave","Heavy Blade"],"picked":"Dropkick","floor":19}],"player_experience":4893377,"relics_obtained":[{"floor":9.0,"key":"Girya"}],"event_choices":[{"damage_healed":0.0,"max_hp_gain":0.0,"max_hp_loss":0.0,"gold_gain":0.0,"event_name":"Scrap Ooze","player_choice":"Success","floor":2.0,"gold_loss":0.0,"damage_taken":5.0,"relics_obtained":["Frozen Egg 2"]},{"damage_healed":0.0,"max_hp_gain":5.0,"max_hp_loss":0.0,"gold_gain":0.0,"event_name":"Big Fish","player_choice":"Donut","floor":3.0,"gold_loss":0.0,"damage_taken":0.0},{"cards_removed":["Strike_R"],"damage_healed":0,"gold_gain":0,"player_choice":"Card Removal","damage_taken":0,"max_hp_gain":0,"max_hp_loss":0,"event_name":"The Cleric","floor":14,"gold_loss":75}],"is_beta":false,"boss_relics":[{"not_picked":["Black Star","Velvet Choker"],"picked":"Runic Pyramid"}],"items_purged_floors":[],"is_endless":false,"potions_floor_spawned":[4],"ascension_level":20}