{"gold_per_floor":[110,32,43,43,63,76,88,88,135,151,151,168,179,206,206,285,285,299,66,77,77,77,77,91,111,134,134,134,154,54,73,73,73],"floor_reached":33,"playtime":1145,"items_purged":["Strike_G","Strike_G"],"score":506,"play_id":"309414a6-b3d8-48df-ba52-d32637741f7d","local_time":"20190722003041","is_ascension_mode":true,"campfire_choices":[{"data":"Noxious Fumes","floor":11.0,"key":"SMITH"},{"data":"Deadly Poison","floor":15.0,"key":"SMITH"},{"data":"Tactician","floor":23,"key":"SMITH"},{"data":"Acrobatics","floor":27,"key":"SMITH"},{"data":"Grand Finale","floor":32,"key":"SMITH"}],"neow_cost":"NONE","seed_source_timestamp":252395836167500,"circlet_count":0,"master_deck":["AscendersBane","Strike_G","Defend_G","Defend_G","Defend_G","Defend_G","Defend_G","Survivor","Neutralize","Tactician+1","Deadly Poison+1","Noxious Fumes+1","Blur","After Image","Acrobatics+1","Corpse Explosion","Backflip","Grand Finale+1","Catalyst","Acrobatics+1","Well Laid Plans"],"special_seed":0,"relics":["Ring of the Snake","Question Card","Omamori","Vajra","Coffee Dripper","Lantern"],"potions_floor_usage":[18,29],"damage_taken":[{"damage":5.0,"enemies":"Small Slimes","floor":1.0,"turns":6.0},{"damage":1.0,"enemies":"Cultist","floor":3.0,"turns":4.0},{"damage":8.0,"enemies":"Jaw Worm","floor":5.0,"turns":9.0},{"damage":0.0,"enemies":"Blue Slaver","floor":6.0,"turns":8.0},{"damage":7.0,"enemies":"Exordium Wildlife","floor":7.0,"turns":6.0},{"damage":9.0,"enemies":"3 Louse","floor":10.0,"turns":6.0},{"damage":0.0,"enemies":"Blue Slaver","floor":12.0,"turns":7.0},{"damage":8.0,"enemies":"Lots of Slimes","floor":13.0,"turns":6.0},{"damage":10.0,"enemies":"Lagavulin","floor":14.0,"turns":9.0},{"damage":20.0,"enemies":"Slime Boss","floor":16.0,"turns":11.0},{"damage":6,"enemies":"Chosen","floor":18,"turns":5},{"damage":5,"enemies":"Shell Parasite","floor":20,"turns":6},{"damage":6,"enemies":"Snake Plant","floor":24,"turns":5},{"damage":9,"enemies":"Centurion and Healer","floor":25,"turns":3},{"damage":3,"enemies":"Snecko","floor":29,"turns":4},{"damage":14,"enemies":"Shelled Parasite and Fungi","floor":31,"turns":4},{"damage":8,"enemies":"Automaton","floor":33,"turns":4}],"seed_played":"3151547007709807132","potions_obtained":[{"floor":6.0,"key":"Regen Potion"},{"floor":10.0,"key":"Strength Potion"},{"floor":12.0,"key":"Block Potion"},{"floor":16.0,"key":"Explosive Potion"},{"floor":20,"key":"Ancient Potion"},{"floor":25,"key":"Energy Potion"},{"floor":29,"key":"SteroidPotion"}],"is_trial":false,"path_per_floor":["M","?","M","$","M","M","M","?","T","M","R","M","M","E","R","B",null,"M","$","M","?","?","R","M","M","T","R","?","M","$","M","R","B"],"character_chosen":"THE_SILENT","items_purchased":["Grand Finale"],"campfire_rested":0,"item_purchase_floors":[19],"current_hp_per_floor":[54,54,53,53,45,45,38,38,38,44,44,44,36,26,26,6,51,45,45,40,40,40,40,34,25,25,25,25,22,22,8,8,0],"gold":73,"neow_bonus":"REMOVE_CARD","is_prod":false,"is_daily":false,"chose_seed":false,"campfire_upgraded":5,"win_rate":0,"timestamp":1563726641,"path_taken":["M","?","M","$","?","M","M","?","T","M","R","?","M","E","R","BOSS","M","$","M","?","?","R","M","M","T","R","?","M","$","M","R","BOSS"],"build_version":"2019-07-17","purchased_purges":2,"victory":false,"max_hp_per_floor":[66,66,66,66,66,66,66,66,66,66,66,66,66,66,66,66,66,66,66,66,66,66,66,66,66,66,66,66,66,66,66,66,66],"card_choices":[{"not_picked":["Dagger Throw","Finisher","Blur"],"picked":"SKIP","floor":1.0},{"not_picked":["Backstab","Flying Knee","Bane"],"picked":"Tactician","floor":3.0},{"not_picked":["Finisher","Deflect","Underhanded Strike","PiercingWail"],"picked":"SKIP","floor":5.0},{"not_picked":["Quick Slash","Deflect","Cloak And Dagger"],"picked":"Deadly Poison","floor":6.0},{"not_picked":["Bane","Finisher","Blur"],"picked":"Noxious Fumes","floor":7.0},{"not_picked":["Poisoned Stab","Deadly Poison","Deflect"],"picked":"After Image","floor":10.0},{"not_picked":["Backflip","Blade Dance","Dagger Spray","Distraction"],"picked":"SKIP","floor":12.0},{"not_picked":["Eviscerate","Backstab","Deadly Poison","Blade Dance"],"picked":"SKIP","floor":13.0},{"not_picked":["Dagger Spray","Predator","Cloak And Dagger"],"picked":"Acrobatics","floor":14.0},{"not_picked":["Bullet Time","Malaise","A Thousand Cuts"],"picked":"Corpse Explosion","floor":16.0},{"not_picked":["Flechettes","Prepared","Setup"],"picked":"Backflip","floor":18},{"not_picked":["Sucker Punch","Outmaneuver","Endless Agony","Concentrate"],"picked":"SKIP","floor":20},{"not_picked":["Dagger Throw","Slice","Sucker Punch"],"picked":"Catalyst","floor":24},{"not_picked":["Concentrate","Crippling Poison","Dagger Spray"],"picked":"Acrobatics+1","floor":25},{"not_picked":["Escape Plan","Phantasmal Killer","Finisher"],"picked":"Well Laid Plans","floor":29},{"not_picked":["Blade Dance","Slice","Bane","Dagger Throw"],"picked":"SKIP","floor":31}],"player_experience":665911,"relics_obtained":[{"floor":9.0,"key":"Omamori"},{"floor":14.0,"key":"Vajra"},{"floor":26,"key":"Lantern"}],"event_choices":[{"damage_healed":0.0,"max_hp_gain":0.0,"max_hp_loss":0.0,"gold_gain":0.0,"event_name":"WeMeetAgain","player_choice":"Paid Gold","floor":2.0,"gold_loss":78.0,"damage_taken":0.0,"relics_obtained":["Question Card"]},{"damage_healed":0.0,"max_hp_gain":0.0,"max_hp_loss":0.0,"gold_gain":0.0,"cards_transformed":["Strike_G"],"event_name":"Transmorgrifier","player_choice":"Transformed","floor":8.0,"gold_loss":0.0,"damage_taken":0.0,"cards_obtained":["Blur"]},{"damage_healed":0,"gold_gain":0,"player_choice":"Ignored","damage_taken":0,"max_hp_gain":0,"max_hp_loss":0,"event_name":"Cursed Tome","floor":22,"gold_loss":0},{"damage_healed":0,"gold_gain":0,"player_choice":"Got Potions","damage_taken":0,"max_hp_gain":0,"max_hp_loss":0,"event_name":"Lab","floor":28,"gold_loss":0}],"is_beta":false,"boss_relics":[{"not_picked":["Orrery","Velvet Choker"],"picked":"Coffee Dripper"}],"items_purged_floors":[19,30],"is_endless":false,"potions_floor_spawned":[6,10,12,16,20,25,29],"killed_by":"Automaton","ascension_level":20}