{"gold_per_floor":[113,129,129,144,219,219,144,144,144,144,158,174,193,93,93,190,190,206,206,223,22,42,42,69,69,69,81,81,94,114,146,146,249,249,266,266,266,266,334,334,21,71,94,94,15,15,32,43,43,43],"floor_reached":51,"playtime":2046,"items_purged":["Defend_G","Strike_G","Strike_G","Strike_G"],"score":852,"play_id":"7bfde1f4-37bf-4e2c-8dee-113b074fda88","local_time":"20181124152029","is_ascension_mode":false,"campfire_choices":[{"data":"Deadly Poison","floor":6.0,"key":"SMITH"},{"data":"Malaise","floor":8.0,"key":"SMITH"},{"data":"Neutralize","floor":10.0,"key":"SMITH"},{"data":"Footwork","floor":15.0,"key":"SMITH"},{"data":"Catalyst","floor":23.0,"key":"SMITH"},{"data":"Burst","floor":25.0,"key":"SMITH"},{"data":"Venomology","floor":28.0,"key":"SMITH"},{"data":"Footwork","floor":32,"key":"SMITH"},{"data":"Leg Sweep","floor":40,"key":"SMITH"},{"data":"Well Laid Plans","floor":44,"key":"SMITH"},{"data":"Backflip","floor":46,"key":"SMITH"},{"data":"Survivor","floor":49,"key":"SMITH"}],"neow_cost":"NONE","seed_source_timestamp":0,"circlet_count":0,"master_deck":["Defend_G","Defend_G","Defend_G","Defend_G","Survivor+1","Neutralize+1","Backflip+1","Deadly Poison+1","Malaise+1","Footwork+1","Leg Sweep+1","Burst+1","Catalyst+1","Venomology+1","Footwork+1","Footwork+1","Crippling Poison+1","Well Laid Plans+1"],"special_seed":0,"relics":["Ring of the Snake","NeowsBlessing","Anchor","Runic Dome","Pear","The Specimen","Busted Crown","SsserpentHead","Membership Card","PreservedInsect","Paper Crane"],"potions_floor_usage":[33,33,35,35,39,39,47,48,48,48,50],"damage_taken":[{"damage":0.0,"enemies":"Small Slimes","floor":1.0,"turns":1.0},{"damage":0.0,"enemies":"Cultist","floor":2.0,"turns":1.0},{"damage":0.0,"enemies":"Jaw Worm","floor":4.0,"turns":1.0},{"damage":0.0,"enemies":"Blue Slaver","floor":11.0,"turns":4.0},{"damage":0.0,"enemies":"3 Louse","floor":12.0,"turns":3.0},{"damage":4.0,"enemies":"Exordium Thugs","floor":13.0,"turns":6.0},{"damage":20.0,"enemies":"Hexaghost","floor":16.0,"turns":12.0},{"damage":2.0,"enemies":"Spheric Guardian","floor":18.0,"turns":7.0},{"damage":0.0,"enemies":"Shell Parasite","floor":20.0,"turns":7.0},{"damage":0.0,"enemies":"Snecko","floor":22.0,"turns":6.0},{"damage":0.0,"enemies":"Slavers","floor":24.0,"turns":9.0},{"damage":4.0,"enemies":"Sentry and Sphere","floor":27.0,"turns":6.0},{"damage":0.0,"enemies":"Chosen and Byrds","floor":29.0,"turns":9.0},{"damage":0.0,"enemies":"Snake Plant","floor":30.0,"turns":5.0},{"damage":0.0,"enemies":"Gremlin Leader","floor":31.0,"turns":2.0},{"damage":0,"enemies":"Automaton","floor":33,"turns":10},{"damage":0,"enemies":"3 Darklings","floor":35,"turns":14},{"damage":0,"enemies":"Orb Walker","floor":39,"turns":4},{"damage":0,"enemies":"Writhing Mass","floor":47,"turns":5},{"damage":0,"enemies":"4 Shapes","floor":48,"turns":5},{"damage":0,"enemies":"Awakened One","floor":50,"turns":19}],"seed_played":"7853374847937960454","potions_obtained":[{"floor":1.0,"key":"SpeedPotion"},{"floor":2.0,"key":"EssenceOfSteel"},{"floor":13.0,"key":"Fire Potion"},{"floor":18.0,"key":"Fire Potion"},{"floor":27.0,"key":"SteroidPotion"},{"floor":29.0,"key":"EssenceOfSteel"},{"floor":33,"key":"EssenceOfSteel"},{"floor":35,"key":"Energy Potion"}],"is_trial":false,"path_per_floor":["M","M","?","M","?","R","$","R","T","R","M","M","M","$","R","B",null,"M","?","M","$","M","R","E","R","T","M","R","M","M","E","R","B",null,"M","?","?","?","M","R","$","?","T","R","$","R","M","M","R","B",null],"character_chosen":"THE_SILENT","items_purchased":["Catalyst","Membership Card","Well Laid Plans","Paper Crane"],"campfire_rested":0,"item_purchase_floors":[21,41,41,45],"current_hp_per_floor":[70,70,70,70,59,59,59,59,59,59,59,59,55,55,55,35,70,68,68,68,68,68,68,68,68,78,74,74,74,74,74,74,74,80,80,76,76,76,76,76,76,76,76,76,76,76,76,76,76,76],"gold":43,"neow_bonus":"THREE_ENEMY_KILL","is_prod":false,"is_daily":false,"chose_seed":false,"campfire_upgraded":12,"win_rate":0,"timestamp":1543044029,"path_taken":["M","M","?","?","?","R","$","R","T","R","M","M","M","$","R","BOSS","M","?","M","$","M","R","E","R","T","M","R","M","?","E","R","BOSS","M","?","?","?","?","R","$","?","T","R","?","R","M","M","R","BOSS"],"build_version":"2018-11-15","purchased_purges":4,"victory":true,"max_hp_per_floor":[70,70,70,70,70,70,70,70,70,70,70,70,70,70,70,70,70,70,70,70,70,70,70,70,70,80,80,80,80,80,80,80,80,80,80,76,76,76,76,76,76,76,76,76,76,76,76,76,76,76],"card_choices":[{"not_picked":["Heel Hook","Blur"],"picked":"Backflip","floor":1.0},{"not_picked":["Outmaneuver","Cloak And Dagger"],"picked":"Deadly Poison","floor":2.0},{"not_picked":["Outmaneuver","Bullet Time"],"picked":"Footwork","floor":4.0},{"not_picked":["Acrobatics","Terror","Slice"],"picked":"SKIP","floor":11.0},{"not_picked":["Setup","Calculated Gamble"],"picked":"Leg Sweep","floor":12.0},{"not_picked":["Quick Slash","PiercingWail","Deflect"],"picked":"SKIP","floor":13.0},{"not_picked":["Adrenaline","Bullet Time"],"picked":"Burst","floor":16.0},{"not_picked":["Flying Knee","Backstab","Flechettes"],"picked":"SKIP","floor":18.0},{"not_picked":["Infinite Blades","Expertise","Bane"],"picked":"SKIP","floor":20.0},{"not_picked":["Tactician","Acrobatics","Blur"],"picked":"SKIP","floor":22.0},{"not_picked":["Flechettes","Sucker Punch+1","PiercingWail"],"picked":"SKIP","floor":24.0},{"not_picked":["Distraction","Underhanded Strike+1"],"picked":"Venomology","floor":27.0},{"not_picked":["Flying Knee+1","Deflect","Flechettes"],"picked":"SKIP","floor":29.0},{"not_picked":["Bane+1","Prepared"],"picked":"Footwork","floor":30.0},{"not_picked":["Backflip","Masterful Stab"],"picked":"Footwork+1","floor":31.0},{"not_picked":[],"picked":"Crippling Poison+1","floor":35},{"not_picked":["Slice"],"picked":"SKIP","floor":39},{"not_picked":["Blade Dance"],"picked":"SKIP","floor":47},{"not_picked":["Deflect"],"picked":"SKIP","floor":48}],"player_experience":1146242,"relics_obtained":[{"floor":9.0,"key":"Anchor"},{"floor":26.0,"key":"Pear"},{"floor":31.0,"key":"The Specimen"},{"floor":43,"key":"PreservedInsect"}],"event_choices":[{"damage_healed":0.0,"max_hp_gain":0.0,"max_hp_loss":0.0,"gold_gain":0.0,"cards_transformed":["Strike_G"],"event_name":"Transmorgrifier","player_choice":"Transformed","floor":3.0,"gold_loss":0.0,"damage_taken":0.0,"cards_obtained":["Malaise"]},{"damage_healed":0.0,"max_hp_gain":0.0,"max_hp_loss":0.0,"gold_gain":75.0,"event_name":"World of Goop","player_choice":"Gather Gold","floor":5.0,"gold_loss":0.0,"damage_taken":11.0},{"damage_healed":0.0,"max_hp_gain":0.0,"max_hp_loss":0.0,"gold_gain":0.0,"event_name":"Lab","player_choice":"Got Potions","floor":19.0,"gold_loss":0.0,"damage_taken":0.0},{"damage_healed":0,"gold_gain":0,"player_choice":"Max HP","damage_taken":0,"max_hp_gain":0,"max_hp_loss":4,"event_name":"Winding Halls","floor":36,"gold_loss":0},{"cards_removed":["Strike_G"],"damage_healed":0,"gold_gain":0,"player_choice":"Removed Attack","damage_taken":0,"max_hp_gain":0,"max_hp_loss":0,"event_name":"Falling","floor":37,"gold_loss":0},{"damage_healed":0,"gold_gain":0,"player_choice":"Trade","damage_taken":0,"relics_obtained":["SsserpentHead"],"max_hp_gain":0,"max_hp_loss":0,"event_name":"FaceTrader","floor":38,"gold_loss":0},{"damage_healed":0,"gold_gain":0,"player_choice":"Ignored","damage_taken":0,"max_hp_gain":0,"max_hp_loss":0,"event_name":"SecretPortal","floor":42,"gold_loss":0}],"is_beta":false,"boss_relics":[{"not_picked":["Pandora\u0027s Box","White Beast Statue"],"picked":"Runic Dome"},{"not_picked":["Orrery","Fusion Hammer"],"picked":"Busted Crown"}],"items_purged_floors":[7,14,21,41],"is_endless":false,"potions_floor_spawned":[1,2,13,16,18,27,29,30,33,35,47],"ascension_level":0}