{"gold_per_floor":[117,117,117,133,133,171,186,186,235,235],"floor_reached":10,"playtime":204,"items_purged":[],"score":132,"play_id":"a5651fa9-c432-4f73-b8c0-df4f6064fe1b","local_time":"20181119173846","is_ascension_mode":true,"campfire_choices":[{"data":"Fission","floor":8,"key":"SMITH"}],"neow_cost":"NONE","seed_source_timestamp":1666093724058037,"circlet_count":0,"master_deck":["AscendersBane","Strike_B","Strike_B","Strike_B","Defend_B","Defend_B","Defend_B","Defend_B","Zap","Dualcast","Sunder","Ball Lightning","Fission+1"],"relics":["Busted Crown","Golden Idol","Bottled Flame","Cables","Lantern"],"potions_floor_usage":[10],"damage_taken":[{"damage":12,"enemies":"Jaw Worm","floor":1,"turns":4},{"damage":7,"enemies":"Small Slimes","floor":4,"turns":4},{"damage":35,"enemies":"3 Sentries","floor":6,"turns":8},{"damage":0,"enemies":"Cultist","floor":7,"turns":2},{"damage":46,"enemies":"Gremlin Nob","floor":10,"turns":3}],"seed_played":"8363243333302064340","potions_obtained":[{"floor":7,"key":"Poison Potion"}],"is_trial":false,"path_per_floor":["M","?","?","M","T","E","M","R","T","E"],"character_chosen":"DEFECT","items_purchased":[],"campfire_rested":0,"item_purchase_floors":[],"current_hp_per_floor":[52,52,52,45,45,10,10,10,10,0],"gold":235,"neow_bonus":"BOSS_RELIC","is_prod":false,"is_daily":false,"chose_seed":false,"campfire_upgraded":1,"win_rate":0,"timestamp":1542620326,"path_taken":["M","?","?","M","?","E","M","R","T","E"],"build_version":"2018-11-15","purchased_purges":0,"victory":false,"max_hp_per_floor":[71,64,64,64,64,64,64,64,64,64],"card_choices":[{"not_picked":["Barrage"],"picked":"SKIP","floor":1},{"not_picked":["Compile Driver"],"picked":"SKIP","floor":4},{"not_picked":[],"picked":"Ball Lightning","floor":6},{"not_picked":[],"picked":"Fission","floor":7}],"player_experience":557734,"relics_obtained":[{"floor":5,"key":"Bottled Flame"},{"floor":6,"key":"Cables"},{"floor":9,"key":"Lantern"}],"event_choices":[{"damage_healed":0,"gold_gain":0,"player_choice":"Lose Max HP","damage_taken":0,"relics_obtained":["Golden Idol"],"max_hp_gain":0,"max_hp_loss":7,"event_name":"Golden Idol","floor":2,"gold_loss":0},{"damage_healed":0,"gold_gain":0,"cards_transformed":["Strike_B"],"player_choice":"Change","damage_taken":0,"max_hp_gain":0,"max_hp_loss":0,"event_name":"Living Wall","floor":3,"gold_loss":0,"cards_obtained":["Sunder"]}],"is_beta":true,"boss_relics":[],"items_purged_floors":[],"is_endless":false,"potions_floor_spawned":[7],"killed_by":"Gremlin Nob","ascension_level":20}