{"gold_per_floor":[111,36,111,123,48,48,61,61,61,78,78,102,102,102,102,226,226,240,165,95,110,134,134,158,158,158,158,189,89,89,104,104,229,229,249,124,149,165,165,165],"floor_reached":41,"playtime":1081,"items_purged":["Strike_G","Strike_G","Strike_G"],"score":681,"play_id":"670e58d8-12be-42fe-8a8a-fa0b3fec061d","local_time":"20181008172319","is_ascension_mode":true,"campfire_choices":[{"data":"Deadly Poison","floor":6,"key":"SMITH"},{"data":"Deadly Poison","floor":8,"key":"SMITH"},{"data":"Bouncing Flask","floor":13,"key":"SMITH"},{"data":"Corpse Explosion","floor":15,"key":"SMITH"},{"data":"Catalyst","floor":23,"key":"SMITH"},{"data":"Well Laid Plans","floor":25,"key":"SMITH"},{"data":"Burst","floor":27,"key":"SMITH"},{"data":"Corpse Explosion","floor":32,"key":"SMITH"}],"neow_cost":"NONE","seed_source_timestamp":36674275538655,"circlet_count":0,"master_deck":["Defend_G","Defend_G","Defend_G","Defend_G","Defend_G","Strike_G","Survivor","Neutralize+1","Deadly Poison+1","Bouncing Flask+1","Corpse Explosion+1","Deadly Poison+1","Corpse Explosion+1","Catalyst+1","Well Laid Plans+1","Burst+1","Dash","Necronomicurse","Venomology","Deadly Poison+1"],"relics":["Ring of the Serpent","Ninja Scroll","Golden Idol","Potion Belt","Coffee Dripper","Kunai","Bag of Preparation","Necronomicon"],"potions_floor_usage":[35,38,40,40,40],"damage_taken":[{"damage":0,"enemies":"2 Louse","floor":1,"turns":3},{"damage":0,"enemies":"Jaw Worm","floor":4,"turns":4},{"damage":0,"enemies":"Cultist","floor":7,"turns":3},{"damage":0,"enemies":"Looter","floor":10,"turns":2},{"damage":0,"enemies":"Blue Slaver","floor":12,"turns":3},{"damage":31,"enemies":"Slime Boss","floor":16,"turns":9},{"damage":0,"enemies":"3 Byrds","floor":18,"turns":2},{"damage":1,"enemies":"Chosen","floor":21,"turns":3},{"damage":7,"enemies":"Centurion and Healer","floor":22,"turns":4},{"damage":1,"enemies":"Cultist and Chosen","floor":24,"turns":3},{"damage":0,"enemies":"Book of Stabbing","floor":28,"turns":1},{"damage":0,"enemies":"3 Cultists","floor":31,"turns":1},{"damage":15,"enemies":"Champ","floor":33,"turns":5},{"damage":0,"enemies":"Orb Walker","floor":35,"turns":3},{"damage":0,"enemies":"3 Darklings","floor":37,"turns":2},{"damage":0,"enemies":"Spire Growth","floor":38,"turns":4},{"damage":56,"enemies":"Awakened One","floor":40,"turns":12}],"seed_played":"5684763119187743352","potions_obtained":[{"floor":1,"key":"SpeedPotion"},{"floor":4,"key":"SkillPotion"},{"floor":18,"key":"FairyPotion"},{"floor":21,"key":"Regen Potion"},{"floor":28,"key":"Swift Potion"},{"floor":35,"key":"SkillPotion"}],"is_trial":false,"path_per_floor":["M","$","?","M","$","R","M","R","T","M","?","M","R","?","R","B",null,"M","?","$","M","M","R","M","R","T","R","E","$","?","M","R","B",null,"M","$","M","M","?","B"],"character_chosen":"THE_SILENT","items_purchased":["Corpse Explosion","Catalyst"],"campfire_rested":0,"item_purchase_floors":[5,20],"current_hp_per_floor":[70,70,59,59,59,59,59,59,59,59,59,59,59,56,56,25,65,65,65,65,64,57,57,56,56,56,56,56,56,40,40,40,25,65,65,65,65,65,65,24],"gold":165,"neow_bonus":"UPGRADE_CARD","is_prod":false,"is_daily":false,"chose_seed":false,"campfire_upgraded":8,"win_rate":1,"timestamp":1538990599,"path_taken":["M","$","?","M","$","R","M","R","T","M","?","M","R","?","R","BOSS","M","?","$","M","M","R","M","R","T","R","E","$","?","M","R","BOSS","M","$","?","M","?","BOSS"],"build_version":"2018-10-04v2","purchased_purges":3,"victory":true,"max_hp_per_floor":[70,70,70,70,70,70,70,70,70,70,65,65,65,65,65,65,65,65,65,65,65,65,65,65,65,65,65,65,65,65,65,65,65,65,65,65,65,65,65,65],"card_choices":[{"not_picked":["Flying Knee","Poisoned Stab"],"picked":"Deadly Poison","floor":1},{"not_picked":["All Out Attack","Dagger Spray"],"picked":"Bouncing Flask","floor":4},{"not_picked":["Blade Dance","Slice"],"picked":"Deadly Poison","floor":7},{"not_picked":["Quick Slash","Expertise","Deflect"],"picked":"SKIP","floor":10},{"not_picked":["Backstab","Expertise","Slice"],"picked":"SKIP","floor":12},{"not_picked":["Adrenaline","Die Die Die"],"picked":"Corpse Explosion","floor":16},{"not_picked":["Poisoned Stab","Blade Dance","Dodge and Roll"],"picked":"SKIP","floor":18},{"not_picked":["Sucker Punch","Choke+1"],"picked":"Well Laid Plans","floor":21},{"not_picked":["Flying Knee","Heel Hook","Sucker Punch"],"picked":"SKIP","floor":22},{"not_picked":["Blade Dance+1","Quick Slash"],"picked":"Burst","floor":24},{"not_picked":["Calculated Gamble","Expertise"],"picked":"Dash","floor":28},{"not_picked":["Distraction","Choke","Deadly Poison"],"picked":"SKIP","floor":31},{"not_picked":["Doppelganger","Phantasmal Killer"],"picked":"Venomology","floor":33},{"not_picked":["Flying Knee","Expertise+1","Distraction"],"picked":"SKIP","floor":35},{"not_picked":["Dagger Spray","Infinite Blades+1"],"picked":"Deadly Poison+1","floor":37},{"not_picked":["Slice+1","Sucker Punch","Choke"],"picked":"SKIP","floor":38}],"player_experience":7605,"relics_obtained":[{"floor":9,"key":"Ninja Scroll"},{"floor":26,"key":"Kunai"},{"floor":28,"key":"Bag of Preparation"},{"floor":30,"key":"Necronomicon"}],"event_choices":[{"event_name":"World of Goop","player_choice":"Gather Gold","floor":3,"damage_taken":0},{"event_name":"Golden Idol","player_choice":"Lose Max HP","floor":11,"damage_taken":0},{"event_name":"Scrap Ooze","player_choice":"success","floor":14,"damage_taken":3},{"event_name":"Beggar","player_choice":"Gave Gold","floor":19,"damage_taken":0},{"event_name":"Cursed Tome","player_choice":"Obtained Book","floor":30,"damage_taken":0},{"event_name":"SecretPortal","player_choice":"Took Portal.","floor":39,"damage_taken":0}],"is_beta":false,"boss_relics":[{"not_picked":["Ectoplasm","Empty Cage"],"picked":"Coffee Dripper"},{"not_picked":["Calling Bell","Orrery"],"picked":"Ring of the Serpent"}],"items_purged_floors":[2,29,36],"is_endless":false,"potions_floor_spawned":[1,4,18,21,28,35,37],"ascension_level":1}