{"gold_per_floor":[117,117,130,205,480,480,507,526,526,526,557,557,206,224,224,224],"floor_reached":16,"playtime":343,"items_purged":["Regret"],"score":266,"play_id":"30948d10-a8fd-4798-aa15-3010099d02dd","local_time":"20181115205524","is_ascension_mode":true,"campfire_choices":[{"data":"True Grit","floor":6.0,"key":"SMITH"},{"data":"Armaments","floor":10.0,"key":"SMITH"},{"floor":12.0,"key":"REST"},{"data":"Metallicize","floor":15,"key":"SMITH"}],"neow_cost":"NONE","seed_source_timestamp":1332118983108171,"circlet_count":0,"master_deck":["AscendersBane","Strike_R","Strike_R","Strike_R","Strike_R","Defend_R","Defend_R","Defend_R","Defend_R","Bash","True Grit+1","Armaments+1","Corruption","Reaper","Metallicize+1"],"special_seed":0,"relics":["Burning Blood","NeowsBlessing","Pear","Self Forming Clay","Blood Vial","Membership Card","PreservedInsect"],"potions_floor_usage":[14],"damage_taken":[{"damage":0.0,"enemies":"Small Slimes","floor":1.0,"turns":1.0},{"damage":0.0,"enemies":"2 Louse","floor":3.0,"turns":1.0},{"damage":0.0,"enemies":"3 Sentries","floor":7.0,"turns":2.0},{"damage":11.0,"enemies":"Cultist","floor":8.0,"turns":4.0},{"damage":70.0,"enemies":"Lagavulin","floor":11.0,"turns":12.0},{"damage":22,"enemies":"Exordium Thugs","floor":14,"turns":5},{"damage":34,"enemies":"Slime Boss","floor":16,"turns":6}],"seed_played":"-6771293242561201888","potions_obtained":[{"floor":7.0,"key":"Ancient Potion"},{"floor":11.0,"key":"SteroidPotion"}],"is_trial":false,"path_per_floor":["M","?","M","?","?","R","E","M","T","R","E","R","$","M","R","B"],"character_chosen":"IRONCLAD","items_purchased":["Membership Card","PreservedInsect"],"campfire_rested":1,"item_purchase_floors":[13,13],"current_hp_per_floor":[74,67,73,62,62,62,78,73,73,73,9,34,34,42,42,16],"gold":224,"neow_bonus":"THREE_ENEMY_KILL","is_prod":false,"is_daily":false,"chose_seed":false,"campfire_upgraded":3,"win_rate":0,"timestamp":1542286524,"path_taken":["M","?","M","?","?","R","E","M","T","R","E","R","$","M","R","BOSS"],"build_version":"2018-11-14","purchased_purges":1,"victory":false,"max_hp_per_floor":[75,75,75,75,75,75,85,85,85,85,85,85,85,85,85,85],"card_choices":[{"not_picked":["Thunderclap","Entrench"],"picked":"True Grit","floor":1.0},{"not_picked":["Cleave","Combust"],"picked":"Armaments","floor":3.0},{"not_picked":["Whirlwind","Twin Strike"],"picked":"Corruption","floor":7.0},{"not_picked":["Pommel Strike","Armaments","Havoc"],"picked":"SKIP","floor":8.0},{"not_picked":["Corruption","Cleave"],"picked":"Reaper","floor":11.0},{"not_picked":["Hemokinesis","Havoc"],"picked":"Metallicize","floor":14}],"player_experience":492758,"relics_obtained":[{"floor":7.0,"key":"Pear"},{"floor":9.0,"key":"Self Forming Clay"},{"floor":11.0,"key":"Blood Vial"}],"event_choices":[{"cards_removed":["Strike_R"],"damage_healed":0.0,"max_hp_gain":0.0,"max_hp_loss":0.0,"gold_gain":0.0,"event_name":"Golden Wing","player_choice":"Card Removal","floor":2.0,"gold_loss":0.0,"damage_taken":7.0},{"damage_healed":0.0,"max_hp_gain":0.0,"max_hp_loss":0.0,"gold_gain":75.0,"event_name":"World of Goop","player_choice":"Gather Gold","floor":4.0,"gold_loss":0.0,"damage_taken":11.0},{"damage_healed":0.0,"max_hp_gain":0.0,"max_hp_loss":0.0,"gold_gain":275.0,"event_name":"Golden Shrine","player_choice":"Desecrate","floor":5.0,"gold_loss":0.0,"damage_taken":0.0,"cards_obtained":["Regret"]}],"is_beta":true,"boss_relics":[],"items_purged_floors":[13],"is_endless":false,"potions_floor_spawned":[7,11],"killed_by":"Slime Boss","ascension_level":20}