{"gold_per_floor":[368,380,133,184,184,184,205,205,205,63,126,45,45,60,60,209,209,229,229,243,168,168,187,211,211,237,237,261,261,91,91,91,211,211,261,261,279,159,204,204,79,79,128,128,128,148,162,162,162,162],"floor_reached":51,"playtime":1885,"items_purged":["Shame","Strike_R","Defend_R"],"score":662,"play_id":"5b06c677-0129-4efa-b619-7150475c9993","local_time":"20190806193925","is_ascension_mode":false,"campfire_choices":[{"data":"HandOfGreed","floor":8.0,"key":"SMITH"},{"data":"Armaments","floor":13.0,"key":"SMITH"},{"data":"Battle Trance","floor":15.0,"key":"SMITH"},{"data":"True Grit","floor":25.0,"key":"SMITH"},{"data":"Immolate","floor":27.0,"key":"SMITH"},{"data":"Fiend Fire","floor":29.0,"key":"SMITH"},{"data":"Offering","floor":32.0,"key":"SMITH"},{"floor":40.0,"key":"REST"},{"data":"Evolve","floor":42.0,"key":"SMITH"},{"data":"Trip","floor":44,"key":"SMITH"},{"floor":49,"key":"REST"}],"neow_cost":"CURSE","seed_source_timestamp":0,"circlet_count":0,"master_deck":["Defend_R","Defend_R","Defend_R","Armaments+1","Evolve+1","HandOfGreed+1","True Grit+1","Battle Trance+1","Immolate+1","Thunderclap+1","Trip+1","Fiend Fire+1","Fiend Fire+1","Seeing Red+1","Warcry+1","Offering+1","Double Tap","Shrug It Off","Flame Barrier","Madness","Madness","Shrug It Off+1"],"special_seed":0,"relics":["Burning Blood","Golden Idol","Blue Candle","Runic Cube","Bag of Marbles","Empty Cage","Tiny Chest","Whetstone"],"potions_floor_usage":[50],"damage_taken":[{"damage":1.0,"enemies":"Cultist","floor":1.0,"turns":3.0},{"damage":5.0,"enemies":"2 Louse","floor":2.0,"turns":3.0},{"damage":0.0,"enemies":"Small Slimes","floor":4.0,"turns":4.0},{"damage":4.0,"enemies":"Blue Slaver","floor":7.0,"turns":6.0},{"damage":4.0,"enemies":"Exordium Wildlife","floor":11.0,"turns":5.0},{"damage":0.0,"enemies":"Gremlin Gang","floor":14.0,"turns":1.0},{"damage":35.0,"enemies":"The Guardian","floor":16.0,"turns":10.0},{"damage":5.0,"enemies":"Shell Parasite","floor":18.0,"turns":3.0},{"damage":0.0,"enemies":"3 Byrds","floor":20.0,"turns":2.0},{"damage":0.0,"enemies":"Snake Plant","floor":23.0,"turns":2.0},{"damage":15.0,"enemies":"Snecko","floor":24.0,"turns":3.0},{"damage":35.0,"enemies":"Sentry and Sphere","floor":28.0,"turns":6.0},{"damage":29.0,"enemies":"Collector","floor":33.0,"turns":6.0},{"damage":11.0,"enemies":"Orb Walker","floor":35.0,"turns":2.0},{"damage":9.0,"enemies":"3 Shapes","floor":37.0,"turns":3.0},{"damage":34.0,"enemies":"Maw","floor":39.0,"turns":7.0},{"damage":6,"enemies":"Writhing Mass","floor":46,"turns":2},{"damage":6,"enemies":"Sphere and 2 Shapes","floor":47,"turns":1},{"damage":49,"enemies":"Donu and Deca","floor":50,"turns":5}],"seed_played":"3545000605686869517","potions_obtained":[{"floor":1.0,"key":"PowerPotion"},{"floor":4.0,"key":"Poison Potion"},{"floor":11.0,"key":"AttackPotion"},{"floor":18.0,"key":"LiquidBronze"},{"floor":20.0,"key":"SpeedPotion"},{"floor":23.0,"key":"AttackPotion"},{"floor":39.0,"key":"Weak Potion"}],"is_trial":false,"path_per_floor":["M","M","$","M","?","?","M","R","T","$","M","$","R","M","R","B",null,"M","?","M","?","?","M","M","R","T","R","M","R","$","?","R","B",null,"M","?","M","$","M","R","$","R","T","R","?","M","M","?","R","B",null],"character_chosen":"IRONCLAD","items_purchased":["HandOfGreed","Immolate","Trip","Offering","Tiny Chest"],"campfire_rested":2,"item_purchase_floors":[3,10,12,30,38],"current_hp_per_floor":[80,80,80,80,85,79,79,79,79,79,79,79,79,79,79,50,79,79,79,79,79,79,79,70,70,70,70,41,41,41,41,41,18,79,74,74,71,71,43,66,66,66,66,66,56,56,56,56,79,36],"gold":162,"neow_bonus":"TWO_FIFTY_GOLD","is_prod":false,"is_daily":false,"chose_seed":false,"campfire_upgraded":9,"win_rate":0,"timestamp":1565091565,"path_taken":["M","?","$","M","?","?","M","R","T","$","M","?","R","M","R","BOSS","M","?","?","?","?","?","M","R","T","R","M","R","$","?","R","BOSS","M","?","M","?","M","R","$","R","T","R","?","M","M","?","R","BOSS"],"build_version":"2019-07-17","purchased_purges":3,"victory":true,"max_hp_per_floor":[80,80,80,80,85,79,79,79,79,79,79,79,79,79,79,79,79,79,79,79,79,79,79,79,79,79,79,79,79,79,79,79,79,79,79,79,79,79,79,79,79,79,79,79,79,79,79,79,79,79],"card_choices":[{"not_picked":["Havoc","Cleave"],"picked":"Armaments","floor":1.0},{"not_picked":["Iron Wave","Body Slam"],"picked":"Evolve","floor":2.0},{"not_picked":["Heavy Blade","Havoc"],"picked":"True Grit","floor":4.0},{"not_picked":["Armaments","Fire Breathing"],"picked":"Battle Trance","floor":7.0},{"not_picked":["Thunderclap","Cleave","Heavy Blade"],"picked":"SKIP","floor":11.0},{"not_picked":["Cleave","Heavy Blade"],"picked":"Thunderclap","floor":11.0},{"not_picked":["Havoc","Perfected Strike","Flex"],"picked":"SKIP","floor":14.0},{"not_picked":["Feed","Juggernaut"],"picked":"Fiend Fire","floor":16.0},{"not_picked":["Rage","Iron Wave","Infernal Blade"],"picked":"SKIP","floor":18.0},{"not_picked":["Wild Strike","Heavy Blade"],"picked":"Seeing Red+1","floor":20.0},{"not_picked":["Iron Wave","Headbutt","Thunderclap+1"],"picked":"SKIP","floor":23.0},{"not_picked":["Corruption","Flex"],"picked":"Warcry+1","floor":24.0},{"not_picked":["Thunderclap","Uppercut","Pommel Strike"],"picked":"SKIP","floor":28.0},{"not_picked":["Immolate","Impervious"],"picked":"Double Tap","floor":33.0},{"not_picked":["Perfected Strike+1","Havoc+1"],"picked":"Shrug It Off","floor":35.0},{"not_picked":["Sword Boomerang+1","Warcry","Havoc"],"picked":"SKIP","floor":37.0},{"not_picked":["Clothesline","Headbutt","Shrug It Off"],"picked":"SKIP","floor":39.0},{"not_picked":["Twin Strike+1","Carnage+1","Thunderclap"],"picked":"SKIP","floor":46},{"not_picked":["Pommel Strike+1","Shrug It Off+1","Flex"],"picked":"SKIP","floor":47},{"not_picked":["Pommel Strike+1","Flex"],"picked":"Shrug It Off+1","floor":47}],"player_experience":5871236,"relics_obtained":[{"floor":9.0,"key":"Blue Candle"},{"floor":26.0,"key":"Bag of Marbles"},{"floor":43,"key":"Whetstone"}],"event_choices":[{"damage_healed":0.0,"max_hp_gain":5.0,"max_hp_loss":0.0,"gold_gain":0.0,"event_name":"Big Fish","player_choice":"Donut","floor":5.0,"gold_loss":0.0,"damage_taken":0.0},{"damage_healed":0.0,"max_hp_gain":0.0,"max_hp_loss":6.0,"gold_gain":0.0,"event_name":"Golden Idol","player_choice":"Lose Max HP","floor":6.0,"gold_loss":0.0,"damage_taken":0.0,"relics_obtained":["Golden Idol"]},{"damage_healed":0.0,"max_hp_gain":0.0,"max_hp_loss":0.0,"gold_gain":0.0,"cards_transformed":["Bash"],"event_name":"Transmorgrifier","player_choice":"Transformed","floor":19.0,"gold_loss":0.0,"damage_taken":0.0,"cards_obtained":["Fiend Fire"]},{"cards_removed":["Strike_R"],"damage_healed":0.0,"max_hp_gain":0.0,"max_hp_loss":0.0,"gold_gain":0.0,"event_name":"Beggar","player_choice":"Gave Gold","floor":21.0,"gold_loss":75.0,"damage_taken":0.0},{"damage_healed":0.0,"max_hp_gain":0.0,"max_hp_loss":0.0,"gold_gain":0.0,"event_name":"NoteForYourself","player_choice":"Ignored","floor":22.0,"gold_loss":0.0,"damage_taken":0.0},{"damage_healed":0.0,"max_hp_gain":0.0,"max_hp_loss":0.0,"gold_gain":0.0,"event_name":"Vampires","player_choice":"Ignored","floor":31.0,"gold_loss":0.0,"damage_taken":0.0},{"damage_healed":0.0,"max_hp_gain":0.0,"max_hp_loss":0.0,"gold_gain":0.0,"cards_transformed":["Strike_R"],"event_name":"Transmorgrifier","player_choice":"Transformed","floor":36.0,"gold_loss":0.0,"damage_taken":0.0,"cards_obtained":["Flame Barrier"]},{"damage_healed":0,"gold_gain":0,"player_choice":"Embrace Madness","damage_taken":10,"max_hp_gain":0,"max_hp_loss":0,"event_name":"Winding Halls","floor":45,"gold_loss":0,"cards_obtained":["Madness","Madness"]},{"damage_healed":0,"gold_gain":0,"player_choice":"Ignored","damage_taken":0,"max_hp_gain":0,"max_hp_loss":0,"event_name":"Mysterious Sphere","floor":48,"gold_loss":0}],"is_beta":false,"boss_relics":[{"not_picked":["Black Star","Eternal Feather"],"picked":"Runic Cube"},{"not_picked":["White Beast Statue","Snecko Eye"],"picked":"Empty Cage"}],"items_purged_floors":[3,30,41],"is_endless":false,"potions_floor_spawned":[1,4,11,18,20,23,39],"ascension_level":0}