{"gold_per_floor":[14,31,41,15,31,31,51,51,51,51,51,69,69],"floor_reached":13,"playtime":359,"items_purged":[],"score":154,"play_id":"3271e4a0-f41c-4b57-859a-e2be3fedac7e","local_time":"20190603153132","is_ascension_mode":true,"campfire_choices":[{"data":"Searing Blow","floor":6,"key":"SMITH"},{"data":"Searing Blow+1","floor":8,"key":"SMITH"}],"neow_cost":"NO_GOLD","seed_source_timestamp":168507024802402,"circlet_count":0,"master_deck":["AscendersBane","Strike_R","Strike_R","Strike_R","Strike_R","Strike_R","Defend_R","Defend_R","Defend_R","Defend_R","Bash","Feed","Searing Blow+2","True Grit"],"relics":["Burning Blood","Molten Egg 2"],"potions_floor_usage":[12],"damage_taken":[{"damage":9,"enemies":"Jaw Worm","floor":1,"turns":4},{"damage":12,"enemies":"Cultist","floor":2,"turns":4},{"damage":10,"enemies":"2 Louse","floor":3,"turns":3},{"damage":10,"enemies":"Blue Slaver","floor":5,"turns":9},{"damage":28,"enemies":"Large Slime","floor":7,"turns":7},{"damage":0,"enemies":"Lots of Slimes","floor":12,"turns":3},{"damage":56,"enemies":"Gremlin Nob","floor":13,"turns":4}],"seed_played":"-2491975784072325254","potions_obtained":[{"floor":3,"key":"Explosive Potion"},{"floor":10,"key":"Explosive Potion"}],"is_trial":false,"path_per_floor":["M","M","M","$","M","R","M","R","T","?","$","M","E"],"character_chosen":"IRONCLAD","items_purchased":["True Grit"],"campfire_rested":0,"item_purchase_floors":[4],"current_hp_per_floor":[68,65,64,64,60,60,41,41,41,41,41,50,0],"gold":69,"neow_bonus":"THREE_RARE_CARDS","is_prod":false,"is_daily":false,"chose_seed":false,"campfire_upgraded":2,"win_rate":0,"timestamp":1559547092,"path_taken":["M","M","M","$","M","R","M","R","T","?","$","?","E"],"build_version":"2019-01-23","purchased_purges":0,"victory":false,"max_hp_per_floor":[78,81,84,84,84,84,87,87,87,87,87,90,90],"card_choices":[{"not_picked":["Berserk","Dark Embrace"],"picked":"Feed","floor":0},{"not_picked":["Heavy Blade","Anger"],"picked":"Searing Blow","floor":1},{"not_picked":["Wild Strike","Clothesline","Flex"],"picked":"SKIP","floor":2},{"not_picked":["Clash","Sword Boomerang","Headbutt"],"picked":"SKIP","floor":3},{"not_picked":["Anger","Rampage","Disarm"],"picked":"SKIP","floor":5},{"not_picked":["Pommel Strike","Dual Wield","Sever Soul"],"picked":"SKIP","floor":7},{"not_picked":["Uppercut+1","Inflame","Sever Soul+1"],"picked":"SKIP","floor":12}],"player_experience":5022716,"relics_obtained":[{"floor":9,"key":"Molten Egg 2"}],"event_choices":[{"damage_healed":0,"gold_gain":0,"player_choice":"Got Potions","damage_taken":0,"max_hp_gain":0,"max_hp_loss":0,"event_name":"Lab","floor":10,"gold_loss":0}],"is_beta":false,"boss_relics":[],"items_purged_floors":[],"is_endless":false,"potions_floor_spawned":[3],"killed_by":"Gremlin Nob","ascension_level":20}