{"gold_per_floor":[359,359,378,17,36,36,46,46,46,46,60,60,60,135,135,224,224,242,256,36,36,36],"floor_reached":22,"playtime":900,"items_purged":[],"score":348,"play_id":"a957ca35-5749-4c99-b42a-2c334e1ba5e9","local_time":"20190107161046","is_ascension_mode":true,"campfire_choices":[{"data":"Coolheaded","floor":6,"key":"SMITH"},{"floor":8,"key":"REST"},{"floor":13,"key":"REST"},{"floor":15,"key":"REST"}],"neow_cost":"PERCENT_DAMAGE","seed_source_timestamp":14448477582036,"circlet_count":0,"master_deck":["AscendersBane","Strike_B","Defend_B","Defend_B","Defend_B","Defend_B","Zap","Dualcast","Gash","Capacitor","Coolheaded+1","Hologram","Hello World","Biased Cognition","Turbo+1","Fusion","Leap"],"relics":["Cracked Core","Dead Branch","Gremlin Horn","Golden Idol","Inserter","Medical Kit"],"potions_floor_usage":[19],"damage_taken":[{"damage":6,"enemies":"Small Slimes","floor":1,"turns":4},{"damage":2,"enemies":"Cultist","floor":3,"turns":4},{"damage":9,"enemies":"Jaw Worm","floor":5,"turns":3},{"damage":13,"enemies":"3 Louse","floor":7,"turns":6},{"damage":4,"enemies":"Looter","floor":11,"turns":5},{"damage":45,"enemies":"Slime Boss","floor":16,"turns":10},{"damage":7,"enemies":"Spheric Guardian","floor":18,"turns":8},{"damage":20,"enemies":"3 Byrds","floor":19,"turns":4},{"damage":0,"enemies":"3 Cultists","floor":22,"turns":2}],"seed_played":"-2578204753172379104","potions_obtained":[{"floor":1,"key":"LiquidBronze"},{"floor":11,"key":"SteroidPotion"},{"floor":19,"key":"FocusPotion"}],"is_trial":false,"path_per_floor":["M","?","M","$","M","R","M","R","T","?","M","$","R","?","R","B",null,"M","M","$","?","M"],"character_chosen":"DEFECT","items_purchased":["Capacitor","Dead Branch","Medical Kit"],"campfire_rested":3,"item_purchase_floors":[4,4,20],"current_hp_per_floor":[40,40,38,38,29,29,16,37,37,37,33,33,52,41,60,15,52,45,25,25,25,25],"gold":36,"neow_bonus":"TWO_FIFTY_GOLD","is_prod":false,"is_daily":false,"chose_seed":false,"campfire_upgraded":1,"win_rate":0,"timestamp":1546848646,"path_taken":["M","?","M","$","?","R","M","R","T","?","M","$","R","?","R","BOSS","M","M","$","?","M"],"build_version":"2019-01-03v4","purchased_purges":0,"victory":false,"max_hp_per_floor":[71,71,71,71,71,71,71,71,71,64,64,64,64,64,64,64,64,64,64,64,64,64],"card_choices":[{"not_picked":["Melter","Go for the Eyes"],"picked":"Gash","floor":1},{"not_picked":["Streamline","Sweeping Beam","Consume"],"picked":"SKIP","floor":3},{"not_picked":["Conserve Battery","Go for the Eyes"],"picked":"Coolheaded","floor":5},{"not_picked":["Coolheaded","Stack"],"picked":"Hologram","floor":7},{"not_picked":["Redo","Streamline"],"picked":"Hello World","floor":11},{"not_picked":["Rainbow","Meteor Strike"],"picked":"Biased Cognition","floor":16},{"not_picked":["Blizzard","Cold Snap","Leap"],"picked":"SKIP","floor":18},{"not_picked":["Leap","Coolheaded"],"picked":"Turbo+1","floor":19}],"player_experience":1816034,"relics_obtained":[{"floor":9,"key":"Gremlin Horn"}],"event_choices":[{"cards_removed":["Strike_B"],"damage_healed":0,"gold_gain":0,"player_choice":"Offered Basic","damage_taken":0,"max_hp_gain":0,"max_hp_loss":0,"event_name":"Bonfire Elementals","floor":2,"gold_loss":0},{"damage_healed":0,"gold_gain":0,"player_choice":"Lose Max HP","damage_taken":0,"relics_obtained":["Golden Idol"],"max_hp_gain":0,"max_hp_loss":7,"event_name":"Golden Idol","floor":10,"gold_loss":0},{"damage_healed":0,"gold_gain":75,"player_choice":"Gather Gold","damage_taken":11,"max_hp_gain":0,"max_hp_loss":0,"event_name":"World of Goop","floor":14,"gold_loss":0},{"damage_healed":0,"gold_gain":0,"cards_transformed":["Strike_B","Strike_B"],"player_choice":"Became Test Subject","damage_taken":0,"max_hp_gain":0,"max_hp_loss":0,"event_name":"Drug Dealer","floor":21,"gold_loss":0,"cards_obtained":["Fusion","Leap"]}],"is_beta":false,"boss_relics":[{"not_picked":["Fusion Hammer","Astrolabe"],"picked":"Inserter"}],"items_purged_floors":[],"is_endless":false,"potions_floor_spawned":[1,11,19],"killed_by":"3 Cultists","ascension_level":20}