{"gold_per_floor":[117,137,152,163,176,176,190,190,245,245,255,180,180,194,194,289,289,307,325,152,164,177,177,202,202,281,281,299,328,253,57,57,162,162,174,187,187,187,37,56,56,68,68,68,68,68,87,100,100,100],"floor_reached":51,"playtime":2190,"items_purged":["Defend_G","Strike_G","Defend_G","Strike_G+1"],"score":758,"play_id":"0d76f07c-2133-4807-b700-553655a494e4","local_time":"20181022095515","is_ascension_mode":false,"campfire_choices":[{"data":"Neutralize","floor":6,"key":"SMITH"},{"data":"Well Laid Plans","floor":8,"key":"SMITH"},{"data":"Leg Sweep","floor":10,"key":"SMITH"},{"data":"Leg Sweep","floor":13,"key":"SMITH"},{"data":"Backflip","floor":15,"key":"SMITH"},{"floor":23,"key":"REST"},{"floor":27,"key":"REST"},{"floor":32,"key":"REST"},{"floor":41,"key":"REST"},{"floor":44,"key":"REST"},{"floor":46,"key":"REST"},{"floor":49,"key":"REST"}],"neow_cost":"NONE","seed_source_timestamp":6109591734201,"circlet_count":0,"master_deck":["Defend_G+1","Defend_G+1","Defend_G+1","Strike_G+1","Strike_G+1","Survivor+1","Neutralize+1","Leg Sweep+1","Infinite Blades+1","Backflip+1","Well Laid Plans+1","Leg Sweep+1","Finisher+1","Adrenaline+1","Well Laid Plans+1","Grand Finale+1","Catalyst+1","Burst+1","Storm of Steel+1","Infinite Blades+1","Grand Finale+1","Backflip+1","Blade Dance+1","Storm of Steel"],"relics":["Ring of the Snake","Pen Nib","Fusion Hammer","Ancient Tea Set","WarpedTongs","Mummified Hand","Kunai","Black Star","Mark of the Bloom","Mercury Hourglass","Frozen Egg 2"],"potions_floor_usage":[50,50],"damage_taken":[{"damage":0,"enemies":"Cultist","floor":1,"turns":5},{"damage":0,"enemies":"Small Slimes","floor":2,"turns":5},{"damage":0,"enemies":"2 Louse","floor":3,"turns":4},{"damage":0,"enemies":"2 Fungi Beasts","floor":4,"turns":7},{"damage":0,"enemies":"3 Louse","floor":5,"turns":4},{"damage":0,"enemies":"Blue Slaver","floor":7,"turns":6},{"damage":0,"enemies":"2 Fungi Beasts","floor":11,"turns":5},{"damage":0,"enemies":"Looter","floor":14,"turns":4},{"damage":11,"enemies":"The Guardian","floor":16,"turns":15},{"damage":0,"enemies":"3 Byrds","floor":18,"turns":5},{"damage":0,"enemies":"Spheric Guardian","floor":19,"turns":7},{"damage":0,"enemies":"Snake Plant","floor":21,"turns":4},{"damage":0,"enemies":"Chosen and Byrds","floor":22,"turns":5},{"damage":29,"enemies":"Slavers","floor":24,"turns":6},{"damage":6,"enemies":"Shelled Parasite and Fungi","floor":28,"turns":5},{"damage":16,"enemies":"Gremlin Leader","floor":29,"turns":6},{"damage":0,"enemies":"Champ","floor":33,"turns":12},{"damage":9,"enemies":"3 Darklings","floor":35,"turns":4},{"damage":3,"enemies":"Orb Walker","floor":36,"turns":4},{"damage":0,"enemies":"Transient","floor":40,"turns":5},{"damage":3,"enemies":"Sphere and 2 Shapes","floor":42,"turns":7},{"damage":0,"enemies":"Maw","floor":47,"turns":5},{"damage":0,"enemies":"3 Darklings","floor":48,"turns":3},{"damage":24,"enemies":"Donu and Deca","floor":50,"turns":8}],"seed_played":"4206392536210913463","potions_obtained":[{"floor":1,"key":"Energy Potion"},{"floor":5,"key":"Ancient Potion"},{"floor":7,"key":"Swift Potion"},{"floor":14,"key":"Block Potion"},{"floor":21,"key":"PowerPotion"},{"floor":36,"key":"GhostInAJar"}],"is_trial":false,"path_per_floor":["M","M","M","M","M","R","M","R","T","R","M","$","R","M","R","B",null,"M","M","$","M","M","R","E","?","T","R","M","E","?","$","R","B",null,"M","M","?","?","$","M","R","M","T","R","T","R","M","M","R","B"],"character_chosen":"THE_SILENT","items_purchased":["Grand Finale","Infinite Blades"],"campfire_rested":7,"item_purchase_floors":[20,31],"current_hp_per_floor":[70,70,70,70,70,70,70,70,70,70,70,70,70,70,70,59,70,70,70,70,70,70,70,41,41,41,62,56,40,40,40,61,61,70,61,58,58,58,58,58,58,55,55,55,55,55,55,55,55,31],"gold":100,"neow_bonus":"REMOVE_CARD","is_prod":false,"is_daily":false,"chose_seed":false,"campfire_upgraded":5,"win_rate":0,"timestamp":1540173315,"path_taken":["M","M","M","M","M","R","M","R","T","R","M","$","R","M","R","BOSS","M","M","$","M","M","R","E","?","T","R","M","E","?","$","R","BOSS","M","M","?","?","$","M","R","M","T","R","?","R","?","M","R","BOSS"],"build_version":"2018-10-18","purchased_purges":4,"victory":true,"max_hp_per_floor":[70,70,70,70,70,70,70,70,70,70,70,70,70,70,70,70,70,70,70,70,70,70,70,70,70,70,70,70,70,70,70,70,70,70,70,70,70,70,70,70,70,70,70,70,70,70,70,70,70,70],"card_choices":[{"not_picked":["Eviscerate","Backflip"],"picked":"Leg Sweep","floor":1},{"not_picked":["Expertise","Underhanded Strike"],"picked":"Infinite Blades","floor":2},{"not_picked":["Setup","Dagger Throw"],"picked":"Backflip","floor":3},{"not_picked":["Blade Dance","Cloak And Dagger","Reflex"],"picked":"SKIP","floor":4},{"not_picked":["Dash","Flying Knee","Quick Slash"],"picked":"SKIP","floor":5},{"not_picked":["Setup","Escape Plan"],"picked":"Well Laid Plans","floor":7},{"not_picked":["Outmaneuver","Bane"],"picked":"Leg Sweep","floor":11},{"not_picked":["Endless Agony","Underhanded Strike"],"picked":"Finisher","floor":14},{"not_picked":["Doppelganger","Unload"],"picked":"Adrenaline","floor":16},{"not_picked":["Backflip","Blade Dance+1"],"picked":"Well Laid Plans","floor":18},{"not_picked":["Bane","PiercingWail","Deflect"],"picked":"SKIP","floor":19},{"not_picked":["PiercingWail+1","Deflect"],"picked":"Catalyst","floor":21},{"not_picked":["Dagger Throw","Finisher","Sucker Punch"],"picked":"SKIP","floor":22},{"not_picked":["Outmaneuver","Flying Knee+1"],"picked":"Burst","floor":24},{"not_picked":["Sucker Punch","Flying Knee","Riddle With Holes+1"],"picked":"SKIP","floor":28},{"not_picked":["Blade Dance","Outmaneuver+1"],"picked":"Storm of Steel","floor":29},{"not_picked":["After Image","Corpse Explosion"],"picked":"Grand Finale","floor":33},{"not_picked":["Caltrops","Masterful Stab"],"picked":"Backflip+1","floor":35},{"not_picked":["Predator+1","Terror+1"],"picked":"Blade Dance+1","floor":36},{"not_picked":["Dodge and Roll","Bane","Well Laid Plans"],"picked":"SKIP","floor":40},{"not_picked":["Flying Knee+1","Underhanded Strike","Quick Slash+1"],"picked":"SKIP","floor":42},{"not_picked":["Dodge and Roll+1","Tactician+1"],"picked":"Storm of Steel","floor":47},{"not_picked":["Distraction","Bane","Dagger Throw"],"picked":"SKIP","floor":48}],"player_experience":492608,"relics_obtained":[{"floor":9,"key":"Pen Nib"},{"floor":24,"key":"Ancient Tea Set"},{"floor":26,"key":"Mummified Hand"},{"floor":29,"key":"Kunai"},{"floor":43,"key":"Mercury Hourglass"},{"floor":45,"key":"Frozen Egg 2"}],"event_choices":[{"damage_healed":0,"gold_gain":0,"player_choice":"Rummage","damage_taken":0,"relics_obtained":["WarpedTongs"],"max_hp_gain":0,"max_hp_loss":0,"event_name":"Accursed Blacksmith","floor":25,"gold_loss":0,"cards_obtained":["Pain"]},{"cards_removed":["Pain"],"damage_healed":0,"gold_gain":0,"player_choice":"Gave Gold","damage_taken":0,"max_hp_gain":0,"max_hp_loss":0,"event_name":"Beggar","floor":30,"gold_loss":75},{"damage_healed":0,"gold_gain":0,"player_choice":"Upgrade","damage_taken":0,"relics_obtained":["Mark of the Bloom"],"max_hp_gain":0,"max_hp_loss":0,"event_name":"MindBloom","floor":37,"gold_loss":0,"cards_upgraded":["Defend_G","Defend_G","Defend_G","Strike_G","Strike_G","Strike_G","Survivor","Infinite Blades","Finisher","Adrenaline","Well Laid Plans","Grand Finale","Catalyst","Burst","Storm of Steel","Infinite Blades","Grand Finale"]},{"damage_healed":0,"gold_gain":0,"player_choice":"Ignored","damage_taken":0,"max_hp_gain":0,"max_hp_loss":0,"event_name":"Tomb of Lord Red Mask","floor":38,"gold_loss":0}],"is_beta":false,"boss_relics":[{"not_picked":["Ectoplasm","Snecko Eye"],"picked":"Fusion Hammer"},{"not_picked":["Velvet Choker","Calling Bell"],"picked":"Black Star"}],"items_purged_floors":[12,20,31,39],"is_endless":false,"potions_floor_spawned":[1,5,7,14,21,22,24,36,42],"ascension_level":0}