{"gold_per_floor":[155,206,239,164,1,1,1,1,1,1],"floor_reached":10,"playtime":261,"items_purged":["Strike_G"],"score":112,"play_id":"9d895f81-b373-4c70-b641-0fb05c377811","local_time":"20190405005332","is_ascension_mode":true,"campfire_choices":[{"data":"HandOfGreed","floor":6,"key":"SMITH"},{"data":"Bouncing Flask","floor":8,"key":"SMITH"}],"neow_cost":"CURSE","seed_source_timestamp":46426325416535,"circlet_count":0,"master_deck":["AscendersBane","Defend_G","Defend_G","Defend_G","Defend_G","Defend_G","Strike_G","Strike_G","Strike_G","Strike_G","Survivor","Neutralize","Bandage Up","HandOfGreed+1","Concentrate","Terror","Bouncing Flask+1","Tactician"],"relics":["Ring of the Snake","CultistMask","Pen Nib"],"potions_floor_usage":[10],"damage_taken":[{"damage":19,"enemies":"2 Louse","floor":1,"turns":7},{"damage":14,"enemies":"Small Slimes","floor":2,"turns":6},{"damage":13,"enemies":"Cultist","floor":3,"turns":5},{"damage":30,"enemies":"3 Sentries","floor":10,"turns":4}],"seed_played":"7461383519593340731","potions_obtained":[{"floor":3,"key":"PowerPotion"}],"is_trial":false,"path_per_floor":["M","M","M","?","$","R","?","R","T","E"],"character_chosen":"THE_SILENT","items_purchased":["Tactician"],"campfire_rested":0,"item_purchase_floors":[5],"current_hp_per_floor":[44,34,25,25,25,25,25,25,25,0],"gold":1,"neow_bonus":"RANDOM_COLORLESS_2","is_prod":false,"is_daily":false,"chose_seed":false,"campfire_upgraded":2,"win_rate":0,"timestamp":1554396812,"path_taken":["M","M","M","?","$","R","?","R","T","E"],"build_version":"2019-01-23","purchased_purges":1,"victory":false,"max_hp_per_floor":[66,66,66,66,66,66,66,66,66,66],"card_choices":[{"not_picked":["Dagger Spray","Cloak And Dagger"],"picked":"Concentrate","floor":1},{"not_picked":["Dagger Throw","Outmaneuver"],"picked":"Terror","floor":2},{"not_picked":["Cloak And Dagger","Distraction"],"picked":"Bouncing Flask","floor":3}],"player_experience":4063832,"relics_obtained":[{"floor":9,"key":"Pen Nib"}],"event_choices":[{"cards_removed":["Pain"],"damage_healed":0,"gold_gain":0,"player_choice":"Card Removal","damage_taken":0,"max_hp_gain":0,"max_hp_loss":0,"event_name":"The Cleric","floor":4,"gold_loss":75},{"damage_healed":0,"gold_gain":0,"player_choice":"Trade","damage_taken":0,"relics_obtained":["CultistMask"],"max_hp_gain":0,"max_hp_loss":0,"event_name":"FaceTrader","floor":7,"gold_loss":0}],"is_beta":false,"boss_relics":[],"items_purged_floors":[5],"is_endless":false,"potions_floor_spawned":[3],"killed_by":"3 Sentries","ascension_level":20}