{"gold_per_floor":[115,115,190,190,203,237,237,256,256,256,256,7,7,27,27,104,104,118,18,18],"floor_reached":20,"playtime":417,"items_purged":["Strike_B","Strike_B"],"score":390,"play_id":"a9e2202d-4cd4-4b51-a2b6-63988632d807","local_time":"20190119225631","is_ascension_mode":true,"campfire_choices":[{"data":"Streamline","floor":7.0,"key":"SMITH"},{"data":"Defragment","floor":10.0,"key":"SMITH"},{"data":"Biased Cognition","floor":15.0,"key":"SMITH"}],"neow_cost":"NONE","seed_source_timestamp":37894933591043,"circlet_count":0,"master_deck":["AscendersBane","Strike_B","Defend_B","Defend_B+1","Defend_B+1","Defend_B","Zap","Dualcast","Streamline+1","Defragment+1","Biased Cognition+1","Coolheaded","Core Surge"],"special_seed":0,"relics":["Cracked Core","NeowsBlessing","Singing Bowl","Bag of Marbles","War Paint","Inserter"],"potions_floor_usage":[],"damage_taken":[{"damage":0.0,"enemies":"Jaw Worm","floor":1.0,"turns":1.0},{"damage":0.0,"enemies":"Small Slimes","floor":5.0,"turns":1.0},{"damage":0.0,"enemies":"Gremlin Nob","floor":6.0,"turns":1.0},{"damage":0.0,"enemies":"2 Louse","floor":8.0,"turns":1.0},{"damage":0.0,"enemies":"Exordium Thugs","floor":14.0,"turns":3.0},{"damage":25.0,"enemies":"Slime Boss","floor":16.0,"turns":7.0},{"damage":27,"enemies":"2 Thieves","floor":18,"turns":5},{"damage":22,"enemies":"Colosseum Slavers","floor":20,"turns":2}],"seed_played":"8453403848247307100","potions_obtained":[{"floor":6.0,"key":"Regen Potion"},{"floor":8.0,"key":"SteroidPotion"}],"is_trial":false,"path_per_floor":["M","?","?","?","M","E","R","M","T","R","?","$","?","M","R","B",null,"M","$","?"],"character_chosen":"DEFECT","items_purchased":["Biased Cognition"],"campfire_rested":0,"item_purchase_floors":[12],"current_hp_per_floor":[64,57,46,46,46,48,48,48,48,48,37,37,37,37,37,27,62,37,37,15],"gold":18,"neow_bonus":"THREE_ENEMY_KILL","is_prod":false,"is_daily":false,"chose_seed":false,"campfire_upgraded":3,"win_rate":0,"timestamp":1547909791,"path_taken":["M","?","?","?","M","E","R","M","T","R","?","$","?","M","R","BOSS","M","$","?"],"build_version":"2019-01-17v2","purchased_purges":2,"victory":false,"max_hp_per_floor":[71,71,71,71,71,73,73,73,73,73,73,73,73,73,73,73,73,75,75,75],"card_choices":[{"not_picked":["Ball Lightning","Redo"],"picked":"Streamline","floor":1.0},{"not_picked":["Chaos","Static Discharge","Rebound"],"picked":"SKIP","floor":5.0},{"not_picked":["Sweeping Beam","Storm","Scrape"],"picked":"Singing Bowl","floor":6.0},{"not_picked":["FTL","Cold Snap"],"picked":"Defragment","floor":8.0},{"not_picked":["Cold Snap","Steam"],"picked":"Coolheaded","floor":14.0},{"not_picked":["Biased Cognition","All For One"],"picked":"Core Surge","floor":16.0},{"not_picked":["Conserve Battery","Gash","Heatsinks"],"picked":"Singing Bowl","floor":18}],"player_experience":2046985,"relics_obtained":[{"floor":6.0,"key":"Singing Bowl"},{"floor":9.0,"key":"Bag of Marbles"}],"event_choices":[{"cards_removed":["Strike_B"],"damage_healed":0.0,"max_hp_gain":0.0,"max_hp_loss":0.0,"gold_gain":0.0,"event_name":"Golden Wing","player_choice":"Card Removal","floor":2.0,"gold_loss":0.0,"damage_taken":7.0},{"damage_healed":0.0,"max_hp_gain":0.0,"max_hp_loss":0.0,"gold_gain":75.0,"event_name":"World of Goop","player_choice":"Gather Gold","floor":3.0,"gold_loss":0.0,"damage_taken":11.0},{"damage_healed":0.0,"max_hp_gain":0.0,"max_hp_loss":0.0,"gold_gain":0.0,"event_name":"Liars Game","player_choice":"Ignored","floor":4.0,"gold_loss":0.0,"damage_taken":0.0},{"damage_healed":0.0,"max_hp_gain":0.0,"max_hp_loss":0.0,"gold_gain":0.0,"event_name":"Scrap Ooze","player_choice":"Success","floor":11.0,"gold_loss":0.0,"damage_taken":11.0,"relics_obtained":["War Paint"]},{"damage_healed":0.0,"max_hp_gain":0.0,"max_hp_loss":0.0,"gold_gain":0.0,"event_name":"The Cleric","player_choice":"Leave","floor":13.0,"gold_loss":0.0,"damage_taken":0.0},{"damage_healed":0,"gold_gain":0,"player_choice":"Fight","damage_taken":0,"max_hp_gain":0,"max_hp_loss":0,"event_name":"Colosseum","floor":20,"gold_loss":0}],"is_beta":false,"boss_relics":[{"not_picked":["Philosopher\u0027s Stone","Black Star"],"picked":"Inserter"}],"items_purged_floors":[12,19],"is_endless":false,"potions_floor_spawned":[6,8],"killed_by":"Colosseum Slavers","ascension_level":20}