{"gold_per_floor":[18,37,48,48,48,78,78,93,93,158,108,33,43,70,70,147,147,166,183,183,211,211,211,240,39,39,59,59],"floor_reached":28,"playtime":1471,"items_purged":["Strike_G","Dagger Throw"],"score":472,"play_id":"b1d5f2e8-6654-46d4-bbd5-328297035fb3","local_time":"20190202233741","is_ascension_mode":true,"campfire_choices":[{"data":"Cloak And Dagger","floor":7.0,"key":"SMITH"},{"data":"Neutralize","floor":15,"key":"SMITH"},{"data":"Calculated Gamble","floor":23,"key":"SMITH"}],"neow_cost":"NO_GOLD","seed_source_timestamp":45262046330150,"circlet_count":0,"master_deck":["AscendersBane","Survivor","Neutralize+1","After Image","Backflip","Deadly Poison","Cloak And Dagger+1","Blade Dance","Night Terror","Prepared","Caltrops","Deflect","Backstab","Venomology","Calculated Gamble+1","Well Laid Plans","Accuracy","Impatience","Escape Plan"],"special_seed":0,"relics":["Ring of the Snake","Question Card","Blue Candle","Singing Bowl","Smiling Mask","Anchor","Pandora\u0027s Box","Red Mask","Ancient Tea Set","The Courier"],"potions_floor_usage":[16,18,21,24,24,27,28,28],"damage_taken":[{"damage":6.0,"enemies":"Small Slimes","floor":1.0,"turns":8.0},{"damage":1.0,"enemies":"Jaw Worm","floor":2.0,"turns":4.0},{"damage":0.0,"enemies":"Cultist","floor":3.0,"turns":6.0},{"damage":15.0,"enemies":"Lagavulin","floor":6.0,"turns":7.0},{"damage":1.0,"enemies":"Looter","floor":8.0,"turns":4.0},{"damage":28.0,"enemies":"3 Sentries","floor":10.0,"turns":15.0},{"damage":0.0,"enemies":"3 Louse","floor":13.0,"turns":4.0},{"damage":12,"enemies":"The Guardian","floor":16,"turns":13},{"damage":0,"enemies":"3 Byrds","floor":18,"turns":3},{"damage":12,"enemies":"Chosen","floor":19,"turns":5},{"damage":3,"enemies":"Masked Bandits","floor":21,"turns":6},{"damage":8,"enemies":"Book of Stabbing","floor":24,"turns":7},{"damage":2,"enemies":"Centurion and Healer","floor":27,"turns":7},{"damage":23,"enemies":"Slavers","floor":28,"turns":4}],"seed_played":"-8580349445159278268","potions_obtained":[{"floor":1.0,"key":"SkillPotion"},{"floor":10.0,"key":"SkillPotion"},{"floor":13.0,"key":"Dexterity Potion"},{"floor":16,"key":"Weak Potion"},{"floor":19,"key":"Strength Potion"},{"floor":24,"key":"Explosive Potion"},{"floor":27,"key":"Regen Potion"}],"is_trial":false,"path_per_floor":["M","M","M","?","?","E","R","M","T","?","$","?","M","T","R","B",null,"M","M","?","?","?","R","E","$","T","M","E"],"character_chosen":"THE_SILENT","items_purchased":["Accuracy","Impatience"],"campfire_rested":0,"item_purchase_floors":[25,25],"current_hp_per_floor":[53,52,52,57,57,42,42,41,41,15,15,15,17,17,17,5,58,60,50,50,47,47,47,41,41,41,39,21],"gold":59,"neow_bonus":"TRANSFORM_TWO_CARDS","is_prod":false,"is_daily":false,"chose_seed":false,"campfire_upgraded":3,"win_rate":0,"timestamp":1549121861,"path_taken":["M","M","M","?","?","E","R","?","T","?","$","?","M","?","R","BOSS","M","M","?","?","?","R","E","$","T","M","E"],"build_version":"2019-01-23","purchased_purges":2,"victory":false,"max_hp_per_floor":[66,66,66,71,71,71,71,71,71,73,73,73,75,75,75,75,75,77,79,79,79,79,79,81,81,81,81,81],"card_choices":[{"not_picked":["All Out Attack","Slice"],"picked":"Deadly Poison","floor":1.0},{"not_picked":["Setup","Outmaneuver","Underhanded Strike"],"picked":"SKIP","floor":2.0},{"not_picked":["Accuracy","Choke"],"picked":"Cloak And Dagger","floor":3.0},{"not_picked":["Grand Finale","Sucker Punch","Slice"],"picked":"Blade Dance","floor":6.0},{"not_picked":["Catalyst","Concentrate","Setup","Finisher"],"picked":"SKIP","floor":8.0},{"not_picked":["Dodge and Roll","Slice","Prepared","Concentrate"],"picked":"Singing Bowl","floor":10.0},{"not_picked":["Flying Knee","Noxious Fumes","Blade Dance","Quick Slash"],"picked":"Singing Bowl","floor":13.0},{"not_picked":["Venomology","Wraith Form v2","Tools of the Trade"],"picked":"Night Terror","floor":16},{"not_picked":["Dagger Spray","Poisoned Stab","Dagger Throw","Terror"],"picked":"Singing Bowl","floor":18},{"not_picked":["Deflect","Bane+1","Bouncing Flask","PiercingWail"],"picked":"Singing Bowl","floor":19},{"not_picked":["Blur+1","Backstab","Masterful Stab"],"picked":"Calculated Gamble","floor":21},{"not_picked":["Heel Hook","Distraction","Dagger Throw","Storm of Steel"],"picked":"Singing Bowl","floor":24},{"not_picked":["Flying Knee","Deflect","Bane"],"picked":"Escape Plan","floor":27}],"player_experience":1407627,"relics_obtained":[{"floor":5.0,"key":"Question Card"},{"floor":6.0,"key":"Blue Candle"},{"floor":9.0,"key":"Singing Bowl"},{"floor":10.0,"key":"Smiling Mask"},{"floor":14.0,"key":"Anchor"},{"floor":21,"key":"Red Mask"},{"floor":24,"key":"Ancient Tea Set"},{"floor":26,"key":"The Courier"}],"event_choices":[{"damage_healed":0.0,"max_hp_gain":5.0,"max_hp_loss":0.0,"gold_gain":0.0,"event_name":"Big Fish","player_choice":"Donut","floor":4.0,"gold_loss":0.0,"damage_taken":0.0},{"damage_healed":0.0,"max_hp_gain":0.0,"max_hp_loss":0.0,"gold_gain":0.0,"event_name":"Wheel of Change","player_choice":"Relic","floor":5.0,"gold_loss":0.0,"damage_taken":0.0},{"damage_healed":0.0,"max_hp_gain":0.0,"max_hp_loss":0.0,"gold_gain":0.0,"event_name":"Dead Adventurer","player_choice":"Searched \u00271\u0027 times","floor":10.0,"gold_loss":0.0,"damage_taken":0.0},{"cards_removed":["Strike_G"],"damage_healed":0.0,"max_hp_gain":0.0,"max_hp_loss":0.0,"gold_gain":0.0,"event_name":"The Cleric","player_choice":"Card Removal","floor":12.0,"gold_loss":75.0,"damage_taken":0.0},{"damage_healed":0,"gold_gain":0,"player_choice":"Ignored","damage_taken":0,"max_hp_gain":0,"max_hp_loss":0,"event_name":"Ghosts","floor":20,"gold_loss":0},{"damage_healed":0,"gold_gain":0,"player_choice":"Fought Bandits","damage_taken":0,"max_hp_gain":0,"max_hp_loss":0,"event_name":"Masked Bandits","floor":21,"gold_loss":0},{"damage_healed":0,"gold_gain":0,"player_choice":"Read","damage_taken":0,"max_hp_gain":0,"max_hp_loss":0,"event_name":"The Library","floor":22,"gold_loss":0,"cards_obtained":["Well Laid Plans"]}],"is_beta":true,"boss_relics":[{"not_picked":["Philosopher\u0027s Stone","Fusion Hammer"],"picked":"Pandora\u0027s Box"}],"items_purged_floors":[11,25],"is_endless":false,"potions_floor_spawned":[1,10,13,16,19,24,27],"killed_by":"Slavers","ascension_level":20}