{"gold_per_floor":[116,116,191,37,37,62,62,95,167,193,210,57,57,74,74,74],"floor_reached":16,"playtime":362,"items_purged":["Strike_G","Strike_G"],"score":332,"play_id":"6082bb72-700c-421e-99b9-fab54ffa6bff","local_time":"20181120110938","is_ascension_mode":true,"campfire_choices":[{"data":"Flechettes","floor":15,"key":"SMITH"}],"neow_cost":"NONE","seed_source_timestamp":4838020230190,"circlet_count":0,"master_deck":["AscendersBane","Defend_G","Defend_G","Defend_G","Defend_G","Defend_G","Strike_G","Strike_G+1","Survivor","Neutralize+1","Acrobatics","Flechettes+1","Prepared","Prepared","Backflip","Acrobatics","Parasite"],"relics":["Ring of the Snake","NeowsBlessing","Pocketwatch","Pear","Pen Nib"],"potions_floor_usage":[10,16],"damage_taken":[{"damage":0,"enemies":"Jaw Worm","floor":1,"turns":1},{"damage":0,"enemies":"Gremlin Nob","floor":6,"turns":1},{"damage":0,"enemies":"Lagavulin","floor":8,"turns":1},{"damage":29,"enemies":"Gremlin Nob","floor":10,"turns":4},{"damage":0,"enemies":"2 Louse","floor":11,"turns":2},{"damage":0,"enemies":"Small Slimes","floor":14,"turns":3},{"damage":28,"enemies":"Slime Boss","floor":16,"turns":5}],"seed_played":"5693901617484445366","potions_obtained":[{"floor":6,"key":"FearPotion"},{"floor":10,"key":"SkillPotion"},{"floor":14,"key":"LiquidBronze"}],"is_trial":false,"path_per_floor":["M","?","?","$","?","E","?","E","T","E","M","$","?","M","R","B"],"character_chosen":"THE_SILENT","items_purchased":["Flechettes","Acrobatics"],"campfire_rested":0,"item_purchase_floors":[4,12],"current_hp_per_floor":[59,52,41,41,46,46,25,35,35,6,6,6,26,26,26,0],"gold":74,"neow_bonus":"THREE_ENEMY_KILL","is_prod":false,"is_daily":false,"chose_seed":false,"campfire_upgraded":1,"win_rate":0,"timestamp":1542683378,"path_taken":["M","?","?","$","?","E","?","E","T","E","M","$","?","?","R","BOSS"],"build_version":"2018-11-15","purchased_purges":2,"victory":false,"max_hp_per_floor":[66,66,66,66,71,71,71,81,81,81,81,81,81,81,81,81],"card_choices":[{"not_picked":["Slice","Finisher"],"picked":"Acrobatics","floor":1},{"not_picked":["Deflect","Die Die Die","Backstab"],"picked":"SKIP","floor":6},{"not_picked":["Leg Sweep","Predator"],"picked":"Prepared","floor":8},{"not_picked":["PiercingWail","Flying Knee"],"picked":"Prepared","floor":10},{"not_picked":["Catalyst","Blade Dance"],"picked":"Backflip","floor":11},{"not_picked":["Cloak And Dagger","Heel Hook","Terror"],"picked":"SKIP","floor":14}],"player_experience":1114254,"relics_obtained":[{"floor":6,"key":"Pocketwatch"},{"floor":8,"key":"Pear"},{"floor":10,"key":"Pen Nib"}],"event_choices":[{"cards_removed":["Strike_G"],"damage_healed":0,"gold_gain":0,"player_choice":"Card Removal","damage_taken":7,"max_hp_gain":0,"max_hp_loss":0,"event_name":"Golden Wing","floor":2,"gold_loss":0},{"damage_healed":0,"gold_gain":75,"player_choice":"Gather Gold","damage_taken":11,"max_hp_gain":0,"max_hp_loss":0,"event_name":"World of Goop","floor":3,"gold_loss":0},{"damage_healed":0,"gold_gain":0,"player_choice":"Donut","damage_taken":0,"max_hp_gain":5,"max_hp_loss":0,"event_name":"Big Fish","floor":5,"gold_loss":0},{"damage_healed":0,"gold_gain":0,"player_choice":"Entered Light","damage_taken":21,"max_hp_gain":0,"max_hp_loss":0,"event_name":"Shining Light","floor":7,"gold_loss":0,"cards_upgraded":["Neutralize","Strike_G"]},{"damage_healed":20,"gold_gain":0,"player_choice":"Healed and dodged fight","damage_taken":0,"max_hp_gain":0,"max_hp_loss":0,"event_name":"Mushrooms","floor":13,"gold_loss":0,"cards_obtained":["Parasite"]}],"is_beta":true,"boss_relics":[],"items_purged_floors":[4,12],"is_endless":false,"potions_floor_spawned":[6,10,14],"killed_by":"Slime Boss","ascension_level":20}