{"gold_per_floor":[118,133,144,155,155,186,197,197,197,172,172,186,245,265,265,265],"floor_reached":16,"playtime":1351,"items_purged":[],"score":104,"play_id":"7885802e-408d-4203-af0b-25196138bdd2","local_time":"20190709083330","is_ascension_mode":false,"campfire_choices":[{"data":"Fiend Fire","floor":11,"key":"SMITH"},{"floor":15,"key":"REST"}],"neow_cost":"CURSE","seed_source_timestamp":1417762982008113,"circlet_count":0,"master_deck":["Strike_R","Strike_R","Strike_R","Strike_R","Strike_R","Defend_R","Defend_R","Defend_R","Defend_R","Bash","Shame","Fiend Fire+1","Burning Pact","Pommel Strike","Dual Wield","Carnage","Shrug It Off","Warcry","Feel No Pain+1","Pummel","Pommel Strike"],"relics":["Burning Blood","Red Skull","Frozen Egg 2","Bottled Flame","Gremlin Horn"],"potions_floor_usage":[3,6,12,14,16],"damage_taken":[{"damage":3,"enemies":"Cultist","floor":1,"turns":3},{"damage":10,"enemies":"Small Slimes","floor":2,"turns":4},{"damage":0,"enemies":"Jaw Worm","floor":3,"turns":1},{"damage":16,"enemies":"2 Fungi Beasts","floor":4,"turns":4},{"damage":28,"enemies":"Gremlin Nob","floor":6,"turns":4},{"damage":6,"enemies":"3 Louse","floor":7,"turns":5},{"damage":7,"enemies":"Lots of Slimes","floor":12,"turns":3},{"damage":9,"enemies":"3 Sentries","floor":13,"turns":6},{"damage":5,"enemies":"Looter","floor":14,"turns":2},{"damage":44,"enemies":"Hexaghost","floor":16,"turns":10}],"seed_played":"-5308447765534724789","potions_obtained":[{"floor":1,"key":"Swift Potion"},{"floor":2,"key":"Swift Potion"},{"floor":7,"key":"PowerPotion"},{"floor":13,"key":"PowerPotion"},{"floor":14,"key":"GamblersBrew"}],"is_trial":false,"path_per_floor":["M","M","M","M","?","E","M","?","T","?","R","M","?","M","R","B"],"character_chosen":"IRONCLAD","items_purchased":[],"campfire_rested":1,"item_purchase_floors":[],"current_hp_per_floor":[80,76,80,70,70,48,48,23,23,23,23,22,19,20,44,0],"gold":265,"neow_bonus":"THREE_RARE_CARDS","is_prod":false,"is_daily":false,"chose_seed":false,"campfire_upgraded":1,"win_rate":0.0,"timestamp":1562650410,"path_taken":["M","?","M","M","?","E","M","?","T","?","R","M","?","M","R","BOSS"],"build_version":"2019-07-05","purchased_purges":0,"victory":false,"max_hp_per_floor":[80,80,80,80,80,80,80,80,80,80,80,80,80,80,80,80],"card_choices":[{"not_picked":["Juggernaut","Berserk"],"picked":"Fiend Fire","floor":0},{"not_picked":["Rage","Clothesline"],"picked":"Burning Pact","floor":1},{"not_picked":["Hemokinesis","Sword Boomerang"],"picked":"Pommel Strike","floor":2},{"not_picked":["Thunderclap","Disarm"],"picked":"Dual Wield","floor":3},{"not_picked":["Clothesline","Combust"],"picked":"Carnage","floor":4},{"not_picked":["Burning Pact","Brutality"],"picked":"Shrug It Off","floor":6},{"not_picked":["Pommel Strike","Body Slam"],"picked":"Warcry","floor":7},{"not_picked":["Shrug It Off","Feed"],"picked":"Feel No Pain+1","floor":12},{"not_picked":["Sword Boomerang","Heavy Blade"],"picked":"Pummel","floor":13},{"not_picked":["Burning Pact","Flex"],"picked":"Pommel Strike","floor":14}],"player_experience":26755,"relics_obtained":[{"floor":6,"key":"Red Skull"},{"floor":9,"key":"Bottled Flame"},{"floor":13,"key":"Gremlin Horn"}],"event_choices":[{"damage_healed":0,"gold_gain":0,"player_choice":"Leave","damage_taken":0,"max_hp_gain":0,"max_hp_loss":0,"event_name":"The Cleric","floor":5,"gold_loss":0},{"damage_healed":0,"gold_gain":0,"player_choice":"Success","damage_taken":25,"relics_obtained":["Frozen Egg 2"],"max_hp_gain":0,"max_hp_loss":0,"event_name":"Scrap Ooze","floor":8,"gold_loss":0},{"damage_healed":0,"gold_gain":0,"player_choice":"Left Gold","damage_taken":0,"max_hp_gain":0,"max_hp_loss":0,"event_name":"World of Goop","floor":10,"gold_loss":25},{"damage_healed":0,"gold_gain":0,"player_choice":"Searched \u00271\u0027 times","damage_taken":0,"max_hp_gain":0,"max_hp_loss":0,"event_name":"Dead Adventurer","floor":13,"gold_loss":0}],"is_beta":false,"boss_relics":[],"items_purged_floors":[],"is_endless":false,"potions_floor_spawned":[1,2,7,13,14],"killed_by":"Hexaghost","ascension_level":0}