{"gold_per_floor":[109,79,90,101,115,115,14,42,69,69,80,80,160,188,188,188],"floor_reached":16,"playtime":470,"items_purged":[],"score":220,"play_id":"f7cb3b85-b6ff-4655-9237-d19de63b00c7","local_time":"20190416234307","is_ascension_mode":true,"campfire_choices":[{"data":"Zap","floor":6.0,"key":"SMITH"},{"data":"Beam Cell","floor":10,"key":"SMITH"},{"data":"Melter","floor":12,"key":"SMITH"},{"data":"Dualcast","floor":15,"key":"SMITH"}],"neow_cost":"PERCENT_DAMAGE","seed_source_timestamp":644248021583215,"circlet_count":0,"master_deck":["AscendersBane","Strike_B","Strike_B","Defend_B","Defend_B","Defend_B","Defend_B","Zap+1","Dualcast+1","Force Field","Stack","Self Repair","Melter+1","Skim","Beam Cell+1","Cold Snap","Hologram","Turbo","Heatsinks","Electrodynamics"],"special_seed":0,"relics":["Cracked Core","Smiling Mask","Pen Nib","Symbiotic Virus","Bronze Scales"],"potions_floor_usage":[8,8,8,8,16],"damage_taken":[{"damage":1.0,"enemies":"Small Slimes","floor":1.0,"turns":4.0},{"damage":2.0,"enemies":"Cultist","floor":3.0,"turns":4.0},{"damage":7.0,"enemies":"Jaw Worm","floor":4.0,"turns":4.0},{"damage":23.0,"enemies":"Large Slime","floor":5.0,"turns":7.0},{"damage":21,"enemies":"Gremlin Nob","floor":8,"turns":4},{"damage":0,"enemies":"3 Louse","floor":11,"turns":3},{"damage":18,"enemies":"Lagavulin","floor":14,"turns":7},{"damage":9,"enemies":"Hexaghost","floor":16,"turns":7}],"seed_played":"-2341667995599629760","potions_obtained":[{"floor":2.0,"key":"EntropicBrew"},{"floor":2.0,"key":"EntropicBrew"},{"floor":5.0,"key":"FocusPotion"},{"floor":8,"key":"Fire Potion"}],"is_trial":false,"path_per_floor":["M","?","M","M","M","R","$","E","T","R","M","R","T","E","R","B"],"character_chosen":"DEFECT","items_purchased":["Cold Snap","Hologram"],"campfire_rested":0,"item_purchase_floors":[7,7],"current_hp_per_floor":[45,45,50,50,34,34,34,13,13,13,20,20,20,9,9,0],"gold":188,"neow_bonus":"TRANSFORM_TWO_CARDS","is_prod":false,"is_daily":false,"chose_seed":false,"campfire_upgraded":4,"win_rate":0,"timestamp":1555429387,"path_taken":["M","?","M","M","?","R","?","E","T","R","M","R","?","E","R","BOSS"],"build_version":"2019-01-23","purchased_purges":0,"victory":false,"max_hp_per_floor":[71,71,71,71,71,71,71,71,71,71,71,71,71,71,71,71],"card_choices":[{"not_picked":["Hologram","Conserve Battery"],"picked":"Self Repair","floor":1.0},{"not_picked":["Gash","Storm"],"picked":"Melter","floor":3.0},{"not_picked":["Leap","Cold Snap"],"picked":"Skim","floor":4.0},{"not_picked":["Reinforced Body","Stack"],"picked":"Beam Cell","floor":5.0},{"not_picked":["Sweeping Beam","Double Energy"],"picked":"Turbo","floor":8},{"not_picked":["Beam Cell","Thunder Strike"],"picked":"Heatsinks","floor":11},{"not_picked":["All For One","Ball Lightning"],"picked":"Electrodynamics","floor":14}],"player_experience":1408887,"relics_obtained":[{"floor":8,"key":"Smiling Mask"},{"floor":9,"key":"Pen Nib"},{"floor":13,"key":"Symbiotic Virus"},{"floor":14,"key":"Bronze Scales"}],"event_choices":[{"damage_healed":0.0,"max_hp_gain":0.0,"max_hp_loss":0.0,"gold_gain":0.0,"event_name":"The Woman in Blue","player_choice":"Bought 2 Potions","floor":2.0,"gold_loss":0.0,"damage_taken":0.0}],"is_beta":false,"boss_relics":[],"items_purged_floors":[],"is_endless":false,"potions_floor_spawned":[4,5,8],"killed_by":"Hexaghost","ascension_level":20}