{"gold_per_floor":[118,31,181,199,199,199,231,231,256,256,286,313,313,327,327,327],"floor_reached":16,"playtime":734,"items_purged":[],"score":262,"play_id":"cfa8fe39-bbd3-4738-a212-48f3205fb302","local_time":"20190106150000","is_ascension_mode":true,"campfire_choices":[{"data":"Streamline","floor":6.0,"key":"SMITH"},{"data":"Zap","floor":8.0,"key":"SMITH"},{"data":"Capacitor","floor":10.0,"key":"SMITH"},{"data":"Capacitor","floor":15,"key":"SMITH"}],"neow_cost":"NONE","seed_source_timestamp":12469271174975,"circlet_count":0,"master_deck":["AscendersBane","Strike_B","Strike_B","Strike_B","Strike_B","Defend_B","Defend_B","Defend_B","Defend_B","Zap+1","Dualcast","Streamline+1","Capacitor+1","Doubt","Self Repair","Capacitor+1","Cold Snap","Genetic Algorithm"],"special_seed":0,"relics":["Cracked Core","NeowsBlessing","Bag of Marbles","Blood Vial","Boot","Anchor","Golden Idol"],"potions_floor_usage":[16,16],"damage_taken":[{"damage":0.0,"enemies":"Small Slimes","floor":1.0,"turns":1.0},{"damage":0.0,"enemies":"2 Louse","floor":4.0,"turns":1.0},{"damage":0.0,"enemies":"Lagavulin","floor":7.0,"turns":1.0},{"damage":45,"enemies":"3 Sentries","floor":12,"turns":8},{"damage":0,"enemies":"Jaw Worm","floor":14,"turns":3},{"damage":28,"enemies":"The Guardian","floor":16,"turns":8}],"seed_played":"-4478704517392625286","potions_obtained":[{"floor":7.0,"key":"Energy Potion"},{"floor":12,"key":"FearPotion"}],"is_trial":false,"path_per_floor":["M","$","?","M","?","R","E","R","T","R","?","E","?","M","R","B"],"character_chosen":"DEFECT","items_purchased":["Capacitor"],"campfire_rested":0,"item_purchase_floors":[2],"current_hp_per_floor":[64,64,64,64,53,53,60,60,60,60,60,17,17,26,26,0],"gold":327,"neow_bonus":"THREE_ENEMY_KILL","is_prod":false,"is_daily":false,"chose_seed":false,"campfire_upgraded":4,"win_rate":0,"timestamp":1546758000,"path_taken":["M","$","?","M","?","R","E","R","T","R","?","E","?","M","R","BOSS"],"build_version":"2019-01-03v4","purchased_purges":0,"victory":false,"max_hp_per_floor":[71,71,71,71,71,71,71,71,71,71,71,71,64,64,64,64],"card_choices":[{"not_picked":["Cold Snap","Tempest"],"picked":"Streamline","floor":1.0},{"not_picked":["Chaos","Chill"],"picked":"Self Repair","floor":4.0},{"not_picked":["Loop","Sweeping Beam"],"picked":"Capacitor","floor":7.0},{"not_picked":["Melter","Auto Shields"],"picked":"Cold Snap","floor":12},{"not_picked":["Steam Power","Conserve Battery"],"picked":"Genetic Algorithm","floor":14}],"player_experience":1777621,"relics_obtained":[{"floor":7.0,"key":"Blood Vial"},{"floor":9.0,"key":"Boot"},{"floor":12,"key":"Anchor"}],"event_choices":[{"damage_healed":0.0,"max_hp_gain":0.0,"max_hp_loss":0.0,"gold_gain":150.0,"event_name":"Liars Game","player_choice":"AGREE","floor":3.0,"gold_loss":0.0,"damage_taken":0.0,"cards_obtained":["Doubt"]},{"damage_healed":0.0,"max_hp_gain":0.0,"max_hp_loss":0.0,"gold_gain":0.0,"event_name":"Scrap Ooze","player_choice":"Success","floor":5.0,"gold_loss":0.0,"damage_taken":11.0,"relics_obtained":["Bag of Marbles"]},{"damage_healed":0,"gold_gain":30,"player_choice":"Searched \u00271\u0027 times","damage_taken":0,"max_hp_gain":0,"max_hp_loss":0,"event_name":"Dead Adventurer","floor":11,"gold_loss":0},{"damage_healed":0,"gold_gain":0,"player_choice":"Lose Max HP","damage_taken":0,"relics_obtained":["Golden Idol"],"max_hp_gain":0,"max_hp_loss":7,"event_name":"Golden Idol","floor":13,"gold_loss":0}],"is_beta":false,"boss_relics":[],"items_purged_floors":[],"is_endless":false,"potions_floor_spawned":[7,12,14],"killed_by":"The Guardian","ascension_level":20}