{"gold_per_floor":[368,388,402,327,338,338,338,338,338,357,357,367,382,30,30,109,109,129,5,55,1,12,12,12],"floor_reached":24,"playtime":964,"items_purged":["Strike_G"],"score":376,"play_id":"52d4fe29-0fae-4608-bbe5-b1d9854f8af9","local_time":"20190407125114","is_ascension_mode":true,"campfire_choices":[{"data":"Deadly Poison","floor":6,"key":"SMITH"},{"data":"Night Terror","floor":11,"key":"SMITH"},{"data":"Noxious Fumes","floor":15,"key":"SMITH"},{"data":"Catalyst","floor":23,"key":"SMITH"}],"neow_cost":"TEN_PERCENT_HP_LOSS","seed_source_timestamp":0,"circlet_count":0,"master_deck":["AscendersBane","Defend_G","Defend_G","Defend_G","Defend_G","Defend_G","Strike_G","Strike_G","Strike_G","Survivor","Neutralize","Backflip","Deadly Poison+1","Night Terror+1","Magnetism","Noxious Fumes+1","Grand Finale","Well Laid Plans","Catalyst+1"],"special_seed":0,"relics":["Ring of the Snake","Dodecahedron","Sundial","Busted Crown"],"potions_floor_usage":[12,16,16],"damage_taken":[{"damage":3.0,"enemies":"Cultist","floor":1.0,"turns":6.0},{"damage":0.0,"enemies":"2 Louse","floor":2.0,"turns":6.0},{"damage":3.0,"enemies":"Small Slimes","floor":3.0,"turns":4.0},{"damage":1,"enemies":"Blue Slaver","floor":5,"turns":5},{"damage":7,"enemies":"2 Fungi Beasts","floor":10,"turns":4},{"damage":4,"enemies":"Red Slaver","floor":12,"turns":6},{"damage":3,"enemies":"Blue Slaver","floor":13,"turns":4},{"damage":10,"enemies":"Slime Boss","floor":16,"turns":7},{"damage":18,"enemies":"Shell Parasite","floor":18,"turns":6},{"damage":17,"enemies":"3 Byrds","floor":22,"turns":5},{"damage":0,"enemies":"Slavers","floor":24,"turns":1}],"seed_played":"-1446355997971279393","potions_obtained":[{"floor":1.0,"key":"Dexterity Potion"},{"floor":10,"key":"Block Potion"},{"floor":13,"key":"Energy Potion"}],"is_trial":false,"path_per_floor":["M","M","M","?","M","R","?","?","T","M","R","M","M","$","R","B",null,"M","$","?","$","M","R","E"],"character_chosen":"THE_SILENT","items_purchased":["Magnetism","Noxious Fumes","Well Laid Plans","Catalyst","Swift Potion"],"campfire_rested":0,"item_purchase_floors":[14,14,19,19,21],"current_hp_per_floor":[56,56,53,53,52,52,34,54,54,47,47,43,40,40,40,30,53,35,35,35,35,18,18,18],"gold":12,"neow_bonus":"TWO_FIFTY_GOLD","is_prod":false,"is_daily":false,"chose_seed":false,"campfire_upgraded":4,"win_rate":0,"timestamp":1554612674,"path_taken":["M","M","?","?","M","R","?","?","T","M","R","M","?","$","R","BOSS","M","$","?","$","M","R","E"],"build_version":"2019-01-23","purchased_purges":1,"victory":false,"max_hp_per_floor":[60,60,60,60,60,60,60,60,60,60,60,60,60,60,60,60,60,60,60,60,60,60,60,60],"card_choices":[{"not_picked":["Riddle With Holes","PiercingWail"],"picked":"Backflip","floor":1.0},{"not_picked":["Backflip","Flying Knee","Bane"],"picked":"SKIP","floor":2.0},{"not_picked":["Sucker Punch","Distraction"],"picked":"Deadly Poison","floor":3.0},{"not_picked":["Cloak And Dagger","PiercingWail","Outmaneuver"],"picked":"SKIP","floor":5},{"not_picked":["Acrobatics","Deflect"],"picked":"Night Terror","floor":10},{"not_picked":["Blade Dance","Bane","Cloak And Dagger"],"picked":"SKIP","floor":12},{"not_picked":["Prepared","Outmaneuver","Underhanded Strike"],"picked":"SKIP","floor":13},{"not_picked":["Night Terror","Storm of Steel"],"picked":"Grand Finale","floor":16},{"not_picked":["Heel Hook"],"picked":"SKIP","floor":18},{"not_picked":["Blade Dance"],"picked":"SKIP","floor":22}],"player_experience":4120072,"relics_obtained":[{"floor":9,"key":"Sundial"}],"event_choices":[{"cards_removed":["Strike_G"],"damage_healed":0,"gold_gain":0,"player_choice":"Card Removal","damage_taken":0,"max_hp_gain":0,"max_hp_loss":0,"event_name":"The Cleric","floor":4,"gold_loss":75},{"damage_healed":0,"gold_gain":0,"player_choice":"Success","damage_taken":18,"relics_obtained":["Dodecahedron"],"max_hp_gain":0,"max_hp_loss":0,"event_name":"Scrap Ooze","floor":7,"gold_loss":0},{"damage_healed":20,"gold_gain":0,"player_choice":"Banana","damage_taken":0,"max_hp_gain":0,"max_hp_loss":0,"event_name":"Big Fish","floor":8,"gold_loss":0},{"damage_healed":0,"gold_gain":50,"player_choice":"Stole From Cult","damage_taken":0,"max_hp_gain":0,"max_hp_loss":0,"event_name":"Nest","floor":20,"gold_loss":0}],"is_beta":false,"boss_relics":[{"not_picked":["Velvet Choker","Ectoplasm"],"picked":"Busted Crown"}],"items_purged_floors":[14],"is_endless":false,"potions_floor_spawned":[1,10,13],"killed_by":"Slavers","ascension_level":20}