{"gold_per_floor":[114,264,264,189,189,189,204,238,264,264,290,306,306,146,146,218,218],"floor_reached":17,"playtime":279,"items_purged":["Strike_G"],"score":372,"play_id":"21c66341-8e85-4317-b169-e56146fd7afe","local_time":"20190109145006","is_ascension_mode":true,"campfire_choices":[{"data":"Noxious Fumes","floor":6,"key":"SMITH"},{"data":"Noxious Fumes","floor":13,"key":"SMITH"},{"data":"Neutralize","floor":15,"key":"SMITH"}],"neow_cost":"NONE","seed_source_timestamp":9994613820393,"circlet_count":0,"master_deck":["AscendersBane","Defend_G","Defend_G","Defend_G","Defend_G","Defend_G","Strike_G","Strike_G","Survivor","Neutralize+1","Noxious Fumes+1","Unload","Noxious Fumes+1","Footwork","Burst"],"special_seed":0,"relics":["Ring of the Snake","NeowsBlessing","Letter Opener","Bronze Scales","Orichalcum","Ancient Tea Set","Orrery"],"potions_floor_usage":[],"damage_taken":[{"damage":0.0,"enemies":"Small Slimes","floor":1.0,"turns":1.0},{"damage":0,"enemies":"2 Louse","floor":7,"turns":1},{"damage":0,"enemies":"3 Sentries","floor":8,"turns":2},{"damage":23,"enemies":"Lagavulin","floor":11,"turns":7},{"damage":1,"enemies":"Cultist","floor":12,"turns":4},{"damage":15,"enemies":"The Guardian","floor":16,"turns":9}],"seed_played":"-2145532395990707049","potions_obtained":[{"floor":1.0,"key":"FearPotion"},{"floor":8,"key":"PowerPotion"}],"is_trial":false,"path_per_floor":["M","?","?","?","?","R","M","E","T","T","E","M","R","$","R","B",null],"character_chosen":"THE_SILENT","items_purchased":["Footwork"],"campfire_rested":0,"item_purchase_floors":[14],"current_hp_per_floor":[59,59,52,52,52,52,52,52,52,52,29,28,28,28,28,13,13],"gold":218,"neow_bonus":"THREE_ENEMY_KILL","is_prod":false,"is_daily":false,"chose_seed":false,"campfire_upgraded":3,"win_rate":0,"timestamp":1547016606,"path_taken":["M","?","?","?","?","R","M","E","T","?","E","M","R","$","R","BOSS"],"build_version":"2019-01-03v4","purchased_purges":1,"victory":false,"max_hp_per_floor":[66,66,66,66,66,66,66,66,66,66,66,66,66,66,66,66,66],"card_choices":[{"not_picked":["Terror","Endless Agony"],"picked":"Noxious Fumes","floor":1.0},{"not_picked":["Flying Knee","Cloak And Dagger","Choke"],"picked":"SKIP","floor":7},{"not_picked":["Unload","Blade Dance","Bane"],"picked":"SKIP","floor":8},{"not_picked":["Blade Dance","Bane"],"picked":"Unload","floor":8},{"not_picked":["Setup","Dagger Throw"],"picked":"Noxious Fumes","floor":11},{"not_picked":["Heel Hook","Skewer","Slice"],"picked":"SKIP","floor":12},{"not_picked":["Phantasmal Killer","Venomology"],"picked":"Burst","floor":16}],"player_experience":1881349,"relics_obtained":[{"floor":8,"key":"Letter Opener"},{"floor":9,"key":"Bronze Scales"},{"floor":10,"key":"Orichalcum"},{"floor":11,"key":"Ancient Tea Set"}],"event_choices":[{"damage_healed":0.0,"max_hp_gain":0.0,"max_hp_loss":0.0,"gold_gain":150.0,"event_name":"Liars Game","player_choice":"AGREE","floor":2.0,"gold_loss":0.0,"damage_taken":0.0,"cards_obtained":["Doubt"]},{"cards_removed":["Doubt"],"damage_healed":0.0,"max_hp_gain":0.0,"max_hp_loss":0.0,"gold_gain":0.0,"event_name":"Golden Wing","player_choice":"Card Removal","floor":3.0,"gold_loss":0.0,"damage_taken":7.0},{"cards_removed":["Strike_G"],"damage_healed":0.0,"max_hp_gain":0.0,"max_hp_loss":0.0,"gold_gain":0.0,"event_name":"The Cleric","player_choice":"Card Removal","floor":4.0,"gold_loss":75.0,"damage_taken":0.0},{"cards_removed":["Strike_G"],"damage_healed":0,"gold_gain":0,"player_choice":"Forget","damage_taken":0,"max_hp_gain":0,"max_hp_loss":0,"event_name":"Living Wall","floor":5,"gold_loss":0}],"is_beta":false,"boss_relics":[{"not_picked":["Lizard Tail","Snecko Eye"],"picked":"Orrery"}],"items_purged_floors":[14],"is_endless":false,"potions_floor_spawned":[1,8,16],"ascension_level":20}