{"path_per_floor":["M","?","$","?","M","R","?","M","T","E","M","?","M","?","R"],"character_chosen":"THE_SILENT","items_purchased":["Lantern"],"gold_per_floor":[364,364,216,216,234,234,409,434,434,472,488,453,476,476,476],"floor_reached":16,"campfire_rested":1,"playtime":1025,"current_hp_per_floor":[35,35,35,35,35,35,35,35,35,18,2,18,18,18,37],"items_purged":[],"gold":476,"score":100,"play_id":"5f142dbc-6213-44cd-9771-6ad9fd8f0236","local_time":"20180302191843","is_prod":false,"is_daily":false,"is_ascension_mode":false,"campfire_upgraded":1,"timestamp":1520014723,"path_taken":["M","?","$","?","M","R","?","M","T","E","M","?","?","?","R","BOSS"],"build_version":"2018-03-01-PROD1","purchased_purges":1,"victory":false,"master_deck":["Defend_G","Defend_G","Defend_G","Defend_G","Defend_G","Strike_G","Strike_G","Strike_G","Strike_G","Survivor+1","Neutralize","Expertise+1","Injury","Bouncing Flask","Doubt","Outmaneuver","Catalyst","Catalyst","Deadly Poison","Predator"],"max_hp_per_floor":[70,65,65,65,65,65,65,65,65,65,65,65,65,65,65],"relics":["Ring of the Snake","Golden Idol","Lantern","Bag of Marbles","Snake Skull"],"card_choices":[{"not_picked":["All Out Attack","Bane"],"picked":"Expertise"},{"not_picked":["Dodge and Roll","Prepared"],"picked":"Bouncing Flask"},{"not_picked":["Acrobatics","Dodge and Roll"],"picked":"Outmaneuver"},{"not_picked":["Flying Knee","Sucker Punch"],"picked":"Catalyst"},{"not_picked":["Die Die Die","Dagger Throw"],"picked":"Catalyst"},{"not_picked":["Accuracy","Outmaneuver"],"picked":"Deadly Poison"}],"player_experience":40339,"potions_floor_usage":[5,16],"damage_taken":[{"damage":0,"enemies":"Small Slimes","floor":1,"turns":4},{"damage":0,"enemies":"Jaw Worm","floor":5,"turns":5},{"damage":0,"enemies":"2 Louse","floor":8,"turns":2},{"damage":17,"enemies":"Lagavulin","floor":10,"turns":10},{"damage":16,"enemies":"Exordium Thugs","floor":11,"turns":6},{"damage":0,"enemies":"Looter","floor":13,"turns":2},{"damage":37,"enemies":"Slime Boss","floor":16,"turns":7}],"event_choices":[{"event_name":"Golden Idol","player_choice":"Lose Max HP","floor":2,"damage_taken":0},{"event_name":"Accursed Blacksmith","player_choice":"Forge","floor":4,"damage_taken":0},{"event_name":"Liars Game","player_choice":"agreed","floor":7,"damage_taken":0},{"event_name":"The Cleric","player_choice":"Healed","floor":12,"damage_taken":0},{"event_name":"Living Wall","player_choice":"Change","floor":14,"damage_taken":0}],"boss_relics":[],"potions_floor_spawned":[1,11],"seed_played":"-775408193272914678","killed_by":"Slime Boss","ascension_level":0,"is_trial":false}