{"gold_per_floor":[361,32,42,57,70,70,70,70,95,114,114,189,222,222,222,295,295,307,21,37,48,61,61,95,65,65,65,96,119,131,143,155,244,256,283,107,126,0,0,0,0,0,0,0,0,18,33,33,33,33,33,33,33,33,59,59],"floor_reached":56,"playtime":2535,"items_purged":["Strike_G","Strike_G"],"score":1866,"play_id":"b10239cb-b899-47aa-af20-cd20ef939c18","local_time":"20190329152419","is_ascension_mode":true,"campfire_choices":[{"data":"Bouncing Flask","floor":6.0,"key":"SMITH"},{"data":"Deadly Poison","floor":8.0,"key":"SMITH"},{"data":"Well Laid Plans","floor":11.0,"key":"SMITH"},{"data":"Neutralize","floor":15.0,"key":"SMITH"},{"data":"Grand Finale","floor":23.0,"key":"SMITH"},{"floor":27.0,"key":"REST"},{"floor":30.0,"key":"REST"},{"data":"Burning Pact","floor":32.0,"key":"SMITH"},{"data":"Cloak And Dagger","floor":40.0,"key":"SMITH"},{"floor":42.0,"key":"RECALL"},{"data":"Blade Dance","floor":49.0,"key":"SMITH"}],"neow_cost":"PERCENT_DAMAGE","seed_source_timestamp":98278156149132,"circlet_count":0,"master_deck":["AscendersBane","Defend_G+1","Defend_G+1","Defend_G+1","Defend_G+1","Defend_G+1","Strike_G+1","Strike_G+1","Strike_G+1","Survivor+1","Cloak And Dagger+1","Well Laid Plans+1","Deadly Poison+1","Bouncing Flask+1","Backflip+1","Grand Finale+1","Malaise+1","Burning Pact+1","Dark Embrace+1","PiercingWail+1","Infinite Blades+1","Blade Dance+1"],"special_seed":0,"relics":["Ring of the Snake","Ornamental Fan","Lantern","Oddly Smooth Stone","Philosopher\u0027s Stone","PrismaticShard","Shuriken","Bag of Marbles","MawBank","Coffee Dripper","Red Mask","Mark of the Bloom","Bag of Preparation"],"potions_floor_usage":[56],"damage_taken":[{"damage":4.0,"enemies":"Cultist","floor":1.0,"turns":5.0},{"damage":0.0,"enemies":"2 Louse","floor":3.0,"turns":4.0},{"damage":0.0,"enemies":"Jaw Worm","floor":4.0,"turns":5.0},{"damage":0.0,"enemies":"Red Slaver","floor":5.0,"turns":3.0},{"damage":0.0,"enemies":"Blue Slaver","floor":10.0,"turns":4.0},{"damage":15.0,"enemies":"3 Sentries","floor":13.0,"turns":10.0},{"damage":4.0,"enemies":"The Guardian","floor":16.0,"turns":10.0},{"damage":4.0,"enemies":"3 Byrds","floor":18.0,"turns":5.0},{"damage":0.0,"enemies":"Chosen","floor":20.0,"turns":6.0},{"damage":4.0,"enemies":"Sentry and Sphere","floor":21.0,"turns":5.0},{"damage":13.0,"enemies":"Snecko","floor":22.0,"turns":6.0},{"damage":32.0,"enemies":"Gremlin Leader","floor":24.0,"turns":6.0},{"damage":15.0,"enemies":"Book of Stabbing","floor":28.0,"turns":7.0},{"damage":0.0,"enemies":"Snake Plant","floor":29.0,"turns":5.0},{"damage":5.0,"enemies":"Collector","floor":33.0,"turns":6.0},{"damage":0.0,"enemies":"3 Shapes","floor":35.0,"turns":5.0},{"damage":0.0,"enemies":"3 Darklings","floor":37.0,"turns":3.0},{"damage":0.0,"enemies":"Jaw Worm Horde","floor":46.0,"turns":2.0},{"damage":0.0,"enemies":"Sphere and 2 Shapes","floor":47.0,"turns":3.0},{"damage":0.0,"enemies":"Donu and Deca","floor":50.0,"turns":5.0},{"damage":1.0,"enemies":"Time Eater","floor":51.0,"turns":9.0},{"damage":0.0,"enemies":"Shield and Spear","floor":55.0,"turns":7.0},{"damage":59,"enemies":"The Heart","floor":56,"turns":6}],"seed_played":"4914840104357477930","potions_obtained":[{"floor":3.0,"key":"SteroidPotion"},{"floor":10.0,"key":"Block Potion"},{"floor":16.0,"key":"GhostInAJar"},{"floor":21.0,"key":"GhostInAJar"},{"floor":25.0,"key":"Ancient Potion"},{"floor":25.0,"key":"GamblersBrew"},{"floor":29.0,"key":"LiquidBronze"},{"floor":33.0,"key":"SkillPotion"}],"is_trial":false,"path_per_floor":["M","$","M","M","M","R","$","R","T","M","R","?","E","?","R","B",null,"M","$","M","M","M","R","E","?","T","R","E","M","R","?","R","B",null,"M","$","M","?","?","R","?","R","T","?","R","M","M","?","R","B","B",null,"R","$","E","B"],"character_chosen":"THE_SILENT","items_purchased":["Well Laid Plans","Ornamental Fan","PrismaticShard","Infinite Blades"],"campfire_rested":2,"item_purchase_floors":[2,2,19,36],"current_hp_per_floor":[40,40,40,40,40,40,40,40,40,40,40,29,14,19,19,15,57,53,53,53,49,36,36,4,4,4,25,10,10,31,31,31,26,60,60,60,60,60,60,60,60,60,60,60,60,60,60,60,60,60,59,59,59,59,59,0],"gold":59,"neow_bonus":"TWO_FIFTY_GOLD","is_prod":false,"is_daily":false,"chose_seed":false,"campfire_upgraded":8,"win_rate":0,"timestamp":1553844259,"path_taken":["M","$","M","M","M","R","$","R","T","M","R","?","E","?","R","BOSS","M","$","M","M","M","R","E","?","T","R","E","?","R","?","R","BOSS","M","$","M","?","?","R","?","R","T","?","R","?","M","?","R","BOSS","BOSS","R","$","E","BOSS"],"build_version":"2019-01-23","purchased_purges":2,"victory":false,"max_hp_per_floor":[66,66,66,66,66,66,66,66,66,66,66,66,66,71,71,71,71,71,71,71,71,71,71,71,71,71,71,71,71,71,71,71,71,71,71,71,71,71,67,67,67,67,67,67,67,67,67,67,67,67,67,67,67,67,67,67],"card_choices":[{"not_picked":["Quick Slash","Distraction"],"picked":"Cloak And Dagger","floor":1.0},{"not_picked":["Backstab","Quick Slash"],"picked":"Deadly Poison","floor":3.0},{"not_picked":["Flechettes","Endless Agony"],"picked":"Bouncing Flask","floor":4.0},{"not_picked":["All Out Attack","Flechettes"],"picked":"Backflip","floor":5.0},{"not_picked":["Poisoned Stab","Flying Knee","Blade Dance"],"picked":"SKIP","floor":10.0},{"not_picked":["Flying Knee","PiercingWail"],"picked":"Grand Finale","floor":13.0},{"not_picked":["Die Die Die","Doppelganger"],"picked":"Malaise","floor":16.0},{"not_picked":["Dodge and Roll+1","Blade Dance+1","Flechettes"],"picked":"SKIP","floor":18.0},{"not_picked":["Redo","Prepared","Perfected Strike"],"picked":"SKIP","floor":20.0},{"not_picked":["Pommel Strike","Whirlwind","Bloodletting"],"picked":"SKIP","floor":21.0},{"not_picked":["Heavy Blade","Deep Breath","Armaments"],"picked":"SKIP","floor":22.0},{"not_picked":["Anger+1","Fusion+1"],"picked":"Burning Pact","floor":24.0},{"not_picked":["Ball Lightning+1","Violence","Steam"],"picked":"SKIP","floor":28.0},{"not_picked":["Metallicize","Anger","Leap"],"picked":"SKIP","floor":29.0},{"not_picked":["Glass Knife","Exhume"],"picked":"Dark Embrace","floor":33.0},{"not_picked":["Heavy Blade","Underhanded Strike"],"picked":"PiercingWail+1","floor":35.0},{"not_picked":["Pommel Strike+1","Ball Lightning","Quick Slash+1"],"picked":"SKIP","floor":37.0},{"not_picked":["Auto Shields","Dagger Throw+1","Rip and Tear+1"],"picked":"SKIP","floor":46.0},{"not_picked":["Enlightenment+1","Steam"],"picked":"Blade Dance","floor":47.0},{"not_picked":["Static Discharge","Bludgeon","Backstab"],"picked":"SKIP","floor":55.0}],"player_experience":3943419,"relics_obtained":[{"floor":9.0,"key":"Lantern"},{"floor":13.0,"key":"Oddly Smooth Stone"},{"floor":24.0,"key":"Shuriken"},{"floor":26.0,"key":"Bag of Marbles"},{"floor":28.0,"key":"MawBank"},{"floor":55.0,"key":"Bag of Preparation"}],"event_choices":[{"damage_healed":0.0,"max_hp_gain":0.0,"max_hp_loss":0.0,"gold_gain":75.0,"event_name":"World of Goop","player_choice":"Gather Gold","floor":12.0,"gold_loss":0.0,"damage_taken":11.0},{"damage_healed":0.0,"max_hp_gain":5.0,"max_hp_loss":0.0,"gold_gain":0.0,"event_name":"Big Fish","player_choice":"Donut","floor":14.0,"gold_loss":0.0,"damage_taken":0.0},{"damage_healed":0.0,"max_hp_gain":0.0,"max_hp_loss":0.0,"gold_gain":0.0,"event_name":"The Woman in Blue","player_choice":"Bought 2 Potions","floor":25.0,"gold_loss":0.0,"damage_taken":0.0},{"damage_healed":0.0,"max_hp_gain":0.0,"max_hp_loss":0.0,"gold_gain":0.0,"event_name":"The Mausoleum","player_choice":"Ignored","floor":31.0,"gold_loss":0.0,"damage_taken":0.0},{"damage_healed":0.0,"max_hp_gain":0.0,"max_hp_loss":0.0,"gold_gain":0.0,"event_name":"Tomb of Lord Red Mask","player_choice":"Paid","floor":38.0,"gold_loss":126.0,"damage_taken":0.0,"relics_obtained":["Red Mask"]},{"damage_healed":0.0,"max_hp_gain":0.0,"max_hp_loss":4.0,"gold_gain":0.0,"event_name":"Winding Halls","player_choice":"Max HP","floor":39.0,"gold_loss":0.0,"damage_taken":0.0},{"damage_healed":0.0,"max_hp_gain":0.0,"max_hp_loss":0.0,"gold_gain":0.0,"event_name":"MindBloom","player_choice":"Upgrade","floor":41.0,"gold_loss":0.0,"damage_taken":0.0,"cards_upgraded":["Defend_G","Defend_G","Defend_G","Defend_G","Defend_G","Strike_G","Strike_G","Strike_G","Survivor","Backflip","Malaise","Dark Embrace","Infinite Blades"],"relics_obtained":["Mark of the Bloom"]},{"damage_healed":0.0,"max_hp_gain":0.0,"max_hp_loss":0.0,"gold_gain":0.0,"event_name":"Mysterious Sphere","player_choice":"Ignored","floor":44.0,"gold_loss":0.0,"damage_taken":0.0},{"cards_removed":["Neutralize"],"damage_healed":0.0,"max_hp_gain":0.0,"max_hp_loss":0.0,"gold_gain":0.0,"event_name":"Falling","player_choice":"Removed Attack","floor":48.0,"gold_loss":0.0,"damage_taken":0.0}],"is_beta":false,"boss_relics":[{"not_picked":["Fusion Hammer","Orrery"],"picked":"Philosopher\u0027s Stone"},{"not_picked":["WristBlade","Ring of the Serpent"],"picked":"Coffee Dripper"}],"items_purged_floors":[19,36],"is_endless":false,"potions_floor_spawned":[3,10,16,21,29,33],"killed_by":"The Heart","ascension_level":20}