{"gold_per_floor":[111,127,127,4,4,43,64,88,115,148,148,161,186,230,230,230],"floor_reached":16,"playtime":355,"items_purged":[],"score":294,"play_id":"81902e8c-778f-40e3-af44-9dfbf261d5f4","local_time":"20190417183940","is_ascension_mode":true,"campfire_choices":[{"data":"Fusion","floor":15,"key":"SMITH"}],"neow_cost":"NONE","seed_source_timestamp":712765879426107,"circlet_count":0,"master_deck":["AscendersBane","Strike_B","Strike_B","Strike_B","Defend_B","Defend_B","Defend_B","Defend_B+1","Zap","Dualcast","Skim","Go for the Eyes","Recycle+1","Loop","Ball Lightning","Coolheaded","Cold Snap","Turbo","Compile Driver","Fusion+1"],"relics":["Cracked Core","NeowsBlessing","Golden Idol","Smiling Mask","War Paint","Dream Catcher","Mercury Hourglass"],"potions_floor_usage":[10,12,16],"damage_taken":[{"damage":0,"enemies":"Small Slimes","floor":1,"turns":1},{"damage":0,"enemies":"Jaw Worm","floor":2,"turns":1},{"damage":0,"enemies":"3 Sentries","floor":6,"turns":1},{"damage":0,"enemies":"Cultist","floor":7,"turns":3},{"damage":8,"enemies":"Looter","floor":8,"turns":4},{"damage":16,"enemies":"Gremlin Nob","floor":10,"turns":4},{"damage":12,"enemies":"Lots of Slimes","floor":12,"turns":4},{"damage":2,"enemies":"3 Louse","floor":13,"turns":2},{"damage":13,"enemies":"Lagavulin","floor":14,"turns":7},{"damage":1,"enemies":"Hexaghost","floor":16,"turns":5}],"seed_played":"2860940815903276118","potions_obtained":[{"floor":1,"key":"SteroidPotion"},{"floor":2,"key":"FocusPotion"},{"floor":10,"key":"EssenceOfSteel"}],"is_trial":false,"path_per_floor":["M","M","?","$","?","E","M","M","T","E","?","M","M","E","R","B"],"character_chosen":"DEFECT","items_purchased":["Recycle","Loop"],"campfire_rested":0,"item_purchase_floors":[4,4],"current_hp_per_floor":[64,64,64,64,64,64,64,56,56,40,40,28,26,13,13,12],"gold":230,"neow_bonus":"THREE_ENEMY_KILL","is_prod":false,"is_daily":false,"chose_seed":false,"campfire_upgraded":1,"win_rate":0,"timestamp":1555497580,"path_taken":["M","M","?","$","?","E","M","M","T","E","?","M","?","E","R","BOSS"],"build_version":"2019-01-23","purchased_purges":0,"victory":false,"max_hp_per_floor":[71,71,64,64,64,64,64,64,64,64,64,64,64,64,64,64],"card_choices":[{"not_picked":["Stack","Streamline"],"picked":"Skim","floor":1},{"not_picked":["Compile Driver","Gash"],"picked":"Go for the Eyes","floor":2},{"not_picked":["Auto Shields","Blizzard"],"picked":"Ball Lightning","floor":6},{"not_picked":["Steam","Blizzard"],"picked":"Coolheaded","floor":7},{"not_picked":["Compile Driver","Recycle"],"picked":"Cold Snap","floor":8},{"not_picked":["Reinforced Body","Scrape"],"picked":"Turbo","floor":10},{"not_picked":["Gash","Sweeping Beam"],"picked":"Compile Driver","floor":12},{"not_picked":["Stack","Steam","Redo"],"picked":"SKIP","floor":13},{"not_picked":["Steam","Scrape"],"picked":"Fusion","floor":14}],"player_experience":1426208,"relics_obtained":[{"floor":6,"key":"Smiling Mask"},{"floor":9,"key":"War Paint"},{"floor":10,"key":"Dream Catcher"},{"floor":14,"key":"Mercury Hourglass"}],"event_choices":[{"damage_healed":0,"gold_gain":0,"player_choice":"Lose Max HP","damage_taken":0,"relics_obtained":["Golden Idol"],"max_hp_gain":0,"max_hp_loss":7,"event_name":"Golden Idol","floor":3,"gold_loss":0},{"damage_healed":0,"gold_gain":0,"player_choice":"Ignored","damage_taken":0,"max_hp_gain":0,"max_hp_loss":0,"event_name":"Liars Game","floor":5,"gold_loss":0},{"cards_removed":["Strike_B"],"damage_healed":0,"gold_gain":0,"player_choice":"Purged","damage_taken":0,"max_hp_gain":0,"max_hp_loss":0,"event_name":"Purifier","floor":11,"gold_loss":0}],"is_beta":false,"boss_relics":[],"items_purged_floors":[],"is_endless":false,"potions_floor_spawned":[1,2,6,10],"killed_by":"Hexaghost","ascension_level":20}