{"gold_per_floor":[115,115,126,126,126,126,152,152,452,480,490,500,500,29,29,103,103,120,120,133,33,33,59,59,86,86,97,97,97,97,111,111,183,183,202,107,107,107,120,120,150,161,161,161,161],"floor_reached":45,"playtime":1528,"items_purged":["Decay","Strike_G"],"score":1224,"play_id":"7a0de6fa-4974-4421-a2e3-223e74906b16","local_time":"20190424073745","is_ascension_mode":true,"campfire_choices":[{"data":"Deadly Poison","floor":6.0,"key":"SMITH"},{"data":"Neutralize","floor":8.0,"key":"SMITH"},{"data":"Terror","floor":13.0,"key":"SMITH"},{"data":"Well Laid Plans","floor":15.0,"key":"SMITH"},{"data":"Calculated Gamble","floor":24.0,"key":"SMITH"},{"data":"Grand Finale","floor":28.0,"key":"SMITH"},{"floor":32.0,"key":"RECALL"},{"data":"Backflip","floor":40,"key":"SMITH"}],"neow_cost":"NONE","seed_source_timestamp":140491991009105,"circlet_count":0,"master_deck":["AscendersBane","Defend_G","Defend_G+1","Defend_G+1","Defend_G","Defend_G","Strike_G","Strike_G","Strike_G","Survivor","Neutralize+1","Deadly Poison+1","Backflip+1","After Image","Terror+1","Well Laid Plans+1","Calculated Gamble+1","Grand Finale+1","Prepared+1","Adrenaline+1","Purity+1"],"special_seed":0,"relics":["Ring of the Snake","NeowsBlessing","Du-Vu Doll","Gambling Chip","Old Coin","Ginger","Bottled Tornado","Lizard Tail","War Paint","Kunai","Toxic Egg 2","WristBlade","CultistMask","Art of War","Sundial"],"potions_floor_usage":[42],"damage_taken":[{"damage":0.0,"enemies":"Jaw Worm","floor":1.0,"turns":1.0},{"damage":0.0,"enemies":"Cultist","floor":3.0,"turns":1.0},{"damage":0.0,"enemies":"3 Sentries","floor":7.0,"turns":1.0},{"damage":33.0,"enemies":"Lagavulin","floor":10.0,"turns":6.0},{"damage":0.0,"enemies":"2 Louse","floor":11.0,"turns":3.0},{"damage":0.0,"enemies":"Blue Slaver","floor":12.0,"turns":3.0},{"damage":0.0,"enemies":"The Guardian","floor":16.0,"turns":9.0},{"damage":13.0,"enemies":"2 Thieves","floor":18.0,"turns":3.0},{"damage":0.0,"enemies":"Chosen","floor":20.0,"turns":3.0},{"damage":36.0,"enemies":"Book of Stabbing","floor":23.0,"turns":7.0},{"damage":3.0,"enemies":"Slavers","floor":25.0,"turns":2.0},{"damage":0.0,"enemies":"Snake Plant","floor":27.0,"turns":6.0},{"damage":0.0,"enemies":"Cultist and Chosen","floor":31.0,"turns":4.0},{"damage":19.0,"enemies":"Collector","floor":33.0,"turns":6.0},{"damage":0.0,"enemies":"3 Shapes","floor":35.0,"turns":9.0},{"damage":0,"enemies":"3 Darklings","floor":39,"turns":2},{"damage":0,"enemies":"Giant Head","floor":41,"turns":5},{"damage":0,"enemies":"Spire Growth","floor":42,"turns":6},{"damage":13,"enemies":"Reptomancer","floor":45,"turns":2}],"seed_played":"-6328783243927476212","potions_obtained":[{"floor":10.0,"key":"Energy Potion"},{"floor":11.0,"key":"Strength Potion"},{"floor":20.0,"key":"Strength Potion"},{"floor":25.0,"key":"EssenceOfSteel"},{"floor":33.0,"key":"Ancient Potion"},{"floor":35.0,"key":"Block Potion"}],"is_trial":false,"path_per_floor":["M","?","M","?","T","R","E","R","T","E","M","M","R","$","R","B",null,"M","?","M","$","?","E","R","E","T","M","R","$","?","M","R","B",null,"M","$","?","$","M","R","E","M","T","?","E"],"character_chosen":"THE_SILENT","items_purchased":["Well Laid Plans","Bottled Tornado","Calculated Gamble","Purity+1"],"campfire_rested":0,"item_purchase_floors":[14,14,14,36],"current_hp_per_floor":[59,59,59,48,48,48,48,48,48,15,15,15,15,15,15,15,53,40,40,40,40,40,4,4,1,1,1,1,1,1,1,1,32,58,58,58,58,58,58,58,58,58,58,58,45],"gold":161,"neow_bonus":"THREE_ENEMY_KILL","is_prod":false,"is_daily":false,"chose_seed":false,"campfire_upgraded":7,"win_rate":0,"timestamp":1556062665,"path_taken":["M","?","?","?","?","R","E","R","T","E","M","M","R","$","R","BOSS","M","?","?","$","?","E","R","E","T","M","R","$","?","?","R","BOSS","M","$","?","?","M","R","E","M","T","?","E"],"build_version":"2019-01-23","purchased_purges":2,"victory":false,"max_hp_per_floor":[66,66,66,66,66,66,66,66,66,66,66,66,66,66,66,66,66,66,66,66,66,66,66,66,66,66,66,66,66,66,66,66,66,66,66,66,66,66,66,66,66,66,66,63,63],"card_choices":[{"not_picked":["Sucker Punch","Outmaneuver"],"picked":"Deadly Poison","floor":1.0},{"not_picked":["Prepared","Slice"],"picked":"Backflip","floor":3.0},{"not_picked":["Deadly Poison","Flying Knee","Eviscerate"],"picked":"SKIP","floor":7.0},{"not_picked":["Cloak And Dagger","Sucker Punch"],"picked":"After Image","floor":10.0},{"not_picked":["Dash","Dagger Throw","Slice"],"picked":"SKIP","floor":11.0},{"not_picked":["Distraction","Cloak And Dagger"],"picked":"Terror","floor":12.0},{"not_picked":["Corpse Explosion","Venomology"],"picked":"Grand Finale","floor":16.0},{"not_picked":["Dodge and Roll","Dagger Throw+1","Masterful Stab"],"picked":"SKIP","floor":18.0},{"not_picked":["Sucker Punch","Backstab","Deadly Poison"],"picked":"SKIP","floor":20.0},{"not_picked":["Tools of the Trade","Backflip","Skewer"],"picked":"SKIP","floor":23.0},{"not_picked":["Noxious Fumes","Cloak And Dagger","Outmaneuver"],"picked":"SKIP","floor":25.0},{"not_picked":["Footwork+1","Bane+1"],"picked":"Prepared+1","floor":27.0},{"not_picked":["Outmaneuver+1","PiercingWail+1","Catalyst+1"],"picked":"SKIP","floor":31.0},{"not_picked":["Doppelganger+1","Wraith Form v2"],"picked":"Adrenaline+1","floor":33.0},{"not_picked":["Sucker Punch","Deflect+1","Underhanded Strike+1"],"picked":"SKIP","floor":35.0},{"not_picked":["Sucker Punch","Quick Slash","Flying Knee"],"picked":"SKIP","floor":39},{"not_picked":["Choke","Leg Sweep+1","Prepared+1"],"picked":"SKIP","floor":41},{"not_picked":["Dagger Spray","Outmaneuver+1","Eviscerate"],"picked":"SKIP","floor":42}],"player_experience":4492552,"relics_obtained":[{"floor":7.0,"key":"Gambling Chip"},{"floor":9.0,"key":"Old Coin"},{"floor":10.0,"key":"Ginger"},{"floor":23.0,"key":"War Paint"},{"floor":25.0,"key":"Kunai"},{"floor":26.0,"key":"Toxic Egg 2"},{"floor":41,"key":"Art of War"},{"floor":43,"key":"Sundial"}],"event_choices":[{"damage_healed":0.0,"max_hp_gain":0.0,"max_hp_loss":0.0,"gold_gain":0.0,"event_name":"Wheel of Change","player_choice":"Cursed","floor":2.0,"gold_loss":0.0,"damage_taken":0.0,"cards_obtained":["Decay"]},{"damage_healed":0.0,"max_hp_gain":0.0,"max_hp_loss":0.0,"gold_gain":0.0,"event_name":"Scrap Ooze","player_choice":"Success","floor":4.0,"gold_loss":0.0,"damage_taken":11.0,"relics_obtained":["Du-Vu Doll"]},{"damage_healed":0.0,"max_hp_gain":0.0,"max_hp_loss":0.0,"gold_gain":0.0,"event_name":"N\u0027loth","player_choice":"Ignored","floor":19.0,"gold_loss":0.0,"damage_taken":0.0},{"damage_healed":0.0,"max_hp_gain":0.0,"max_hp_loss":0.0,"gold_gain":0.0,"event_name":"Vampires","player_choice":"Ignored","floor":22.0,"gold_loss":0.0,"damage_taken":0.0},{"cards_removed":["Strike_G"],"damage_healed":0.0,"max_hp_gain":0.0,"max_hp_loss":0.0,"gold_gain":0.0,"event_name":"Bonfire Elementals","player_choice":"Offered Basic","floor":30.0,"gold_loss":0.0,"damage_taken":0.0},{"damage_healed":0.0,"max_hp_gain":0.0,"max_hp_loss":0.0,"gold_gain":0.0,"event_name":"FaceTrader","player_choice":"Trade","floor":37.0,"gold_loss":0.0,"damage_taken":0.0,"relics_obtained":["CultistMask"]},{"damage_healed":0,"gold_gain":0,"player_choice":"Max HP","damage_taken":0,"max_hp_gain":0,"max_hp_loss":3,"event_name":"Winding Halls","floor":44,"gold_loss":0}],"is_beta":false,"boss_relics":[{"not_picked":["Busted Crown","Velvet Choker"],"picked":"Lizard Tail"},{"not_picked":["Snecko Eye","Philosopher\u0027s Stone"],"picked":"WristBlade"}],"items_purged_floors":[14,21],"is_endless":false,"potions_floor_spawned":[10,11,12,20,25,33,35,39],"killed_by":"Reptomancer","ascension_level":20}