{"gold_per_floor":[112,193,343,418,418,418,449,449,449,477,239,274,70,70,70,70],"floor_reached":16,"playtime":323,"items_purged":["Strike_G","Strike_G"],"score":324,"play_id":"640951ce-042b-4153-80af-9fc72ec38976","local_time":"20190121163512","is_ascension_mode":true,"campfire_choices":[{"data":"Neutralize","floor":6.0,"key":"SMITH"},{"data":"Footwork","floor":8.0,"key":"SMITH"},{"data":"Well Laid Plans","floor":15.0,"key":"SMITH"}],"neow_cost":"NONE","seed_source_timestamp":20292749652984,"circlet_count":0,"master_deck":["AscendersBane","Defend_G","Defend_G","Defend_G","Defend_G","Defend_G","Strike_G","Strike_G","Survivor","Neutralize+1","Footwork+1","Noxious Fumes","Well Laid Plans+1","Wraith Form v2","Corpse Explosion","Grand Finale"],"special_seed":0,"relics":["Ring of the Snake","NeowsBlessing","Ornamental Fan","Snake Skull","The Courier","Prayer Wheel","Gremlin Horn"],"potions_floor_usage":[],"damage_taken":[{"damage":0.0,"enemies":"Cultist","floor":1.0,"turns":1.0},{"damage":0.0,"enemies":"Gremlin Nob","floor":7.0,"turns":1.0},{"damage":0.0,"enemies":"3 Sentries","floor":10.0,"turns":1.0},{"damage":36.0,"enemies":"Gremlin Nob","floor":12.0,"turns":7.0},{"damage":7,"enemies":"Hexaghost","floor":16,"turns":10}],"seed_played":"7311758586683354576","potions_obtained":[{"floor":1.0,"key":"EssenceOfSteel"}],"is_trial":false,"path_per_floor":["M","T","?","?","?","R","E","R","T","E","$","E","$","?","R","B"],"character_chosen":"THE_SILENT","items_purchased":["Well Laid Plans","Wraith Form v2","Corpse Explosion"],"campfire_rested":0,"item_purchase_floors":[11,11,13],"current_hp_per_floor":[59,59,59,48,41,41,41,41,41,41,41,5,5,5,5,0],"gold":70,"neow_bonus":"THREE_ENEMY_KILL","is_prod":false,"is_daily":false,"chose_seed":false,"campfire_upgraded":3,"win_rate":0,"timestamp":1548059712,"path_taken":["M","?","?","?","?","R","E","R","T","E","$","E","$","?","R","BOSS"],"build_version":"2019-01-17v2","purchased_purges":2,"victory":false,"max_hp_per_floor":[66,66,66,66,66,66,66,66,66,66,66,66,66,66,66,66],"card_choices":[{"not_picked":["Heel Hook","Deflect"],"picked":"Footwork","floor":1.0},{"not_picked":["Dash","Concentrate","Flying Knee"],"picked":"SKIP","floor":7.0},{"not_picked":["Acrobatics","Dagger Spray"],"picked":"Noxious Fumes","floor":10.0},{"not_picked":["Slice","Expertise","Bane"],"picked":"SKIP","floor":12.0}],"player_experience":2106016,"relics_obtained":[{"floor":2.0,"key":"Ornamental Fan"},{"floor":7.0,"key":"Snake Skull"},{"floor":9.0,"key":"The Courier"},{"floor":10.0,"key":"Prayer Wheel"},{"floor":12.0,"key":"Gremlin Horn"}],"event_choices":[{"damage_healed":0.0,"max_hp_gain":0.0,"max_hp_loss":0.0,"gold_gain":150.0,"event_name":"Liars Game","player_choice":"AGREE","floor":3.0,"gold_loss":0.0,"damage_taken":0.0,"cards_obtained":["Doubt"]},{"damage_healed":0.0,"max_hp_gain":0.0,"max_hp_loss":0.0,"gold_gain":75.0,"event_name":"World of Goop","player_choice":"Gather Gold","floor":4.0,"gold_loss":0.0,"damage_taken":11.0},{"cards_removed":["Doubt"],"damage_healed":0.0,"max_hp_gain":0.0,"max_hp_loss":0.0,"gold_gain":0.0,"event_name":"Golden Wing","player_choice":"Card Removal","floor":5.0,"gold_loss":0.0,"damage_taken":7.0},{"damage_healed":0.0,"max_hp_gain":0.0,"max_hp_loss":0.0,"gold_gain":0.0,"cards_transformed":["Strike_G"],"event_name":"Transmorgrifier","player_choice":"Transformed","floor":14.0,"gold_loss":0.0,"damage_taken":0.0,"cards_obtained":["Grand Finale"]}],"is_beta":false,"boss_relics":[],"items_purged_floors":[11,13],"is_endless":false,"potions_floor_spawned":[1],"killed_by":"Hexaghost","ascension_level":20}