{"gold_per_floor":[112,187,4,154,27,27,57,57,57,89,89,89,102,117,117,215,215,236,254,254,273,149,190,190,214,214,214,214],"floor_reached":28,"playtime":616,"items_purged":["Doubt","Strike_B"],"score":613,"play_id":"2184456f-0669-48fd-8359-9bb177f68bcf","local_time":"20190101010737","is_ascension_mode":true,"campfire_choices":[{"data":"Apotheosis","floor":6,"key":"SMITH"},{"floor":8,"key":"RECALL"},{"data":"Beam Cell","floor":15,"key":"SMITH"},{"floor":24,"key":"REST"},{"floor":27,"key":"REST"}],"neow_cost":"NONE","seed_source_timestamp":50315018419529,"circlet_count":0,"master_deck":["AscendersBane","Strike_B","Strike_B","Strike_B","Defend_B","Defend_B","Defend_B","Defend_B","Zap","Dualcast","Gash","Apotheosis+1","Gash","Beam Cell+1","Ball Lightning","Rebound","Reboot","Hologram","Gash","Hologram+1","Gash","Core Surge"],"relics":["FrozenCore","NeowsBlessing","Boot","Golden Idol","Smiling Mask","Kunai"],"potions_floor_usage":[19,21],"damage_taken":[{"damage":0,"enemies":"2 Louse","floor":1,"turns":1},{"damage":0,"enemies":"Gremlin Nob","floor":7,"turns":1},{"damage":0,"enemies":"Lagavulin","floor":10,"turns":1},{"damage":0,"enemies":"Small Slimes","floor":13,"turns":3},{"damage":2,"enemies":"Jaw Worm","floor":14,"turns":2},{"damage":18,"enemies":"Slime Boss","floor":16,"turns":7},{"damage":5,"enemies":"Chosen","floor":18,"turns":5},{"damage":4,"enemies":"Spheric Guardian","floor":19,"turns":4},{"damage":21,"enemies":"Snake Plant","floor":21,"turns":4},{"damage":23,"enemies":"Gremlin Leader","floor":23,"turns":9},{"damage":21,"enemies":"3 Cultists","floor":25,"turns":5},{"damage":21,"enemies":"Book of Stabbing","floor":28,"turns":2}],"seed_played":"5306217977086981679","potions_obtained":[{"floor":1,"key":"EssenceOfSteel"},{"floor":16,"key":"Dexterity Potion"},{"floor":20,"key":"AttackPotion"},{"floor":20,"key":"Ancient Potion"},{"floor":21,"key":"Fire Potion"}],"is_trial":false,"path_per_floor":["M","?","$","?","$","R","E","R","T","E","$","?","M","M","R","B",null,"M","M","?","M","$","E","R","M","T","R","E"],"character_chosen":"DEFECT","items_purchased":["Apotheosis","Gash","Gash"],"campfire_rested":2,"item_purchase_floors":[3,5,22],"current_hp_per_floor":[64,53,53,53,53,53,53,53,53,53,53,53,53,51,51,33,56,51,47,47,26,26,3,22,1,1,20,0],"gold":214,"neow_bonus":"THREE_ENEMY_KILL","is_prod":false,"is_daily":false,"chose_seed":false,"campfire_upgraded":2,"win_rate":0,"timestamp":1546276057,"path_taken":["M","?","$","?","$","R","E","R","T","E","?","?","?","M","R","BOSS","M","M","?","?","$","E","R","M","T","R","E"],"build_version":"2018-12-20","purchased_purges":2,"victory":false,"max_hp_per_floor":[71,71,71,71,71,71,71,71,71,71,71,64,64,64,64,64,64,64,64,64,64,64,64,64,64,64,64,64],"card_choices":[{"not_picked":["Doom and Gloom","Recycle"],"picked":"Gash","floor":1},{"not_picked":["Turbo","Amplify","Steam Power"],"picked":"SKIP","floor":7},{"not_picked":["Thunder Strike","Leap"],"picked":"Beam Cell","floor":10},{"not_picked":["Redo","Compile Driver"],"picked":"Ball Lightning","floor":13},{"not_picked":["Blizzard","Storm"],"picked":"Rebound","floor":14},{"not_picked":["Meteor Strike","Multi-Cast"],"picked":"Reboot","floor":16},{"not_picked":["Redo","Static Discharge"],"picked":"Hologram","floor":18},{"not_picked":["Sweeping Beam","Stack"],"picked":"Gash","floor":19},{"not_picked":["Auto Shields","Coolheaded"],"picked":"Hologram+1","floor":21},{"not_picked":["Double Energy","Storm"],"picked":"Core Surge","floor":23},{"not_picked":["Doom and Gloom","Streamline","Beam Cell"],"picked":"SKIP","floor":25}],"player_experience":1629724,"relics_obtained":[{"floor":7,"key":"Boot"},{"floor":23,"key":"Smiling Mask"},{"floor":26,"key":"Kunai"}],"event_choices":[{"damage_healed":0,"gold_gain":75,"player_choice":"Gather Gold","damage_taken":11,"max_hp_gain":0,"max_hp_loss":0,"event_name":"World of Goop","floor":2,"gold_loss":0},{"damage_healed":0,"gold_gain":150,"player_choice":"AGREE","damage_taken":0,"max_hp_gain":0,"max_hp_loss":0,"event_name":"Liars Game","floor":4,"gold_loss":0,"cards_obtained":["Doubt"]},{"damage_healed":0,"gold_gain":0,"player_choice":"Lose Max HP","damage_taken":0,"relics_obtained":["Golden Idol"],"max_hp_gain":0,"max_hp_loss":7,"event_name":"Golden Idol","floor":12,"gold_loss":0},{"damage_healed":0,"gold_gain":0,"player_choice":"Got Potions","damage_taken":0,"max_hp_gain":0,"max_hp_loss":0,"event_name":"Lab","floor":20,"gold_loss":0}],"is_beta":false,"boss_relics":[{"not_picked":["Runic Dome","Velvet Choker"],"picked":"FrozenCore"}],"items_purged_floors":[5,22],"is_endless":false,"potions_floor_spawned":[1,16,21],"killed_by":"Book of Stabbing","ascension_level":20}