{"gold_per_floor":[116,131,21,21,21,56,56,114,114,158,190,220,232,264,276,392,404,430,453,174,174,186,186,198,209,209,237,237,247,247,247,247,247],"floor_reached":33,"playtime":807,"items_purged":["Strike_R","Strike_R"],"score":524,"play_id":"963f7577-2aa4-46a2-ac30-fd9f3c8c1772","local_time":"20181020003358","is_ascension_mode":true,"campfire_choices":[{"floor":13,"key":"DIG"},{"floor":15,"key":"DIG"},{"floor":23,"key":"DIG"},{"floor":28,"key":"DIG"},{"floor":30,"key":"DIG"},{"floor":32,"key":"DIG"}],"neow_cost":"NONE","seed_source_timestamp":196139871222564,"circlet_count":0,"master_deck":["Strike_R+1","Strike_R","Defend_R+1","Defend_R+1","Defend_R","Bash","AscendersBane","Carnage+1","Battle Trance","Feed+1","Corruption","Double Tap","Thunderclap+1","Flame Barrier","Shrug It Off","Thunderclap"],"relics":["Burning Blood","NeowsBlessing","Mercury Hourglass","Shovel","Tiny Chest","MawBank","Pear","Unceasing Top","Smiling Mask","Coffee Dripper","Matryoshka","Bottled Flame","Bronze Scales","Whetstone","Vajra","Letter Opener","War Paint","Sundial"],"potions_floor_usage":[10,24,33],"damage_taken":[{"damage":0,"enemies":"Jaw Worm","floor":1,"turns":1},{"damage":0,"enemies":"Cultist","floor":2,"turns":1},{"damage":0,"enemies":"Gremlin Nob","floor":6,"turns":1},{"damage":30,"enemies":"Lagavulin","floor":8,"turns":4},{"damage":3,"enemies":"Gremlin Nob","floor":10,"turns":3},{"damage":0,"enemies":"2 Louse","floor":11,"turns":2},{"damage":5,"enemies":"2 Fungi Beasts","floor":12,"turns":3},{"damage":15,"enemies":"Gremlin Gang","floor":14,"turns":4},{"damage":16,"enemies":"Slime Boss","floor":16,"turns":9},{"damage":12,"enemies":"Chosen","floor":18,"turns":3},{"damage":0,"enemies":"Spheric Guardian","floor":19,"turns":1},{"damage":16,"enemies":"Snecko","floor":22,"turns":4},{"damage":3,"enemies":"Snake Plant","floor":24,"turns":3},{"damage":14,"enemies":"Chosen and Byrds","floor":25,"turns":4},{"damage":17,"enemies":"Slavers","floor":27,"turns":4},{"damage":2,"enemies":"Cultist and Chosen","floor":29,"turns":3},{"damage":85,"enemies":"Automaton","floor":33,"turns":8}],"seed_played":"139277279899912916","potions_obtained":[{"floor":6,"key":"SteroidPotion"},{"floor":8,"key":"AttackPotion"},{"floor":14,"key":"Block Potion"},{"floor":25,"key":"Dexterity Potion"}],"is_trial":false,"path_per_floor":["M","M","$","?","?","E","$","E","T","E","M","M","R","M","R","B",null,"M","M","$","?","M","R","M","M","T","E","R","M","R","?","R"],"character_chosen":"IRONCLAD","items_purchased":["Carnage","Matryoshka"],"campfire_rested":0,"item_purchase_floors":[3,20],"current_hp_per_floor":[78,80,80,80,80,80,80,56,56,69,75,79,79,73,73,63,88,82,88,88,88,78,78,81,76,76,69,69,77,77,77,77,0],"gold":247,"neow_bonus":"THREE_ENEMY_KILL","is_prod":false,"is_daily":false,"chose_seed":false,"campfire_upgraded":0,"win_rate":0,"timestamp":1539966838,"path_taken":["M","M","$","?","?","E","$","E","T","E","M","?","R","M","R","BOSS","M","M","$","?","?","R","M","M","T","E","R","M","R","?","R","BOSS"],"build_version":"2018-10-18","purchased_purges":2,"victory":false,"max_hp_per_floor":[80,80,80,80,80,80,80,80,80,90,90,93,93,96,96,96,96,96,96,96,96,96,96,96,99,99,103,103,107,107,107,107,107],"card_choices":[{"not_picked":["Clothesline","Clash","Infernal Blade"],"picked":"SKIP","floor":1},{"not_picked":["Headbutt","Reckless Charge"],"picked":"Armaments","floor":2},{"not_picked":["Iron Wave","Bludgeon"],"picked":"Battle Trance","floor":6},{"not_picked":["Iron Wave","Dropkick","Sword Boomerang"],"picked":"SKIP","floor":8},{"not_picked":["Wild Strike","Iron Wave","Perfected Strike"],"picked":"SKIP","floor":10},{"not_picked":["Perfected Strike","Armaments"],"picked":"Feed","floor":11},{"not_picked":["Sword Boomerang","Cleave"],"picked":"Corruption","floor":12},{"not_picked":["Headbutt","Clothesline","Sword Boomerang"],"picked":"SKIP","floor":14},{"not_picked":["Berserk","Demon Form"],"picked":"Double Tap","floor":16},{"not_picked":["Wild Strike","Power Through","Battle Trance"],"picked":"SKIP","floor":18},{"not_picked":["Iron Wave","Anger","Clash+1"],"picked":"SKIP","floor":19},{"not_picked":["Clothesline","Cleave","Sentinel"],"picked":"SKIP","floor":22},{"not_picked":["Pommel Strike","Combust"],"picked":"Thunderclap+1","floor":24},{"not_picked":["Barricade","True Grit","Twin Strike"],"picked":"SKIP","floor":25},{"not_picked":["Juggernaut","Flex"],"picked":"Flame Barrier","floor":27},{"not_picked":["Cleave","Twin Strike","Rupture"],"picked":"SKIP","floor":29}],"player_experience":341673,"relics_obtained":[{"floor":6,"key":"Shovel"},{"floor":8,"key":"Tiny Chest"},{"floor":9,"key":"MawBank"},{"floor":10,"key":"Pear"},{"floor":13,"key":"Unceasing Top"},{"floor":15,"key":"Smiling Mask"},{"floor":23,"key":"Bottled Flame"},{"floor":26,"key":"Bronze Scales"},{"floor":26,"key":"Whetstone"},{"floor":27,"key":"Vajra"},{"floor":28,"key":"Letter Opener"},{"floor":30,"key":"War Paint"},{"floor":32,"key":"Sundial"}],"event_choices":[{"cards_removed":["Armaments"],"damage_healed":0,"gold_gain":0,"player_choice":"Gave Card","damage_taken":0,"relics_obtained":["Mercury Hourglass"],"max_hp_gain":0,"max_hp_loss":0,"event_name":"WeMeetAgain","floor":4,"gold_loss":0},{"damage_healed":0,"gold_gain":0,"player_choice":"Upgraded","damage_taken":0,"max_hp_gain":0,"max_hp_loss":0,"event_name":"Upgrade Shrine","floor":5,"gold_loss":0,"cards_upgraded":["Carnage"]},{"damage_healed":0,"gold_gain":0,"player_choice":"0 cards matched","damage_taken":0,"max_hp_gain":0,"max_hp_loss":0,"event_name":"Match and Keep!","floor":21,"gold_loss":0,"cards_obtained":[]},{"damage_healed":0,"gold_gain":0,"cards_transformed":["Strike_R","Defend_R"],"player_choice":"Became Test Subject","damage_taken":0,"max_hp_gain":0,"max_hp_loss":0,"event_name":"Drug Dealer","floor":31,"gold_loss":0,"cards_obtained":["Shrug It Off","Thunderclap"]}],"is_beta":false,"boss_relics":[{"not_picked":["Mark of Pain","Sozu"],"picked":"Coffee Dripper"}],"items_purged_floors":[3,20],"is_endless":false,"potions_floor_spawned":[6,8,14,16,19,25,29],"killed_by":"Automaton","ascension_level":12}