{"gold_per_floor":[15,15,31,31,51,51,69,80,80,80],"floor_reached":10,"playtime":284,"items_purged":[],"score":120,"play_id":"281f9a65-7ee3-4bfe-8710-12d0e6ecf5a5","local_time":"20190224221444","is_ascension_mode":true,"campfire_choices":[{"data":"Bash","floor":6,"key":"SMITH"}],"neow_cost":"NO_GOLD","seed_source_timestamp":36239530512864,"circlet_count":0,"master_deck":["AscendersBane","Strike_R","Strike_R","Strike_R","Defend_R","Defend_R","Defend_R","Defend_R","Bash+1","Metallicize","Shrug It Off","Flex","Wild Strike","Carnage"],"relics":["Burning Blood","CultistMask"],"potions_floor_usage":[],"damage_taken":[{"damage":1,"enemies":"2 Louse","floor":1,"turns":4},{"damage":8,"enemies":"Small Slimes","floor":3,"turns":5},{"damage":6,"enemies":"Cultist","floor":5,"turns":5},{"damage":21,"enemies":"Lots of Slimes","floor":7,"turns":8},{"damage":17,"enemies":"Exordium Wildlife","floor":8,"turns":7},{"damage":0,"enemies":"Exordium Thugs","floor":10,"turns":1}],"seed_played":"-669496245281327208","potions_obtained":[{"floor":3,"key":"GamblersBrew"},{"floor":7,"key":"EssenceOfSteel"}],"is_trial":false,"path_per_floor":["M","?","M","?","M","R","M","M","T","M"],"character_chosen":"IRONCLAD","items_purchased":[],"campfire_rested":0,"item_purchase_floors":[],"current_hp_per_floor":[73,73,71,71,71,71,56,45,45,45],"gold":80,"neow_bonus":"REMOVE_TWO","is_prod":false,"is_daily":false,"chose_seed":false,"campfire_upgraded":1,"win_rate":0,"timestamp":1551017684,"path_taken":["M","?","M","?","M","R","?","M","T","M"],"build_version":"2019-01-23","purchased_purges":0,"victory":false,"max_hp_per_floor":[75,75,75,75,75,75,75,75,75,75],"card_choices":[{"not_picked":["Heavy Blade","Wild Strike"],"picked":"Metallicize","floor":1},{"not_picked":["Corruption","Combust"],"picked":"Shrug It Off","floor":3},{"not_picked":["Havoc","Blood for Blood"],"picked":"Flex","floor":5},{"not_picked":["Headbutt","Body Slam"],"picked":"Wild Strike","floor":7},{"not_picked":["Heavy Blade","Rupture"],"picked":"Carnage","floor":8}],"player_experience":3111421,"relics_obtained":[],"event_choices":[{"damage_healed":0,"gold_gain":0,"player_choice":"Leave","damage_taken":0,"max_hp_gain":0,"max_hp_loss":0,"event_name":"The Cleric","floor":2,"gold_loss":0},{"damage_healed":0,"gold_gain":0,"player_choice":"Trade","damage_taken":0,"relics_obtained":["CultistMask"],"max_hp_gain":0,"max_hp_loss":0,"event_name":"FaceTrader","floor":4,"gold_loss":0}],"is_beta":false,"boss_relics":[],"items_purged_floors":[],"is_endless":false,"potions_floor_spawned":[3,7],"killed_by":"Exordium Thugs","ascension_level":20}