{"gold_per_floor":[113,113,213,225,238,271,271,306,306,317,317,78,106,133,133,133],"floor_reached":16,"playtime":369,"items_purged":["Strike_B"],"score":236,"play_id":"effe731d-8cab-4fc2-93aa-62e677e4274d","local_time":"20190116175820","is_ascension_mode":true,"campfire_choices":[{"data":"Sunder","floor":7.0,"key":"SMITH"},{"data":"Hologram","floor":11.0,"key":"SMITH"},{"data":"Streamline","floor":15,"key":"SMITH"}],"neow_cost":"NONE","seed_source_timestamp":25101787958907,"circlet_count":0,"master_deck":["AscendersBane","Strike_B","Strike_B","Defend_B","Defend_B","Defend_B","Defend_B","Zap","Dualcast","Streamline+1","Sunder+1","Hologram+1","Meteor Strike"],"special_seed":0,"relics":["Cracked Core","NeowsBlessing","Potion Belt","Pantograph","Anchor","Odd Mushroom","Centennial Puzzle"],"potions_floor_usage":[16],"damage_taken":[{"damage":0.0,"enemies":"Jaw Worm","floor":1.0,"turns":1.0},{"damage":0.0,"enemies":"Cultist","floor":4.0,"turns":1.0},{"damage":0.0,"enemies":"Small Slimes","floor":5.0,"turns":1.0},{"damage":35.0,"enemies":"3 Sentries","floor":6.0,"turns":7.0},{"damage":8.0,"enemies":"Gremlin Nob","floor":8.0,"turns":3.0},{"damage":10.0,"enemies":"3 Louse","floor":10.0,"turns":2.0},{"damage":2,"enemies":"The Mushroom Lair","floor":13,"turns":4},{"damage":20,"enemies":"Lagavulin","floor":14,"turns":5},{"damage":14,"enemies":"The Guardian","floor":16,"turns":4}],"seed_played":"-7287567507457088228","potions_obtained":[{"floor":5.0,"key":"FairyPotion"},{"floor":8.0,"key":"SkillPotion"},{"floor":14,"key":"Strength Potion"}],"is_trial":false,"path_per_floor":["M","?","?","M","M","E","R","E","T","M","R","$","?","E","R","B"],"character_chosen":"DEFECT","items_purchased":["Anchor"],"campfire_rested":0,"item_purchase_floors":[12],"current_hp_per_floor":[64,57,57,57,57,22,22,14,14,4,4,4,2,2,2,13],"gold":133,"neow_bonus":"THREE_ENEMY_KILL","is_prod":false,"is_daily":false,"chose_seed":false,"campfire_upgraded":3,"win_rate":0,"timestamp":1547632700,"path_taken":["M","?","?","M","?","E","R","E","T","M","R","$","?","E","R","BOSS"],"build_version":"2019-01-10","purchased_purges":1,"victory":false,"max_hp_per_floor":[71,71,71,71,71,71,71,71,71,71,71,71,71,71,71,71],"card_choices":[{"not_picked":["Stack","Steam","BootSequence"],"picked":"SKIP","floor":1.0},{"not_picked":["Undo","Loop"],"picked":"Streamline","floor":4.0},{"not_picked":["Heatsinks","Coolheaded"],"picked":"Sunder","floor":5.0},{"not_picked":["Storm","Coolheaded"],"picked":"Hologram","floor":6.0},{"not_picked":["Cold Snap","Consume","Barrage"],"picked":"SKIP","floor":8.0},{"not_picked":["Stack","Doom and Gloom","Barrage"],"picked":"SKIP","floor":10.0},{"not_picked":["Leap","Cold Snap"],"picked":"Meteor Strike","floor":13},{"not_picked":["Compile Driver","Lockon","Streamline"],"picked":"SKIP","floor":14}],"player_experience":1949803,"relics_obtained":[{"floor":6.0,"key":"Potion Belt"},{"floor":8.0,"key":"Pantograph"},{"floor":13,"key":"Odd Mushroom"},{"floor":14,"key":"Centennial Puzzle"}],"event_choices":[{"cards_removed":["Strike_B"],"damage_healed":0.0,"max_hp_gain":0.0,"max_hp_loss":0.0,"gold_gain":0.0,"event_name":"Golden Wing","player_choice":"Card Removal","floor":2.0,"gold_loss":0.0,"damage_taken":7.0},{"damage_healed":0.0,"max_hp_gain":0.0,"max_hp_loss":0.0,"gold_gain":100.0,"event_name":"Wheel of Change","player_choice":"Gold","floor":3.0,"gold_loss":0.0,"damage_taken":0.0},{"damage_healed":0,"gold_gain":0,"player_choice":"Fought Mushrooms","damage_taken":0,"max_hp_gain":0,"max_hp_loss":0,"event_name":"Mushrooms","floor":13,"gold_loss":0}],"is_beta":false,"boss_relics":[],"items_purged_floors":[12],"is_endless":false,"potions_floor_spawned":[5,8,14],"killed_by":"The Guardian","ascension_level":20}