{"path_per_floor":["M","?","M","M","M","E","R","M","T","?","M","E","R","M","R","B",null,"M","?","?"],"character_chosen":"IRONCLAD","items_purchased":[],"gold_per_floor":[20,20,39,49,68,98,98,113,113,113,129,169,169,193,193,313,313,332,332,332,332],"floor_reached":21,"campfire_rested":1,"playtime":510,"current_hp_per_floor":[80,80,80,80,53,44,68,58,58,58,52,34,34,40,40,37,74,65,51,35,35],"items_purged":[],"gold":332,"score":217,"play_id":"cf188ccf-bffd-47a0-8523-37d8d93ff559","local_time":"20180325185535","is_prod":false,"is_daily":false,"is_ascension_mode":false,"campfire_upgraded":2,"timestamp":1521996935,"path_taken":["M","?","M","?","M","E","R","?","T","?","M","E","R","?","R","BOSS","M","?","?","?"],"build_version":"2018-03-22v2","purchased_purges":0,"victory":false,"master_deck":["Defend_R","Bash","Perfected Strike+1","Entrench","Twin Strike","Infernal Blade","Double Tap","Pommel Strike","Perfected Strike+1","Metallicize","Twin Strike","Flex","Bite","Bite","Bite","Bite","Bite"],"max_hp_per_floor":[80,80,80,80,80,80,80,80,80,74,74,74,74,74,74,74,74,74,51,51,51],"relics":["Burning Blood","Happy Flower","Ginger","Golden Idol","Calipers","Mark of Pain","Enchiridion"],"card_choices":[{"not_picked":["Shrug It Off","Pommel Strike"],"picked":"Perfected Strike","floor":1},{"not_picked":["Clothesline","Berserk"],"picked":"Twin Strike","floor":3},{"not_picked":["Entrench","Hemokinesis"],"picked":"Infernal Blade","floor":4},{"not_picked":["Armaments","Limit Break"],"picked":"Double Tap","floor":6},{"not_picked":["Pummel","Headbutt"],"picked":"Pommel Strike","floor":8},{"not_picked":["Disarm","Wild Strike"],"picked":"Perfected Strike","floor":11},{"not_picked":["Heavy Blade","Dropkick"],"picked":"Metallicize","floor":12},{"not_picked":["Headbutt","Uppercut"],"picked":"Twin Strike","floor":14},{"not_picked":["Combust","Shockwave"],"picked":"Flex","floor":18}],"player_experience":192448,"potions_floor_usage":[12,18],"damage_taken":[{"damage":6,"enemies":"Cultist","floor":1,"turns":3},{"damage":6,"enemies":"Jaw Worm","floor":3,"turns":3},{"damage":0,"enemies":"2 Louse","floor":4,"turns":2},{"damage":33,"enemies":"Gremlin Gang","floor":5,"turns":5},{"damage":15,"enemies":"Gremlin Nob","floor":6,"turns":4},{"damage":20,"enemies":"Looter","floor":8,"turns":3},{"damage":12,"enemies":"3 Louse","floor":11,"turns":3},{"damage":24,"enemies":"3 Sentries","floor":12,"turns":4},{"damage":0,"enemies":"Large Slime","floor":14,"turns":2},{"damage":9,"enemies":"Slime Boss","floor":16,"turns":3},{"damage":15,"enemies":"3 Byrds","floor":18,"turns":4}],"event_choices":[{"event_name":"Transmorgrifier","player_choice":"Transform","floor":2,"damage_taken":0},{"event_name":"Golden Idol","player_choice":"Lose Max HP","floor":10,"damage_taken":0},{"event_name":"Vampires","player_choice":"Became a vampire","floor":19,"damage_taken":0},{"event_name":"Cursed Tome","player_choice":"Obtained Book","floor":20,"damage_taken":0},{"event_name":"Back to Basics","player_choice":"Elegance","floor":21,"damage_taken":0}],"boss_relics":[{"not_picked":["Runic Cube","Sozu"],"picked":"Mark of Pain"}],"potions_floor_spawned":[6,11,12,16],"seed_played":"-3748397676487079581","ascension_level":0,"is_trial":false}