{"gold_per_floor":[114,64,14,14,14,14,39,64,64,14,14,35,59,83,83,204,204,218,168,204,222,236,236,255,279,305,305,305,305,319,334,334,457,457,472,472,491,372,392,392,614,211,211,211,226,226,240,260,260,260],"floor_reached":51,"playtime":2436,"items_purged":["Strike_G","Strike_G","Strike_G","Defend_G","Strike_G"],"score":668,"play_id":"25de7a87-714a-4457-bf4e-75c2c2b10877","local_time":"20181023133817","is_ascension_mode":false,"campfire_choices":[{"data":"Neutralize","floor":6.0,"key":"SMITH"},{"data":"Dagger Spray","floor":11.0,"key":"SMITH"},{"data":"Phantasmal Killer","floor":15.0,"key":"SMITH"},{"data":"Well Laid Plans","floor":23.0,"key":"SMITH"},{"data":"Well Laid Plans","floor":29.0,"key":"SMITH"},{"data":"Night Terror","floor":32.0,"key":"SMITH"},{"data":"Noxious Fumes","floor":40.0,"key":"SMITH"},{"data":"Cloak And Dagger","floor":44.0,"key":"SMITH"},{"floor":46.0,"key":"REST"},{"floor":49.0,"key":"REST"}],"neow_cost":"NONE","seed_source_timestamp":13269614639876,"circlet_count":0,"master_deck":["Defend_G","Defend_G","Defend_G","Survivor","Neutralize+1","Dagger Spray+1","Predator","Escape Plan","Phantasmal Killer+1","Poisoned Stab","Night Terror+1","Backflip","Well Laid Plans+1","Backflip+1","Dagger Throw+1","Well Laid Plans+1","Noxious Fumes+1","Accuracy+1","Cloak And Dagger+1","Accuracy","Infinite Blades","Tactician+1"],"special_seed":0,"relics":["Ring of the Serpent","Smiling Mask","Golden Idol","Mango","Busted Crown","Red Mask","Blood Vial","Strawberry","FaceOfCleric","Potion Belt","Molten Egg 2"],"potions_floor_usage":[50,50],"damage_taken":[{"damage":0.0,"enemies":"Cultist","floor":1.0,"turns":5.0},{"damage":0.0,"enemies":"2 Louse","floor":7.0,"turns":4.0},{"damage":0.0,"enemies":"Jaw Worm","floor":8.0,"turns":4.0},{"damage":0.0,"enemies":"Blue Slaver","floor":12.0,"turns":3.0},{"damage":0.0,"enemies":"Large Slime","floor":13.0,"turns":3.0},{"damage":0.0,"enemies":"2 Fungi Beasts","floor":14.0,"turns":2.0},{"damage":46.0,"enemies":"Slime Boss","floor":16.0,"turns":9.0},{"damage":0.0,"enemies":"Shell Parasite","floor":18.0,"turns":2.0},{"damage":3.0,"enemies":"Masked Bandits","floor":20.0,"turns":3.0},{"damage":2.0,"enemies":"Spheric Guardian","floor":21.0,"turns":3.0},{"damage":10.0,"enemies":"Snake Plant","floor":22.0,"turns":4.0},{"damage":0.0,"enemies":"Chosen and Byrds","floor":24.0,"turns":4.0},{"damage":0.0,"enemies":"3 Cultists","floor":25.0,"turns":3.0},{"damage":2.0,"enemies":"Snake Plant","floor":30.0,"turns":3.0},{"damage":11.0,"enemies":"Shelled Parasite and Fungi","floor":31.0,"turns":4.0},{"damage":64.0,"enemies":"Automaton","floor":33.0,"turns":11.0},{"damage":8.0,"enemies":"3 Shapes","floor":35.0,"turns":7.0},{"damage":2.0,"enemies":"3 Darklings","floor":37.0,"turns":6.0},{"damage":27.0,"enemies":"Spire Growth","floor":39.0,"turns":7.0},{"damage":12.0,"enemies":"Transient","floor":45.0,"turns":5.0},{"damage":13.0,"enemies":"Jaw Worm Horde","floor":47.0,"turns":5.0},{"damage":8.0,"enemies":"3 Darklings","floor":48.0,"turns":4.0},{"damage":30,"enemies":"Time Eater","floor":50,"turns":10}],"seed_played":"589137280548032829","potions_obtained":[{"floor":7.0,"key":"GhostInAJar"},{"floor":12.0,"key":"Strength Potion"},{"floor":13.0,"key":"AttackPotion"},{"floor":24.0,"key":"AttackPotion"},{"floor":31.0,"key":"Swift Potion"},{"floor":45.0,"key":"Dexterity Potion"}],"is_trial":false,"path_per_floor":["M","$","?","?","?","R","M","M","T","$","R","M","M","M","R","B",null,"M","$","?","M","M","R","M","M","T","?","?","R","M","M","R","B",null,"M","?","M","$","M","R","?","$","T","R","M","R","M","M","R","B"],"character_chosen":"THE_SILENT","items_purchased":["Noxious Fumes","Potion Belt","Cloak And Dagger","Accuracy","Explosive Potion","Swift Potion"],"campfire_rested":2,"item_purchase_floors":[38,42,42,42,42,42],"current_hp_per_floor":[70,70,70,65,65,65,65,65,79,79,79,79,79,79,79,33,79,79,79,76,74,64,64,64,64,64,71,71,71,72,64,64,3,89,82,82,83,83,59,59,59,59,59,59,50,77,67,62,90,63],"gold":260,"neow_bonus":"RANDOM_COMMON_RELIC","is_prod":false,"is_daily":false,"chose_seed":false,"campfire_upgraded":8,"win_rate":0,"timestamp":1540273097,"path_taken":["M","?","?","?","?","R","?","M","T","?","R","M","M","M","R","BOSS","M","$","?","M","M","R","?","M","T","?","?","R","M","M","R","BOSS","M","?","M","$","M","R","?","$","T","R","M","R","M","M","R","BOSS"],"build_version":"2018-10-18","purchased_purges":5,"victory":true,"max_hp_per_floor":[70,70,70,65,65,65,65,65,79,79,79,79,79,79,79,79,79,79,79,79,79,79,79,79,79,79,86,86,86,87,88,88,89,89,90,90,91,91,92,92,92,92,92,92,93,93,94,95,95,96],"card_choices":[{"not_picked":["Prepared","Sucker Punch","Acrobatics"],"picked":"SKIP","floor":1.0},{"not_picked":["Sucker Punch","Calculated Gamble"],"picked":"Dagger Spray","floor":7.0},{"not_picked":["Eviscerate","Prepared"],"picked":"Predator","floor":8.0},{"not_picked":["Infinite Blades","Backflip"],"picked":"Escape Plan","floor":12.0},{"not_picked":["Setup","PiercingWail"],"picked":"Phantasmal Killer","floor":13.0},{"not_picked":["Calculated Gamble","Tactician"],"picked":"Poisoned Stab","floor":14.0},{"not_picked":["A Thousand Cuts","Bullet Time"],"picked":"Night Terror","floor":16.0},{"not_picked":["Riddle With Holes"],"picked":"SKIP","floor":18.0},{"not_picked":[],"picked":"Backflip","floor":20.0},{"not_picked":[],"picked":"Well Laid Plans","floor":21.0},{"not_picked":[],"picked":"Backflip+1","floor":22.0},{"not_picked":[],"picked":"Dagger Throw+1","floor":24.0},{"not_picked":[],"picked":"Well Laid Plans","floor":25.0},{"not_picked":["Poisoned Stab"],"picked":"SKIP","floor":30.0},{"not_picked":["Cloak And Dagger"],"picked":"SKIP","floor":31.0},{"not_picked":["Flying Knee"],"picked":"SKIP","floor":35.0},{"not_picked":["Dagger Throw"],"picked":"SKIP","floor":37.0},{"not_picked":[],"picked":"Accuracy+1","floor":39.0},{"not_picked":[],"picked":"Infinite Blades","floor":45.0},{"not_picked":["Riddle With Holes+1"],"picked":"SKIP","floor":47.0},{"not_picked":[],"picked":"Tactician+1","floor":48.0}],"player_experience":553762,"relics_obtained":[{"floor":9.0,"key":"Mango"},{"floor":20.0,"key":"Red Mask"},{"floor":26.0,"key":"Blood Vial"},{"floor":43.0,"key":"Molten Egg 2"}],"event_choices":[{"cards_removed":["Defend_G"],"damage_healed":0.0,"max_hp_gain":0.0,"max_hp_loss":0.0,"gold_gain":0.0,"event_name":"The Cleric","player_choice":"Card Removal","floor":3.0,"gold_loss":50.0,"damage_taken":0.0},{"damage_healed":0.0,"max_hp_gain":0.0,"max_hp_loss":5.0,"gold_gain":0.0,"event_name":"Golden Idol","player_choice":"Lose Max HP","floor":4.0,"gold_loss":0.0,"damage_taken":0.0,"relics_obtained":["Golden Idol"]},{"damage_healed":0.0,"max_hp_gain":0.0,"max_hp_loss":0.0,"gold_gain":0.0,"event_name":"Liars Game","player_choice":"Ignored","floor":5.0,"gold_loss":0.0,"damage_taken":0.0},{"damage_healed":0.0,"max_hp_gain":0.0,"max_hp_loss":0.0,"gold_gain":0.0,"event_name":"Masked Bandits","player_choice":"Fought Bandits","floor":20.0,"gold_loss":0.0,"damage_taken":0.0},{"damage_healed":0.0,"max_hp_gain":0.0,"max_hp_loss":0.0,"gold_gain":0.0,"event_name":"The Mausoleum","player_choice":"Opened","floor":27.0,"gold_loss":0.0,"damage_taken":0.0,"relics_obtained":["Strawberry"]},{"damage_healed":0.0,"max_hp_gain":0.0,"max_hp_loss":0.0,"gold_gain":0.0,"event_name":"FaceTrader","player_choice":"Trade","floor":28.0,"gold_loss":0.0,"damage_taken":0.0,"relics_obtained":["FaceOfCleric"]},{"cards_removed":["Strike_G"],"damage_healed":0.0,"max_hp_gain":0.0,"max_hp_loss":0.0,"gold_gain":0.0,"event_name":"Purifier","player_choice":"Purged","floor":36.0,"gold_loss":0.0,"damage_taken":0.0},{"damage_healed":0.0,"max_hp_gain":0.0,"max_hp_loss":0.0,"gold_gain":222.0,"event_name":"Tomb of Lord Red Mask","player_choice":"Wore Mask","floor":41.0,"gold_loss":0.0,"damage_taken":0.0}],"is_beta":false,"boss_relics":[{"not_picked":["Black Star","Philosopher\u0027s Stone"],"picked":"Busted Crown"},{"not_picked":["Runic Dome","WristBlade"],"picked":"Ring of the Serpent"}],"items_purged_floors":[2,10,19,38,42],"is_endless":false,"potions_floor_spawned":[7,12,13,14,24,25,31,45,48],"ascension_level":0}