{"gold_per_floor":[360,360,373,386,397,397,426,426,426,439,439,458,12,30,30,103,103,119,119,134,151,161,211,231,231,231,231,243,269,284,296,296,370,370,387,399,84,84,84,114,129,129,129,148,148,182,182,182,182,182,182,182,182,1,1],"floor_reached":55,"playtime":6958,"items_purged":["Strike_G","Strike_G"],"score":2256,"play_id":"23162ed3-0c61-416a-b057-52a3a0e6c595","local_time":"20190322124528","is_ascension_mode":true,"campfire_choices":[{"data":"Neutralize","floor":6.0,"key":"SMITH"},{"data":"Poisoned Stab","floor":8.0,"key":"SMITH"},{"data":"Venomology","floor":11.0,"key":"SMITH"},{"floor":15.0,"key":"RECALL"},{"data":"Acrobatics","floor":25.0,"key":"SMITH"},{"data":"Noxious Fumes","floor":27.0,"key":"SMITH"},{"data":"Malaise","floor":32.0,"key":"SMITH"},{"data":"Cloak And Dagger","floor":42.0,"key":"SMITH"},{"data":"Tactician","floor":47.0,"key":"SMITH"},{"data":"Malaise","floor":49.0,"key":"SMITH"},{"data":"Tools of the Trade","floor":53.0,"key":"SMITH"}],"neow_cost":"TEN_PERCENT_HP_LOSS","seed_source_timestamp":4584260717396,"circlet_count":0,"master_deck":["AscendersBane","Defend_G","Defend_G","Defend_G","Defend_G","Defend_G","Strike_G","Survivor","Neutralize+1","Backstab","Backflip","Poisoned Stab+1","Venomology+1","Escape Plan","Endless Agony","Tools of the Trade+1","Noxious Fumes+1","Dodge and Roll","Acrobatics+1","Malaise+1","Dash","Blur+1","Malaise+1","Infinite Blades+1","Well Laid Plans+1","Endless Agony+1","Backflip","Cloak And Dagger+1","Tactician+1","Infinite Blades","Backflip","Finesse","Infinite Blades"],"special_seed":0,"relics":["Ring of the Snake","Sundial","Kunai","Happy Flower","Cursed Key","NlothsMask","Pear","Astrolabe","Bag of Preparation","Dream Catcher","Ornamental Fan","Dodecahedron"],"potions_floor_usage":[55],"damage_taken":[{"damage":6.0,"enemies":"Jaw Worm","floor":1.0,"turns":7.0},{"damage":1.0,"enemies":"Cultist","floor":3.0,"turns":4.0},{"damage":0.0,"enemies":"2 Louse","floor":4.0,"turns":1.0},{"damage":0.0,"enemies":"Lots of Slimes","floor":5.0,"turns":6.0},{"damage":32.0,"enemies":"Lagavulin","floor":7.0,"turns":8.0},{"damage":0.0,"enemies":"Exordium Wildlife","floor":10.0,"turns":3.0},{"damage":0.0,"enemies":"Gremlin Gang","floor":12.0,"turns":6.0},{"damage":0.0,"enemies":"3 Louse","floor":14.0,"turns":2.0},{"damage":0.0,"enemies":"The Guardian","floor":16.0,"turns":15.0},{"damage":0.0,"enemies":"Spheric Guardian","floor":18.0,"turns":8.0},{"damage":3.0,"enemies":"Chosen","floor":20.0,"turns":5.0},{"damage":12.0,"enemies":"Sentry and Sphere","floor":21.0,"turns":9.0},{"damage":5.0,"enemies":"Cultist and Chosen","floor":22.0,"turns":10.0},{"damage":3.0,"enemies":"Snecko","floor":24.0,"turns":7.0},{"damage":9.0,"enemies":"3 Cultists","floor":28.0,"turns":6.0},{"damage":9.0,"enemies":"Slavers","floor":29.0,"turns":6.0},{"damage":7.0,"enemies":"Centurion and Healer","floor":30.0,"turns":9.0},{"damage":6.0,"enemies":"Cultist and Chosen","floor":31.0,"turns":8.0},{"damage":0.0,"enemies":"Automaton","floor":33.0,"turns":12.0},{"damage":3.0,"enemies":"3 Darklings","floor":35.0,"turns":7.0},{"damage":2.0,"enemies":"Orb Walker","floor":36.0,"turns":4.0},{"damage":0.0,"enemies":"Nemesis","floor":40.0,"turns":13.0},{"damage":0.0,"enemies":"Writhing Mass","floor":41.0,"turns":12.0},{"damage":3.0,"enemies":"4 Shapes","floor":44.0,"turns":7.0},{"damage":10.0,"enemies":"Reptomancer","floor":46.0,"turns":8.0},{"damage":0.0,"enemies":"Donu and Deca","floor":50.0,"turns":16.0},{"damage":0.0,"enemies":"Awakened One","floor":51.0,"turns":25.0},{"damage":44,"enemies":"Shield and Spear","floor":55,"turns":5}],"seed_played":"2453278748683162914","potions_obtained":[{"floor":5.0,"key":"Energy Potion"},{"floor":14.0,"key":"Dexterity Potion"},{"floor":16.0,"key":"Weak Potion"},{"floor":20.0,"key":"LiquidBronze"},{"floor":22.0,"key":"Ancient Potion"},{"floor":28.0,"key":"Energy Potion"},{"floor":33.0,"key":"SpeedPotion"},{"floor":44.0,"key":"Fire Potion"},{"floor":46.0,"key":"SpeedPotion"}],"is_trial":false,"path_per_floor":["M","?","M","M","M","R","E","R","T","M","R","M","$","M","R","B",null,"M","?","M","M","M","?","M","R","T","R","M","E","M","M","R","B",null,"M","M","$","?","?","E","M","R","T","M","?","E","R","?","R","B","B",null,"R","$","E"],"character_chosen":"THE_SILENT","items_purchased":["Kunai","Happy Flower","Tactician","Bag of Preparation","Infinite Blades"],"campfire_rested":0,"item_purchase_floors":[13,13,37,37,54],"current_hp_per_floor":[53,53,52,52,52,52,20,20,20,20,20,20,20,20,20,20,50,50,50,47,35,30,30,27,27,27,27,18,19,12,6,6,6,54,51,49,49,49,49,49,49,49,49,61,61,51,51,51,51,51,51,62,62,62,18],"gold":1,"neow_bonus":"TWO_FIFTY_GOLD","is_prod":false,"is_daily":false,"chose_seed":false,"campfire_upgraded":10,"win_rate":0,"timestamp":1553229928,"path_taken":["M","?","?","?","M","R","E","R","T","?","R","M","$","M","R","BOSS","M","?","?","M","M","?","?","R","T","R","M","E","?","M","R","BOSS","M","M","$","?","?","E","M","R","T","?","?","E","R","?","R","BOSS","BOSS","R","$","E"],"build_version":"2019-01-23","purchased_purges":2,"victory":false,"max_hp_per_floor":[60,60,60,60,60,60,60,60,60,60,60,60,60,60,60,60,60,60,60,60,60,60,60,60,60,60,60,60,70,70,70,70,70,70,70,70,70,66,66,66,66,66,66,66,66,66,66,66,66,66,66,66,66,66,66],"card_choices":[{"not_picked":["Prepared","Outmaneuver","Underhanded Strike"],"picked":"SKIP","floor":1.0},{"not_picked":["PiercingWail","Sucker Punch"],"picked":"Backstab","floor":3.0},{"not_picked":["Outmaneuver","A Thousand Cuts","Slice"],"picked":"SKIP","floor":4.0},{"not_picked":["Acrobatics","Sucker Punch"],"picked":"Backflip","floor":5.0},{"not_picked":["Expertise","Crippling Poison"],"picked":"Poisoned Stab","floor":7.0},{"not_picked":["Dagger Throw","Outmaneuver"],"picked":"Venomology","floor":10.0},{"not_picked":["Backflip","Accuracy"],"picked":"Escape Plan","floor":12.0},{"not_picked":["Quick Slash","Finisher"],"picked":"Endless Agony","floor":14.0},{"not_picked":["Die Die Die","Glass Knife"],"picked":"Tools of the Trade","floor":16.0},{"not_picked":["Dodge and Roll","Outmaneuver","Acrobatics"],"picked":"SKIP","floor":18.0},{"not_picked":["Riddle With Holes","Quick Slash"],"picked":"Noxious Fumes","floor":20.0},{"not_picked":["Endless Agony","Sucker Punch"],"picked":"Dodge and Roll","floor":21.0},{"not_picked":["Concentrate","Deadly Poison","Prepared"],"picked":"SKIP","floor":22.0},{"not_picked":["Finisher","Flying Knee"],"picked":"Acrobatics","floor":24.0},{"not_picked":["Acrobatics","Crippling Poison","Bane"],"picked":"SKIP","floor":28.0},{"not_picked":["Dagger Spray","Quick Slash"],"picked":"Malaise","floor":29.0},{"not_picked":["Flying Knee","Slice"],"picked":"Dash","floor":30.0},{"not_picked":["Dodge and Roll","Flechettes"],"picked":"Blur+1","floor":31.0},{"not_picked":["Envenom","Die Die Die"],"picked":"Malaise","floor":33.0},{"not_picked":["Dagger Spray","Deadly Poison"],"picked":"Backflip","floor":35.0},{"not_picked":["Blur","Quick Slash+1"],"picked":"Cloak And Dagger","floor":36.0},{"not_picked":["Dodge and Roll","Riddle With Holes","Choke"],"picked":"SKIP","floor":40.0},{"not_picked":["Sucker Punch","Well Laid Plans"],"picked":"Infinite Blades","floor":41.0},{"not_picked":["Dagger Throw","Underhanded Strike"],"picked":"Backflip","floor":44.0},{"not_picked":["Eviscerate","Underhanded Strike","Dodge and Roll"],"picked":"SKIP","floor":46.0},{"not_picked":["Swift Strike","Mind Blast"],"picked":"Finesse","floor":48.0}],"player_experience":3789266,"relics_obtained":[{"floor":7.0,"key":"Sundial"},{"floor":29.0,"key":"Pear"},{"floor":39.0,"key":"Dream Catcher"},{"floor":40.0,"key":"Ornamental Fan"},{"floor":46.0,"key":"Dodecahedron"}],"event_choices":[{"damage_healed":0.0,"max_hp_gain":0.0,"max_hp_loss":0.0,"gold_gain":0.0,"event_name":"Match and Keep!","player_choice":"1 cards matched","floor":2.0,"gold_loss":0.0,"damage_taken":0.0,"cards_obtained":["Dagger Throw"]},{"damage_healed":0.0,"max_hp_gain":0.0,"max_hp_loss":0.0,"gold_gain":0.0,"event_name":"FaceTrader","player_choice":"Trade","floor":19.0,"gold_loss":0.0,"damage_taken":0.0,"relics_obtained":["NlothsMask"]},{"damage_healed":0.0,"max_hp_gain":0.0,"max_hp_loss":0.0,"gold_gain":100.0,"event_name":"The Joust","player_choice":"Bet on Murderer","floor":23.0,"gold_loss":50.0,"damage_taken":0.0},{"damage_healed":0.0,"max_hp_gain":0.0,"max_hp_loss":4.0,"gold_gain":0.0,"event_name":"Winding Halls","player_choice":"Max HP","floor":38.0,"gold_loss":0.0,"damage_taken":0.0},{"damage_healed":0.0,"max_hp_gain":0.0,"max_hp_loss":0.0,"gold_gain":0.0,"event_name":"Wheel of Change","player_choice":"Relic","floor":39.0,"gold_loss":0.0,"damage_taken":0.0},{"damage_healed":0.0,"max_hp_gain":0.0,"max_hp_loss":0.0,"gold_gain":0.0,"event_name":"Tomb of Lord Red Mask","player_choice":"Ignored","floor":45.0,"gold_loss":0.0,"damage_taken":0.0},{"damage_healed":0.0,"max_hp_gain":0.0,"max_hp_loss":0.0,"gold_gain":0.0,"event_name":"SensoryStone","player_choice":"Memory 1","floor":48.0,"gold_loss":0.0,"damage_taken":0.0}],"is_beta":false,"boss_relics":[{"not_picked":["Sozu","Empty Cage"],"picked":"Cursed Key"},{"not_picked":["Coffee Dripper","HoveringKite"],"picked":"Astrolabe"}],"items_purged_floors":[37,54],"is_endless":false,"potions_floor_spawned":[5,14,16,20,22,28,33,44,46],"killed_by":"Shield and Spear","ascension_level":20}