{"gold_per_floor":[115,115,40,40,60,60,70,85,85,112,112,145,145,70,70,145,145,157,47,64,84,103,103,123,158,226,226,226,126,126,1,1,72,72,86,86,103,114,114,114,129,129,129,160,36,36,65,80,80,80,80,80,80,30,58,58],"floor_reached":57,"playtime":4335,"items_purged":["Strike_G","Defend_G","Strike_G+1","Predator+1","Corpse Explosion+1"],"score":2976,"play_id":"2126e33b-e231-451a-a574-ad13826b664b","local_time":"20190226233550","is_ascension_mode":true,"campfire_choices":[{"data":"Predator","floor":6.0,"key":"SMITH"},{"data":"Terror","floor":11.0,"key":"SMITH"},{"data":"Venomology","floor":13.0,"key":"SMITH"},{"data":"Dash","floor":15.0,"key":"SMITH"},{"floor":23.0,"key":"RECALL"},{"data":"Survivor","floor":27.0,"key":"SMITH"},{"data":"Defend_G","floor":30.0,"key":"SMITH"},{"data":"Burst","floor":32.0,"key":"SMITH"},{"data":"Deep Breath","floor":40.0,"key":"SMITH"},{"data":"Madness","floor":42.0,"key":"SMITH"},{"data":"Well Laid Plans","floor":46.0,"key":"SMITH"},{"data":"Calculated Gamble","floor":49,"key":"SMITH"},{"data":"Thinking Ahead","floor":53,"key":"SMITH"}],"neow_cost":"NONE","seed_source_timestamp":49959653005679,"circlet_count":0,"master_deck":["AscendersBane","Survivor+1","Neutralize+1","After Image","Terror+1","Infinite Blades","Venomology+1","Crippling Poison+1","PiercingWail+1","Backflip+1","After Image","Burst+1","Malaise","Die Die Die+1","Reflex+1","Tools of the Trade+1","Madness+1","Deep Breath+1","Thinking Ahead+1","Calculated Gamble+1","Well Laid Plans+1","Prepared+1","Well Laid Plans"],"special_seed":0,"relics":["Ring of the Snake","Whetstone","Ancient Tea Set","Gremlin Horn","Omamori","Runic Dome","Art of War","Astrolabe","Smiling Mask","Paper Crane","Question Card","Ninja Scroll"],"potions_floor_usage":[47,47,50,51,55,56],"damage_taken":[{"damage":2.0,"enemies":"Jaw Worm","floor":1.0,"turns":5.0},{"damage":3.0,"enemies":"Small Slimes","floor":5.0,"turns":5.0},{"damage":0.0,"enemies":"Cultist","floor":7.0,"turns":3.0},{"damage":1.0,"enemies":"2 Fungi Beasts","floor":8.0,"turns":3.0},{"damage":16.0,"enemies":"3 Sentries","floor":10.0,"turns":14.0},{"damage":5.0,"enemies":"Lagavulin","floor":12.0,"turns":5.0},{"damage":17.0,"enemies":"The Guardian","floor":16.0,"turns":11.0},{"damage":12.0,"enemies":"Shell Parasite","floor":18.0,"turns":3.0},{"damage":0.0,"enemies":"Chosen","floor":20.0,"turns":3.0},{"damage":0.0,"enemies":"Snecko","floor":21.0,"turns":4.0},{"damage":8.0,"enemies":"Centurion and Healer","floor":22.0,"turns":4.0},{"damage":0.0,"enemies":"Cultist and Chosen","floor":24.0,"turns":3.0},{"damage":11.0,"enemies":"Slavers","floor":25.0,"turns":2.0},{"damage":13.0,"enemies":"Champ","floor":33.0,"turns":11.0},{"damage":0.0,"enemies":"3 Darklings","floor":35.0,"turns":2.0},{"damage":0.0,"enemies":"3 Shapes","floor":37.0,"turns":3.0},{"damage":9.0,"enemies":"Writhing Mass","floor":38.0,"turns":7.0},{"damage":0.0,"enemies":"Jaw Worm Horde","floor":41.0,"turns":3.0},{"damage":6.0,"enemies":"Nemesis","floor":44.0,"turns":8.0},{"damage":0,"enemies":"Reptomancer","floor":47,"turns":3},{"damage":0,"enemies":"Spire Growth","floor":48,"turns":5},{"damage":0,"enemies":"Awakened One","floor":50,"turns":10},{"damage":0,"enemies":"Time Eater","floor":51,"turns":13},{"damage":0,"enemies":"Shield and Spear","floor":55,"turns":2},{"damage":45,"enemies":"The Heart","floor":56,"turns":6}],"seed_played":"-157287082926153821","potions_obtained":[{"floor":1.0,"key":"GhostInAJar"},{"floor":16.0,"key":"Regen Potion"},{"floor":22.0,"key":"SteroidPotion"},{"floor":24.0,"key":"Weak Potion"},{"floor":25.0,"key":"PowerPotion"},{"floor":35.0,"key":"Strength Potion"},{"floor":44.0,"key":"AttackPotion"}],"is_trial":false,"path_per_floor":["M","?","$","?","M","R","M","M","T","E","R","E","R","?","R","B",null,"M","?","M","M","M","R","M","E","T","R","?","$","R","$","R","B",null,"M","$","M","M","?","R","M","R","T","E","$","R","E","M","R","B","B",null,"R","$","E","B",null],"character_chosen":"THE_SILENT","items_purchased":["Well Laid Plans"],"campfire_rested":0,"item_purchase_floors":[45],"current_hp_per_floor":[57,57,57,50,47,47,47,46,46,30,30,25,25,25,25,8,52,49,49,49,49,41,41,41,30,30,30,30,30,30,30,30,17,54,54,54,54,45,35,35,35,35,35,29,29,29,29,29,29,29,29,57,57,57,57,12],"gold":58,"neow_bonus":"RANDOM_COMMON_RELIC","is_prod":false,"is_daily":false,"chose_seed":false,"campfire_upgraded":12,"win_rate":0,"timestamp":1551195350,"path_taken":["M","?","$","?","M","R","?","M","T","E","R","E","R","?","R","BOSS","M","?","?","M","M","R","M","E","T","R","?","$","R","$","R","BOSS","M","?","?","M","?","R","M","R","T","E","$","R","E","M","R","BOSS","BOSS","R","$","E","BOSS"],"build_version":"2019-01-23","purchased_purges":5,"victory":true,"max_hp_per_floor":[66,66,66,66,66,66,66,66,66,66,66,66,66,66,66,66,66,66,66,66,66,66,66,66,66,66,66,66,66,66,66,66,66,66,66,66,66,66,66,66,66,66,66,66,66,66,66,66,66,66,66,66,66,66,66,66],"card_choices":[{"not_picked":["Flying Knee","Outmaneuver"],"picked":"Predator","floor":1.0},{"not_picked":["Prepared","Quick Slash","PiercingWail"],"picked":"SKIP","floor":5.0},{"not_picked":["Infinite Blades","Dagger Throw"],"picked":"Terror","floor":7.0},{"not_picked":["Bane","Crippling Poison"],"picked":"Dash","floor":8.0},{"not_picked":["Prepared","Expertise"],"picked":"Infinite Blades","floor":10.0},{"not_picked":["Doppelganger","Escape Plan"],"picked":"Venomology","floor":12.0},{"not_picked":["Glass Knife","Burst"],"picked":"Corpse Explosion","floor":16.0},{"not_picked":["Dodge and Roll","Blade Dance","Dagger Spray+1"],"picked":"SKIP","floor":18.0},{"not_picked":["Sucker Punch","Dagger Throw","Crippling Poison+1"],"picked":"SKIP","floor":20.0},{"not_picked":["Sucker Punch","Dagger Throw"],"picked":"Crippling Poison+1","floor":20.0},{"not_picked":["PiercingWail","Terror","Skewer"],"picked":"SKIP","floor":21.0},{"not_picked":["Masterful Stab","Dodge and Roll"],"picked":"PiercingWail+1","floor":22.0},{"not_picked":["Poisoned Stab","Terror"],"picked":"Backflip+1","floor":24.0},{"not_picked":["Deadly Poison","Noxious Fumes"],"picked":"After Image","floor":25.0},{"not_picked":["Tools of the Trade","Burst"],"picked":"Malaise","floor":33.0},{"not_picked":["Backstab","Accuracy","Reflex"],"picked":"SKIP","floor":35.0},{"not_picked":["Riddle With Holes","Poisoned Stab","Skewer"],"picked":"SKIP","floor":37.0},{"not_picked":["Riddle With Holes","Slice","Blur"],"picked":"SKIP","floor":38.0},{"not_picked":["Magnetism","HandOfGreed"],"picked":"Madness","floor":39.0},{"not_picked":["Master of Strategy","Jack Of All Trades"],"picked":"Deep Breath","floor":39.0},{"not_picked":["Secret Technique","Panacea"],"picked":"Thinking Ahead","floor":39.0},{"not_picked":["Masterful Stab","Backflip"],"picked":"Calculated Gamble","floor":41.0},{"not_picked":["Predator","Reflex","Blade Dance"],"picked":"SKIP","floor":44.0},{"not_picked":["Backflip+1","Predator","Noxious Fumes+1"],"picked":"SKIP","floor":47},{"not_picked":["Predator","Acrobatics","Masterful Stab"],"picked":"Prepared+1","floor":48},{"not_picked":["Acrobatics+1","Caltrops","Dodge and Roll+1"],"picked":"Well Laid Plans","floor":55}],"player_experience":3182513,"relics_obtained":[{"floor":9.0,"key":"Ancient Tea Set"},{"floor":10.0,"key":"Gremlin Horn"},{"floor":12.0,"key":"Omamori"},{"floor":25.0,"key":"Art of War"},{"floor":43.0,"key":"Smiling Mask"},{"floor":44.0,"key":"Paper Crane"},{"floor":47,"key":"Question Card"},{"floor":55,"key":"Ninja Scroll"}],"event_choices":[{"damage_healed":0.0,"max_hp_gain":0.0,"max_hp_loss":0.0,"gold_gain":0.0,"cards_transformed":["Strike_G"],"event_name":"Living Wall","player_choice":"Change","floor":2.0,"gold_loss":0.0,"damage_taken":0.0,"cards_obtained":["After Image"]},{"cards_removed":["Strike_G"],"damage_healed":0.0,"max_hp_gain":0.0,"max_hp_loss":0.0,"gold_gain":0.0,"event_name":"Golden Wing","player_choice":"Card Removal","floor":4.0,"gold_loss":0.0,"damage_taken":7.0},{"cards_removed":["Strike_G"],"damage_healed":0.0,"max_hp_gain":0.0,"max_hp_loss":0.0,"gold_gain":0.0,"event_name":"The Cleric","player_choice":"Card Removal","floor":14.0,"gold_loss":75.0,"damage_taken":0.0},{"cards_removed":["Defend_G"],"damage_healed":0.0,"max_hp_gain":0.0,"max_hp_loss":0.0,"gold_gain":0.0,"event_name":"Designer","player_choice":"Upgrade and Remove","floor":19.0,"gold_loss":110.0,"damage_taken":0.0,"cards_upgraded":["Corpse Explosion"]},{"damage_healed":0.0,"max_hp_gain":0.0,"max_hp_loss":0.0,"gold_gain":0.0,"cards_transformed":["Defend_G"],"event_name":"Transmorgrifier","player_choice":"Transformed","floor":28.0,"gold_loss":0.0,"damage_taken":0.0,"cards_obtained":["Burst"]},{"damage_healed":0.0,"max_hp_gain":0.0,"max_hp_loss":0.0,"gold_gain":0.0,"event_name":"SensoryStone","player_choice":"Memory 3","floor":39.0,"gold_loss":0.0,"damage_taken":10.0}],"is_beta":false,"boss_relics":[{"not_picked":["Tiny House","Lizard Tail"],"picked":"Runic Dome"},{"not_picked":["WristBlade","Cursed Key"],"picked":"Astrolabe"}],"items_purged_floors":[3,29,31,45,54],"is_endless":false,"potions_floor_spawned":[1,16,22,24,25,35,38,44],"ascension_level":20}