{"gold_per_floor":[111,125,50,67,86,86,86,136,160,176,40,40,13,24,24,24],"floor_reached":16,"playtime":613,"items_purged":["Strike_R","Strike_R"],"score":188,"play_id":"b8f8d2a2-0eed-44cb-8f11-b52870b50265","local_time":"20190226180015","is_ascension_mode":true,"campfire_choices":[{"data":"Armaments","floor":6.0,"key":"SMITH"},{"data":"Uppercut","floor":12.0,"key":"SMITH"},{"data":"Sword Boomerang","floor":15,"key":"SMITH"}],"neow_cost":"NONE","seed_source_timestamp":33672740189216,"circlet_count":0,"master_deck":["AscendersBane","Strike_R","Defend_R","Defend_R","Defend_R","Defend_R","Bash","Flex","Armaments+1","Thunderclap","True Grit","Uppercut+1","Offering","Sword Boomerang+1"],"special_seed":0,"relics":["Burning Blood","Vajra"],"potions_floor_usage":[16],"damage_taken":[{"damage":3.0,"enemies":"2 Louse","floor":1.0,"turns":4.0},{"damage":14.0,"enemies":"Jaw Worm","floor":2.0,"turns":4.0},{"damage":7.0,"enemies":"Cultist","floor":4.0,"turns":4.0},{"damage":9.0,"enemies":"Red Slaver","floor":5.0,"turns":4.0},{"damage":17.0,"enemies":"Large Slime","floor":10.0,"turns":12.0},{"damage":20,"enemies":"Exordium Thugs","floor":13,"turns":4},{"damage":13,"enemies":"Lots of Slimes","floor":14,"turns":4},{"damage":31,"enemies":"Slime Boss","floor":16,"turns":6}],"seed_played":"-3968951973089061706","potions_obtained":[{"floor":4.0,"key":"Weak Potion"}],"is_trial":false,"path_per_floor":["M","M","$","M","M","R","?","?","T","M","$","R","M","M","R","B"],"character_chosen":"IRONCLAD","items_purchased":["Uppercut"],"campfire_rested":0,"item_purchase_floors":[11],"current_hp_per_floor":[71,63,63,62,59,59,59,59,59,48,48,48,34,27,27,0],"gold":24,"neow_bonus":"REMOVE_CARD","is_prod":false,"is_daily":false,"chose_seed":false,"campfire_upgraded":3,"win_rate":0,"timestamp":1551175215,"path_taken":["M","M","$","M","M","R","?","?","T","?","?","R","?","M","R","BOSS"],"build_version":"2019-01-23","purchased_purges":2,"victory":false,"max_hp_per_floor":[75,75,75,75,75,75,75,75,75,75,75,75,75,75,75,75],"card_choices":[{"not_picked":["Armaments","Entrench"],"picked":"Flex","floor":1.0},{"not_picked":["Anger","Clash"],"picked":"Armaments","floor":2.0},{"not_picked":["Anger","Armaments"],"picked":"Thunderclap","floor":4.0},{"not_picked":["Clothesline","Cleave"],"picked":"True Grit","floor":5.0},{"not_picked":["Anger","Twin Strike","Corruption"],"picked":"SKIP","floor":10.0},{"not_picked":["Anger","Twin Strike","Corruption"],"picked":"SKIP","floor":10.0},{"not_picked":["Pummel","Headbutt"],"picked":"Offering","floor":13},{"not_picked":["Ghostly Armor","Twin Strike"],"picked":"Sword Boomerang","floor":14}],"player_experience":3171202,"relics_obtained":[{"floor":9.0,"key":"Vajra"}],"event_choices":[{"cards_removed":["Strike_R"],"damage_healed":0.0,"max_hp_gain":0.0,"max_hp_loss":0.0,"gold_gain":0.0,"event_name":"Living Wall","player_choice":"Forget","floor":7.0,"gold_loss":0.0,"damage_taken":0.0},{"damage_healed":0.0,"max_hp_gain":0.0,"max_hp_loss":0.0,"gold_gain":50.0,"event_name":"Golden Shrine","player_choice":"Pray","floor":8.0,"gold_loss":0.0,"damage_taken":0.0}],"is_beta":false,"boss_relics":[],"items_purged_floors":[3,11],"is_endless":false,"potions_floor_spawned":[4],"killed_by":"Slime Boss","ascension_level":20}