{"gold_per_floor":[119,135,135,55,55,55,99,145,171,171,212,227,250,250,250,250],"floor_reached":16,"playtime":267,"items_purged":[],"score":266,"play_id":"5d51d999-587c-4365-a762-02b83dfe9dd8","local_time":"20190226235119","is_ascension_mode":true,"campfire_choices":[{"data":"Zap","floor":6,"key":"SMITH"},{"data":"Consume","floor":15,"key":"SMITH"}],"neow_cost":"NONE","seed_source_timestamp":791916045731442,"circlet_count":0,"master_deck":["AscendersBane","Strike_B+1","Strike_B","Strike_B+1","Strike_B","Defend_B","Defend_B","Defend_B","Defend_B","Zap+1","Dualcast","Steam","Self Repair","Cold Snap","Gash","Consume+1","FTL"],"relics":["Cracked Core","NeowsBlessing","Golden Idol","Whetstone","Juzu Bracelet","Bag of Marbles","Centennial Puzzle","Art of War","CultistMask"],"potions_floor_usage":[16],"damage_taken":[{"damage":0,"enemies":"Small Slimes","floor":1,"turns":1},{"damage":0,"enemies":"Jaw Worm","floor":2,"turns":1},{"damage":0,"enemies":"3 Sentries","floor":7,"turns":1},{"damage":22,"enemies":"Lagavulin","floor":11,"turns":6},{"damage":2,"enemies":"2 Louse","floor":12,"turns":2},{"damage":14,"enemies":"Blue Slaver","floor":13,"turns":3},{"damage":48,"enemies":"Hexaghost","floor":16,"turns":9}],"seed_played":"-8285169416583825778","potions_obtained":[{"floor":2,"key":"Strength Potion"},{"floor":13,"key":"PowerPotion"}],"is_trial":false,"path_per_floor":["M","M","?","$","?","R","E","T","T","T","E","M","M","?","R","B"],"character_chosen":"DEFECT","items_purchased":["Self Repair"],"campfire_rested":0,"item_purchase_floors":[4],"current_hp_per_floor":[64,64,64,64,64,64,64,64,64,64,49,54,47,47,47,0],"gold":250,"neow_bonus":"THREE_ENEMY_KILL","is_prod":false,"is_daily":false,"chose_seed":false,"campfire_upgraded":2,"win_rate":0,"timestamp":1551196279,"path_taken":["M","M","?","$","?","R","E","?","T","?","E","M","M","?","R","BOSS"],"build_version":"2019-01-23","purchased_purges":0,"victory":false,"max_hp_per_floor":[71,71,64,64,64,64,64,64,64,64,64,64,64,64,64,64],"card_choices":[{"not_picked":["Beam Cell","Storm","Static Discharge"],"picked":"SKIP","floor":1},{"not_picked":["Lockon","Auto Shields"],"picked":"Steam","floor":2},{"not_picked":["Chaos","Leap"],"picked":"Cold Snap","floor":7},{"not_picked":["Barrage","Machine Learning"],"picked":"Gash","floor":11},{"not_picked":["Rebound","Beam Cell"],"picked":"Consume","floor":12},{"not_picked":["Rebound","Stack"],"picked":"FTL","floor":13}],"player_experience":1012329,"relics_obtained":[{"floor":7,"key":"Whetstone"},{"floor":8,"key":"Juzu Bracelet"},{"floor":9,"key":"Bag of Marbles"},{"floor":10,"key":"Centennial Puzzle"},{"floor":11,"key":"Art of War"}],"event_choices":[{"damage_healed":0,"gold_gain":0,"player_choice":"Lose Max HP","damage_taken":0,"relics_obtained":["Golden Idol"],"max_hp_gain":0,"max_hp_loss":7,"event_name":"Golden Idol","floor":3,"gold_loss":0},{"damage_healed":0,"gold_gain":0,"player_choice":"Ignored","damage_taken":0,"max_hp_gain":0,"max_hp_loss":0,"event_name":"Liars Game","floor":5,"gold_loss":0},{"damage_healed":0,"gold_gain":0,"player_choice":"Trade","damage_taken":0,"relics_obtained":["CultistMask"],"max_hp_gain":0,"max_hp_loss":0,"event_name":"FaceTrader","floor":14,"gold_loss":0}],"is_beta":false,"boss_relics":[],"items_purged_floors":[],"is_endless":false,"potions_floor_spawned":[2,13],"killed_by":"Hexaghost","ascension_level":20}