{"gold_per_floor":[113,113,127,202,85,85,115,115,162,162,75,100,118,118,118,192,192],"floor_reached":17,"playtime":257,"items_purged":["Defend_B"],"score":372,"play_id":"7aed1e9d-400c-40c0-9810-7f3ba8dfade9","local_time":"20190423013151","is_ascension_mode":true,"campfire_choices":[{"data":"Zap","floor":6,"key":"SMITH"},{"data":"Loop","floor":8,"key":"SMITH"},{"data":"Hologram","floor":10,"key":"SMITH"},{"data":"Turbo","floor":15,"key":"SMITH"}],"neow_cost":"NONE","seed_source_timestamp":33713006528568,"circlet_count":0,"master_deck":["AscendersBane","Strike_B","Defend_B","Defend_B","Defend_B","Zap+1","Dualcast+1","Self Repair","Self Repair","Loop+1","Hologram+1","Rip and Tear+1","Echo Form","Turbo+1","Echo Form","Genetic Algorithm+1","Skim+1","Rebound+1"],"special_seed":0,"relics":["Cracked Core","NeowsBlessing","PreservedInsect","Mercury Hourglass","Astrolabe"],"potions_floor_usage":[],"damage_taken":[{"damage":0.0,"enemies":"2 Louse","floor":1.0,"turns":1.0},{"damage":0,"enemies":"Small Slimes","floor":3,"turns":1},{"damage":0,"enemies":"3 Sentries","floor":7,"turns":2},{"damage":20,"enemies":"Lagavulin","floor":12,"turns":4},{"damage":7,"enemies":"Jaw Worm","floor":13,"turns":3},{"damage":46,"enemies":"The Guardian","floor":16,"turns":10}],"seed_played":"4567594551533441355","potions_obtained":[{"floor":7,"key":"Strength Potion"},{"floor":13,"key":"AttackPotion"}],"is_trial":false,"path_per_floor":["M","?","M","?","$","R","E","R","T","R","$","E","M","?","R","B",null],"character_chosen":"DEFECT","items_purchased":["Loop","Rip and Tear"],"campfire_rested":0,"item_purchase_floors":[5,11],"current_hp_per_floor":[64,64,64,53,53,53,67,67,67,67,67,54,61,61,61,29,29],"gold":192,"neow_bonus":"THREE_ENEMY_KILL","is_prod":false,"is_daily":false,"chose_seed":false,"campfire_upgraded":4,"win_rate":0,"timestamp":1555954311,"path_taken":["M","?","M","?","$","R","E","R","T","R","?","E","?","?","R","BOSS"],"build_version":"2019-01-23","purchased_purges":1,"victory":false,"max_hp_per_floor":[71,71,71,71,71,71,71,71,71,71,71,71,71,71,71,71,71],"card_choices":[{"not_picked":["Beam Cell","Heatsinks"],"picked":"Self Repair","floor":1.0},{"not_picked":["Steam","Force Field"],"picked":"Self Repair","floor":3},{"not_picked":["Conserve Battery","Force Field"],"picked":"Hologram","floor":7},{"not_picked":["Gash","Fusion"],"picked":"Echo Form","floor":12},{"not_picked":["Sweeping Beam","Conserve Battery"],"picked":"Turbo","floor":13},{"not_picked":["Hyperbeam","Seek"],"picked":"Echo Form","floor":16}],"player_experience":4441996,"relics_obtained":[{"floor":7,"key":"PreservedInsect"},{"floor":12,"key":"Mercury Hourglass"}],"event_choices":[{"damage_healed":0,"gold_gain":0,"player_choice":"Grow","damage_taken":0,"max_hp_gain":0,"max_hp_loss":0,"event_name":"Living Wall","floor":2,"gold_loss":0,"cards_upgraded":["Dualcast"]},{"damage_healed":0,"gold_gain":75,"player_choice":"Gather Gold","damage_taken":11,"max_hp_gain":0,"max_hp_loss":0,"event_name":"World of Goop","floor":4,"gold_loss":0},{"damage_healed":0,"gold_gain":0,"player_choice":"Upgraded","damage_taken":0,"max_hp_gain":0,"max_hp_loss":0,"event_name":"Upgrade Shrine","floor":14,"gold_loss":0,"cards_upgraded":["Rip and Tear"]}],"is_beta":false,"boss_relics":[{"not_picked":["Inserter","Busted Crown"],"picked":"Astrolabe"}],"items_purged_floors":[5],"is_endless":false,"potions_floor_spawned":[7,13],"ascension_level":20}