{"gold_per_floor":[417,428,428,445,463,463,478,478,529,604,604,529,479,479,479,578,578,595,347,347,367,380,380,380,380,407,422,347,222,222,232,232,330,330,347,347,347,365,365,394,394,394,465,131,131,151,151,1,1,1],"floor_reached":51,"playtime":1352,"items_purged":["Strike_G","Strike_G","Defend_G","Distraction"],"score":838,"play_id":"482561d1-a7ea-4ef5-b1eb-d9a8f1e83b39","local_time":"20181124000944","is_ascension_mode":false,"campfire_choices":[{"data":"Deadly Poison","floor":6.0,"key":"SMITH"},{"data":"Catalyst","floor":8.0,"key":"SMITH"},{"data":"Crippling Poison","floor":15.0,"key":"SMITH"},{"data":"Night Terror","floor":23.0,"key":"SMITH"},{"data":"Well Laid Plans","floor":25.0,"key":"SMITH"},{"data":"Well Laid Plans","floor":32.0,"key":"SMITH"},{"floor":41,"key":"REST"},{"data":"Apotheosis","floor":45,"key":"SMITH"},{"floor":47,"key":"REST"},{"floor":49,"key":"REST"}],"neow_cost":"PERCENT_DAMAGE","seed_source_timestamp":27905881098062,"circlet_count":0,"master_deck":["Defend_G","Defend_G","Survivor","Neutralize","Crippling Poison+1","Deadly Poison+1","Catalyst+1","Night Terror+1","Well Laid Plans+1","Tactician","Tools of the Trade","Corpse Explosion","Searing Blow+3","Apotheosis+1"],"special_seed":0,"relics":["Ring of the Snake","Old Coin","Pen Nib","Sozu","Lantern","NlothsMask","Busted Crown","Question Card","Mercury Hourglass","Oddly Smooth Stone"],"potions_floor_usage":[40],"damage_taken":[{"damage":0.0,"enemies":"2 Louse","floor":1.0,"turns":3.0},{"damage":0.0,"enemies":"Cultist","floor":2.0,"turns":4.0},{"damage":0.0,"enemies":"Small Slimes","floor":4.0,"turns":3.0},{"damage":1.0,"enemies":"2 Fungi Beasts","floor":5.0,"turns":4.0},{"damage":2.0,"enemies":"Looter","floor":7.0,"turns":4.0},{"damage":0.0,"enemies":"Gremlin Gang","floor":11.0,"turns":1.0},{"damage":21.0,"enemies":"Slime Boss","floor":16.0,"turns":12.0},{"damage":2.0,"enemies":"Spheric Guardian","floor":18.0,"turns":3.0},{"damage":4.0,"enemies":"2 Thieves","floor":21.0,"turns":4.0},{"damage":2.0,"enemies":"Snake Plant","floor":22.0,"turns":4.0},{"damage":0.0,"enemies":"Snecko","floor":27.0,"turns":4.0},{"damage":4.0,"enemies":"Cultist and Chosen","floor":31.0,"turns":3.0},{"damage":37.0,"enemies":"Collector","floor":33.0,"turns":4.0},{"damage":5.0,"enemies":"3 Shapes","floor":35.0,"turns":2.0},{"damage":3.0,"enemies":"3 Darklings","floor":38.0,"turns":2.0},{"damage":38,"enemies":"Reptomancer","floor":40,"turns":6},{"damage":8,"enemies":"4 Shapes","floor":46,"turns":2},{"damage":48,"enemies":"Awakened One","floor":50,"turns":8}],"seed_played":"-7073953508746325256","potions_obtained":[{"floor":1.0,"key":"GamblersBrew"},{"floor":2.0,"key":"Ancient Potion"},{"floor":3.0,"key":"SmokeBomb"},{"floor":16.0,"key":"PowerPotion"}],"is_trial":false,"path_per_floor":["M","M","?","M","M","R","M","R","T","?","M","$","?","?","R","B",null,"M","$","?","M","M","R","?","R","T","M","?","$","?","M","R","B",null,"M","?","?","M","?","E","R","?","T","$","R","M","R","$","R","B",null],"character_chosen":"THE_SILENT","items_purchased":["Lantern","Apotheosis","Oddly Smooth Stone"],"campfire_rested":3,"item_purchase_floors":[19,44,44],"current_hp_per_floor":[49,49,49,49,48,48,46,46,46,35,35,35,35,35,35,14,70,68,68,68,64,62,62,62,62,62,62,62,62,62,58,58,21,70,65,65,65,62,62,24,43,43,43,43,43,35,54,54,66,18],"gold":1,"neow_bonus":"ONE_RARE_RELIC","is_prod":false,"is_daily":false,"chose_seed":false,"campfire_upgraded":7,"win_rate":0,"timestamp":1542989384,"path_taken":["M","M","?","M","?","R","M","R","T","?","M","$","?","?","R","BOSS","M","$","?","?","M","R","?","R","T","M","?","$","?","M","R","BOSS","M","?","?","?","?","E","R","?","T","$","R","M","R","$","R","BOSS"],"build_version":"2018-11-15","purchased_purges":4,"victory":true,"max_hp_per_floor":[70,70,70,70,70,70,70,70,70,70,70,70,70,70,70,70,70,70,70,70,70,70,70,70,70,70,70,70,70,70,70,70,70,70,70,70,70,70,66,66,66,66,66,66,66,66,66,66,66,66],"card_choices":[{"not_picked":["Backstab","Sucker Punch"],"picked":"Crippling Poison","floor":1.0},{"not_picked":["Dagger Throw","Terror"],"picked":"Deadly Poison","floor":2.0},{"not_picked":["Deflect","Outmaneuver"],"picked":"Well Laid Plans","floor":4.0},{"not_picked":["Cloak And Dagger","Caltrops","Poisoned Stab"],"picked":"SKIP","floor":5.0},{"not_picked":["Footwork","Riddle With Holes"],"picked":"Catalyst","floor":7.0},{"not_picked":["A Thousand Cuts","Doppelganger"],"picked":"Night Terror","floor":16.0},{"not_picked":["Prepared","Cloak And Dagger","Finisher+1"],"picked":"SKIP","floor":18.0},{"not_picked":["Quick Slash","Reflex","PiercingWail"],"picked":"SKIP","floor":21.0},{"not_picked":["Eviscerate","Quick Slash"],"picked":"Well Laid Plans","floor":22.0},{"not_picked":["Poisoned Stab","Slice","Terror+1"],"picked":"SKIP","floor":27.0},{"not_picked":["Deflect","Outmaneuver","Tools of the Trade"],"picked":"SKIP","floor":31.0},{"not_picked":["Deflect","Outmaneuver"],"picked":"Tools of the Trade","floor":31.0},{"not_picked":["Unload","Phantasmal Killer"],"picked":"Corpse Explosion","floor":33.0},{"not_picked":["Dagger Spray+1"],"picked":"SKIP","floor":35.0},{"not_picked":["Infinite Blades+1"],"picked":"SKIP","floor":38.0},{"not_picked":["Infinite Blades+1"],"picked":"SKIP","floor":38.0},{"not_picked":["Flying Knee"],"picked":"SKIP","floor":40},{"not_picked":["Blur","Caltrops+1"],"picked":"SKIP","floor":46}],"player_experience":1128806,"relics_obtained":[{"floor":9.0,"key":"Pen Nib"},{"floor":40,"key":"Question Card"},{"floor":43,"key":"Mercury Hourglass"}],"event_choices":[{"damage_healed":0.0,"max_hp_gain":0.0,"max_hp_loss":0.0,"gold_gain":0.0,"event_name":"Lab","player_choice":"Got Potions","floor":3.0,"gold_loss":0.0,"damage_taken":0.0},{"damage_healed":0.0,"max_hp_gain":0.0,"max_hp_loss":0.0,"gold_gain":75.0,"event_name":"World of Goop","player_choice":"Gather Gold","floor":10.0,"gold_loss":0.0,"damage_taken":11.0},{"cards_removed":["Strike_G"],"damage_healed":0.0,"max_hp_gain":0.0,"max_hp_loss":0.0,"gold_gain":0.0,"event_name":"The Cleric","player_choice":"Card Removal","floor":13.0,"gold_loss":50.0,"damage_taken":0.0},{"damage_healed":0.0,"max_hp_gain":0.0,"max_hp_loss":0.0,"gold_gain":0.0,"event_name":"Scrap Ooze","player_choice":"Fled","floor":14.0,"gold_loss":0.0,"damage_taken":0.0},{"damage_healed":0.0,"max_hp_gain":0.0,"max_hp_loss":0.0,"gold_gain":0.0,"event_name":"FaceTrader","player_choice":"Trade","floor":20.0,"gold_loss":0.0,"damage_taken":0.0,"relics_obtained":["NlothsMask"]},{"damage_healed":0.0,"max_hp_gain":0.0,"max_hp_loss":0.0,"gold_gain":0.0,"event_name":"Cursed Tome","player_choice":"Ignored","floor":24.0,"gold_loss":0.0,"damage_taken":0.0},{"cards_removed":["Defend_G"],"damage_healed":0.0,"max_hp_gain":0.0,"max_hp_loss":0.0,"gold_gain":0.0,"event_name":"Beggar","player_choice":"Gave Gold","floor":28.0,"gold_loss":75.0,"damage_taken":0.0},{"damage_healed":0.0,"max_hp_gain":0.0,"max_hp_loss":0.0,"gold_gain":0.0,"cards_transformed":["Strike_G","Defend_G"],"event_name":"Drug Dealer","player_choice":"Became Test Subject","floor":30.0,"gold_loss":0.0,"damage_taken":0.0,"cards_obtained":["Distraction","Tactician"]},{"cards_removed":["Strike_G"],"damage_healed":0.0,"max_hp_gain":0.0,"max_hp_loss":0.0,"gold_gain":0.0,"event_name":"Falling","player_choice":"Removed Attack","floor":36.0,"gold_loss":0.0,"damage_taken":0.0},{"cards_removed":["Well Laid Plans"],"damage_healed":0.0,"max_hp_gain":0.0,"max_hp_loss":0.0,"gold_gain":0.0,"event_name":"NoteForYourself","player_choice":"Took Card","floor":37.0,"gold_loss":0.0,"damage_taken":0.0,"cards_obtained":["Searing Blow"]},{"damage_healed":0.0,"max_hp_gain":0.0,"max_hp_loss":4.0,"gold_gain":0.0,"event_name":"Winding Halls","player_choice":"Max HP","floor":39.0,"gold_loss":0.0,"damage_taken":0.0},{"damage_healed":0,"gold_gain":0,"player_choice":"Ignored","damage_taken":0,"max_hp_gain":0,"max_hp_loss":0,"event_name":"Mysterious Sphere","floor":42,"gold_loss":0}],"is_beta":false,"boss_relics":[{"not_picked":["Runic Dome","Orrery"],"picked":"Sozu"},{"not_picked":["Fusion Hammer","Black Star"],"picked":"Busted Crown"}],"items_purged_floors":[12,19,29,48],"is_endless":false,"potions_floor_spawned":[1,2,11,16,22,27,31,35],"ascension_level":0}