{"gold_per_floor":[117,117,117,136,136,136,171,171,196,219,263,88,88,88],"floor_reached":14,"playtime":262,"items_purged":["Strike_G"],"score":242,"play_id":"c52d6b0a-67bd-437b-a1ef-9e3938cefcbd","local_time":"20190409111207","is_ascension_mode":true,"campfire_choices":[{"data":"Deadly Poison","floor":6.0,"key":"SMITH"},{"data":"Neutralize","floor":8.0,"key":"SMITH"}],"neow_cost":"NONE","seed_source_timestamp":387481052405,"circlet_count":0,"master_deck":["AscendersBane","Defend_G","Defend_G+1","Defend_G+1","Defend_G+1","Defend_G","Strike_G","Strike_G","Strike_G","Strike_G","Survivor+1","Neutralize+1","Footwork","Deadly Poison+1","Endless Agony+1","Finisher+1","Corpse Explosion","Purity","Pain"],"special_seed":0,"relics":["Ring of the Snake","NeowsBlessing","Golden Idol","Molten Egg 2","Boot","War Paint","Singing Bowl","WarpedTongs"],"potions_floor_usage":[11,11],"damage_taken":[{"damage":0.0,"enemies":"Cultist","floor":1.0,"turns":1.0},{"damage":0.0,"enemies":"2 Louse","floor":4.0,"turns":2.0},{"damage":0.0,"enemies":"Gremlin Nob","floor":7.0,"turns":1.0},{"damage":0.0,"enemies":"Jaw Worm","floor":10.0,"turns":4.0},{"damage":16,"enemies":"3 Sentries","floor":11,"turns":13},{"damage":2,"enemies":"Gremlin Nob","floor":14,"turns":3}],"seed_played":"6325035996755634974","potions_obtained":[{"floor":1.0,"key":"Fire Potion"},{"floor":7.0,"key":"EssenceOfSteel"}],"is_trial":false,"path_per_floor":["M","?","?","M","?","R","E","R","T","M","E","$","?","E"],"character_chosen":"THE_SILENT","items_purchased":["Purity"],"campfire_rested":0,"item_purchase_floors":[12],"current_hp_per_floor":[59,39,39,39,34,34,34,34,34,34,18,18,18,16],"gold":88,"neow_bonus":"THREE_ENEMY_KILL","is_prod":false,"is_daily":false,"chose_seed":false,"campfire_upgraded":2,"win_rate":0,"timestamp":1554779527,"path_taken":["M","?","?","?","?","R","E","R","T","M","E","?","?","E"],"build_version":"2019-01-23","purchased_purges":1,"victory":false,"max_hp_per_floor":[66,66,60,60,60,60,60,60,60,60,60,60,60,60],"card_choices":[{"not_picked":["Choke","Deadly Poison"],"picked":"Footwork","floor":1.0},{"not_picked":["Deflect","Backflip"],"picked":"Deadly Poison","floor":4.0},{"not_picked":["Concentrate","Accuracy"],"picked":"Endless Agony+1","floor":7.0},{"not_picked":["Finisher+1","Flying Knee+1","Quick Slash+1"],"picked":"SKIP","floor":10.0},{"not_picked":["Flying Knee+1","Quick Slash+1"],"picked":"Finisher+1","floor":10.0},{"not_picked":["Sucker Punch+1","Dodge and Roll"],"picked":"Corpse Explosion","floor":11}],"player_experience":4178088,"relics_obtained":[{"floor":7.0,"key":"Boot"},{"floor":9.0,"key":"War Paint"},{"floor":11,"key":"Singing Bowl"}],"event_choices":[{"damage_healed":0.0,"max_hp_gain":0.0,"max_hp_loss":0.0,"gold_gain":0.0,"event_name":"Shining Light","player_choice":"Entered Light","floor":2.0,"gold_loss":0.0,"damage_taken":20.0,"cards_upgraded":["Survivor","Defend_G"]},{"damage_healed":0.0,"max_hp_gain":0.0,"max_hp_loss":6.0,"gold_gain":0.0,"event_name":"Golden Idol","player_choice":"Lose Max HP","floor":3.0,"gold_loss":0.0,"damage_taken":0.0,"relics_obtained":["Golden Idol"]},{"damage_healed":0.0,"max_hp_gain":0.0,"max_hp_loss":0.0,"gold_gain":0.0,"event_name":"Scrap Ooze","player_choice":"Success","floor":5.0,"gold_loss":0.0,"damage_taken":5.0,"relics_obtained":["Molten Egg 2"]},{"damage_healed":0,"gold_gain":0,"player_choice":"Rummage","damage_taken":0,"relics_obtained":["WarpedTongs"],"max_hp_gain":0,"max_hp_loss":0,"event_name":"Accursed Blacksmith","floor":13,"gold_loss":0,"cards_obtained":["Pain"]}],"is_beta":false,"boss_relics":[],"items_purged_floors":[12],"is_endless":false,"potions_floor_spawned":[1,7],"killed_by":"Gremlin Nob","ascension_level":20}