{"gold_per_floor":[113,130,130,205,69,69,94,94,94,111,123,123,158,168,168,268,268,286,296,310,310,326,326,355,368,368,368,383,308,308,326,326,431,431,444,444,444,305,338,338,350,361,361,361,361,106,106,124,124,124],"floor_reached":51,"playtime":2158,"items_purged":["Strike_B","Defend_B"],"score":814,"play_id":"a1f0b3b9-8fa0-4ba7-b64d-b5aead5f2603","local_time":"20181008181502","is_ascension_mode":true,"campfire_choices":[{"data":"Zap","floor":6.0,"key":"SMITH"},{"data":"Dualcast","floor":8.0,"key":"SMITH"},{"data":"Capacitor","floor":12.0,"key":"SMITH"},{"data":"Capacitor","floor":15.0,"key":"SMITH"},{"data":"Defragment","floor":23.0,"key":"SMITH"},{"floor":27,"key":"REST"},{"data":"Ghostly","floor":32,"key":"SMITH"},{"data":"Capacitor","floor":40,"key":"SMITH"},{"data":"Ghostly","floor":45,"key":"SMITH"},{"data":"Apotheosis","floor":47,"key":"SMITH"},{"data":"Ghostly","floor":49,"key":"SMITH"}],"neow_cost":"NONE","seed_source_timestamp":37855360531438,"circlet_count":0,"master_deck":["Defend_B","Defend_B","Defend_B","Zap+1","Gash","Gash","All For One","Capacitor+1","Reprogram","Gash","Capacitor+1","White Noise","Cold Snap","All For One","Go for the Eyes","Ball Lightning","FTL","Beam Cell","Beam Cell+1","Defragment+1","Hologram+1","Coolheaded","Chaos+1","Ghostly+1","Ghostly+1","Ghostly+1","Ghostly","Ghostly","Skim+1","Beam Cell","Echo Form","Gash","HandOfGreed","Capacitor+1","Chill+1","Hologram+1","Fission","Apotheosis+1","Hologram+1"],"special_seed":0,"relics":["Cracked Core","Prayer Wheel","Meat on the Bone","Pantograph","Philosopher\u0027s Stone","Du-Vu Doll","Matryoshka","Empty Cage","Juzu Bracelet","Darkstone Periapt"],"potions_floor_usage":[44,50],"damage_taken":[{"damage":0.0,"enemies":"Cultist","floor":1.0,"turns":3.0},{"damage":1.0,"enemies":"Jaw Worm","floor":2.0,"turns":3.0},{"damage":21.0,"enemies":"Lagavulin","floor":7.0,"turns":5.0},{"damage":5.0,"enemies":"Small Slimes","floor":10.0,"turns":3.0},{"damage":0.0,"enemies":"3 Louse","floor":11.0,"turns":2.0},{"damage":0.0,"enemies":"Gremlin Nob","floor":13.0,"turns":2.0},{"damage":5.0,"enemies":"2 Fungi Beasts","floor":14.0,"turns":3.0},{"damage":45.0,"enemies":"Hexaghost","floor":16.0,"turns":7.0},{"damage":35.0,"enemies":"3 Byrds","floor":18.0,"turns":3.0},{"damage":0.0,"enemies":"Spheric Guardian","floor":19.0,"turns":2.0},{"damage":24.0,"enemies":"Snecko","floor":20.0,"turns":4.0},{"damage":9.0,"enemies":"Cultist and Chosen","floor":22.0,"turns":3.0},{"damage":60.0,"enemies":"Slavers","floor":24.0,"turns":4.0},{"damage":19,"enemies":"Chosen and Byrds","floor":25,"turns":3},{"damage":11,"enemies":"Sentry and Sphere","floor":28,"turns":3},{"damage":6,"enemies":"Centurion and Healer","floor":31,"turns":7},{"damage":15,"enemies":"Champ","floor":33,"turns":9},{"damage":3,"enemies":"3 Darklings","floor":35,"turns":4},{"damage":1,"enemies":"Orb Walker","floor":39,"turns":3},{"damage":0,"enemies":"Sphere and 2 Shapes","floor":41,"turns":5},{"damage":0,"enemies":"Spire Growth","floor":42,"turns":5},{"damage":0,"enemies":"Transient","floor":44,"turns":1},{"damage":18,"enemies":"4 Shapes","floor":48,"turns":5},{"damage":28,"enemies":"Time Eater","floor":50,"turns":15}],"seed_played":"-1666927026148452601","potions_obtained":[{"floor":2.0,"key":"FearPotion"},{"floor":11.0,"key":"Energy Potion"},{"floor":13.0,"key":"AttackPotion"},{"floor":18.0,"key":"FairyPotion"},{"floor":25,"key":"SmokeBomb"},{"floor":39,"key":"Ancient Potion"}],"is_trial":false,"path_per_floor":["M","M","?","?","$","R","E","R","T","M","M","R","E","M","R","B",null,"M","M","M","?","M","R","E","M","T","R","M","$","?","M","R","B",null,"M","?","?","$","M","R","M","M","T","M","R","$","R","M","R","B"],"character_chosen":"DEFECT","items_purchased":["All For One","Capacitor","SkillPotion","Apotheosis"],"campfire_rested":1,"item_purchase_floors":[5,38,46,46],"current_hp_per_floor":[82,81,81,70,70,70,49,49,49,44,44,44,44,51,51,43,82,47,47,35,82,73,73,25,18,18,42,43,43,41,35,35,26,41,38,38,38,38,37,37,37,37,37,37,37,37,37,31,31,25],"gold":124,"neow_bonus":"TEN_PERCENT_HP_BONUS","is_prod":false,"is_daily":false,"chose_seed":false,"campfire_upgraded":10,"win_rate":1,"timestamp":1538993702,"path_taken":["M","?","?","?","?","R","E","R","T","?","?","R","E","M","R","BOSS","M","M","M","?","M","R","E","M","T","R","M","$","?","M","R","BOSS","M","?","?","$","?","R","M","?","T","M","R","$","R","M","R","BOSS"],"build_version":"2018-10-04v2","purchased_purges":2,"victory":true,"max_hp_per_floor":[82,82,82,82,82,82,82,82,82,82,82,82,82,82,82,82,82,82,82,82,82,82,82,82,82,82,82,82,82,41,41,41,41,41,41,41,41,41,41,41,41,41,41,41,41,41,41,41,41,41],"card_choices":[{"not_picked":["Stack","Go for the Eyes"],"picked":"Gash","floor":1.0},{"not_picked":["Stack","Rebound"],"picked":"Gash","floor":2.0},{"not_picked":["Reinforced Body","Steam","Redo"],"picked":"SKIP","floor":7.0},{"not_picked":["Blizzard","Skim"],"picked":"Capacitor","floor":10.0},{"not_picked":["Sweeping Beam","Storm"],"picked":"Reprogram","floor":10.0},{"not_picked":["Leap","Chill"],"picked":"Gash","floor":11.0},{"not_picked":["Hologram","Skim"],"picked":"Capacitor","floor":11.0},{"not_picked":["Auto Shields","Lockon"],"picked":"White Noise","floor":13.0},{"not_picked":["Auto Shields","Force Field"],"picked":"Cold Snap","floor":14.0},{"not_picked":["Double Energy","Self Repair","Barrage"],"picked":"SKIP","floor":14.0},{"not_picked":["Machine Learning","Electrodynamics"],"picked":"All For One","floor":16.0},{"not_picked":["Leap","Steam Power"],"picked":"Go for the Eyes","floor":18.0},{"not_picked":["Force Field","Auto Shields"],"picked":"Ball Lightning","floor":18.0},{"not_picked":["Rebound","Chill"],"picked":"FTL","floor":19.0},{"not_picked":["Steam","Barrage","Hello World"],"picked":"SKIP","floor":19.0},{"not_picked":["Go for the Eyes","FTL"],"picked":"Beam Cell","floor":20.0},{"not_picked":["Force Field","Compile Driver","Sweeping Beam"],"picked":"SKIP","floor":20.0},{"not_picked":["Leap+1","Chaos"],"picked":"Beam Cell+1","floor":22.0},{"not_picked":["Multi-Cast","Conserve Battery"],"picked":"Defragment","floor":22.0},{"not_picked":["Force Field","Auto Shields","Aggregate"],"picked":"SKIP","floor":24.0},{"not_picked":["Barrage","Beam Cell"],"picked":"Hologram+1","floor":25},{"not_picked":["Steam+1","Doom and Gloom","Genetic Algorithm+1"],"picked":"SKIP","floor":25},{"not_picked":["Go for the Eyes","Aggregate"],"picked":"Coolheaded","floor":28},{"not_picked":["Buffer","Storm"],"picked":"Chaos+1","floor":28},{"not_picked":["Beam Cell","Steam"],"picked":"Skim+1","floor":31},{"not_picked":["Fusion","Sweeping Beam"],"picked":"Beam Cell","floor":31},{"not_picked":["Buffer","Multi-Cast"],"picked":"Echo Form","floor":33},{"not_picked":["Barrage+1","Steam"],"picked":"Gash","floor":35},{"not_picked":["Steam","Beam Cell","Conserve Battery+1"],"picked":"SKIP","floor":35},{"not_picked":["Impatience","Purity"],"picked":"HandOfGreed","floor":37},{"not_picked":["Heatsinks+1","Rebound+1"],"picked":"Chill+1","floor":39},{"not_picked":["Beam Cell+1","Leap","Conserve Battery"],"picked":"SKIP","floor":39},{"not_picked":["Melter+1","Rebound"],"picked":"Hologram+1","floor":41},{"not_picked":["Stack","Beam Cell+1","Streamline+1"],"picked":"SKIP","floor":41},{"not_picked":["Force Field","Go for the Eyes+1"],"picked":"Fission","floor":42},{"not_picked":["Tempest","Steam","Streamline"],"picked":"SKIP","floor":42},{"not_picked":["Beam Cell+1","Stack"],"picked":"Hologram+1","floor":48},{"not_picked":["Reinforced Body","Static Discharge","Streamline+1"],"picked":"SKIP","floor":48}],"player_experience":8686,"relics_obtained":[{"floor":7.0,"key":"Prayer Wheel"},{"floor":9.0,"key":"Meat on the Bone"},{"floor":13.0,"key":"Pantograph"},{"floor":24.0,"key":"Du-Vu Doll"},{"floor":26,"key":"Matryoshka"},{"floor":43,"key":"Juzu Bracelet"},{"floor":43,"key":"Darkstone Periapt"}],"event_choices":[{"event_name":"Living Wall","player_choice":"Forget","floor":3.0,"damage_taken":0.0},{"event_name":"World of Goop","player_choice":"Gather Gold","floor":4.0,"damage_taken":0.0},{"event_name":"Wheel of Change","player_choice":"Full Heal","floor":21.0,"damage_taken":0.0},{"event_name":"Ghosts","player_choice":"Became a Ghost","floor":30,"damage_taken":0},{"event_name":"Falling","player_choice":"Removed Skill","floor":36,"damage_taken":0},{"event_name":"SensoryStone","player_choice":"Memory 1","floor":37,"damage_taken":0}],"is_beta":false,"boss_relics":[{"not_picked":["Velvet Choker","Calling Bell"],"picked":"Philosopher\u0027s Stone"},{"not_picked":["White Beast Statue","Sozu"],"picked":"Empty Cage"}],"items_purged_floors":[29,38],"is_endless":false,"potions_floor_spawned":[2,11,13,14,18,19,20,25,31,33,39,42],"ascension_level":1}