{"gold_per_floor":[109,59,19,34,44,44,60,89,89,89,106,120,120,132,132,237,237,251,70,70,88,88,88,108,139,139,139,151,166,166,184,184,289,289,308,308,327,342,165,165,165,165,165,64,81,94,94,94,94,94],"floor_reached":51,"playtime":1741,"items_purged":["Strike_B","Strike_B+1"],"score":721,"play_id":"bbbfefbe-539c-4b2a-ba69-1d4e6d5096aa","local_time":"20190617164807","is_ascension_mode":false,"campfire_choices":[{"data":"Sunder","floor":6.0,"key":"SMITH"},{"data":"Defragment","floor":10.0,"key":"SMITH"},{"data":"Blizzard","floor":13.0,"key":"SMITH"},{"data":"Coolheaded","floor":15.0,"key":"SMITH"},{"data":"Coolheaded","floor":23.0,"key":"SMITH"},{"floor":27.0,"key":"REST"},{"data":"Recycle","floor":32.0,"key":"SMITH"},{"floor":40,"key":"REST"},{"floor":42,"key":"REST"},{"data":"Core Surge","floor":47,"key":"SMITH"},{"floor":49,"key":"RECALL"}],"neow_cost":"NONE","seed_source_timestamp":15770728471667,"circlet_count":0,"master_deck":["Strike_B+1","Defend_B+1","Defend_B+1","Defend_B+1","Zap+1","Dualcast+1","Turbo+1","Defragment+1","Coolheaded+1","Hologram+1","Blizzard+1","Loop+1","Coolheaded+1","Coolheaded+1","Electrodynamics+1","Heatsinks+1","Recycle+1","Loop+1","Capacitor+1","White Noise+1","Creative AI+1","Chill+1","Biased Cognition+1","Coolheaded+1","Buffer+1","Heatsinks+1","Double Energy+1","Heatsinks+1","Turbo+1","Core Surge+1"],"special_seed":0,"relics":["Cracked Core","Ornamental Fan","Frozen Egg 2","Lizard Tail","Symbiotic Virus","Gremlin Horn","Bronze Scales","Runic Pyramid","Mark of the Bloom","Toxic Egg 2"],"potions_floor_usage":[50,50],"damage_taken":[{"damage":1.0,"enemies":"Jaw Worm","floor":1.0,"turns":4.0},{"damage":1.0,"enemies":"Cultist","floor":4.0,"turns":3.0},{"damage":0.0,"enemies":"Small Slimes","floor":5.0,"turns":3.0},{"damage":2.0,"enemies":"Looter","floor":7.0,"turns":4.0},{"damage":13.0,"enemies":"3 Sentries","floor":8.0,"turns":8.0},{"damage":1.0,"enemies":"2 Fungi Beasts","floor":11.0,"turns":3.0},{"damage":2.0,"enemies":"Exordium Thugs","floor":12.0,"turns":3.0},{"damage":5.0,"enemies":"3 Louse","floor":14.0,"turns":3.0},{"damage":45.0,"enemies":"Slime Boss","floor":16.0,"turns":12.0},{"damage":13.0,"enemies":"2 Thieves","floor":18.0,"turns":2.0},{"damage":3.0,"enemies":"Shell Parasite","floor":21.0,"turns":6.0},{"damage":10.0,"enemies":"Snecko","floor":24.0,"turns":5.0},{"damage":39.0,"enemies":"Gremlin Leader","floor":25.0,"turns":5.0},{"damage":3.0,"enemies":"Shelled Parasite and Fungi","floor":28.0,"turns":5.0},{"damage":5.0,"enemies":"3 Cultists","floor":29.0,"turns":3.0},{"damage":13.0,"enemies":"Snake Plant","floor":31.0,"turns":3.0},{"damage":4.0,"enemies":"Champ","floor":33.0,"turns":9.0},{"damage":0.0,"enemies":"Orb Walker","floor":35.0,"turns":2.0},{"damage":0,"enemies":"3 Darklings","floor":37,"turns":3},{"damage":0,"enemies":"Transient","floor":38,"turns":5},{"damage":0,"enemies":"Sphere and 2 Shapes","floor":45,"turns":3},{"damage":0,"enemies":"3 Darklings","floor":46,"turns":2},{"damage":36,"enemies":"Time Eater","floor":50,"turns":10}],"seed_played":"-1734285658558123129","potions_obtained":[{"floor":4.0,"key":"Dexterity Potion"},{"floor":7.0,"key":"FearPotion"},{"floor":12.0,"key":"Fruit Juice"},{"floor":14.0,"key":"Ancient Potion"},{"floor":25.0,"key":"Block Potion"},{"floor":31.0,"key":"AttackPotion"},{"floor":38,"key":"Ancient Potion"}],"is_trial":false,"path_per_floor":["M","?","$","M","M","R","M","E","T","R","M","M","R","M","R","B",null,"M","$","?","M","?","R","M","E","T","R","M","M","?","M","R","B",null,"M","?","M","M","$","R","?","R","T","$","M","M","R","?","R","B",null],"character_chosen":"DEFECT","items_purchased":["Defragment","Recycle","Loop+1","Heatsinks+1","Double Energy+1","Heatsinks+1"],"campfire_rested":3,"item_purchase_floors":[3,19,19,39,44,44],"current_hp_per_floor":[74,74,74,73,73,73,71,58,58,58,57,60,60,55,55,10,80,67,67,67,64,64,64,54,15,15,39,36,31,31,18,18,14,80,80,80,80,80,80,80,80,80,80,80,80,80,80,80,80,44],"gold":94,"neow_bonus":"REMOVE_CARD","is_prod":false,"is_daily":false,"chose_seed":false,"campfire_upgraded":7,"win_rate":0,"timestamp":1560761287,"path_taken":["M","?","$","M","M","R","M","E","T","R","M","M","R","M","R","BOSS","M","$","?","M","?","R","?","E","T","R","M","M","?","M","R","BOSS","M","?","M","M","$","R","?","R","T","$","M","?","R","?","R","BOSS"],"build_version":"2019-01-23","purchased_purges":2,"victory":true,"max_hp_per_floor":[75,75,75,75,75,75,75,75,75,75,75,80,80,80,80,80,80,80,80,80,80,80,80,80,80,80,80,80,80,80,80,80,80,80,80,80,80,80,80,80,80,80,80,80,80,80,80,80,80,80],"card_choices":[{"not_picked":["Barrage","Beam Cell"],"picked":"Turbo","floor":1.0},{"not_picked":["Compile Driver","Barrage"],"picked":"Coolheaded","floor":4.0},{"not_picked":["Redo","Genetic Algorithm"],"picked":"Sunder","floor":5.0},{"not_picked":["Conserve Battery","Rebound"],"picked":"Hologram","floor":7.0},{"not_picked":["Consume","Go for the Eyes"],"picked":"Blizzard","floor":8.0},{"not_picked":["Gash","Cold Snap"],"picked":"Loop+1","floor":11.0},{"not_picked":["Stack","Conserve Battery"],"picked":"Coolheaded","floor":12.0},{"not_picked":["Sweeping Beam","Gash"],"picked":"Coolheaded","floor":14.0},{"not_picked":["Creative AI+1","Meteor Strike"],"picked":"Electrodynamics+1","floor":16.0},{"not_picked":["Barrage","Beam Cell"],"picked":"Heatsinks+1","floor":18.0},{"not_picked":["Aggregate","Fusion"],"picked":"Capacitor+1","floor":21.0},{"not_picked":["Lockon","Steam Power"],"picked":"White Noise+1","floor":24.0},{"not_picked":["Beam Cell","Leap"],"picked":"Creative AI+1","floor":25.0},{"not_picked":["Steam","Streamline+1","Gash+1"],"picked":"SKIP","floor":28.0},{"not_picked":["Gash","Rebound","Stack+1"],"picked":"SKIP","floor":29.0},{"not_picked":["Cold Snap","Capacitor+1"],"picked":"Chill+1","floor":31.0},{"not_picked":["Hyperbeam","All For One"],"picked":"Biased Cognition+1","floor":33.0},{"not_picked":["Conserve Battery+1","Sweeping Beam+1"],"picked":"Coolheaded","floor":35.0},{"not_picked":["Gash","Steam"],"picked":"Buffer+1","floor":37},{"not_picked":["Tempest+1","Beam Cell+1","Melter+1"],"picked":"SKIP","floor":38},{"not_picked":["Loop+1","Redo+1"],"picked":"Turbo+1","floor":45},{"not_picked":["Streamline+1","Gash"],"picked":"Core Surge","floor":46}],"player_experience":5350988,"relics_obtained":[{"floor":8.0,"key":"Ornamental Fan"},{"floor":9.0,"key":"Frozen Egg 2"},{"floor":25.0,"key":"Symbiotic Virus"},{"floor":26.0,"key":"Gremlin Horn"},{"floor":43,"key":"Toxic Egg 2"}],"event_choices":[{"cards_removed":["Defend_B"],"damage_healed":0.0,"max_hp_gain":0.0,"max_hp_loss":0.0,"gold_gain":0.0,"event_name":"The Cleric","player_choice":"Card Removal","floor":2.0,"gold_loss":50.0,"damage_taken":0.0},{"damage_healed":0.0,"max_hp_gain":0.0,"max_hp_loss":0.0,"gold_gain":0.0,"event_name":"Accursed Blacksmith","player_choice":"Forge","floor":22.0,"gold_loss":0.0,"damage_taken":0.0,"cards_upgraded":["Turbo"]},{"damage_healed":0.0,"max_hp_gain":0.0,"max_hp_loss":0.0,"gold_gain":0.0,"event_name":"The Mausoleum","player_choice":"Opened","floor":30.0,"gold_loss":0.0,"damage_taken":0.0,"relics_obtained":["Bronze Scales"]},{"damage_healed":0,"gold_gain":0,"player_choice":"Upgrade","damage_taken":0,"relics_obtained":["Mark of the Bloom"],"max_hp_gain":0,"max_hp_loss":0,"event_name":"MindBloom","floor":36,"gold_loss":0,"cards_upgraded":["Strike_B","Strike_B","Defend_B","Defend_B","Defend_B","Zap","Dualcast","Hologram","Coolheaded","Coolheaded"]},{"damage_healed":0,"gold_gain":0,"player_choice":"Ignored","damage_taken":0,"max_hp_gain":0,"max_hp_loss":0,"event_name":"Upgrade Shrine","floor":41,"gold_loss":0},{"cards_removed":["Sunder"],"damage_healed":0,"gold_gain":0,"player_choice":"Removed Attack","damage_taken":0,"max_hp_gain":0,"max_hp_loss":0,"event_name":"Falling","floor":48,"gold_loss":0}],"is_beta":false,"boss_relics":[{"not_picked":["Inserter","Snecko Eye"],"picked":"Lizard Tail"},{"not_picked":["Philosopher\u0027s Stone","Busted Crown"],"picked":"Runic Pyramid"}],"items_purged_floors":[19,39],"is_endless":false,"potions_floor_spawned":[4,7,12,14,16,18,25,31,33,38],"ascension_level":0}