{"gold_per_floor":[110,35,54,54,54,54,72,107,155,181,181,195,223,233,233,307,307,318,418,43,61,61,61,91,91,91,91,111,111,146,173,185,271,283,315,375,74,124,143,143,169,169,195,195,195,225,225,225,225,225,225,225,225,38,71,71],"floor_reached":57,"playtime":4504,"items_purged":["Strike_B","Auto Shields"],"score":2924,"play_id":"7425b409-9319-47cd-8596-f94a6fa88736","local_time":"20190506144006","is_ascension_mode":true,"campfire_choices":[{"data":"Multi-Cast","floor":6.0,"key":"SMITH"},{"data":"Recycle","floor":11.0,"key":"SMITH"},{"data":"Zap","floor":15.0,"key":"SMITH"},{"data":"Recycle","floor":23.0,"key":"SMITH"},{"data":"Skim","floor":27.0,"key":"SMITH"},{"data":"Hologram","floor":32.0,"key":"SMITH"},{"data":"Buffer","floor":40.0,"key":"SMITH"},{"floor":42.0,"key":"RECALL"},{"data":"Transmutation","floor":44.0,"key":"SMITH"},{"data":"Reinforced Body","floor":49.0,"key":"SMITH"},{"data":"Turbo","floor":53,"key":"SMITH"}],"neow_cost":"TEN_PERCENT_HP_LOSS","seed_source_timestamp":17012241312946,"circlet_count":0,"master_deck":["AscendersBane","Zap+1","Dualcast+1","Multi-Cast+1","Tempest","Chill","Recycle+1","Self Repair","Skim+1","Thunder Strike","Reinforced Body+1","Recycle+1","Multi-Cast","Reprogram","Loop+1","Hologram+1","Biased Cognition+1","Heatsinks+1","Creative AI+1","Turbo+1","Turbo+1","PiercingWail","Transmutation+1","Ball Lightning","Loop+1"],"special_seed":0,"relics":["Cracked Core","Potion Belt","Orichalcum","Mercury Hourglass","Pocketwatch","Pandora\u0027s Box","Torii","Frozen Egg 2","OrangePellets","PreservedInsect","Strawberry","Lantern","MawBank","Runic Pyramid","Prayer Wheel","PrismaticShard","Shovel","Blood Vial","Smiling Mask","Oddly Smooth Stone","Nunchaku"],"potions_floor_usage":[56,56,56,56],"damage_taken":[{"damage":9.0,"enemies":"Jaw Worm","floor":1.0,"turns":4.0},{"damage":0.0,"enemies":"Small Slimes","floor":3.0,"turns":4.0},{"damage":0.0,"enemies":"2 Louse","floor":7.0,"turns":1.0},{"damage":16.0,"enemies":"Lagavulin","floor":8.0,"turns":7.0},{"damage":2.0,"enemies":"Gremlin Nob","floor":10.0,"turns":3.0},{"damage":0.0,"enemies":"Gremlin Gang","floor":12.0,"turns":5.0},{"damage":12.0,"enemies":"Lagavulin","floor":13.0,"turns":6.0},{"damage":0.0,"enemies":"Exordium Wildlife","floor":14.0,"turns":4.0},{"damage":26.0,"enemies":"Hexaghost","floor":16.0,"turns":10.0},{"damage":4.0,"enemies":"Shell Parasite","floor":18.0,"turns":5.0},{"damage":16.0,"enemies":"Colosseum Slavers","floor":19.0,"turns":3.0},{"damage":11.0,"enemies":"Colosseum Nobs","floor":19.0,"turns":3.0},{"damage":12.0,"enemies":"2 Thieves","floor":21.0,"turns":4.0},{"damage":12.0,"enemies":"Slavers","floor":24.0,"turns":2.0},{"damage":0.0,"enemies":"3 Cultists","floor":28.0,"turns":4.0},{"damage":0.0,"enemies":"Gremlin Leader","floor":30.0,"turns":3.0},{"damage":0.0,"enemies":"Snake Plant","floor":31.0,"turns":4.0},{"damage":0.0,"enemies":"Automaton","floor":33.0,"turns":6.0},{"damage":8.0,"enemies":"Orb Walker","floor":35.0,"turns":3.0},{"damage":0.0,"enemies":"2 Orb Walkers","floor":36.0,"turns":2.0},{"damage":0.0,"enemies":"3 Shapes","floor":39.0,"turns":3.0},{"damage":11.0,"enemies":"Reptomancer","floor":41.0,"turns":3.0},{"damage":0.0,"enemies":"Nemesis","floor":46.0,"turns":3.0},{"damage":13,"enemies":"Donu and Deca","floor":50,"turns":11},{"damage":38,"enemies":"Time Eater","floor":51,"turns":9},{"damage":0,"enemies":"Shield and Spear","floor":55,"turns":3},{"damage":50,"enemies":"The Heart","floor":56,"turns":9}],"seed_played":"-7680715413542911195","potions_obtained":[{"floor":1.0,"key":"Explosive Potion"},{"floor":3.0,"key":"GamblersBrew"},{"floor":10.0,"key":"Energy Potion"},{"floor":14.0,"key":"Dexterity Potion"},{"floor":16.0,"key":"Weak Potion"},{"floor":19.0,"key":"EntropicBrew"},{"floor":21.0,"key":"Energy Potion"},{"floor":30.0,"key":"Regen Potion"},{"floor":33.0,"key":"GamblersBrew"},{"floor":55,"key":"LiquidBronze"}],"is_trial":false,"path_per_floor":["M","$","M","?","?","R","M","E","T","E","R","M","E","M","R","B",null,"M","?","$","M","?","R","E","?","T","R","M","T","E","M","R","B",null,"M","?","$","?","M","R","E","R","T","R","?","E","?","?","R","B","B",null,"R","$","E","B",null],"character_chosen":"DEFECT","items_purchased":["OrangePellets","PreservedInsect","PrismaticShard","Oddly Smooth Stone","Ball Lightning"],"campfire_rested":0,"item_purchase_floors":[20,20,37,54,54],"current_hp_per_floor":[55,55,55,55,36,36,36,20,20,18,18,25,20,27,27,8,50,53,40,40,35,35,35,30,30,30,30,37,37,44,51,51,58,68,67,67,67,67,67,67,63,63,63,63,63,67,67,67,67,61,32,58,58,58,67,24],"gold":71,"neow_bonus":"TRANSFORM_TWO_CARDS","is_prod":false,"is_daily":false,"chose_seed":false,"campfire_upgraded":10,"win_rate":0,"timestamp":1557124806,"path_taken":["M","$","M","?","?","R","M","E","T","E","R","M","E","M","R","BOSS","M","?","$","M","?","R","E","?","T","R","?","?","E","M","R","BOSS","M","?","$","?","?","R","E","R","T","R","?","E","?","?","R","BOSS","BOSS","R","$","E","BOSS"],"build_version":"2019-01-23","purchased_purges":2,"victory":true,"max_hp_per_floor":[64,64,64,64,64,64,64,64,64,64,64,64,64,64,64,64,64,64,64,64,64,64,64,71,71,71,71,71,71,71,71,71,71,71,71,71,71,71,71,71,71,71,71,71,67,67,67,67,67,67,67,67,67,67,67,67],"card_choices":[{"not_picked":["Barrage","Cold Snap"],"picked":"Chill","floor":1.0},{"not_picked":["Cold Snap","Reprogram"],"picked":"Auto Shields","floor":3.0},{"not_picked":["Genetic Algorithm","Gash"],"picked":"Recycle","floor":7.0},{"not_picked":["Stack","Capacitor"],"picked":"Self Repair","floor":8.0},{"not_picked":["Go for the Eyes","Redo","Cold Snap"],"picked":"SKIP","floor":10.0},{"not_picked":["Sweeping Beam","Streamline","Stack"],"picked":"SKIP","floor":12.0},{"not_picked":["Chaos","Multi-Cast"],"picked":"Buffer","floor":13.0},{"not_picked":["Hello World","Barrage"],"picked":"Skim","floor":14.0},{"not_picked":["Seek","Multi-Cast"],"picked":"Thunder Strike","floor":16.0},{"not_picked":["Beam Cell","Blizzard","Steam Power"],"picked":"SKIP","floor":18.0},{"not_picked":["Cold Snap","Rebound"],"picked":"Loop","floor":19.0},{"not_picked":["Streamline","Hello World+1","Compile Driver+1"],"picked":"SKIP","floor":21.0},{"not_picked":["Rebound","Gash"],"picked":"Hologram","floor":24.0},{"not_picked":["Beam Cell+1","Go for the Eyes","Stack"],"picked":"SKIP","floor":28.0},{"not_picked":["Fusion","Loop+1"],"picked":"Heatsinks+1","floor":30.0},{"not_picked":["Static Discharge+1","Barrage","Scrape"],"picked":"SKIP","floor":31.0},{"not_picked":["All For One","Buffer+1"],"picked":"Creative AI+1","floor":33.0},{"not_picked":["Leap","Capacitor+1"],"picked":"Turbo+1","floor":35.0},{"not_picked":["Ball Lightning","Leap+1"],"picked":"Turbo","floor":36.0},{"not_picked":["Wild Strike","Combust+1"],"picked":"PiercingWail","floor":39.0},{"not_picked":["Warcry","Wild Strike+1","Pommel Strike"],"picked":"SKIP","floor":39.0},{"not_picked":["Anger+1","Cloak And Dagger"],"picked":"Transmutation","floor":41.0},{"not_picked":["Dash+1","Slice","Deflect"],"picked":"SKIP","floor":46.0},{"not_picked":["Quick Slash","Concentrate"],"picked":"Loop+1","floor":55}],"player_experience":4611481,"relics_obtained":[{"floor":8.0,"key":"Potion Belt"},{"floor":9.0,"key":"Orichalcum"},{"floor":10.0,"key":"Mercury Hourglass"},{"floor":13.0,"key":"Pocketwatch"},{"floor":19.0,"key":"Torii"},{"floor":19.0,"key":"Frozen Egg 2"},{"floor":24.0,"key":"Strawberry"},{"floor":26.0,"key":"Lantern"},{"floor":30.0,"key":"MawBank"},{"floor":36.0,"key":"Prayer Wheel"},{"floor":41.0,"key":"Shovel"},{"floor":43.0,"key":"Blood Vial"},{"floor":46.0,"key":"Smiling Mask"},{"floor":55,"key":"Nunchaku"}],"event_choices":[{"damage_healed":0.0,"max_hp_gain":0.0,"max_hp_loss":0.0,"gold_gain":0.0,"event_name":"Living Wall","player_choice":"Grow","floor":4.0,"gold_loss":0.0,"damage_taken":0.0,"cards_upgraded":["Dualcast"]},{"damage_healed":0.0,"max_hp_gain":0.0,"max_hp_loss":0.0,"gold_gain":0.0,"event_name":"Shining Light","player_choice":"Entered Light","floor":5.0,"gold_loss":0.0,"damage_taken":19.0,"cards_upgraded":["Defend_B","Strike_B"]},{"damage_healed":0.0,"max_hp_gain":0.0,"max_hp_loss":0.0,"gold_gain":0.0,"event_name":"Colosseum","player_choice":"Fight","floor":19.0,"gold_loss":0.0,"damage_taken":0.0},{"damage_healed":0.0,"max_hp_gain":0.0,"max_hp_loss":0.0,"gold_gain":0.0,"event_name":"Colosseum","player_choice":"Fought Nobs","floor":19.0,"gold_loss":0.0,"damage_taken":0.0},{"damage_healed":0.0,"max_hp_gain":0.0,"max_hp_loss":0.0,"gold_gain":0.0,"event_name":"The Mausoleum","player_choice":"Ignored","floor":22.0,"gold_loss":0.0,"damage_taken":0.0},{"damage_healed":0.0,"max_hp_gain":0.0,"max_hp_loss":0.0,"gold_gain":0.0,"cards_transformed":["Streamline"],"event_name":"Transmorgrifier","player_choice":"Transformed","floor":25.0,"gold_loss":0.0,"damage_taken":0.0,"cards_obtained":["Biased Cognition"]},{"damage_healed":0.0,"max_hp_gain":0.0,"max_hp_loss":0.0,"gold_gain":0.0,"event_name":"Mysterious Sphere","player_choice":"Fight","floor":36.0,"gold_loss":0.0,"damage_taken":0.0},{"damage_healed":0.0,"max_hp_gain":0.0,"max_hp_loss":0.0,"gold_gain":50.0,"event_name":"Golden Shrine","player_choice":"Pray","floor":38.0,"gold_loss":0.0,"damage_taken":0.0},{"damage_healed":0.0,"max_hp_gain":0.0,"max_hp_loss":4.0,"gold_gain":0.0,"event_name":"Winding Halls","player_choice":"Max HP","floor":45.0,"gold_loss":0.0,"damage_taken":0.0},{"damage_healed":0.0,"max_hp_gain":0.0,"max_hp_loss":0.0,"gold_gain":0.0,"event_name":"Tomb of Lord Red Mask","player_choice":"Ignored","floor":47.0,"gold_loss":0.0,"damage_taken":0.0},{"cards_removed":["Buffer"],"damage_healed":0.0,"max_hp_gain":0.0,"max_hp_loss":0.0,"gold_gain":0.0,"event_name":"Falling","player_choice":"Removed Power","floor":48.0,"gold_loss":0.0,"damage_taken":0.0}],"is_beta":false,"boss_relics":[{"not_picked":["Cursed Key","Lizard Tail"],"picked":"Pandora\u0027s Box"},{"not_picked":["Fusion Hammer","Orrery"],"picked":"Runic Pyramid"}],"items_purged_floors":[2,37],"is_endless":false,"potions_floor_spawned":[1,3,10,14,16,19,19,21,30,33,35,55],"ascension_level":20}