{"gold_per_floor":[113,40,40,40,53,53,63,63,63,76,92,167,197,197,197,297,297,309,320,320,13,24,24,24,24,75,87,87,187,222,24,24,124,124,139,152,52,52,69,69,88,55,104,104,104,123,123,6,6,6],"floor_reached":51,"playtime":2217,"items_purged":["Ball Lightning","Cold Snap"],"score":713,"play_id":"54b3989c-61f4-4e75-86f5-ba9f44c592d1","local_time":"20190614185656","is_ascension_mode":false,"campfire_choices":[{"data":"Zap","floor":6.0,"key":"SMITH"},{"data":"Lockon","floor":8.0,"key":"SMITH"},{"floor":15.0,"key":"REST"},{"data":"Fission","floor":23.0,"key":"SMITH"},{"data":"Static Discharge","floor":25.0,"key":"SMITH"},{"data":"Static Discharge","floor":32,"key":"SMITH"},{"data":"Skim","floor":40,"key":"SMITH"},{"data":"Defragment","floor":45,"key":"SMITH"},{"data":"Static Discharge","floor":49,"key":"SMITH"}],"neow_cost":"PERCENT_DAMAGE","seed_source_timestamp":28398804378055,"circlet_count":0,"master_deck":["Zap+1","Dualcast+1","Skim+1","Auto Shields","Lockon+1","Machine Learning","Multi-Cast+1","Static Discharge+1","Static Discharge+1","Tempest","Fission+1","Turbo+1","Self Repair","Coolheaded+1","Fission","Conserve Battery+1","Biased Cognition","Thinking Ahead","Chrysalis","Defragment+1","Static Discharge+1"],"special_seed":0,"relics":["FrozenCore","Turnip","Pear","Nunchaku","Pandora\u0027s Box","Runic Capacitor","War Paint","Ancient Tea Set","Toy Ornithopter","Strawberry"],"potions_floor_usage":[33,46,50,50],"damage_taken":[{"damage":2.0,"enemies":"Small Slimes","floor":1.0,"turns":3.0},{"damage":1.0,"enemies":"Cultist","floor":5.0,"turns":3.0},{"damage":2.0,"enemies":"Jaw Worm","floor":7.0,"turns":3.0},{"damage":0.0,"enemies":"Large Slime","floor":10.0,"turns":4.0},{"damage":0.0,"enemies":"Looter","floor":11.0,"turns":2.0},{"damage":25.0,"enemies":"Gremlin Nob","floor":13.0,"turns":5.0},{"damage":23.0,"enemies":"Slime Boss","floor":16.0,"turns":8.0},{"damage":12.0,"enemies":"Shell Parasite","floor":18.0,"turns":5.0},{"damage":20.0,"enemies":"2 Thieves","floor":19.0,"turns":4.0},{"damage":18.0,"enemies":"Cultist and Chosen","floor":22.0,"turns":4.0},{"damage":4.0,"enemies":"Colosseum Slavers","floor":24.0,"turns":3.0},{"damage":19,"enemies":"Shelled Parasite and Fungi","floor":27,"turns":2},{"damage":20,"enemies":"Book of Stabbing","floor":30,"turns":4},{"damage":20,"enemies":"Automaton","floor":33,"turns":8},{"damage":8,"enemies":"3 Darklings","floor":35,"turns":6},{"damage":0,"enemies":"3 Shapes","floor":36,"turns":2},{"damage":1,"enemies":"Spire Growth","floor":39,"turns":5},{"damage":20,"enemies":"Sphere and 2 Shapes","floor":41,"turns":4},{"damage":0,"enemies":"Maw","floor":46,"turns":4},{"damage":35,"enemies":"Time Eater","floor":50,"turns":4}],"seed_played":"-961221548652625317","potions_obtained":[{"floor":7.0,"key":"Block Potion"},{"floor":13.0,"key":"Dexterity Potion"},{"floor":19.0,"key":"Block Potion"},{"floor":30,"key":"Poison Potion"},{"floor":35,"key":"Explosive Potion"},{"floor":41,"key":"Fire Potion"},{"floor":44,"key":"FocusPotion"},{"floor":44,"key":"Weak Potion"}],"is_trial":false,"path_per_floor":["M","$","?","?","M","R","M","R","T","M","M","?","E","?","R","B",null,"M","M","?","$","M","R","?","R","T","M","?","?","E","$","R","B",null,"M","M","$","?","M","R","M","$","T","?","R","M","?","$","R","B",null],"character_chosen":"DEFECT","items_purchased":["Skim","Runic Capacitor","Self Repair","Toy Ornithopter","Defragment","Static Discharge","PowerPotion"],"campfire_rested":1,"item_purchase_floors":[2,21,21,31,42,48,48],"current_hp_per_floor":[52,52,52,52,51,51,49,49,59,59,59,48,23,6,31,8,85,73,53,81,81,70,70,73,73,73,54,54,54,41,41,41,33,85,84,85,85,75,81,81,61,61,68,68,68,80,80,80,80,62],"gold":6,"neow_bonus":"REMOVE_TWO","is_prod":false,"is_daily":false,"chose_seed":false,"campfire_upgraded":8,"win_rate":0,"timestamp":1560509816,"path_taken":["M","$","?","?","M","R","M","R","T","M","?","?","E","?","R","BOSS","M","M","?","$","M","R","?","R","T","M","?","?","E","$","R","BOSS","M","?","$","?","M","R","M","$","T","?","R","?","?","$","R","BOSS"],"build_version":"2019-01-23","purchased_purges":2,"victory":true,"max_hp_per_floor":[75,75,75,75,75,75,75,75,85,85,85,85,85,85,85,85,85,85,85,85,85,85,85,85,85,85,85,85,85,85,85,85,85,85,85,85,85,85,85,85,85,85,92,92,92,92,92,92,92,92],"card_choices":[{"not_picked":["Sweeping Beam","Redo"],"picked":"Gash","floor":1.0},{"not_picked":["Sweeping Beam","Rebound"],"picked":"Auto Shields","floor":5.0},{"not_picked":["Leap","Sweeping Beam"],"picked":"Lockon","floor":7.0},{"not_picked":["Reprogram","Conserve Battery"],"picked":"Cold Snap","floor":10.0},{"not_picked":["Rebound","Double Energy"],"picked":"Machine Learning","floor":11.0},{"not_picked":["Static Discharge","Beam Cell"],"picked":"Ball Lightning","floor":13.0},{"not_picked":["Meteor Strike","Hyperbeam"],"picked":"Multi-Cast","floor":16.0},{"not_picked":["Rebound","FTL","Stack+1"],"picked":"SKIP","floor":18.0},{"not_picked":["Ball Lightning","Steam"],"picked":"Turbo+1","floor":19.0},{"not_picked":["Streamline+1","Melter"],"picked":"Coolheaded+1","floor":22.0},{"not_picked":["Static Discharge","Compile Driver"],"picked":"Fission","floor":27},{"not_picked":["Compile Driver","Chaos"],"picked":"Conserve Battery+1","floor":30},{"not_picked":["Fission","Buffer"],"picked":"Biased Cognition","floor":33},{"not_picked":["Auto Shields+1","Rip and Tear+1","Barrage+1"],"picked":"SKIP","floor":35},{"not_picked":["Steam+1","Turbo+1","Rebound+1"],"picked":"SKIP","floor":36},{"not_picked":["Deep Breath","Flash of Steel"],"picked":"Thinking Ahead","floor":38},{"not_picked":["Violence","Metamorphosis"],"picked":"Chrysalis","floor":38},{"not_picked":["Double Energy","Sunder+1","BootSequence+1"],"picked":"SKIP","floor":39},{"not_picked":["Rebound+1","Gash","Stack+1"],"picked":"SKIP","floor":41},{"not_picked":["Stack","Gash","Steam+1"],"picked":"SKIP","floor":46}],"player_experience":5204026,"relics_obtained":[{"floor":9.0,"key":"Pear"},{"floor":13.0,"key":"Nunchaku"},{"floor":26,"key":"War Paint"},{"floor":30,"key":"Ancient Tea Set"},{"floor":43,"key":"Strawberry"}],"event_choices":[{"damage_healed":0.0,"max_hp_gain":0.0,"max_hp_loss":0.0,"gold_gain":0.0,"event_name":"Liars Game","player_choice":"Ignored","floor":3.0,"gold_loss":0.0,"damage_taken":0.0},{"cards_removed":["Gash"],"damage_healed":0.0,"max_hp_gain":0.0,"max_hp_loss":0.0,"gold_gain":0.0,"event_name":"WeMeetAgain","player_choice":"Gave Card","floor":4.0,"gold_loss":0.0,"damage_taken":0.0,"relics_obtained":["Turnip"]},{"damage_healed":0.0,"max_hp_gain":0.0,"max_hp_loss":0.0,"gold_gain":75.0,"event_name":"World of Goop","player_choice":"Gather Gold","floor":12.0,"gold_loss":0.0,"damage_taken":11.0},{"damage_healed":0.0,"max_hp_gain":0.0,"max_hp_loss":0.0,"gold_gain":0.0,"event_name":"Shining Light","player_choice":"Entered Light","floor":14.0,"gold_loss":0.0,"damage_taken":17.0,"cards_upgraded":["Cold Snap","Defend_B"]},{"damage_healed":28.0,"max_hp_gain":0.0,"max_hp_loss":0.0,"gold_gain":0.0,"event_name":"The Library","player_choice":"Heal","floor":20.0,"gold_loss":0.0,"damage_taken":0.0},{"damage_healed":0.0,"max_hp_gain":0.0,"max_hp_loss":0.0,"gold_gain":0.0,"event_name":"Colosseum","player_choice":"Fight","floor":24.0,"gold_loss":0.0,"damage_taken":0.0},{"damage_healed":0.0,"max_hp_gain":0.0,"max_hp_loss":0.0,"gold_gain":0.0,"event_name":"Colosseum","player_choice":"Fled From Nobs","floor":24.0,"gold_loss":0.0,"damage_taken":0.0},{"cards_removed":["Cold Snap"],"damage_healed":0,"gold_gain":0,"player_choice":"Elegance","damage_taken":0,"max_hp_gain":0,"max_hp_loss":0,"event_name":"Back to Basics","floor":28,"gold_loss":0},{"damage_healed":0,"gold_gain":100,"player_choice":"Pray","damage_taken":0,"max_hp_gain":0,"max_hp_loss":0,"event_name":"Golden Shrine","floor":29,"gold_loss":0},{"damage_healed":0,"gold_gain":0,"player_choice":"Memory 3","damage_taken":10,"max_hp_gain":0,"max_hp_loss":0,"event_name":"SensoryStone","floor":38,"gold_loss":0},{"damage_healed":0,"gold_gain":0,"player_choice":"Got Potions","damage_taken":0,"max_hp_gain":0,"max_hp_loss":0,"event_name":"Lab","floor":44,"gold_loss":0},{"cards_removed":["Cold Snap"],"damage_healed":0,"gold_gain":0,"player_choice":"Removed Attack","damage_taken":0,"max_hp_gain":0,"max_hp_loss":0,"event_name":"Falling","floor":47,"gold_loss":0}],"is_beta":false,"boss_relics":[{"not_picked":["Empty Cage","Sozu"],"picked":"Pandora\u0027s Box"},{"not_picked":["White Beast Statue","Black Star"],"picked":"FrozenCore"}],"items_purged_floors":[21,37],"is_endless":false,"potions_floor_spawned":[7,13,19,24,30,35,41],"ascension_level":0}