{"gold_per_floor":[361,67,67,67,82,82,95,105,105,123,123,149,149,174,174,263,263,281,231,247,266,284,328,328,362,409,409,409,440,132,132,132,231,231,254,40,60,0,15,53,53,78,147,185,244,669,687,721,721,721,721,721,45,80,80],"floor_reached":55,"playtime":3706,"items_purged":["Strike_B","Regret","Writhe","Pain"],"score":1956,"play_id":"a9fc7773-c87f-42bb-aba4-c0ca318ce7df","local_time":"20190528233718","is_ascension_mode":true,"campfire_choices":[{"floor":6.0,"key":"REST"},{"floor":11.0,"key":"REST"},{"floor":15.0,"key":"REST"},{"floor":24.0,"key":"REST"},{"floor":27.0,"key":"REST"},{"data":"Fission","floor":32.0,"key":"SMITH"},{"data":"Storm","floor":41.0,"key":"SMITH"},{"floor":49.0,"key":"RECALL"},{"data":"Seek","floor":52.0,"key":"SMITH"}],"neow_cost":"PERCENT_DAMAGE","seed_source_timestamp":46033660261674,"circlet_count":0,"master_deck":["AscendersBane","Defend_B","Defend_B","Defend_B","Defend_B","Zap","Dualcast","Hello World","Coolheaded","Auto Shields","Doom and Gloom","Rainbow","Seek+1","Ball Lightning","Biased Cognition","Darkness+1","Compile Driver","Storm+1","Buffer","Self Repair","Biased Cognition","Coolheaded","Fission+1","Heatsinks","Core Surge","Heatsinks","Reinforced Body+1","Glacier","Loop+1","Capacitor","Glacier","Rainbow","Buffer"],"special_seed":0,"relics":["Cracked Core","ClockworkSouvenir","Letter Opener","Mummified Hand","Oddly Smooth Stone","Golden Idol","Cursed Key","Juzu Bracelet","Bag of Preparation","Strawberry","PreservedInsect","Tiny Chest","Ice Cream","Snecko Eye","Red Mask","Blue Candle","Du-Vu Doll","Unceasing Top","Old Coin","Omamori","Blood Vial","Shuriken"],"potions_floor_usage":[55,55],"damage_taken":[{"damage":2.0,"enemies":"2 Louse","floor":1.0,"turns":3.0},{"damage":1.0,"enemies":"Cultist","floor":5.0,"turns":4.0},{"damage":18.0,"enemies":"Small Slimes","floor":7.0,"turns":3.0},{"damage":6.0,"enemies":"Looter","floor":8.0,"turns":3.0},{"damage":14.0,"enemies":"Gremlin Gang","floor":10.0,"turns":3.0},{"damage":18.0,"enemies":"Gremlin Nob","floor":12.0,"turns":4.0},{"damage":0.0,"enemies":"Exordium Wildlife","floor":14.0,"turns":5.0},{"damage":20.0,"enemies":"Slime Boss","floor":16.0,"turns":6.0},{"damage":8.0,"enemies":"Shell Parasite","floor":18.0,"turns":4.0},{"damage":11.0,"enemies":"2 Thieves","floor":20.0,"turns":4.0},{"damage":0.0,"enemies":"Centurion and Healer","floor":21.0,"turns":7.0},{"damage":1.0,"enemies":"3 Cultists","floor":22.0,"turns":4.0},{"damage":9.0,"enemies":"Gremlin Leader","floor":23.0,"turns":6.0},{"damage":24.0,"enemies":"Slavers","floor":25.0,"turns":4.0},{"damage":0.0,"enemies":"Book of Stabbing","floor":29.0,"turns":3.0},{"damage":0.0,"enemies":"Collector","floor":33.0,"turns":9.0},{"damage":0.0,"enemies":"Orb Walker","floor":35.0,"turns":2.0},{"damage":0.0,"enemies":"3 Shapes","floor":37.0,"turns":2.0},{"damage":0.0,"enemies":"Maw","floor":39.0,"turns":4.0},{"damage":0.0,"enemies":"Nemesis","floor":40.0,"turns":3.0},{"damage":0.0,"enemies":"Spire Growth","floor":42.0,"turns":2.0},{"damage":1.0,"enemies":"Reptomancer","floor":44.0,"turns":3.0},{"damage":3.0,"enemies":"2 Orb Walkers","floor":45.0,"turns":3.0},{"damage":1.0,"enemies":"Mind Bloom Boss Battle","floor":46.0,"turns":4.0},{"damage":22.0,"enemies":"Jaw Worm Horde","floor":47.0,"turns":2.0},{"damage":0.0,"enemies":"Giant Head","floor":48.0,"turns":4.0},{"damage":1.0,"enemies":"Donu and Deca","floor":50.0,"turns":5.0},{"damage":0.0,"enemies":"Shield and Spear","floor":54.0,"turns":2.0},{"damage":86,"enemies":"The Heart","floor":55,"turns":9}],"seed_played":"6441395351202142927","potions_obtained":[{"floor":5.0,"key":"Poison Potion"},{"floor":8.0,"key":"Weak Potion"},{"floor":14.0,"key":"Strength Potion"},{"floor":18.0,"key":"PowerPotion"},{"floor":22.0,"key":"Swift Potion"},{"floor":23.0,"key":"FocusPotion"},{"floor":33.0,"key":"PowerPotion"},{"floor":37.0,"key":"Ancient Potion"},{"floor":48.0,"key":"Fruit Juice"}],"is_trial":false,"path_per_floor":["M","$","?","?","M","R","M","M","T","M","R","E","?","M","R","B",null,"M","?","M","M","M","E","R","E","T","R","?","E","$","T","R","B",null,"M","$","M","?","M","E","R","M","T","E","?","?","M","E","R","B",null,"R","$","E","B"],"character_chosen":"DEFECT","items_purchased":["ClockworkSouvenir","Tiny Chest","Heatsinks","Heatsinks","Capacitor","Glacier","Rainbow","Swift Potion","Blood Vial"],"campfire_rested":5,"item_purchase_floors":[2,30,30,36,53,53,53,53,53],"current_hp_per_floor":[44,44,39,39,38,59,41,35,35,21,42,24,24,24,43,23,54,46,46,35,35,34,25,44,20,27,48,48,55,55,55,55,62,69,71,71,71,71,71,71,71,71,71,71,71,71,56,63,68,74,76,76,76,76,0],"gold":80,"neow_bonus":"TWO_FIFTY_GOLD","is_prod":false,"is_daily":false,"chose_seed":false,"campfire_upgraded":3,"win_rate":0,"timestamp":1559079438,"path_taken":["M","$","?","?","M","R","M","?","T","?","R","E","?","M","R","BOSS","M","?","M","?","M","E","R","E","T","R","?","E","$","?","R","BOSS","M","?","M","?","M","E","R","M","T","E","?","?","M","E","R","BOSS","R","$","E","BOSS"],"build_version":"2019-01-23","purchased_purges":4,"victory":false,"max_hp_per_floor":[71,71,71,71,71,71,71,71,71,71,71,71,64,64,64,64,64,64,64,64,64,64,64,64,64,71,71,71,71,71,71,71,71,71,71,71,71,71,71,71,71,71,71,71,71,71,71,71,76,76,76,76,76,76,76],"card_choices":[{"not_picked":["Barrage","Recycle"],"picked":"Hello World","floor":1.0},{"not_picked":["Undo","Go for the Eyes"],"picked":"Coolheaded","floor":5.0},{"not_picked":["Aggregate","Steam"],"picked":"Auto Shields","floor":7.0},{"not_picked":["Barrage","Go for the Eyes"],"picked":"Doom and Gloom","floor":8.0},{"not_picked":["Fusion","Stack"],"picked":"Rainbow","floor":10.0},{"not_picked":["Compile Driver","Streamline"],"picked":"Seek","floor":12.0},{"not_picked":["Barrage","Steam"],"picked":"Ball Lightning","floor":14.0},{"not_picked":["Amplify","Machine Learning"],"picked":"Biased Cognition","floor":16.0},{"not_picked":["Hologram","Rip and Tear","Barrage"],"picked":"SKIP","floor":18.0},{"not_picked":["Beam Cell","Static Discharge+1"],"picked":"Darkness+1","floor":20.0},{"not_picked":["Go for the Eyes","Beam Cell"],"picked":"Compile Driver","floor":21.0},{"not_picked":["Recycle","Skim"],"picked":"Storm","floor":22.0},{"not_picked":["Hologram","Hello World"],"picked":"Buffer","floor":23.0},{"not_picked":["Hologram","Reprogram"],"picked":"Self Repair","floor":25.0},{"not_picked":["Turbo","Auto Shields"],"picked":"Fission","floor":29.0},{"not_picked":["Biased Cognition","Seek"],"picked":"Core Surge","floor":33.0},{"not_picked":["Go for the Eyes","Steam Power","Steam"],"picked":"SKIP","floor":35.0},{"not_picked":["Beam Cell","Loop"],"picked":"Reinforced Body+1","floor":37.0},{"not_picked":["Rebound","Rip and Tear+1","Self Repair"],"picked":"SKIP","floor":39.0},{"not_picked":["Streamline","Coolheaded","Turbo"],"picked":"SKIP","floor":40.0},{"not_picked":["Fusion","Sweeping Beam+1","Compile Driver"],"picked":"SKIP","floor":42.0},{"not_picked":["Gash","Cold Snap+1"],"picked":"Glacier","floor":44.0},{"not_picked":["Skim","Go for the Eyes","BootSequence"],"picked":"SKIP","floor":47.0},{"not_picked":["Gash+1","Go for the Eyes"],"picked":"Loop+1","floor":48.0},{"not_picked":["Turbo","Ball Lightning+1"],"picked":"Buffer","floor":54.0}],"player_experience":610426,"relics_obtained":[{"floor":9.0,"key":"Mummified Hand"},{"floor":12.0,"key":"Oddly Smooth Stone"},{"floor":23.0,"key":"Juzu Bracelet"},{"floor":25.0,"key":"Bag of Preparation"},{"floor":26.0,"key":"Strawberry"},{"floor":29.0,"key":"PreservedInsect"},{"floor":31.0,"key":"Ice Cream"},{"floor":40.0,"key":"Blue Candle"},{"floor":44.0,"key":"Du-Vu Doll"},{"floor":45.0,"key":"Unceasing Top"},{"floor":46.0,"key":"Old Coin"},{"floor":48.0,"key":"Omamori"},{"floor":54.0,"key":"Shuriken"}],"event_choices":[{"damage_healed":0.0,"max_hp_gain":0.0,"max_hp_loss":0.0,"gold_gain":0.0,"event_name":"Scrap Ooze","player_choice":"Success","floor":3.0,"gold_loss":0.0,"damage_taken":5.0,"relics_obtained":["Letter Opener"]},{"cards_removed":["Strike_B"],"damage_healed":0.0,"max_hp_gain":0.0,"max_hp_loss":0.0,"gold_gain":0.0,"event_name":"Purifier","player_choice":"Purged","floor":4.0,"gold_loss":0.0,"damage_taken":0.0},{"damage_healed":0.0,"max_hp_gain":0.0,"max_hp_loss":7.0,"gold_gain":0.0,"event_name":"Golden Idol","player_choice":"Lose Max HP","floor":13.0,"gold_loss":0.0,"damage_taken":0.0,"relics_obtained":["Golden Idol"]},{"damage_healed":0.0,"max_hp_gain":0.0,"max_hp_loss":0.0,"gold_gain":0.0,"event_name":"The Joust","player_choice":"Bet on Murderer","floor":19.0,"gold_loss":50.0,"damage_taken":0.0},{"damage_healed":0.0,"max_hp_gain":0.0,"max_hp_loss":0.0,"gold_gain":0.0,"cards_transformed":["Strike_B","Strike_B"],"event_name":"Drug Dealer","player_choice":"Became Test Subject","floor":28.0,"gold_loss":0.0,"damage_taken":0.0,"cards_obtained":["Biased Cognition","Coolheaded"]},{"damage_healed":0.0,"max_hp_gain":0.0,"max_hp_loss":0.0,"gold_gain":0.0,"event_name":"Tomb of Lord Red Mask","player_choice":"Paid","floor":38.0,"gold_loss":60.0,"damage_taken":0.0,"relics_obtained":["Red Mask"]},{"damage_healed":0.0,"max_hp_gain":0.0,"max_hp_loss":0.0,"gold_gain":0.0,"event_name":"Mysterious Sphere","player_choice":"Fight","floor":45.0,"gold_loss":0.0,"damage_taken":0.0},{"damage_healed":0.0,"max_hp_gain":0.0,"max_hp_loss":0.0,"gold_gain":0.0,"event_name":"MindBloom","player_choice":"Fight","floor":46.0,"gold_loss":0.0,"damage_taken":0.0}],"is_beta":false,"boss_relics":[{"not_picked":["Tiny House","Busted Crown"],"picked":"Cursed Key"},{"not_picked":["Pandora\u0027s Box","Eternal Feather"],"picked":"Snecko Eye"}],"items_purged_floors":[2,30,36,53],"is_endless":false,"potions_floor_spawned":[5,8,14,18,22,23,33,37,40,44,45,46,48],"killed_by":"The Heart","ascension_level":19}