{"gold_per_floor":[115,134,134,154,0,0,29,45,72,84,96],"floor_reached":11,"playtime":167,"items_purged":["Strike_G"],"score":146,"play_id":"840aa9a8-6db1-418c-b2b8-32e39daddb9d","local_time":"20181224152458","is_ascension_mode":true,"campfire_choices":[{"data":"Noxious Fumes","floor":6,"key":"SMITH"}],"neow_cost":"NONE","seed_source_timestamp":23380003343136,"circlet_count":0,"master_deck":["AscendersBane","Defend_G","Defend_G","Defend_G","Defend_G","Defend_G","Strike_G","Strike_G","Strike_G","Strike_G","Survivor","Neutralize","Poisoned Stab","Noxious Fumes+1","Caltrops","Noxious Fumes"],"relics":["Ring of the Snake","NeowsBlessing","Darkstone Periapt","Lantern","MawBank"],"potions_floor_usage":[7],"damage_taken":[{"damage":0,"enemies":"Cultist","floor":1,"turns":1},{"damage":0,"enemies":"2 Louse","floor":2,"turns":1},{"damage":0,"enemies":"Jaw Worm","floor":4,"turns":1},{"damage":45,"enemies":"Gremlin Nob","floor":7,"turns":5},{"damage":1,"enemies":"Blue Slaver","floor":8,"turns":4},{"damage":18,"enemies":"Lots of Slimes","floor":11,"turns":2}],"seed_played":"-1434043258836124746","potions_obtained":[{"floor":2,"key":"Strength Potion"},{"floor":4,"key":"Poison Potion"}],"is_trial":false,"path_per_floor":["M","M","T","M","$","R","E","M","T","?","M"],"character_chosen":"THE_SILENT","items_purchased":["Noxious Fumes"],"campfire_rested":0,"item_purchase_floors":[5],"current_hp_per_floor":[59,59,59,59,59,59,14,13,13,13,0],"gold":96,"neow_bonus":"THREE_ENEMY_KILL","is_prod":false,"is_daily":false,"chose_seed":false,"campfire_upgraded":1,"win_rate":0,"timestamp":1545636298,"path_taken":["M","M","?","?","$","R","E","M","T","?","M"],"build_version":"2018-12-20","purchased_purges":1,"victory":false,"max_hp_per_floor":[66,66,66,66,66,66,66,66,66,66,66],"card_choices":[{"not_picked":["Quick Slash","Flechettes"],"picked":"Poisoned Stab","floor":1},{"not_picked":["Accuracy","Expertise"],"picked":"Noxious Fumes","floor":2},{"not_picked":["Poisoned Stab","Dagger Throw"],"picked":"Caltrops","floor":4},{"not_picked":["Poisoned Stab","Acrobatics","Dagger Throw"],"picked":"SKIP","floor":7},{"not_picked":["Slice","Masterful Stab","Dagger Spray"],"picked":"SKIP","floor":8}],"player_experience":1473505,"relics_obtained":[{"floor":3,"key":"Darkstone Periapt"},{"floor":7,"key":"Lantern"},{"floor":9,"key":"MawBank"}],"event_choices":[{"damage_healed":0,"gold_gain":0,"player_choice":"Ignored","damage_taken":0,"max_hp_gain":0,"max_hp_loss":0,"event_name":"Shining Light","floor":10,"gold_loss":0}],"is_beta":false,"boss_relics":[],"items_purged_floors":[5],"is_endless":false,"potions_floor_spawned":[2,4],"killed_by":"Lots of Slimes","ascension_level":20}