{"gold_per_floor":[117,129,129,129,129,129,156,156,183,218,218,229,102,119,119,195,195,212,75,101,201,251,281,281,312,360,388,388,407,407,116,116,189,189,200,150,161,111,126,160,177,207,207,238,256,302,313,341,341,341,341,341,341,26,59,59],"floor_reached":57,"playtime":2994,"items_purged":["Strike_G","Strike_G","Strike_G","Strike_G","Defend_G","All Out Attack+1"],"score":3803,"play_id":"61daa702-91d3-47ff-81cb-74c699179729","local_time":"20181120210028","is_ascension_mode":true,"campfire_choices":[{"data":"Neutralize","floor":6.0,"key":"SMITH"},{"data":"Choke","floor":8.0,"key":"SMITH"},{"data":"Prepared","floor":11.0,"key":"SMITH"},{"data":"Tactician","floor":15.0,"key":"SMITH"},{"data":"Well Laid Plans","floor":30.0,"key":"SMITH"},{"data":"Tactician","floor":32.0,"key":"SMITH"},{"floor":49.0,"key":"RECALL"},{"data":"1","floor":53,"key":"LIFT"}],"neow_cost":"NONE","seed_source_timestamp":0,"circlet_count":0,"master_deck":["AscendersBane","Defend_G","Defend_G+1","Defend_G","Defend_G","Survivor","Neutralize+1","Choke+1","Prepared+1","Acrobatics","Heel Hook","Acrobatics","Tactician+1","Grand Finale","Heel Hook","Expertise+1","Well Laid Plans+1","Footwork","Blur+1","Tactician+1","Footwork","Backflip+1","Impatience"],"special_seed":0,"relics":["Ring of the Snake","NeowsBlessing","Ornamental Fan","Bag of Preparation","Torii","Busted Crown","Red Mask","Girya","Singing Bowl","Vajra","Prayer Wheel","Smiling Mask","Dream Catcher","Pen Nib","Fusion Hammer","War Paint","Bag of Marbles","Shuriken","FossilizedHelix","Anchor","Happy Flower","Orichalcum"],"potions_floor_usage":[56,56],"damage_taken":[{"damage":0.0,"enemies":"Jaw Worm","floor":1.0,"turns":1.0},{"damage":0.0,"enemies":"2 Louse","floor":2.0,"turns":1.0},{"damage":0.0,"enemies":"Gremlin Nob","floor":7.0,"turns":1.0},{"damage":11.0,"enemies":"3 Sentries","floor":10.0,"turns":8.0},{"damage":0.0,"enemies":"Small Slimes","floor":12.0,"turns":1.0},{"damage":0.0,"enemies":"Exordium Thugs","floor":14.0,"turns":3.0},{"damage":17.0,"enemies":"The Guardian","floor":16.0,"turns":18.0},{"damage":1.0,"enemies":"Shell Parasite","floor":18.0,"turns":4.0},{"damage":1.0,"enemies":"Masked Bandits","floor":20.0,"turns":3.0},{"damage":0.0,"enemies":"Colosseum Slavers","floor":21.0,"turns":1.0},{"damage":0.0,"enemies":"Colosseum Nobs","floor":21.0,"turns":2.0},{"damage":0.0,"enemies":"Book of Stabbing","floor":23.0,"turns":3.0},{"damage":0.0,"enemies":"Gremlin Leader","floor":25.0,"turns":3.0},{"damage":0.0,"enemies":"Slavers","floor":27.0,"turns":2.0},{"damage":0.0,"enemies":"Chosen","floor":29.0,"turns":3.0},{"damage":0.0,"enemies":"Champ","floor":33.0,"turns":7.0},{"damage":0.0,"enemies":"3 Darklings","floor":35.0,"turns":3.0},{"damage":0.0,"enemies":"Orb Walker","floor":37.0,"turns":1.0},{"damage":0.0,"enemies":"Spire Growth","floor":39.0,"turns":3.0},{"damage":0.0,"enemies":"Giant Head","floor":40.0,"turns":3.0},{"damage":0.0,"enemies":"3 Darklings","floor":41.0,"turns":2.0},{"damage":0.0,"enemies":"Reptomancer","floor":42.0,"turns":3.0},{"damage":0.0,"enemies":"Nemesis","floor":44.0,"turns":3.0},{"damage":0.0,"enemies":"Maw","floor":45.0,"turns":4.0},{"damage":0.0,"enemies":"2 Orb Walkers","floor":46.0,"turns":2.0},{"damage":0.0,"enemies":"4 Shapes","floor":47.0,"turns":3.0},{"damage":0.0,"enemies":"Giant Head","floor":48.0,"turns":3.0},{"damage":0,"enemies":"Time Eater","floor":50,"turns":8},{"damage":0,"enemies":"Awakened One","floor":51,"turns":5},{"damage":0,"enemies":"Shield and Spear","floor":55,"turns":2},{"damage":0,"enemies":"The Heart","floor":56,"turns":7}],"seed_played":"-5123274121224401680","potions_obtained":[{"floor":10.0,"key":"SkillPotion"},{"floor":14.0,"key":"Fire Potion"},{"floor":16.0,"key":"GamblersBrew"},{"floor":25.0,"key":"AttackPotion"},{"floor":33.0,"key":"AttackPotion"},{"floor":40.0,"key":"Dexterity Potion"},{"floor":46.0,"key":"Dexterity Potion"}],"is_trial":false,"path_per_floor":["M","M","?","?","?","R","E","R","T","E","R","M","$","M","R","B",null,"M","$","?","?","?","E","?","E","T","E","?","M","R","$","R","B",null,"M","$","M","$","M","E","M","E","T","E","M","?","M","E","R","B","B",null,"R","$","E","B",null],"character_chosen":"THE_SILENT","items_purchased":["Acrobatics","Expertise","Tactician","Pen Nib","Happy Flower","Impatience"],"campfire_rested":0,"item_purchase_floors":[13,19,31,31,54,54],"current_hp_per_floor":[59,59,64,43,43,43,43,43,43,32,32,32,32,32,32,15,57,56,56,55,57,57,57,57,59,59,61,61,65,65,65,65,67,79,83,83,87,87,91,93,95,97,97,97,101,103,107,109,109,109,109,112,112,112,114,114],"gold":59,"neow_bonus":"THREE_ENEMY_KILL","is_prod":false,"is_daily":false,"chose_seed":false,"campfire_upgraded":6,"win_rate":0,"timestamp":1542718828,"path_taken":["M","M","?","?","?","R","E","R","T","E","R","M","$","?","R","BOSS","M","$","?","?","?","E","?","E","T","E","?","M","R","?","R","BOSS","M","$","M","$","M","E","M","E","T","E","M","?","M","E","R","BOSS","BOSS","R","$","E","BOSS"],"build_version":"2018-11-15","purchased_purges":6,"victory":true,"max_hp_per_floor":[66,66,71,71,71,71,71,71,71,71,71,71,71,71,71,71,71,71,71,71,73,73,73,73,75,75,77,77,81,81,81,81,83,83,87,87,91,91,95,97,99,101,101,101,105,107,111,113,113,113,113,113,113,113,115,115],"card_choices":[{"not_picked":["Sucker Punch","Dagger Throw","Infinite Blades"],"picked":"SKIP","floor":1.0},{"not_picked":["Terror","Finisher"],"picked":"All Out Attack","floor":2.0},{"not_picked":["Outmaneuver","Backflip"],"picked":"Prepared","floor":7.0},{"not_picked":["Dodge and Roll","Deadly Poison"],"picked":"Acrobatics","floor":10.0},{"not_picked":["Burst","Caltrops"],"picked":"Heel Hook","floor":12.0},{"not_picked":["Bane","Deflect"],"picked":"Tactician","floor":14.0},{"not_picked":["Night Terror","Wraith Form v2"],"picked":"Grand Finale","floor":16.0},{"not_picked":[],"picked":"Heel Hook","floor":18.0},{"not_picked":[],"picked":"Well Laid Plans","floor":20.0},{"not_picked":["Backstab"],"picked":"Singing Bowl","floor":21.0},{"not_picked":[],"picked":"Footwork","floor":23.0},{"not_picked":["Bouncing Flask"],"picked":"Singing Bowl","floor":25.0},{"not_picked":["Unload"],"picked":"Singing Bowl","floor":27.0},{"not_picked":["Crippling Poison"],"picked":"Singing Bowl","floor":29.0},{"not_picked":["Cloak And Dagger"],"picked":"Singing Bowl","floor":29.0},{"not_picked":["Corpse Explosion"],"picked":"Singing Bowl","floor":33.0},{"not_picked":["Outmaneuver+1"],"picked":"Singing Bowl","floor":35.0},{"not_picked":["Dodge and Roll"],"picked":"Singing Bowl","floor":35.0},{"not_picked":["Dagger Throw+1"],"picked":"Singing Bowl","floor":37.0},{"not_picked":["Blur"],"picked":"Singing Bowl","floor":37.0},{"not_picked":["Underhanded Strike"],"picked":"Singing Bowl","floor":39.0},{"not_picked":["Deflect"],"picked":"Singing Bowl","floor":39.0},{"not_picked":["Deadly Poison"],"picked":"Singing Bowl","floor":40.0},{"not_picked":[],"picked":"Footwork","floor":41.0},{"not_picked":["Acrobatics"],"picked":"Singing Bowl","floor":41.0},{"not_picked":["Riddle With Holes+1"],"picked":"Singing Bowl","floor":42.0},{"not_picked":[],"picked":"Backflip+1","floor":44.0},{"not_picked":["Sucker Punch"],"picked":"Singing Bowl","floor":45.0},{"not_picked":["Finisher+1"],"picked":"Singing Bowl","floor":45.0},{"not_picked":["Doppelganger"],"picked":"Singing Bowl","floor":46.0},{"not_picked":["Catalyst"],"picked":"Singing Bowl","floor":47.0},{"not_picked":["Masterful Stab+1"],"picked":"Singing Bowl","floor":47.0},{"not_picked":["Cloak And Dagger"],"picked":"Singing Bowl","floor":48.0},{"not_picked":["Crippling Poison+1"],"picked":"Singing Bowl","floor":55}],"player_experience":1121159,"relics_obtained":[{"floor":7.0,"key":"Ornamental Fan"},{"floor":9.0,"key":"Bag of Preparation"},{"floor":10.0,"key":"Torii"},{"floor":20.0,"key":"Red Mask"},{"floor":21.0,"key":"Girya"},{"floor":21.0,"key":"Singing Bowl"},{"floor":23.0,"key":"Vajra"},{"floor":25.0,"key":"Prayer Wheel"},{"floor":26.0,"key":"Smiling Mask"},{"floor":27.0,"key":"Dream Catcher"},{"floor":40.0,"key":"War Paint"},{"floor":42.0,"key":"Bag of Marbles"},{"floor":44.0,"key":"Shuriken"},{"floor":46.0,"key":"FossilizedHelix"},{"floor":48.0,"key":"Anchor"},{"floor":55,"key":"Orichalcum"}],"event_choices":[{"damage_healed":0.0,"max_hp_gain":5.0,"max_hp_loss":0.0,"gold_gain":0.0,"event_name":"Big Fish","player_choice":"Donut","floor":3.0,"gold_loss":0.0,"damage_taken":0.0},{"damage_healed":0.0,"max_hp_gain":0.0,"max_hp_loss":0.0,"gold_gain":0.0,"event_name":"Shining Light","player_choice":"Entered Light","floor":4.0,"gold_loss":0.0,"damage_taken":21.0,"cards_upgraded":["All Out Attack","Defend_G"]},{"damage_healed":0.0,"max_hp_gain":0.0,"max_hp_loss":0.0,"gold_gain":0.0,"cards_transformed":["Strike_G"],"event_name":"Living Wall","player_choice":"Change","floor":5.0,"gold_loss":0.0,"damage_taken":0.0,"cards_obtained":["Choke"]},{"damage_healed":0.0,"max_hp_gain":0.0,"max_hp_loss":0.0,"gold_gain":0.0,"event_name":"Masked Bandits","player_choice":"Fought Bandits","floor":20.0,"gold_loss":0.0,"damage_taken":0.0},{"damage_healed":0.0,"max_hp_gain":0.0,"max_hp_loss":0.0,"gold_gain":0.0,"event_name":"Colosseum","player_choice":"Fight","floor":21.0,"gold_loss":0.0,"damage_taken":0.0},{"damage_healed":0.0,"max_hp_gain":0.0,"max_hp_loss":0.0,"gold_gain":0.0,"event_name":"Colosseum","player_choice":"Fought Nobs","floor":21.0,"gold_loss":0.0,"damage_taken":0.0},{"damage_healed":0.0,"max_hp_gain":0.0,"max_hp_loss":0.0,"gold_gain":50.0,"event_name":"Nest","player_choice":"Stole From Cult","floor":22.0,"gold_loss":0.0,"damage_taken":0.0},{"damage_healed":0.0,"max_hp_gain":0.0,"max_hp_loss":0.0,"gold_gain":0.0,"event_name":"The Library","player_choice":"Read","floor":24.0,"gold_loss":0.0,"damage_taken":0.0,"cards_obtained":["Blur"]},{"damage_healed":0.0,"max_hp_gain":0.0,"max_hp_loss":0.0,"gold_gain":0.0,"event_name":"The Mausoleum","player_choice":"Ignored","floor":28.0,"gold_loss":0.0,"damage_taken":0.0},{"damage_healed":0.0,"max_hp_gain":0.0,"max_hp_loss":0.0,"gold_gain":0.0,"event_name":"Mysterious Sphere","player_choice":"Fight","floor":46.0,"gold_loss":0.0,"damage_taken":0.0}],"is_beta":true,"boss_relics":[{"not_picked":["Ring of the Serpent","Orrery"],"picked":"Busted Crown"},{"not_picked":["Velvet Choker","Snecko Eye"],"picked":"Fusion Hammer"}],"items_purged_floors":[13,19,31,36,38,54],"is_endless":false,"potions_floor_spawned":[10,14,16,18,21,25,33,39,40,45,46,48],"ascension_level":20}