{"gold_per_floor":[119,269,269,79,79,112,125,400,400,435,306,346,346,364,364,455,455,474,499,518,518],"floor_reached":21,"playtime":482,"items_purged":["Doubt","Regret"],"score":444,"play_id":"6c46f8fb-e485-4627-9c9a-864b79e283f7","local_time":"20190217232208","is_ascension_mode":true,"campfire_choices":[{"data":"Beam Cell","floor":13,"key":"SMITH"},{"data":"Streamline","floor":15,"key":"SMITH"}],"neow_cost":"NONE","seed_source_timestamp":11973584225419,"circlet_count":0,"master_deck":["AscendersBane","Strike_B","Strike_B","Strike_B","Strike_B","Defend_B","Defend_B","Defend_B","Defend_B","Zap","Dualcast","Genetic Algorithm","Beam Cell+1","Streamline+1","Compile Driver","Fusion","Ball Lightning","Go for the Eyes+1","Conserve Battery","Doom and Gloom+1","Coolheaded"],"relics":["Cracked Core","NeowsBlessing","Golden Idol","Turnip","Letter Opener","Peace Pipe","Molten Egg 2","Sozu"],"potions_floor_usage":[12,16],"damage_taken":[{"damage":0,"enemies":"2 Louse","floor":1,"turns":1},{"damage":0,"enemies":"Gremlin Nob","floor":6,"turns":1},{"damage":0,"enemies":"Small Slimes","floor":7,"turns":1},{"damage":41,"enemies":"Lagavulin","floor":10,"turns":5},{"damage":8,"enemies":"Gremlin Nob","floor":12,"turns":3},{"damage":7,"enemies":"Cultist","floor":14,"turns":4},{"damage":26,"enemies":"Hexaghost","floor":16,"turns":9},{"damage":19,"enemies":"2 Thieves","floor":18,"turns":4},{"damage":13,"enemies":"Chosen","floor":19,"turns":5},{"damage":15,"enemies":"Snecko","floor":20,"turns":4},{"damage":7,"enemies":"3 Cultists","floor":21,"turns":3}],"seed_played":"5953393646688502069","potions_obtained":[{"floor":1,"key":"Regen Potion"},{"floor":10,"key":"FairyPotion"},{"floor":12,"key":"GamblersBrew"}],"is_trial":false,"path_per_floor":["M","?","?","$","?","E","M","?","T","E","$","E","R","M","R","B",null,"M","M","M","M"],"character_chosen":"DEFECT","items_purchased":["Beam Cell","Streamline","Ball Lightning"],"campfire_rested":0,"item_purchase_floors":[4,4,11],"current_hp_per_floor":[64,64,64,64,69,69,69,69,69,28,28,29,29,22,22,6,53,34,21,6,0],"gold":518,"neow_bonus":"THREE_ENEMY_KILL","is_prod":false,"is_daily":false,"chose_seed":false,"campfire_upgraded":2,"win_rate":0,"timestamp":1550416928,"path_taken":["M","?","?","$","?","E","M","?","T","E","$","E","R","?","R","BOSS","M","M","M","M"],"build_version":"2019-01-23","purchased_purges":2,"victory":false,"max_hp_per_floor":[71,71,64,64,69,69,69,69,69,69,69,69,69,69,69,69,69,69,69,69,69],"card_choices":[{"not_picked":["Chill","Steam"],"picked":"Genetic Algorithm","floor":1},{"not_picked":["Sweeping Beam","Streamline"],"picked":"Compile Driver","floor":6},{"not_picked":["Sweeping Beam","Doom and Gloom"],"picked":"Fusion","floor":7},{"not_picked":["Hyperbeam","Amplify","Darkness"],"picked":"SKIP","floor":10},{"not_picked":["Beam Cell","Lockon","Streamline"],"picked":"SKIP","floor":12},{"not_picked":["Gash+1","Consume"],"picked":"Go for the Eyes+1","floor":14},{"not_picked":["Ball Lightning+1","Capacitor"],"picked":"Conserve Battery","floor":18},{"not_picked":["Turbo","Streamline+1"],"picked":"Doom and Gloom+1","floor":19},{"not_picked":["Reinforced Body","Rebound+1"],"picked":"Coolheaded","floor":20}],"player_experience":805966,"relics_obtained":[{"floor":6,"key":"Turnip"},{"floor":9,"key":"Letter Opener"},{"floor":10,"key":"Peace Pipe"},{"floor":12,"key":"Molten Egg 2"}],"event_choices":[{"damage_healed":0,"gold_gain":150,"player_choice":"AGREE","damage_taken":0,"max_hp_gain":0,"max_hp_loss":0,"event_name":"Liars Game","floor":2,"gold_loss":0,"cards_obtained":["Doubt"]},{"damage_healed":0,"gold_gain":0,"player_choice":"Lose Max HP","damage_taken":0,"relics_obtained":["Golden Idol"],"max_hp_gain":0,"max_hp_loss":7,"event_name":"Golden Idol","floor":3,"gold_loss":0},{"damage_healed":0,"gold_gain":0,"player_choice":"Donut","damage_taken":0,"max_hp_gain":5,"max_hp_loss":0,"event_name":"Big Fish","floor":5,"gold_loss":0},{"damage_healed":0,"gold_gain":275,"player_choice":"Desecrate","damage_taken":0,"max_hp_gain":0,"max_hp_loss":0,"event_name":"Golden Shrine","floor":8,"gold_loss":0,"cards_obtained":["Regret"]}],"is_beta":false,"boss_relics":[{"not_picked":["Eternal Feather","Fusion Hammer"],"picked":"Sozu"}],"items_purged_floors":[4,11],"is_endless":false,"potions_floor_spawned":[1,10,12,18,20],"killed_by":"3 Cultists","ascension_level":20}