{"gold_per_floor":[109,109,109,119,119,119,145,164,164,191,191,219,237,268,268,268],"floor_reached":16,"playtime":574,"items_purged":[],"score":306,"play_id":"f3128ac8-67a8-4afe-9aad-cb7876444056","local_time":"20190416013126","is_ascension_mode":true,"campfire_choices":[{"data":"Deadly Poison","floor":6.0,"key":"SMITH"},{"data":"Catalyst","floor":15.0,"key":"SMITH"}],"neow_cost":"NONE","seed_source_timestamp":50619648654810,"circlet_count":0,"master_deck":["AscendersBane","Defend_G","Defend_G","Defend_G","Defend_G","Defend_G","Strike_G","Strike_G","Strike_G","Strike_G","Survivor","Neutralize","Blade Dance","Deadly Poison+1","Catalyst+1","Escape Plan","After Image","Noxious Fumes","Tactician"],"special_seed":0,"relics":["Ring of the Snake","NeowsBlessing","Ninja Scroll","Girya","Letter Opener","Question Card","Tough Bandages","Blood Vial"],"potions_floor_usage":[16],"damage_taken":[{"damage":0.0,"enemies":"2 Louse","floor":1.0,"turns":1.0},{"damage":0.0,"enemies":"Small Slimes","floor":4.0,"turns":1.0},{"damage":0.0,"enemies":"Lagavulin","floor":7.0,"turns":1.0},{"damage":0.0,"enemies":"Jaw Worm","floor":8.0,"turns":3.0},{"damage":19.0,"enemies":"3 Sentries","floor":10.0,"turns":9.0},{"damage":13.0,"enemies":"Gremlin Nob","floor":12.0,"turns":4.0},{"damage":0.0,"enemies":"Looter","floor":13.0,"turns":3.0},{"damage":2.0,"enemies":"Lagavulin","floor":14.0,"turns":5.0},{"damage":11,"enemies":"The Guardian","floor":16,"turns":4}],"seed_played":"1448797100945223404","potions_obtained":[{"floor":4.0,"key":"Ancient Potion"},{"floor":10.0,"key":"Ancient Potion"},{"floor":12.0,"key":"PowerPotion"},{"floor":14.0,"key":"Poison Potion"}],"is_trial":false,"path_per_floor":["M","?","?","M","?","R","E","M","T","E","?","E","M","E","R","B"],"character_chosen":"THE_SILENT","items_purchased":[],"campfire_rested":0,"item_purchase_floors":[],"current_hp_per_floor":[59,59,54,54,47,47,47,47,47,28,19,6,6,4,4,0],"gold":268,"neow_bonus":"THREE_ENEMY_KILL","is_prod":false,"is_daily":false,"chose_seed":false,"campfire_upgraded":2,"win_rate":0,"timestamp":1555349486,"path_taken":["M","?","?","M","?","R","E","?","T","E","?","E","?","E","R","BOSS"],"build_version":"2019-01-23","purchased_purges":0,"victory":false,"max_hp_per_floor":[66,66,66,66,66,66,66,66,66,66,66,66,66,66,66,66],"card_choices":[{"not_picked":["Dodge and Roll","Prepared"],"picked":"Blade Dance","floor":1.0},{"not_picked":["Quick Slash","Underhanded Strike"],"picked":"Deadly Poison","floor":4.0},{"not_picked":["Bane","Tools of the Trade"],"picked":"Catalyst","floor":7.0},{"not_picked":["Flying Knee","Riddle With Holes"],"picked":"Escape Plan","floor":8.0},{"not_picked":["Crippling Poison","Slice"],"picked":"After Image","floor":10.0},{"not_picked":["Deadly Poison","Backflip","Dash"],"picked":"Noxious Fumes","floor":12.0},{"not_picked":["Quick Slash","Eviscerate","Underhanded Strike","Riddle With Holes"],"picked":"SKIP","floor":13.0},{"not_picked":["Quick Slash","Eviscerate","Underhanded Strike","Riddle With Holes"],"picked":"SKIP","floor":13.0},{"not_picked":["Sucker Punch","Concentrate","Cloak And Dagger"],"picked":"Tactician","floor":14.0}],"player_experience":4306256,"relics_obtained":[{"floor":7.0,"key":"Girya"},{"floor":9.0,"key":"Letter Opener"},{"floor":10.0,"key":"Question Card"},{"floor":12.0,"key":"Tough Bandages"},{"floor":14.0,"key":"Blood Vial"}],"event_choices":[{"damage_healed":0.0,"max_hp_gain":0.0,"max_hp_loss":0.0,"gold_gain":0.0,"event_name":"Liars Game","player_choice":"Ignored","floor":2.0,"gold_loss":0.0,"damage_taken":0.0},{"damage_healed":0.0,"max_hp_gain":0.0,"max_hp_loss":0.0,"gold_gain":0.0,"event_name":"Scrap Ooze","player_choice":"Success","floor":3.0,"gold_loss":0.0,"damage_taken":5.0,"relics_obtained":["Ninja Scroll"]},{"cards_removed":["Strike_G"],"damage_healed":0.0,"max_hp_gain":0.0,"max_hp_loss":0.0,"gold_gain":0.0,"event_name":"Golden Wing","player_choice":"Card Removal","floor":5.0,"gold_loss":0.0,"damage_taken":7.0},{"damage_healed":0.0,"max_hp_gain":0.0,"max_hp_loss":0.0,"gold_gain":0.0,"event_name":"Wheel of Change","player_choice":"Damaged","floor":11.0,"gold_loss":0.0,"damage_taken":9.0}],"is_beta":false,"boss_relics":[],"items_purged_floors":[],"is_endless":false,"potions_floor_spawned":[4,10,12,14],"killed_by":"The Guardian","ascension_level":20}