{"gold_per_floor":[368,368,382,382,393,393,423,423,423,440,7,7,25,36,36,36],"floor_reached":16,"playtime":627,"items_purged":["Strike_B"],"score":204,"play_id":"3ea743f9-2a30-49ea-9c43-fcc9d91a9768","local_time":"20190321173801","is_ascension_mode":true,"campfire_choices":[{"data":"Dualcast","floor":6.0,"key":"SMITH"},{"data":"Zap","floor":8.0,"key":"SMITH"},{"data":"Machine Learning","floor":15,"key":"SMITH"}],"neow_cost":"TEN_PERCENT_HP_LOSS","seed_source_timestamp":21214503020738,"circlet_count":0,"master_deck":["AscendersBane","Strike_B","Strike_B","Defend_B","Defend_B","Defend_B","Defend_B","Zap+1","Dualcast+1","Gash","Conserve Battery","Gash","Fusion+1","Stack+1","Reprogram+1","Machine Learning+1","Glacier+1"],"special_seed":0,"relics":["Cracked Core","Toxic Egg 2","Kunai","Unceasing Top"],"potions_floor_usage":[16,16],"damage_taken":[{"damage":0.0,"enemies":"Small Slimes","floor":1.0,"turns":4.0},{"damage":7.0,"enemies":"Jaw Worm","floor":3.0,"turns":4.0},{"damage":6.0,"enemies":"Cultist","floor":5.0,"turns":3.0},{"damage":28.0,"enemies":"3 Sentries","floor":7.0,"turns":10.0},{"damage":9.0,"enemies":"Blue Slaver","floor":10.0,"turns":4.0},{"damage":0,"enemies":"Exordium Wildlife","floor":13,"turns":3},{"damage":2,"enemies":"Looter","floor":14,"turns":3},{"damage":6,"enemies":"Hexaghost","floor":16,"turns":11}],"seed_played":"4540663667279616446","potions_obtained":[{"floor":3.0,"key":"PowerPotion"},{"floor":5.0,"key":"Block Potion"},{"floor":10.0,"key":"Dexterity Potion"}],"is_trial":false,"path_per_floor":["M","?","M","?","M","R","E","R","T","M","$","?","M","M","R","B"],"character_chosen":"DEFECT","items_purchased":["Unceasing Top","Reprogram+1"],"campfire_rested":0,"item_purchase_floors":[11,11],"current_hp_per_floor":[64,69,62,62,56,56,28,28,28,19,19,19,19,17,17,11],"gold":36,"neow_bonus":"TWO_FIFTY_GOLD","is_prod":false,"is_daily":false,"chose_seed":false,"campfire_upgraded":3,"win_rate":0,"timestamp":1553161081,"path_taken":["M","?","M","?","M","R","E","R","T","M","$","?","M","M","R","BOSS"],"build_version":"2019-01-23","purchased_purges":1,"victory":false,"max_hp_per_floor":[64,69,69,69,69,69,69,69,69,69,69,69,69,69,69,69],"card_choices":[{"not_picked":["Compile Driver","Barrage"],"picked":"Gash","floor":1.0},{"not_picked":["Fusion","Stack"],"picked":"Conserve Battery","floor":3.0},{"not_picked":["Lockon","Capacitor"],"picked":"Gash","floor":5.0},{"not_picked":["Hello World","Rebound"],"picked":"Fusion","floor":7.0},{"not_picked":["Capacitor","Storm"],"picked":"Stack+1","floor":10.0},{"not_picked":["Undo+1","Steam+1"],"picked":"Machine Learning","floor":13},{"not_picked":["Beam Cell","Aggregate+1"],"picked":"Glacier+1","floor":14}],"player_experience":3770907,"relics_obtained":[{"floor":7.0,"key":"Toxic Egg 2"},{"floor":9.0,"key":"Kunai"}],"event_choices":[{"damage_healed":0.0,"max_hp_gain":5.0,"max_hp_loss":0.0,"gold_gain":0.0,"event_name":"Big Fish","player_choice":"Donut","floor":2.0,"gold_loss":0.0,"damage_taken":0.0},{"damage_healed":0.0,"max_hp_gain":0.0,"max_hp_loss":0.0,"gold_gain":0.0,"event_name":"Liars Game","player_choice":"Ignored","floor":4.0,"gold_loss":0.0,"damage_taken":0.0},{"cards_removed":["Strike_B"],"damage_healed":0,"gold_gain":0,"player_choice":"Forget","damage_taken":0,"max_hp_gain":0,"max_hp_loss":0,"event_name":"Living Wall","floor":12,"gold_loss":0}],"is_beta":false,"boss_relics":[],"items_purged_floors":[11],"is_endless":false,"potions_floor_spawned":[3,5,10],"killed_by":"Hexaghost","ascension_level":20}