{"gold_per_floor":[118,118,193,205,205,238,238,264,264,12,12,47,47,63,63,137,137,156,156,156,53,53,53,72,72,72,150,150,178,189,200,200,274,274,294,304,321,39,55,80,92,92,116,148,148,166,166,24,24,24],"floor_reached":50,"playtime":1977,"items_purged":["Scrape","Ball Lightning"],"score":1272,"play_id":"b5242958-e377-4274-9c4d-3357927947d0","local_time":"20190317232810","is_ascension_mode":true,"campfire_choices":[{"data":"Zap","floor":7.0,"key":"SMITH"},{"data":"Apotheosis","floor":11.0,"key":"SMITH"},{"data":"Fission","floor":15.0,"key":"SMITH"},{"data":"Steam Power","floor":23.0,"key":"SMITH"},{"data":"Coolheaded","floor":25.0,"key":"SMITH"},{"data":"Turbo","floor":28.0,"key":"SMITH"},{"data":"Fusion","floor":32.0,"key":"SMITH"},{"data":"Hologram","floor":42.0,"key":"SMITH"},{"floor":45.0,"key":"RECALL"},{"floor":49.0,"key":"REST"}],"neow_cost":"NONE","seed_source_timestamp":0,"circlet_count":0,"master_deck":["AscendersBane","Zap+1","Dualcast","Self Repair","Leap","Beam Cell","Apotheosis+1","Fission+1","All For One","Biased Cognition","White Noise","Multi-Cast","Steam Power+1","Echo Form","Coolheaded+1","Turbo+1","Go for the Eyes","Fusion+1","Compile Driver","Recycle","Hologram+1","BootSequence","Reinforced Body"],"special_seed":0,"relics":["Cracked Core","NeowsBlessing","Symbiotic Virus","Nunchaku","Potion Belt","Bird Faced Urn","Pandora\u0027s Box","Art of War","The Courier","Empty Cage","Meat on the Bone","Emotion Chip","Bronze Scales","Lantern","Cables"],"potions_floor_usage":[50],"damage_taken":[{"damage":0.0,"enemies":"Jaw Worm","floor":1.0,"turns":1.0},{"damage":0.0,"enemies":"2 Louse","floor":4.0,"turns":1.0},{"damage":0.0,"enemies":"Gremlin Nob","floor":6.0,"turns":1.0},{"damage":15.0,"enemies":"Lagavulin","floor":8.0,"turns":5.0},{"damage":8.0,"enemies":"Gremlin Nob","floor":12.0,"turns":3.0},{"damage":4.0,"enemies":"Small Slimes","floor":14.0,"turns":3.0},{"damage":18.0,"enemies":"Hexaghost","floor":16.0,"turns":8.0},{"damage":0.0,"enemies":"Spheric Guardian","floor":18.0,"turns":2.0},{"damage":33.0,"enemies":"2 Thieves","floor":24.0,"turns":3.0},{"damage":46.0,"enemies":"Book of Stabbing","floor":29.0,"turns":4.0},{"damage":5.0,"enemies":"Sentry and Sphere","floor":30.0,"turns":4.0},{"damage":0.0,"enemies":"3 Cultists","floor":31.0,"turns":3.0},{"damage":0.0,"enemies":"Collector","floor":33.0,"turns":5.0},{"damage":0.0,"enemies":"3 Darklings","floor":35.0,"turns":3.0},{"damage":24.0,"enemies":"3 Shapes","floor":36.0,"turns":4.0},{"damage":48.0,"enemies":"3 Darklings","floor":37.0,"turns":4.0},{"damage":15.0,"enemies":"Jaw Worm Horde","floor":39.0,"turns":4.0},{"damage":53.0,"enemies":"Giant Head","floor":40.0,"turns":7.0},{"damage":28.0,"enemies":"4 Shapes","floor":41.0,"turns":9.0},{"damage":21.0,"enemies":"Nemesis","floor":44.0,"turns":3.0},{"damage":42.0,"enemies":"Spire Growth","floor":46.0,"turns":4.0},{"damage":31,"enemies":"Awakened One","floor":50,"turns":3}],"seed_played":"-949489295207118266","potions_obtained":[{"floor":1.0,"key":"FearPotion"},{"floor":6.0,"key":"PowerPotion"},{"floor":14.0,"key":"Ancient Potion"},{"floor":16.0,"key":"LiquidBronze"},{"floor":24.0,"key":"Swift Potion"},{"floor":30.0,"key":"Fire Potion"},{"floor":31.0,"key":"PowerPotion"},{"floor":35.0,"key":"Weak Potion"},{"floor":37.0,"key":"SkillPotion"},{"floor":41.0,"key":"Explosive Potion"}],"is_trial":false,"path_per_floor":["M","?","?","M","?","E","R","E","T","$","R","E","?","M","R","B",null,"M","?","?","$","?","R","M","R","T","T","R","E","M","M","R","B",null,"M","M","M","$","M","E","M","R","T","E","R","M","T","$","R","B"],"character_chosen":"DEFECT","items_purchased":["Apotheosis","Sunder","Coolheaded","Turbo","Meat on the Bone","Reinforced Body"],"campfire_rested":1,"item_purchase_floors":[10,10,21,21,38,48],"current_hp_per_floor":[64,64,53,53,46,46,46,38,38,38,38,30,35,31,31,22,63,67,67,67,67,67,67,49,49,49,49,49,27,38,46,46,70,75,76,68,38,38,53,40,37,37,37,45,45,37,37,37,59,32],"gold":24,"neow_bonus":"THREE_ENEMY_KILL","is_prod":false,"is_daily":false,"chose_seed":true,"campfire_upgraded":8,"win_rate":0,"timestamp":1552836490,"path_taken":["M","?","?","M","?","E","R","E","T","$","R","E","?","M","R","BOSS","M","?","?","$","?","R","M","R","T","?","R","E","?","M","R","BOSS","M","?","M","$","M","E","?","R","T","E","R","?","?","?","R","BOSS"],"build_version":"2019-01-23","purchased_purges":2,"victory":false,"max_hp_per_floor":[71,71,71,71,71,71,71,71,71,71,71,71,76,76,76,76,76,76,76,76,76,76,76,76,76,76,76,76,76,76,76,76,76,76,76,76,76,76,76,76,76,76,76,76,76,76,76,76,76,76],"card_choices":[{"not_picked":["White Noise","Static Discharge"],"picked":"Self Repair","floor":1.0},{"not_picked":["Compile Driver","Beam Cell"],"picked":"Ball Lightning","floor":4.0},{"not_picked":["Gash","Steam Power"],"picked":"Leap","floor":6.0},{"not_picked":["Ball Lightning","Barrage"],"picked":"Beam Cell","floor":8.0},{"not_picked":["Sweeping Beam","Leap"],"picked":"Ball Lightning","floor":12.0},{"not_picked":["Tempest","Compile Driver"],"picked":"Fission","floor":14.0},{"not_picked":["Rainbow","Fission"],"picked":"All For One","floor":16.0},{"not_picked":["Rip and Tear","Ball Lightning","Streamline"],"picked":"SKIP","floor":18.0},{"not_picked":["Ball Lightning","Barrage"],"picked":"Go for the Eyes","floor":24.0},{"not_picked":["Coolheaded+1","Genetic Algorithm"],"picked":"Fusion","floor":29.0},{"not_picked":["Ball Lightning","Barrage"],"picked":"Compile Driver","floor":30.0},{"not_picked":["Rebound+1","Coolheaded+1","Redo"],"picked":"SKIP","floor":31.0},{"not_picked":["BootSequence","Genetic Algorithm"],"picked":"Recycle","floor":35.0},{"not_picked":["Cold Snap","Compile Driver","Beam Cell"],"picked":"SKIP","floor":36.0},{"not_picked":["Turbo","Go for the Eyes","Ball Lightning"],"picked":"SKIP","floor":37.0},{"not_picked":["Steam","Auto Shields","Sweeping Beam"],"picked":"SKIP","floor":39.0},{"not_picked":["Coolheaded","Streamline","Gash"],"picked":"SKIP","floor":40.0},{"not_picked":["All For One","White Noise"],"picked":"Hologram","floor":41.0},{"not_picked":["Redo","Self Repair","Steam"],"picked":"SKIP","floor":44.0},{"not_picked":["Stack","Steam"],"picked":"BootSequence","floor":46.0}],"player_experience":1208718,"relics_obtained":[{"floor":6.0,"key":"Symbiotic Virus"},{"floor":8.0,"key":"Nunchaku"},{"floor":9.0,"key":"Potion Belt"},{"floor":12.0,"key":"Bird Faced Urn"},{"floor":26.0,"key":"Art of War"},{"floor":29.0,"key":"The Courier"},{"floor":40.0,"key":"Emotion Chip"},{"floor":43.0,"key":"Bronze Scales"},{"floor":44.0,"key":"Lantern"},{"floor":47.0,"key":"Cables"}],"event_choices":[{"damage_healed":0.0,"max_hp_gain":0.0,"max_hp_loss":0.0,"gold_gain":0.0,"event_name":"Liars Game","player_choice":"Ignored","floor":2.0,"gold_loss":0.0,"damage_taken":0.0},{"damage_healed":0.0,"max_hp_gain":0.0,"max_hp_loss":0.0,"gold_gain":75.0,"event_name":"World of Goop","player_choice":"Gather Gold","floor":3.0,"gold_loss":0.0,"damage_taken":11.0},{"cards_removed":["Strike_B"],"damage_healed":0.0,"max_hp_gain":0.0,"max_hp_loss":0.0,"gold_gain":0.0,"event_name":"Golden Wing","player_choice":"Card Removal","floor":5.0,"gold_loss":0.0,"damage_taken":7.0},{"damage_healed":0.0,"max_hp_gain":5.0,"max_hp_loss":0.0,"gold_gain":0.0,"event_name":"Big Fish","player_choice":"Donut","floor":13.0,"gold_loss":0.0,"damage_taken":0.0},{"cards_removed":["Ball Lightning"],"damage_healed":0.0,"max_hp_gain":0.0,"max_hp_loss":0.0,"gold_gain":0.0,"event_name":"Back to Basics","player_choice":"Elegance","floor":20.0,"gold_loss":0.0,"damage_taken":0.0},{"damage_healed":0.0,"max_hp_gain":0.0,"max_hp_loss":0.0,"gold_gain":0.0,"event_name":"The Mausoleum","player_choice":"Ignored","floor":22.0,"gold_loss":0.0,"damage_taken":0.0}],"is_beta":false,"boss_relics":[{"not_picked":["Lizard Tail","Coffee Dripper"],"picked":"Pandora\u0027s Box"},{"not_picked":["Nuclear Battery","Philosopher\u0027s Stone"],"picked":"Empty Cage"}],"items_purged_floors":[38,48],"is_endless":false,"potions_floor_spawned":[1,6,14,16,24,30,31,35,37,41],"killed_by":"Awakened One","ascension_level":20}