{"gold_per_floor":[111,111,36,186,186,186,220,232,280,280,280,280,280,304,304,398,398,413,376,188,212,225,225,249,265,265,265,290,314,328,351,351,442,442,465,24,24,24,49,49,93,109,155,155,155,189,207,247,247,247,247,247,247,42,86,86],"floor_reached":57,"playtime":3388,"items_purged":["Strike_G","Doubt","Strike_G","Strike_G"],"score":3348,"play_id":"a889626f-3f6f-4bee-bfb2-b745269f37ae","local_time":"20190102175857","is_ascension_mode":true,"campfire_choices":[{"data":"Neutralize","floor":6.0,"key":"SMITH"},{"data":"Catalyst","floor":11.0,"key":"SMITH"},{"floor":13.0,"key":"RECALL"},{"data":"Defend_G","floor":15.0,"key":"SMITH"},{"data":"Well Laid Plans","floor":23.0,"key":"SMITH"},{"data":"Well Laid Plans","floor":27.0,"key":"SMITH"},{"data":"Defend_G","floor":32.0,"key":"SMITH"},{"data":"Wraith Form v2","floor":40.0,"key":"SMITH"},{"data":"Defend_G","floor":45.0,"key":"SMITH"},{"data":"Defend_G","floor":49.0,"key":"SMITH"},{"data":"Defend_G","floor":53.0,"key":"SMITH"}],"neow_cost":"NONE","seed_source_timestamp":16258696999978,"circlet_count":0,"master_deck":["AscendersBane","Defend_G+1","Defend_G+1","Defend_G+1","Defend_G+1","Defend_G+1","Strike_G+1","Strike_G+1","Survivor+1","Neutralize+1","Catalyst+1","PiercingWail+1","Burst+1","Expertise+1","Well Laid Plans+1","Deadly Poison+1","Well Laid Plans+1","Dodge and Roll+1","Concentrate+1","Acrobatics+1","Malaise+1","Backflip+1","Wraith Form v2+1","Backflip+1","Bouncing Flask+1","Blur+1","Corpse Explosion+1"],"special_seed":0,"relics":["Ring of the Snake","NeowsBlessing","Toxic Egg 2","Snake Skull","Golden Idol","Coffee Dripper","Happy Flower","Black Star","Gambling Chip","Orichalcum","Mango","Potion Belt","Shuriken","Smiling Mask","Sundial","Lantern","Whetstone","Art of War"],"potions_floor_usage":[55,55,55,56],"damage_taken":[{"damage":0.0,"enemies":"Jaw Worm","floor":1.0,"turns":1.0},{"damage":0.0,"enemies":"Gremlin Nob","floor":7.0,"turns":1.0},{"damage":0.0,"enemies":"Small Slimes","floor":8.0,"turns":1.0},{"damage":0.0,"enemies":"2 Louse","floor":14.0,"turns":3.0},{"damage":7.0,"enemies":"The Guardian","floor":16.0,"turns":8.0},{"damage":8.0,"enemies":"3 Byrds","floor":18.0,"turns":11.0},{"damage":0.0,"enemies":"2 Thieves","floor":19.0,"turns":5.0},{"damage":0.0,"enemies":"Snake Plant","floor":21.0,"turns":1.0},{"damage":7.0,"enemies":"Centurion and Healer","floor":22.0,"turns":7.0},{"damage":0.0,"enemies":"Sentry and Sphere","floor":24.0,"turns":5.0},{"damage":17.0,"enemies":"3 Cultists","floor":25.0,"turns":8.0},{"damage":7.0,"enemies":"Snake Plant","floor":28.0,"turns":4.0},{"damage":0.0,"enemies":"Centurion and Healer","floor":29.0,"turns":5.0},{"damage":8.0,"enemies":"Cultist and Chosen","floor":30.0,"turns":9.0},{"damage":1.0,"enemies":"Shelled Parasite and Fungi","floor":31.0,"turns":5.0},{"damage":0.0,"enemies":"Champ","floor":33.0,"turns":8.0},{"damage":0.0,"enemies":"3 Shapes","floor":35.0,"turns":7.0},{"damage":0.0,"enemies":"3 Darklings","floor":39.0,"turns":11.0},{"damage":0.0,"enemies":"Reptomancer","floor":41.0,"turns":4.0},{"damage":0.0,"enemies":"Jaw Worm Horde","floor":42.0,"turns":6.0},{"damage":0.0,"enemies":"Giant Head","floor":46.0,"turns":4.0},{"damage":0.0,"enemies":"Transient","floor":47.0,"turns":5.0},{"damage":0.0,"enemies":"Reptomancer","floor":48.0,"turns":5.0},{"damage":0.0,"enemies":"Awakened One","floor":50.0,"turns":18.0},{"damage":0.0,"enemies":"Time Eater","floor":51.0,"turns":6.0},{"damage":22,"enemies":"Shield and Spear","floor":55,"turns":7},{"damage":5,"enemies":"The Heart","floor":56,"turns":6}],"seed_played":"-9003732189964051980","potions_obtained":[{"floor":8.0,"key":"GamblersBrew"},{"floor":16.0,"key":"GhostInAJar"},{"floor":18.0,"key":"SpeedPotion"},{"floor":21.0,"key":"SkillPotion"},{"floor":28.0,"key":"SteroidPotion"},{"floor":29.0,"key":"FearPotion"},{"floor":31.0,"key":"Poison Potion"},{"floor":46.0,"key":"GhostInAJar"},{"floor":48.0,"key":"FearPotion"}],"is_trial":false,"path_per_floor":["M","?","$","?","T","R","E","M","T","?","R","?","R","M","R","B",null,"M","M","$","M","M","R","M","M","T","R","M","M","M","M","R","B",null,"M","$","?","?","M","R","E","M","T","?","R","E","M","E","R","B","B",null,"R","$","E","B",null],"character_chosen":"THE_SILENT","items_purchased":["Well Laid Plans","Gambling Chip","Corpse Explosion+1"],"campfire_rested":0,"item_purchase_floors":[20,36,54],"current_hp_per_floor":[59,59,59,59,59,59,59,59,59,36,36,36,36,36,36,29,57,49,49,49,49,42,42,42,25,25,25,18,18,10,9,9,9,52,52,52,52,52,52,52,66,66,66,66,66,66,66,66,66,66,66,74,74,74,52,47],"gold":86,"neow_bonus":"THREE_ENEMY_KILL","is_prod":false,"is_daily":false,"chose_seed":false,"campfire_upgraded":10,"win_rate":0,"timestamp":1546423137,"path_taken":["M","?","$","?","?","R","E","M","T","?","R","?","R","M","R","BOSS","M","M","$","M","?","R","M","M","T","R","M","M","M","?","R","BOSS","M","$","?","?","M","R","E","M","T","?","R","E","M","E","R","BOSS","BOSS","R","$","E","BOSS"],"build_version":"2018-12-20","purchased_purges":4,"victory":true,"max_hp_per_floor":[66,66,66,66,66,66,66,66,66,66,66,66,66,66,66,66,66,66,66,66,66,66,66,66,66,66,66,66,66,66,66,66,66,66,66,66,66,66,66,66,80,80,80,76,76,76,76,76,76,76,76,76,76,76,76,76],"card_choices":[{"not_picked":["PiercingWail","Endless Agony"],"picked":"Catalyst","floor":1.0},{"not_picked":["Riddle With Holes","Finisher"],"picked":"Deadly Poison","floor":7.0},{"not_picked":["Dash","Slice"],"picked":"PiercingWail+1","floor":8.0},{"not_picked":["Accuracy","PiercingWail+1","Blade Dance+1"],"picked":"SKIP","floor":14.0},{"not_picked":["Adrenaline+1","After Image"],"picked":"Burst+1","floor":16.0},{"not_picked":["Slice","Underhanded Strike","Flying Knee"],"picked":"SKIP","floor":18.0},{"not_picked":["PiercingWail+1","Outmaneuver+1"],"picked":"Expertise+1","floor":19.0},{"not_picked":["Underhanded Strike","Sucker Punch"],"picked":"Deadly Poison+1","floor":21.0},{"not_picked":["Poisoned Stab","Outmaneuver+1"],"picked":"Well Laid Plans","floor":22.0},{"not_picked":["Envenom","Blade Dance+1"],"picked":"Dodge and Roll+1","floor":24.0},{"not_picked":["Dagger Spray","Dodge and Roll+1"],"picked":"Concentrate+1","floor":25.0},{"not_picked":["Dagger Throw","Dagger Spray"],"picked":"Acrobatics+1","floor":28.0},{"not_picked":["Quick Slash","Bane"],"picked":"Malaise+1","floor":29.0},{"not_picked":["PiercingWail+1","Prepared+1"],"picked":"Backflip+1","floor":30.0},{"not_picked":["Dagger Spray","Endless Agony","Bane"],"picked":"SKIP","floor":31.0},{"not_picked":["Unload","After Image"],"picked":"Wraith Form v2","floor":33.0},{"not_picked":["Sucker Punch","Cloak And Dagger+1","Deflect+1"],"picked":"SKIP","floor":35.0},{"not_picked":["PiercingWail+1","Dagger Spray+1"],"picked":"Backflip+1","floor":39.0},{"not_picked":["Choke","A Thousand Cuts","Quick Slash"],"picked":"SKIP","floor":41.0},{"not_picked":["Bane","Dagger Spray+1"],"picked":"Bouncing Flask+1","floor":42.0},{"not_picked":["Terror+1","Expertise+1","Blade Dance+1"],"picked":"SKIP","floor":46.0},{"not_picked":["Deadly Poison+1","PiercingWail+1"],"picked":"Blur+1","floor":47.0},{"not_picked":["Masterful Stab","Deadly Poison+1","Heel Hook"],"picked":"SKIP","floor":48.0},{"not_picked":["Blade Dance+1","Bullet Time+1","Quick Slash+1"],"picked":"SKIP","floor":55}],"player_experience":1665572,"relics_obtained":[{"floor":7.0,"key":"Toxic Egg 2"},{"floor":9.0,"key":"Snake Skull"},{"floor":26.0,"key":"Happy Flower"},{"floor":41.0,"key":"Orichalcum"},{"floor":41.0,"key":"Mango"},{"floor":43.0,"key":"Potion Belt"},{"floor":46.0,"key":"Shuriken"},{"floor":46.0,"key":"Smiling Mask"},{"floor":48.0,"key":"Sundial"},{"floor":48.0,"key":"Lantern"},{"floor":55,"key":"Whetstone"},{"floor":55,"key":"Art of War"}],"event_choices":[{"damage_healed":0.0,"max_hp_gain":0.0,"max_hp_loss":0.0,"gold_gain":0.0,"event_name":"The Cleric","player_choice":"Leave","floor":2.0,"gold_loss":0.0,"damage_taken":0.0},{"damage_healed":0.0,"max_hp_gain":0.0,"max_hp_loss":0.0,"gold_gain":150.0,"event_name":"Liars Game","player_choice":"AGREE","floor":4.0,"gold_loss":0.0,"damage_taken":0.0,"cards_obtained":["Doubt"]},{"damage_healed":0.0,"max_hp_gain":0.0,"max_hp_loss":0.0,"gold_gain":0.0,"event_name":"Golden Idol","player_choice":"Take Damage","floor":10.0,"gold_loss":0.0,"damage_taken":23.0,"relics_obtained":["Golden Idol"]},{"damage_healed":0.0,"max_hp_gain":0.0,"max_hp_loss":0.0,"gold_gain":0.0,"event_name":"Upgrade Shrine","player_choice":"Upgraded","floor":12.0,"gold_loss":0.0,"damage_taken":0.0,"cards_upgraded":["Survivor"]},{"cards_removed":["Deadly Poison"],"damage_healed":0.0,"max_hp_gain":0.0,"max_hp_loss":0.0,"gold_gain":0.0,"event_name":"Falling","player_choice":"Removed Skill","floor":37.0,"gold_loss":0.0,"damage_taken":0.0},{"damage_healed":0.0,"max_hp_gain":0.0,"max_hp_loss":0.0,"gold_gain":0.0,"event_name":"Mysterious Sphere","player_choice":"Ignored","floor":38.0,"gold_loss":0.0,"damage_taken":0.0},{"damage_healed":0.0,"max_hp_gain":0.0,"max_hp_loss":4.0,"gold_gain":0.0,"event_name":"Winding Halls","player_choice":"Max HP","floor":44.0,"gold_loss":0.0,"damage_taken":0.0}],"is_beta":false,"boss_relics":[{"not_picked":["Ring of the Serpent","Lizard Tail"],"picked":"Coffee Dripper"},{"not_picked":["Fusion Hammer","Orrery"],"picked":"Black Star"}],"items_purged_floors":[3,20,36,54],"is_endless":false,"potions_floor_spawned":[8,16,18,21,28,29,31,33,41,46,48],"ascension_level":20}