{"path_per_floor":["M","?","M","M","M","R","E","M","T","R","M","T","M","E","R","B",null,"M","?","M","M","?","R","E","R","T","R"],"character_chosen":"DEFECT","items_purchased":[],"gold_per_floor":[115,115,129,145,157,157,187,204,204,204,217,217,237,272,272,370,370,385,418,437,453,453,453,488,488,515,515,515],"floor_reached":28,"campfire_rested":2,"playtime":1711,"current_hp_per_floor":[74,67,66,57,57,57,26,15,15,52,50,50,37,28,65,45,75,70,33,25,6,75,75,59,59,59,59,0],"items_purged":[],"gold":515,"score":250,"play_id":"9507a5e3-c1f4-4dad-ab3e-e40c2d83937c","local_time":"20180505145343","is_prod":false,"is_daily":false,"chose_seed":false,"is_ascension_mode":false,"campfire_upgraded":4,"timestamp":1525524823,"path_taken":["M","?","M","?","?","R","E","M","T","R","M","?","M","E","R","BOSS","M","?","M","M","?","R","E","R","T","R","M"],"build_version":"2018-05-03","seed_source_timestamp":0,"purchased_purges":0,"victory":false,"master_deck":["Strike_B","Strike_B","Strike_B","Strike_B","Defend_B","Defend_B","Defend_B","Zap+1","Dualcast+1","Chaos+1","Beam Cell","Impulse","Go for the Eyes","Reboot","Skim","Reinforced Body","Ball Lightning","Echo Form","Capacitor+1","Chaos+1","Seek"],"max_hp_per_floor":[75,75,75,75,75,75,75,75,75,75,75,75,75,75,75,75,75,75,75,75,75,75,75,75,75,75,75,75],"relics":["Cracked Core","Regal Pillow","Happy Flower","Kunai","Lantern","Nuclear Battery","Red Mask","Meat on the Bone","Ancient Tea Set"],"card_choices":[{"not_picked":["Ball Lightning","Go for the Eyes"],"picked":"Chaos","floor":1.0},{"not_picked":["Chaos","Hologram"],"picked":"Beam Cell","floor":3.0},{"not_picked":["Go for the Eyes","Rebound"],"picked":"Impulse","floor":4.0},{"not_picked":["Stack","Axe Kick"],"picked":"Go for the Eyes","floor":5},{"not_picked":["Barrage","Ball Lightning"],"picked":"Reboot","floor":7},{"not_picked":["Beam Cell","Storm"],"picked":"Skim","floor":11},{"not_picked":["Sweeping Beam","Chaos"],"picked":"Reinforced Body","floor":13},{"not_picked":["Scrape","Reinforced Body"],"picked":"Ball Lightning","floor":14},{"not_picked":["Nova","Reboot"],"picked":"Echo Form","floor":16},{"not_picked":["Rebound","Ball Lightning"],"picked":"Capacitor","floor":19},{"not_picked":["Skim","Stack"],"picked":"Chaos","floor":21},{"not_picked":["Leap","Aggregate"],"picked":"Seek","floor":24}],"player_experience":46513,"potions_floor_usage":[5,14,19],"damage_taken":[{"damage":1.0,"enemies":"2 Louse","floor":1.0,"turns":2.0},{"damage":1.0,"enemies":"Cultist","floor":3.0,"turns":3.0},{"damage":9.0,"enemies":"Jaw Worm","floor":4.0,"turns":3.0},{"damage":0,"enemies":"3 Louse","floor":5,"turns":1},{"damage":31,"enemies":"Lagavulin","floor":7,"turns":8},{"damage":11,"enemies":"Lots of Slimes","floor":8,"turns":5},{"damage":2,"enemies":"Blue Slaver","floor":11,"turns":3},{"damage":13,"enemies":"2 Fungi Beasts","floor":13,"turns":3},{"damage":9,"enemies":"Gremlin Nob","floor":14,"turns":3},{"damage":20,"enemies":"The Guardian","floor":16,"turns":11},{"damage":5,"enemies":"2 Thieves","floor":18,"turns":4},{"damage":37,"enemies":"Masked Bandits","floor":19,"turns":4},{"damage":8,"enemies":"3 Byrds","floor":20,"turns":4},{"damage":19,"enemies":"Slaver and Parasite","floor":21,"turns":5},{"damage":16,"enemies":"Gremlin Leader","floor":24,"turns":10},{"damage":59,"enemies":"Cultist and Chosen","floor":28,"turns":4}],"event_choices":[{"event_name":"Golden Wing","player_choice":"Card Removal","floor":2.0,"damage_taken":0.0},{"event_name":"Masked Bandits","player_choice":"Fought over 385 gold","floor":19,"damage_taken":0},{"event_name":"Wheel of Change","player_choice":"Full Heal","floor":22,"damage_taken":0}],"boss_relics":[{"not_picked":["Calling Bell","Inserter"],"picked":"Nuclear Battery"}],"potions_floor_spawned":[1,8,13,20,24],"seed_played":"7527445484436780312","killed_by":"Cultist and Chosen","ascension_level":0,"is_trial":false}