{"gold_per_floor":[119,132,57,57,73,73,73,73,153,153,167,14,28,46,46,119,119,136,136,148,167,42,42,74,87,114,125,125,125,125,139,139,215,215,233,245,263,113,125,125,125,125,125,125,138,138,138,167,167,167,167,167,167,7,37,37],"floor_reached":57,"playtime":3226,"items_purged":["Strike_G","Strike_G","Strike_G","Strike_G"],"score":3013,"play_id":"e835f7d5-ce27-4676-86e6-5c2c0f3d5967","local_time":"20190305134454","is_ascension_mode":true,"campfire_choices":[{"data":"Deep Breath","floor":6.0,"key":"SMITH"},{"data":"Well Laid Plans","floor":8.0,"key":"SMITH"},{"data":"Thinking Ahead","floor":10.0,"key":"SMITH"},{"data":"Caltrops","floor":15.0,"key":"SMITH"},{"data":"Grand Finale","floor":23.0,"key":"SMITH"},{"data":"Well Laid Plans","floor":29.0,"key":"SMITH"},{"floor":32.0,"key":"RECALL"},{"data":"Deflect","floor":40.0,"key":"SMITH"},{"data":"Backflip","floor":42.0,"key":"SMITH"},{"data":"Defend_G","floor":44.0,"key":"SMITH"},{"data":"Defend_G","floor":49.0,"key":"SMITH"}],"neow_cost":"TEN_PERCENT_HP_LOSS","seed_source_timestamp":5315752163606,"circlet_count":0,"master_deck":["AscendersBane","Defend_G+1","Defend_G+1","Defend_G+1","Survivor+1","Neutralize+1","Deep Breath+1","Thinking Ahead+1","Well Laid Plans+1","Caltrops+1","Grand Finale+1","Well Laid Plans+1","After Image+1","Deflect+1","Backflip+1","Dark Shackles"],"special_seed":0,"relics":["Ring of the Snake","Coffee Dripper","Frozen Egg 2","Boot","Juzu Bracelet","Centennial Puzzle","Pen Nib"],"potions_floor_usage":[56],"damage_taken":[{"damage":9.0,"enemies":"Jaw Worm","floor":1.0,"turns":9.0},{"damage":0.0,"enemies":"Small Slimes","floor":2.0,"turns":4.0},{"damage":0.0,"enemies":"Cultist","floor":5.0,"turns":4.0},{"damage":1.0,"enemies":"Exordium Thugs","floor":11.0,"turns":5.0},{"damage":12.0,"enemies":"Lots of Slimes","floor":13.0,"turns":6.0},{"damage":1.0,"enemies":"3 Louse","floor":14.0,"turns":4.0},{"damage":0.0,"enemies":"Hexaghost","floor":16.0,"turns":2.0},{"damage":0.0,"enemies":"Spheric Guardian","floor":18.0,"turns":3.0},{"damage":0.0,"enemies":"2 Thieves","floor":20.0,"turns":2.0},{"damage":7.0,"enemies":"Centurion and Healer","floor":21.0,"turns":4.0},{"damage":8.0,"enemies":"Book of Stabbing","floor":24.0,"turns":4.0},{"damage":4.0,"enemies":"Snake Plant","floor":25.0,"turns":3.0},{"damage":14.0,"enemies":"Shelled Parasite and Fungi","floor":27.0,"turns":4.0},{"damage":0.0,"enemies":"Centurion and Healer","floor":31.0,"turns":4.0},{"damage":0.0,"enemies":"Collector","floor":33.0,"turns":3.0},{"damage":0.0,"enemies":"3 Darklings","floor":35.0,"turns":3.0},{"damage":0.0,"enemies":"Orb Walker","floor":36.0,"turns":4.0},{"damage":0.0,"enemies":"Maw","floor":37.0,"turns":2.0},{"damage":1.0,"enemies":"Writhing Mass","floor":39.0,"turns":5.0},{"damage":1.0,"enemies":"Transient","floor":45.0,"turns":2.0},{"damage":46.0,"enemies":"Nemesis","floor":48.0,"turns":7.0},{"damage":0.0,"enemies":"Donu and Deca","floor":50.0,"turns":5.0},{"damage":0.0,"enemies":"Time Eater","floor":51.0,"turns":8.0},{"damage":1,"enemies":"Shield and Spear","floor":55,"turns":4},{"damage":32,"enemies":"The Heart","floor":56,"turns":8}],"seed_played":"180502489257134279","potions_obtained":[{"floor":2.0,"key":"SpeedPotion"},{"floor":13.0,"key":"Strength Potion"},{"floor":16.0,"key":"Weak Potion"},{"floor":21.0,"key":"Fire Potion"}],"is_trial":false,"path_per_floor":["M","M","$","?","M","R","?","R","T","R","M","$","M","M","R","B",null,"M","?","M","M","$","R","E","M","T","M","$","R","?","M","R","B",null,"M","M","M","$","M","R","?","R","T","R","M","?","$","E","R","B","B",null,"R","$","E","B",null],"character_chosen":"THE_SILENT","items_purchased":["Swift Potion","SpeedPotion","Dark Shackles"],"campfire_rested":0,"item_purchase_floors":[12,54,54],"current_hp_per_floor":[50,50,50,32,32,32,32,32,32,32,31,31,19,18,18,18,50,50,50,50,43,43,43,35,31,31,17,17,17,17,17,17,17,49,49,49,49,49,48,48,48,48,48,48,47,47,47,1,1,1,1,45,45,45,44,12],"gold":37,"neow_bonus":"RANDOM_COLORLESS_2","is_prod":false,"is_daily":false,"chose_seed":false,"campfire_upgraded":10,"win_rate":0,"timestamp":1551764694,"path_taken":["M","M","$","?","M","R","?","R","T","R","?","$","M","M","R","BOSS","M","?","?","M","$","R","E","M","T","M","$","R","?","?","R","BOSS","M","M","M","$","M","R","?","R","T","R","M","?","$","E","R","BOSS","BOSS","R","$","E","BOSS"],"build_version":"2019-01-23","purchased_purges":4,"victory":true,"max_hp_per_floor":[60,60,60,60,60,60,60,60,60,60,60,60,60,60,60,60,60,60,60,60,60,60,60,60,60,60,60,60,60,60,60,60,60,60,60,60,60,60,60,60,60,60,60,60,60,60,60,60,60,60,60,60,60,60,60,60],"card_choices":[{"not_picked":["Concentrate","Outmaneuver"],"picked":"Well Laid Plans","floor":1.0},{"not_picked":["Underhanded Strike","Deflect","Dodge and Roll"],"picked":"SKIP","floor":2.0},{"not_picked":["Cloak And Dagger","Dagger Throw"],"picked":"Caltrops","floor":5.0},{"not_picked":["Flying Knee","Unload","Underhanded Strike"],"picked":"SKIP","floor":11.0},{"not_picked":["Cloak And Dagger","Bane","Backflip"],"picked":"SKIP","floor":13.0},{"not_picked":["Masterful Stab","Concentrate","Eviscerate"],"picked":"SKIP","floor":14.0},{"not_picked":["Envenom","Die Die Die"],"picked":"Grand Finale","floor":16.0},{"not_picked":["Dagger Spray","Noxious Fumes","Quick Slash"],"picked":"SKIP","floor":18.0},{"not_picked":["Bane+1","Accuracy","Setup"],"picked":"SKIP","floor":20.0},{"not_picked":["Flechettes","Dagger Throw","Deadly Poison"],"picked":"SKIP","floor":21.0},{"not_picked":["Flechettes","Dagger Throw","Deadly Poison"],"picked":"SKIP","floor":21.0},{"not_picked":["Backstab","Expertise","Outmaneuver"],"picked":"SKIP","floor":24.0},{"not_picked":["Well Laid Plans+1","Sucker Punch","Crippling Poison"],"picked":"SKIP","floor":25.0},{"not_picked":["Heel Hook","Bullet Time","Dagger Spray"],"picked":"SKIP","floor":27.0},{"not_picked":["Cloak And Dagger+1","Accuracy+1","Prepared"],"picked":"SKIP","floor":31.0},{"not_picked":["Unload","Tools of the Trade+1"],"picked":"After Image+1","floor":33.0},{"not_picked":["Deflect+1","Sucker Punch","Dagger Spray"],"picked":"SKIP","floor":35.0},{"not_picked":["Masterful Stab+1","Flechettes+1","Dash"],"picked":"SKIP","floor":36.0},{"not_picked":["Reflex","Dagger Spray+1"],"picked":"Deflect","floor":37.0},{"not_picked":["Quick Slash+1","Calculated Gamble+1","Sucker Punch"],"picked":"SKIP","floor":39.0},{"not_picked":["Cloak And Dagger+1","Die Die Die","Escape Plan"],"picked":"SKIP","floor":45.0},{"not_picked":["Sucker Punch","Well Laid Plans+1","Escape Plan+1"],"picked":"SKIP","floor":48.0},{"not_picked":["Dagger Throw","Backstab+1","Flying Knee"],"picked":"SKIP","floor":55}],"player_experience":3323658,"relics_obtained":[{"floor":24.0,"key":"Frozen Egg 2"},{"floor":26.0,"key":"Boot"},{"floor":43.0,"key":"Juzu Bracelet"},{"floor":48.0,"key":"Centennial Puzzle"},{"floor":55,"key":"Pen Nib"}],"event_choices":[{"damage_healed":0.0,"max_hp_gain":0.0,"max_hp_loss":0.0,"gold_gain":0.0,"event_name":"Shining Light","player_choice":"Entered Light","floor":4.0,"gold_loss":0.0,"damage_taken":18.0,"cards_upgraded":["Neutralize","Survivor"]},{"cards_removed":["Defend_G"],"damage_healed":0.0,"max_hp_gain":0.0,"max_hp_loss":0.0,"gold_gain":0.0,"event_name":"Purifier","player_choice":"Purged","floor":7.0,"gold_loss":0.0,"damage_taken":0.0},{"damage_healed":0.0,"max_hp_gain":0.0,"max_hp_loss":0.0,"gold_gain":0.0,"cards_transformed":["Strike_G"],"event_name":"Transmorgrifier","player_choice":"Transformed","floor":19.0,"gold_loss":0.0,"damage_taken":0.0,"cards_obtained":["Well Laid Plans"]},{"damage_healed":0.0,"max_hp_gain":0.0,"max_hp_loss":0.0,"gold_gain":0.0,"event_name":"Upgrade Shrine","player_choice":"Upgraded","floor":30.0,"gold_loss":0.0,"damage_taken":0.0,"cards_upgraded":["Defend_G"]},{"damage_healed":0.0,"max_hp_gain":0.0,"max_hp_loss":0.0,"gold_gain":0.0,"cards_transformed":["Defend_G"],"event_name":"Transmorgrifier","player_choice":"Transformed","floor":41.0,"gold_loss":0.0,"damage_taken":0.0,"cards_obtained":["Backflip"]},{"damage_healed":0.0,"max_hp_gain":0.0,"max_hp_loss":0.0,"gold_gain":0.0,"event_name":"Match and Keep!","player_choice":"0 cards matched","floor":46.0,"gold_loss":0.0,"damage_taken":0.0,"cards_obtained":[]}],"is_beta":false,"boss_relics":[{"not_picked":["Calling Bell","WristBlade"],"picked":"Coffee Dripper"},{"not_picked":["Runic Dome","Philosopher\u0027s Stone","Fusion Hammer"]}],"items_purged_floors":[3,12,22,38],"is_endless":false,"potions_floor_spawned":[2,13,16,21,27,31,33,36,37,39],"ascension_level":20}