{"gold_per_floor":[117,42,52,62,62,94,94,94,148,148,161,186,286,300,300,403,403,421,332,99,112,127,127,153,153,153,153],"floor_reached":27,"playtime":6451,"items_purged":["Strike_R","Strike_R"],"score":279,"play_id":"694d1cb7-43d3-49ef-b4a7-1ec6a6e7367f","local_time":"20190806115602","is_ascension_mode":true,"campfire_choices":[{"data":"Armaments","floor":8,"key":"SMITH"},{"data":"Pommel Strike","floor":10,"key":"SMITH"},{"data":"Body Slam","floor":15,"key":"SMITH"},{"data":"Battle Trance","floor":23,"key":"SMITH"},{"data":"Metallicize","floor":25,"key":"SMITH"}],"neow_cost":"NONE","seed_source_timestamp":1368939139948554,"circlet_count":0,"master_deck":["Strike_R","Strike_R","Strike_R","Defend_R+1","Defend_R+1","Defend_R+1","Defend_R","Bash","Shockwave+1","Armaments+1","Pommel Strike+1","Power Through","Body Slam+1","Iron Wave","Secret Weapon","Battle Trance+1","Metallicize+1","Normality"],"relics":["Burning Blood","Red Skull","Smiling Mask","War Paint","Ancient Tea Set","Cursed Key","PreservedInsect","Turnip","Ginger"],"potions_floor_usage":[16,16,18,27,27],"damage_taken":[{"damage":9,"enemies":"2 Louse","floor":1,"turns":3},{"damage":7,"enemies":"Small Slimes","floor":3,"turns":4},{"damage":5,"enemies":"Cultist","floor":4,"turns":4},{"damage":28,"enemies":"Gremlin Nob","floor":6,"turns":5},{"damage":0,"enemies":"Red Slaver","floor":11,"turns":3},{"damage":10,"enemies":"Lagavulin","floor":12,"turns":6},{"damage":0,"enemies":"3 Louse","floor":14,"turns":4},{"damage":24,"enemies":"The Guardian","floor":16,"turns":9},{"damage":14,"enemies":"2 Thieves","floor":18,"turns":4},{"damage":6,"enemies":"Spheric Guardian","floor":21,"turns":4},{"damage":0,"enemies":"Snake Plant","floor":22,"turns":4},{"damage":0,"enemies":"Slavers","floor":24,"turns":6},{"damage":90,"enemies":"Gremlin Leader","floor":27,"turns":8}],"seed_played":"4084998637852490122","potions_obtained":[{"floor":3,"key":"Dexterity Potion"},{"floor":12,"key":"Dexterity Potion"},{"floor":16,"key":"Block Potion"},{"floor":22,"key":"SkillPotion"},{"floor":24,"key":"Weak Potion"}],"is_trial":false,"path_per_floor":["M","$","M","M","?","E","?","R","T","R","M","E","?","M","R","B",null,"M","?","$","M","M","R","E","R","T","E"],"character_chosen":"IRONCLAD","items_purchased":["Secret Weapon"],"campfire_rested":0,"item_purchase_floors":[20],"current_hp_per_floor":[85,85,84,85,67,45,38,38,38,38,44,40,40,46,46,28,88,80,80,80,80,86,86,88,88,88,0],"gold":153,"neow_bonus":"TEN_PERCENT_HP_BONUS","is_prod":false,"is_daily":false,"chose_seed":false,"campfire_upgraded":5,"win_rate":0,"timestamp":1565085362,"path_taken":["M","$","M","M","?","E","?","R","T","R","M","E","?","M","R","BOSS","M","?","$","?","M","R","E","R","T","E"],"build_version":"2019-07-17","purchased_purges":2,"victory":false,"max_hp_per_floor":[88,88,88,88,88,88,88,88,88,88,88,88,88,88,88,88,88,88,88,88,88,88,88,88,88,88,88],"card_choices":[{"not_picked":["Thunderclap","Pommel Strike"],"picked":"Shockwave","floor":1},{"not_picked":["Wild Strike","Thunderclap"],"picked":"Armaments","floor":3},{"not_picked":["Warcry","Ghostly Armor","Thunderclap"],"picked":"SKIP","floor":4},{"not_picked":["Double Tap","Uppercut"],"picked":"Pommel Strike","floor":6},{"not_picked":["Anger","Armaments"],"picked":"Power Through","floor":11},{"not_picked":["Warcry","Pommel Strike"],"picked":"Body Slam","floor":12},{"not_picked":["Twin Strike","Flex"],"picked":"Iron Wave","floor":14},{"not_picked":["Pommel Strike","Thunderclap","Twin Strike+1"],"picked":"SKIP","floor":18},{"not_picked":["Havoc+1","Searing Blow"],"picked":"Battle Trance","floor":21},{"not_picked":["Shockwave","Thunderclap"],"picked":"Metallicize","floor":22},{"not_picked":["Pommel Strike","Uppercut","Heavy Blade"],"picked":"SKIP","floor":24}],"player_experience":154695,"relics_obtained":[{"floor":6,"key":"Red Skull"},{"floor":9,"key":"War Paint"},{"floor":12,"key":"Ancient Tea Set"},{"floor":24,"key":"Turnip"},{"floor":26,"key":"Ginger"}],"event_choices":[{"damage_healed":0,"gold_gain":0,"player_choice":"Entered Light","damage_taken":18,"max_hp_gain":0,"max_hp_loss":0,"event_name":"Shining Light","floor":5,"gold_loss":0,"cards_upgraded":["Defend_R","Shockwave"]},{"damage_healed":0,"gold_gain":0,"player_choice":"Success","damage_taken":7,"relics_obtained":["Smiling Mask"],"max_hp_gain":0,"max_hp_loss":0,"event_name":"Scrap Ooze","floor":7,"gold_loss":0},{"damage_healed":0,"gold_gain":100,"player_choice":"Pray","damage_taken":0,"max_hp_gain":0,"max_hp_loss":0,"event_name":"Golden Shrine","floor":13,"gold_loss":0},{"damage_healed":0,"gold_gain":0,"player_choice":"Paid Gold","damage_taken":0,"relics_obtained":["PreservedInsect"],"max_hp_gain":0,"max_hp_loss":0,"event_name":"WeMeetAgain","floor":19,"gold_loss":89}],"is_beta":false,"boss_relics":[{"not_picked":["Sozu","White Beast Statue"],"picked":"Cursed Key"}],"items_purged_floors":[2,20],"is_endless":false,"potions_floor_spawned":[3,12,16,22,24],"killed_by":"Gremlin Leader","ascension_level":1}