{"gold_per_floor":[117,127,140,6,25,25,40,65,113,130,130,142,157,169,169,169],"floor_reached":16,"playtime":614,"items_purged":[],"score":216,"play_id":"2717401d-c226-49be-8d76-91d56f24ce62","local_time":"20190301112939","is_ascension_mode":true,"campfire_choices":[{"data":"Deadly Poison","floor":6.0,"key":"SMITH"},{"data":"Well Laid Plans","floor":11.0,"key":"SMITH"},{"data":"Bouncing Flask","floor":15.0,"key":"SMITH"}],"neow_cost":"TEN_PERCENT_HP_LOSS","seed_source_timestamp":6512694580860,"circlet_count":0,"master_deck":["AscendersBane","Defend_G","Defend_G+1","Defend_G","Defend_G","Defend_G+1","Strike_G","Strike_G","Strike_G","Strike_G","Strike_G","Survivor","Neutralize","Sadistic Nature","Impatience","Riddle With Holes","Well Laid Plans+1","Deadly Poison+1","Predator","Venomology","Deadly Poison","Bouncing Flask+1"],"special_seed":0,"relics":["Ring of the Snake","Frozen Egg 2","War Paint"],"potions_floor_usage":[],"damage_taken":[{"damage":0.0,"enemies":"Cultist","floor":1.0,"turns":4.0},{"damage":0.0,"enemies":"2 Louse","floor":2.0,"turns":3.0},{"damage":0.0,"enemies":"Small Slimes","floor":3.0,"turns":4.0},{"damage":11.0,"enemies":"Red Slaver","floor":5.0,"turns":5.0},{"damage":1.0,"enemies":"Looter","floor":7.0,"turns":3.0},{"damage":13.0,"enemies":"Lagavulin","floor":8.0,"turns":8.0},{"damage":6.0,"enemies":"Blue Slaver","floor":10.0,"turns":4.0},{"damage":0.0,"enemies":"Exordium Wildlife","floor":12.0,"turns":1.0},{"damage":18.0,"enemies":"Lots of Slimes","floor":13.0,"turns":6.0},{"damage":0.0,"enemies":"2 Fungi Beasts","floor":14.0,"turns":3.0},{"damage":0,"enemies":"The Guardian","floor":16,"turns":1}],"seed_played":"-1177145612596838069","potions_obtained":[{"floor":1.0,"key":"GamblersBrew"},{"floor":2.0,"key":"Swift Potion"},{"floor":10.0,"key":"Poison Potion"},{"floor":12.0,"key":"Ancient Potion"},{"floor":14.0,"key":"SmokeBomb"}],"is_trial":false,"path_per_floor":["M","M","M","$","M","R","M","E","T","M","R","M","M","M","R","B"],"character_chosen":"THE_SILENT","items_purchased":["Well Laid Plans","Deadly Poison"],"campfire_rested":0,"item_purchase_floors":[4,4],"current_hp_per_floor":[59,59,59,59,48,48,47,34,34,28,28,28,10,10,10,10],"gold":169,"neow_bonus":"RANDOM_COLORLESS_2","is_prod":false,"is_daily":false,"chose_seed":false,"campfire_upgraded":3,"win_rate":0,"timestamp":1551410979,"path_taken":["M","M","M","$","M","R","M","E","T","M","R","M","M","M","R","BOSS"],"build_version":"2019-01-23","purchased_purges":0,"victory":false,"max_hp_per_floor":[60,60,60,60,60,60,60,60,60,60,60,60,60,60,60,60],"card_choices":[{"not_picked":["Skewer","Prepared","Quick Slash"],"picked":"SKIP","floor":1.0},{"not_picked":["Slice","Blade Dance"],"picked":"Riddle With Holes","floor":2.0},{"not_picked":["Sucker Punch","Underhanded Strike","PiercingWail"],"picked":"SKIP","floor":3.0},{"not_picked":["Quick Slash","Prepared","Blade Dance"],"picked":"SKIP","floor":5.0},{"not_picked":["Underhanded Strike","Predator","PiercingWail"],"picked":"SKIP","floor":7.0},{"not_picked":["Underhanded Strike","PiercingWail"],"picked":"Predator","floor":7.0},{"not_picked":["Poisoned Stab","Dash"],"picked":"Venomology","floor":8.0},{"not_picked":["Flying Knee","Bane","Distraction"],"picked":"SKIP","floor":10.0},{"not_picked":["Blur","Riddle With Holes"],"picked":"Deadly Poison","floor":12.0},{"not_picked":["Quick Slash","Poisoned Stab"],"picked":"Bouncing Flask","floor":13.0},{"not_picked":["Cloak And Dagger","Dodge and Roll","Deflect"],"picked":"SKIP","floor":14.0}],"player_experience":3254039,"relics_obtained":[{"floor":8.0,"key":"Frozen Egg 2"},{"floor":9.0,"key":"War Paint"}],"event_choices":[],"is_beta":false,"boss_relics":[],"items_purged_floors":[],"is_endless":false,"potions_floor_spawned":[1,2,10,12,14],"killed_by":"The Guardian","ascension_level":20}