{"gold_per_floor":[117,292,25,25,25,43,43,63,88,107,118,118,131,131,131,209,209,224,139,150,161,161,161,61,61,61,86,86,96,96,115,115,188,188,207,207,207,207,221,221,241,88,113,129,129,351,351,371,371,371],"floor_reached":51,"playtime":3713,"items_purged":["Doubt","Strike_R"],"score":1092,"play_id":"bab3ecc2-978d-4668-9efd-0f7219c02bb2","local_time":"20190801193437","is_ascension_mode":true,"campfire_choices":[{"data":"Apotheosis","floor":7.0,"key":"SMITH"},{"floor":15.0,"key":"REST"},{"data":"Demon Form","floor":23,"key":"SMITH"},{"floor":25,"key":"REST"},{"floor":28,"key":"REST"},{"floor":30,"key":"REST"},{"data":"Brutality","floor":32,"key":"SMITH"},{"data":"Dark Shackles","floor":40,"key":"SMITH"},{"floor":45,"key":"REST"},{"data":"Disarm","floor":47,"key":"SMITH"},{"data":"Pommel Strike","floor":49,"key":"SMITH"}],"neow_cost":"NONE","seed_source_timestamp":0,"circlet_count":0,"master_deck":["AscendersBane","Strike_R","Defend_R","Defend_R","Defend_R","Defend_R","Bash+1","Pummel","Inflame+1","Apotheosis+1","Demon Form+1","Pommel Strike+1","Iron Wave","Shrug It Off","Impervious","Disarm+1","Impervious","Ghostly Armor","Flame Barrier","Brutality+1","Impervious","Dark Shackles+1","Sword Boomerang","Heavy Blade"],"special_seed":0,"relics":["Burning Blood","Regal Pillow","Mark of Pain","Boot","Happy Flower","Red Mask","Velvet Choker","Bag of Preparation","Orichalcum"],"potions_floor_usage":[27,33,33,50],"damage_taken":[{"damage":1.0,"enemies":"2 Louse","floor":1.0,"turns":5.0},{"damage":7.0,"enemies":"Jaw Worm","floor":6.0,"turns":4.0},{"damage":12.0,"enemies":"Small Slimes","floor":8.0,"turns":4.0},{"damage":5.0,"enemies":"Blue Slaver","floor":10.0,"turns":3.0},{"damage":0.0,"enemies":"Looter","floor":11.0,"turns":4.0},{"damage":8.0,"enemies":"3 Louse","floor":13.0,"turns":4.0},{"damage":27.0,"enemies":"Slime Boss","floor":16.0,"turns":8.0},{"damage":5,"enemies":"Chosen","floor":18,"turns":6},{"damage":22,"enemies":"Spheric Guardian","floor":20,"turns":5},{"damage":11,"enemies":"Snake Plant","floor":21,"turns":6},{"damage":34,"enemies":"Masked Bandits","floor":27,"turns":6},{"damage":45,"enemies":"3 Cultists","floor":29,"turns":8},{"damage":19,"enemies":"Cultist and Chosen","floor":31,"turns":7},{"damage":20,"enemies":"Collector","floor":33,"turns":8},{"damage":11,"enemies":"3 Shapes","floor":35,"turns":4},{"damage":3,"enemies":"Orb Walker","floor":39,"turns":4},{"damage":12,"enemies":"Transient","floor":41,"turns":5},{"damage":6,"enemies":"3 Darklings","floor":44,"turns":5},{"damage":5,"enemies":"4 Shapes","floor":48,"turns":6},{"damage":7,"enemies":"Donu and Deca","floor":50,"turns":8}],"seed_played":"-6258003165335330049","potions_obtained":[{"floor":1.0,"key":"EssenceOfSteel"},{"floor":11.0,"key":"GamblersBrew"},{"floor":13.0,"key":"Regen Potion"},{"floor":20,"key":"PowerPotion"},{"floor":31,"key":"Energy Potion"},{"floor":44,"key":"PowerPotion"},{"floor":48,"key":"Explosive Potion"}],"is_trial":false,"path_per_floor":["M","?","$","?","?","M","R","M","T","M","M","?","M","?","R","B",null,"M","?","M","M","?","R","$","R","T","?","R","M","R","M","R","B",null,"M","?","?","?","M","R","M","$","T","M","R","?","R","M","R","B",null],"character_chosen":"IRONCLAD","items_purchased":["Apotheosis","Bag of Preparation"],"campfire_rested":5,"item_purchase_floors":[3,42],"current_hp_per_floor":[77,77,77,70,70,69,69,63,63,64,70,54,52,57,85,78,83,84,84,68,63,63,63,63,85,85,57,85,46,85,72,72,58,78,73,73,63,63,66,66,60,60,60,60,85,85,85,85,85,84],"gold":371,"neow_bonus":"TRANSFORM_CARD","is_prod":false,"is_daily":false,"chose_seed":false,"campfire_upgraded":6,"win_rate":0,"timestamp":1564706077,"path_taken":["M","?","$","?","?","M","R","M","T","M","?","?","M","?","R","BOSS","M","?","M","M","?","R","$","R","T","?","R","M","R","M","R","BOSS","M","?","?","?","M","R","M","$","T","?","R","?","R","M","R","BOSS"],"build_version":"2019-07-17","purchased_purges":2,"victory":true,"max_hp_per_floor":[80,80,80,80,80,80,80,80,80,80,80,80,80,85,85,85,85,85,85,85,85,85,85,85,85,85,85,85,85,85,85,85,85,85,85,85,85,85,85,85,85,85,85,85,85,85,85,85,85,85],"card_choices":[{"not_picked":["Metallicize","Flame Barrier"],"picked":"Inflame","floor":1.0},{"not_picked":["Cleave","Uppercut"],"picked":"Pommel Strike","floor":6.0},{"not_picked":["Inflame","Clothesline"],"picked":"Iron Wave","floor":8.0},{"not_picked":["Sword Boomerang","Body Slam"],"picked":"Shrug It Off","floor":10.0},{"not_picked":["Whirlwind","Battle Trance"],"picked":"Impervious","floor":11.0},{"not_picked":["Flex","Carnage"],"picked":"Disarm","floor":13.0},{"not_picked":["Feed","Exhume"],"picked":"Impervious","floor":16.0},{"not_picked":["Pommel Strike","Clash","Searing Blow"],"picked":"SKIP","floor":18},{"not_picked":["Inflame+1","Carnage"],"picked":"Ghostly Armor","floor":20},{"not_picked":["Searing Blow","Warcry","Clothesline"],"picked":"SKIP","floor":21},{"not_picked":["Pommel Strike","Armaments"],"picked":"Flame Barrier","floor":29},{"not_picked":["Perfected Strike+1","Pommel Strike"],"picked":"Brutality","floor":31},{"not_picked":["Brutality","Bludgeon"],"picked":"Impervious","floor":33},{"not_picked":["Inflame","Havoc","Entrench"],"picked":"SKIP","floor":35},{"not_picked":["Deep Breath","The Bomb"],"picked":"Dark Shackles","floor":37},{"not_picked":["Clash","Cleave","Clothesline"],"picked":"SKIP","floor":39},{"not_picked":["Thunderclap","Anger"],"picked":"Sword Boomerang","floor":41},{"not_picked":["Searing Blow","Heavy Blade","True Grit"],"picked":"SKIP","floor":44},{"not_picked":["Spot Weakness","Anger"],"picked":"Heavy Blade","floor":48}],"player_experience":412671,"relics_obtained":[{"floor":9.0,"key":"Regal Pillow"},{"floor":26,"key":"Happy Flower"},{"floor":27,"key":"Red Mask"},{"floor":43,"key":"Orichalcum"}],"event_choices":[{"damage_healed":0.0,"max_hp_gain":0.0,"max_hp_loss":0.0,"gold_gain":175.0,"event_name":"Liars Game","player_choice":"AGREE","floor":2.0,"gold_loss":0.0,"damage_taken":0.0,"cards_obtained":["Doubt"]},{"cards_removed":["Strike_R"],"damage_healed":0.0,"max_hp_gain":0.0,"max_hp_loss":0.0,"gold_gain":0.0,"event_name":"Golden Wing","player_choice":"Card Removal","floor":4.0,"gold_loss":0.0,"damage_taken":7.0},{"damage_healed":0.0,"max_hp_gain":0.0,"max_hp_loss":0.0,"gold_gain":0.0,"event_name":"Match and Keep!","player_choice":"1 cards matched","floor":5.0,"gold_loss":0.0,"damage_taken":0.0,"cards_obtained":["Demon Form"]},{"damage_healed":0.0,"max_hp_gain":0.0,"max_hp_loss":0.0,"gold_gain":0.0,"event_name":"Shining Light","player_choice":"Entered Light","floor":12.0,"gold_loss":0.0,"damage_taken":16.0,"cards_upgraded":["Inflame","Bash"]},{"damage_healed":0.0,"max_hp_gain":5.0,"max_hp_loss":0.0,"gold_gain":0.0,"event_name":"Big Fish","player_choice":"Donut","floor":14.0,"gold_loss":0.0,"damage_taken":0.0},{"damage_healed":0,"gold_gain":0,"player_choice":"Obtained Relic","damage_taken":0,"relics_obtained":["Boot"],"max_hp_gain":0,"max_hp_loss":0,"event_name":"Addict","floor":19,"gold_loss":85},{"damage_healed":0,"gold_gain":0,"player_choice":"Ignored","damage_taken":0,"max_hp_gain":0,"max_hp_loss":0,"event_name":"Ghosts","floor":22,"gold_loss":0},{"damage_healed":0,"gold_gain":0,"player_choice":"Fought Bandits","damage_taken":0,"max_hp_gain":0,"max_hp_loss":0,"event_name":"Masked Bandits","floor":27,"gold_loss":0},{"damage_healed":0,"gold_gain":0,"player_choice":"Ignored","damage_taken":0,"max_hp_gain":0,"max_hp_loss":0,"event_name":"Mysterious Sphere","floor":36,"gold_loss":0},{"damage_healed":0,"gold_gain":0,"player_choice":"Memory 3","damage_taken":10,"max_hp_gain":0,"max_hp_loss":0,"event_name":"SensoryStone","floor":37,"gold_loss":0},{"cards_removed":["Strike_R"],"damage_healed":0,"gold_gain":0,"player_choice":"Removed Attack","damage_taken":0,"max_hp_gain":0,"max_hp_loss":0,"event_name":"Falling","floor":38,"gold_loss":0},{"damage_healed":0,"gold_gain":222,"player_choice":"Wore Mask","damage_taken":0,"max_hp_gain":0,"max_hp_loss":0,"event_name":"Tomb of Lord Red Mask","floor":46,"gold_loss":0}],"is_beta":false,"boss_relics":[{"not_picked":["Coffee Dripper","Runic Pyramid"],"picked":"Mark of Pain"},{"not_picked":["Black Blood","Eternal Feather"],"picked":"Velvet Choker"}],"items_purged_floors":[3,24],"is_endless":false,"potions_floor_spawned":[1,11,13,16,20,31,44,48],"ascension_level":13}