{"gold_per_floor":[119,119,65,15,33,63,63,82,112,129,155,167,192,210,210,314,364,375,375,395,406,237,237,157,188,213,245,245,245,273,283,283,380,380,394,8,0,0,19,45,45,72,96,96,129,129,163,176,176,176],"floor_reached":51,"playtime":1698,"items_purged":["Strike_B","Strike_B"],"score":1356,"play_id":"9edf60d1-a859-490c-8cda-cdee7becfcc0","local_time":"20181008150407","is_ascension_mode":true,"campfire_choices":[{"data":"Zap","floor":7,"key":"SMITH"},{"floor":15,"key":"REST"},{"data":"Go for the Eyes","floor":23,"key":"SMITH"},{"data":"Dualcast","floor":29,"key":"SMITH"},{"data":"Scrape","floor":32,"key":"SMITH"},{"data":"Beam Cell","floor":41,"key":"SMITH"},{"data":"Skim","floor":46,"key":"SMITH"},{"data":"Glacier","floor":49,"key":"SMITH"}],"neow_cost":"NONE","seed_source_timestamp":521688862823340,"circlet_count":0,"master_deck":["Strike_B","Strike_B","Defend_B","Defend_B","Defend_B","Defend_B","Zap+1","Dualcast+1","Go for the Eyes+1","Gash","Sweeping Beam","Gash","Scrape+1","Glacier+1","Go for the Eyes+1","Gash","Gash","Echo Form","Self Repair","Chill+1","Beam Cell+1","Skim+1","All For One","Hologram+1","Conserve Battery+1","Buffer+1","Gash+1","Scrape+1","Apotheosis+1","Turbo+1","Coolheaded+1","Defragment+1"],"relics":["Cracked Core","Boot","Mummified Hand","Tiny Chest","Vajra","The Courier","Tiny House","Letter Opener","Dream Catcher","Frozen Egg 2","Toxic Egg 2","Ornamental Fan","Coffee Dripper","Bottled Tornado","Red Mask","Bird Faced Urn","Strawberry","PreservedInsect","Matryoshka","Potion Belt"],"potions_floor_usage":[11,13,18,25,25,25,30,33,33,35,48,50,50],"damage_taken":[{"damage":3,"enemies":"2 Louse","floor":1,"turns":2},{"damage":0,"enemies":"Small Slimes","floor":5,"turns":3},{"damage":37,"enemies":"Lagavulin","floor":6,"turns":6},{"damage":2,"enemies":"Jaw Worm","floor":8,"turns":3},{"damage":10,"enemies":"Exordium Thugs","floor":10,"turns":4},{"damage":5,"enemies":"3 Sentries","floor":11,"turns":2},{"damage":6,"enemies":"Looter","floor":12,"turns":2},{"damage":0,"enemies":"Lagavulin","floor":13,"turns":4},{"damage":0,"enemies":"2 Fungi Beasts","floor":14,"turns":2},{"damage":0,"enemies":"Slime Boss","floor":16,"turns":6},{"damage":11,"enemies":"Spheric Guardian","floor":18,"turns":3},{"damage":0,"enemies":"3 Byrds","floor":20,"turns":4},{"damage":13,"enemies":"Centurion and Healer","floor":21,"turns":6},{"damage":10,"enemies":"Book of Stabbing","floor":25,"turns":6},{"damage":26,"enemies":"Gremlin Leader","floor":27,"turns":6},{"damage":26,"enemies":"Slavers","floor":30,"turns":6},{"damage":11,"enemies":"Snake Plant","floor":31,"turns":4},{"damage":45,"enemies":"Automaton","floor":33,"turns":7},{"damage":9,"enemies":"3 Shapes","floor":35,"turns":4},{"damage":6,"enemies":"Orb Walker","floor":39,"turns":3},{"damage":11,"enemies":"2 Orb Walkers","floor":40,"turns":3},{"damage":10,"enemies":"Nemesis","floor":42,"turns":5},{"damage":19,"enemies":"2 Orb Walkers","floor":45,"turns":4},{"damage":1,"enemies":"Giant Head","floor":47,"turns":5},{"damage":0,"enemies":"Reptomancer","floor":48,"turns":5},{"damage":11,"enemies":"Donu and Deca","floor":50,"turns":7}],"seed_played":"-7158631658046905476","potions_obtained":[{"floor":10,"key":"PowerPotion"},{"floor":11,"key":"AttackPotion"},{"floor":12,"key":"Fire Potion"},{"floor":13,"key":"SneckoOil"},{"floor":14,"key":"Block Potion"},{"floor":17,"key":"EntropicBrew"},{"floor":18,"key":"SpeedPotion"},{"floor":25,"key":"Fire Potion"},{"floor":27,"key":"Regen Potion"},{"floor":31,"key":"Dexterity Potion"},{"floor":35,"key":"Poison Potion"},{"floor":47,"key":"FocusPotion"},{"floor":48,"key":"Fruit Juice"}],"is_trial":false,"path_per_floor":["M","?","$","$","M","E","R","M","T","M","E","M","E","M","R","B",null,"M","?","M","M","$","R","$","E","T","E","T","R","E","M","R","B",null,"M","$","?","$","M","E","R","E","T","?","E","R","E","M","R","B"],"character_chosen":"DEFECT","items_purchased":["Go for the Eyes","Gash","All For One","Scrape","Bottled Tornado","Apotheosis+1"],"campfire_rested":1,"item_purchase_floors":[3,4,22,36,36,36],"current_hp_per_floor":[65,65,65,65,65,28,28,26,26,16,11,5,5,5,27,27,68,64,64,71,72,72,72,72,76,76,57,57,57,53,49,49,11,63,61,61,61,61,65,61,61,73,73,73,56,56,85,92,92,89],"gold":176,"neow_bonus":"RANDOM_COMMON_RELIC","is_prod":false,"is_daily":false,"chose_seed":false,"campfire_upgraded":7,"win_rate":0,"timestamp":1538982247,"path_taken":["M","?","?","$","M","E","R","M","T","M","E","M","E","M","R","BOSS","M","?","?","M","$","R","$","E","T","E","?","R","E","M","R","BOSS","M","$","?","$","M","E","R","E","T","?","E","R","E","M","R","BOSS"],"build_version":"2018-10-04v2","purchased_purges":2,"victory":true,"max_hp_per_floor":[75,75,75,75,75,75,75,75,75,75,75,75,75,75,75,75,80,80,80,80,80,80,80,80,80,80,80,80,80,80,80,80,80,80,80,80,80,80,80,80,80,87,87,87,87,87,87,92,92,92],"card_choices":[{"not_picked":["Barrage","Stack","Aggregate"],"picked":"SKIP","floor":1},{"not_picked":["Turbo","Darkness"],"picked":"Sweeping Beam","floor":5},{"not_picked":["Barrage","Capacitor"],"picked":"Gash","floor":6},{"not_picked":["Machine Learning","Glacier"],"picked":"Scrape","floor":8},{"not_picked":["Blizzard","Auto Shields","Consume"],"picked":"SKIP","floor":10},{"not_picked":["Coolheaded","Redo"],"picked":"Glacier","floor":11},{"not_picked":["Darkness","Rip and Tear"],"picked":"Go for the Eyes","floor":12},{"not_picked":["Leap","Turbo"],"picked":"Gash","floor":13},{"not_picked":["Reinforced Body","Consume"],"picked":"Gash","floor":14},{"not_picked":["Thunder Strike","Multi-Cast"],"picked":"Echo Form","floor":16},{"not_picked":["Conserve Battery","Chill"],"picked":"Self Repair","floor":17},{"not_picked":["Compile Driver","Melter"],"picked":"Chill+1","floor":18},{"not_picked":["Turbo","Ball Lightning+1"],"picked":"Beam Cell","floor":20},{"not_picked":["Gash","Rebound+1"],"picked":"Skim","floor":21},{"not_picked":["Skim+1","Consume+1","Machine Learning"],"picked":"SKIP","floor":25},{"not_picked":["Loop+1","Storm"],"picked":"Hologram+1","floor":27},{"not_picked":["Capacitor+1","Rip and Tear","Rebound"],"picked":"SKIP","floor":30},{"not_picked":["Ball Lightning+1","Double Energy+1"],"picked":"Conserve Battery+1","floor":31},{"not_picked":["Creative AI+1","Reboot+1"],"picked":"Buffer+1","floor":33},{"not_picked":["Chill+1","Leap+1"],"picked":"Gash+1","floor":35},{"not_picked":["Double Energy+1","Ball Lightning"],"picked":"Turbo+1","floor":39},{"not_picked":["Rebound","Go for the Eyes","Turbo+1"],"picked":"SKIP","floor":40},{"not_picked":["Recycle+1","Glacier+1","Lockon"],"picked":"SKIP","floor":42},{"not_picked":["BootSequence+1","Lockon+1"],"picked":"Coolheaded+1","floor":45},{"not_picked":["Stack+1","Amplify+1","Go for the Eyes"],"picked":"SKIP","floor":47},{"not_picked":["Rip and Tear","Sweeping Beam"],"picked":"Defragment+1","floor":48}],"player_experience":240643,"relics_obtained":[{"floor":6,"key":"Mummified Hand"},{"floor":9,"key":"Tiny Chest"},{"floor":11,"key":"Vajra"},{"floor":13,"key":"The Courier"},{"floor":25,"key":"Letter Opener"},{"floor":26,"key":"Dream Catcher"},{"floor":27,"key":"Frozen Egg 2"},{"floor":28,"key":"Toxic Egg 2"},{"floor":30,"key":"Ornamental Fan"},{"floor":40,"key":"Bird Faced Urn"},{"floor":42,"key":"Strawberry"},{"floor":43,"key":"PreservedInsect"},{"floor":45,"key":"Matryoshka"},{"floor":47,"key":"Potion Belt"}],"event_choices":[{"event_name":"Liars Game","player_choice":"disagreed","floor":2,"damage_taken":0},{"event_name":"Vampires","player_choice":"Ignored","floor":19,"damage_taken":0},{"event_name":"Tomb of Lord Red Mask","player_choice":"Paid","floor":37,"damage_taken":0},{"event_name":"Accursed Blacksmith","player_choice":"Forge","floor":44,"damage_taken":0}],"is_beta":false,"boss_relics":[{"not_picked":["Fusion Hammer","Snecko Eye"],"picked":"Tiny House"},{"not_picked":["Philosopher\u0027s Stone","Velvet Choker"],"picked":"Coffee Dripper"}],"items_purged_floors":[22,24],"is_endless":false,"potions_floor_spawned":[10,11,12,13,14,16,18,25,27,31,35,47,48],"ascension_level":9}