{"gold_per_floor":[117,117,127,16,29,29,61,61,61,136,136,154,194,218,218,349,349,374,374,395,395,410,410,31,64,87,106,106,106,43,64,64,194,257,273,198,223,246,62,62,62,98,124,52,52,385,385,404,404,404],"floor_reached":51,"playtime":1689,"items_purged":["Strike_B","Aggregate","Redo","Zap","Cold Snap+1"],"score":1028,"play_id":"77ac9bde-6c15-4ca3-b3be-e68b6191e42d","local_time":"20190614023758","is_ascension_mode":false,"campfire_choices":[{"data":"Sunder","floor":6.0,"key":"SMITH"},{"data":"Consume","floor":11.0,"key":"SMITH"},{"data":"Capacitor","floor":15.0,"key":"SMITH"},{"data":"Dualcast","floor":23,"key":"SMITH"},{"data":"Turbo","floor":28,"key":"SMITH"},{"data":"Defragment","floor":32,"key":"SMITH"},{"data":"Recycle","floor":40,"key":"SMITH"},{"data":"Fission","floor":45,"key":"SMITH"},{"data":"Rainbow","floor":47,"key":"SMITH"},{"data":"White Noise","floor":49,"key":"SMITH"}],"neow_cost":"PERCENT_DAMAGE","seed_source_timestamp":50897296408723,"circlet_count":0,"master_deck":["Dualcast+1","White Noise+1","Fission+1","Genetic Algorithm+1","Consume+1","Sunder+1","Chill","Turbo+1","Capacitor+1","Chill","Hyperbeam+1","Reboot","Self Repair","Turbo+1","Skim+1","Defragment+1","Creative AI","Recycle+1","Rainbow+1","Skim+1"],"special_seed":0,"relics":["Cracked Core","Bird Faced Urn","Orichalcum","Molten Egg 2","Mercury Hourglass","Pandora\u0027s Box","Anchor","Membership Card","Mummified Hand","Bottled Lightning","Whetstone","Tiny House","OrangePellets","Art of War","Regal Pillow","Bag of Preparation"],"potions_floor_usage":[50,50,50],"damage_taken":[{"damage":1.0,"enemies":"Jaw Worm","floor":1.0,"turns":4.0},{"damage":1.0,"enemies":"2 Louse","floor":3.0,"turns":5.0},{"damage":0.0,"enemies":"Small Slimes","floor":5.0,"turns":2.0},{"damage":4.0,"enemies":"Gremlin Nob","floor":7.0,"turns":3.0},{"damage":1.0,"enemies":"Exordium Wildlife","floor":12.0,"turns":3.0},{"damage":13.0,"enemies":"Lagavulin","floor":13.0,"turns":7.0},{"damage":3.0,"enemies":"Exordium Thugs","floor":14.0,"turns":5.0},{"damage":0.0,"enemies":"Hexaghost","floor":16.0,"turns":8.0},{"damage":6.0,"enemies":"Shell Parasite","floor":18.0,"turns":6.0},{"damage":14,"enemies":"2 Thieves","floor":20,"turns":4},{"damage":0,"enemies":"Centurion and Healer","floor":22,"turns":3},{"damage":0,"enemies":"Gremlin Leader","floor":25,"turns":4},{"damage":0,"enemies":"Cultist and Chosen","floor":27,"turns":2},{"damage":0,"enemies":"Snake Plant","floor":31,"turns":2},{"damage":0,"enemies":"Collector","floor":33,"turns":7},{"damage":0,"enemies":"3 Shapes","floor":35,"turns":1},{"damage":0,"enemies":"Orb Walker","floor":37,"turns":2},{"damage":0,"enemies":"3 Darklings","floor":38,"turns":1},{"damage":0,"enemies":"Giant Head","floor":42,"turns":4},{"damage":0,"enemies":"Transient","floor":48,"turns":5},{"damage":0,"enemies":"Time Eater","floor":50,"turns":9}],"seed_played":"-4256380313950342869","potions_obtained":[{"floor":1.0,"key":"Swift Potion"},{"floor":3.0,"key":"EssenceOfSteel"},{"floor":7.0,"key":"Weak Potion"},{"floor":13.0,"key":"Energy Potion"},{"floor":37,"key":"EntropicBrew"}],"is_trial":false,"path_per_floor":["M","?","M","$","M","R","E","?","T","?","R","M","E","M","R","B",null,"M","?","M","T","M","R","$","E","T","M","R","?","$","M","R","B",null,"M","$","M","M","$","R","?","E","T","$","R","?","R","M","R","B",null],"character_chosen":"DEFECT","items_purchased":["Sunder","Membership Card","Mummified Hand","OrangePellets","Bag of Preparation"],"campfire_rested":0,"item_purchase_floors":[4,24,24,39,44],"current_hp_per_floor":[53,28,39,39,41,41,39,39,39,28,28,29,20,25,25,29,69,69,69,62,62,69,69,69,69,69,69,69,69,69,69,69,69,74,74,74,74,74,74,74,74,74,74,74,74,74,74,74,74,74],"gold":404,"neow_bonus":"TRANSFORM_TWO_CARDS","is_prod":false,"is_daily":false,"chose_seed":false,"campfire_upgraded":10,"win_rate":0,"timestamp":1560451078,"path_taken":["M","?","M","$","M","R","E","?","T","?","R","M","E","?","R","BOSS","M","?","M","?","?","R","?","E","T","M","R","?","$","M","R","BOSS","M","$","M","?","$","R","?","E","T","?","R","?","R","M","R","BOSS"],"build_version":"2019-01-23","purchased_purges":5,"victory":true,"max_hp_per_floor":[75,75,75,75,75,75,75,69,69,69,69,69,69,69,69,69,69,69,69,69,69,69,69,69,69,69,69,69,69,69,69,69,69,74,74,74,74,74,74,74,74,74,74,74,74,74,74,74,74,74],"card_choices":[{"not_picked":["Glacier","Redo"],"picked":"Genetic Algorithm","floor":1.0},{"not_picked":["Doom and Gloom","Barrage"],"picked":"Consume","floor":3.0},{"not_picked":["Go for the Eyes","Beam Cell"],"picked":"Chill","floor":5.0},{"not_picked":["Redo","Force Field"],"picked":"Turbo","floor":7.0},{"not_picked":["Buffer","Streamline+1"],"picked":"Capacitor","floor":12.0},{"not_picked":["Compile Driver+1","Coolheaded"],"picked":"Cold Snap+1","floor":13.0},{"not_picked":["Stack","Turbo"],"picked":"Chill","floor":14.0},{"not_picked":["Amplify","Reboot"],"picked":"Hyperbeam+1","floor":16.0},{"not_picked":["Go for the Eyes+1","Doom and Gloom+1","Compile Driver+1"],"picked":"SKIP","floor":18.0},{"not_picked":["Tempest","Beam Cell+1","Rebound+1"],"picked":"SKIP","floor":20},{"not_picked":["Reinforced Body","Hologram"],"picked":"Skim+1","floor":22},{"not_picked":["Sweeping Beam+1","Leap"],"picked":"Defragment","floor":25},{"not_picked":["Cold Snap+1","Melter+1","Turbo"],"picked":"SKIP","floor":27},{"not_picked":["Turbo","Sweeping Beam+1","Steam"],"picked":"SKIP","floor":31},{"not_picked":["Biased Cognition","Core Surge+1"],"picked":"Creative AI","floor":33},{"not_picked":["BootSequence","Cold Snap+1"],"picked":"Recycle","floor":35},{"not_picked":["Hologram","Rebound+1"],"picked":"Rainbow","floor":37},{"not_picked":["Turbo","Leap","Beam Cell+1"],"picked":"SKIP","floor":38},{"not_picked":["Go for the Eyes+1","Echo Form","Rip and Tear+1"],"picked":"SKIP","floor":42},{"not_picked":["Force Field+1","Coolheaded+1","Gash+1"],"picked":"SKIP","floor":48}],"player_experience":5178095,"relics_obtained":[{"floor":7.0,"key":"Orichalcum"},{"floor":9.0,"key":"Molten Egg 2"},{"floor":13.0,"key":"Mercury Hourglass"},{"floor":21,"key":"Anchor"},{"floor":25,"key":"Bottled Lightning"},{"floor":26,"key":"Whetstone"},{"floor":42,"key":"Art of War"},{"floor":43,"key":"Regal Pillow"}],"event_choices":[{"damage_healed":0.0,"max_hp_gain":0.0,"max_hp_loss":0.0,"gold_gain":0.0,"event_name":"Scrap Ooze","player_choice":"Success","floor":2.0,"gold_loss":0.0,"damage_taken":25.0,"relics_obtained":["Bird Faced Urn"]},{"damage_healed":0.0,"max_hp_gain":0.0,"max_hp_loss":6.0,"gold_gain":0.0,"event_name":"Golden Idol","player_choice":"Lose Max HP","floor":8.0,"gold_loss":0.0,"damage_taken":0.0,"relics_obtained":["Golden Idol"]},{"damage_healed":0.0,"max_hp_gain":0.0,"max_hp_loss":0.0,"gold_gain":75.0,"event_name":"World of Goop","player_choice":"Gather Gold","floor":10.0,"gold_loss":0.0,"damage_taken":11.0},{"damage_healed":0,"gold_gain":0,"player_choice":"Ignored","damage_taken":0,"max_hp_gain":0,"max_hp_loss":0,"event_name":"The Mausoleum","floor":19,"gold_loss":0},{"damage_healed":0,"gold_gain":0,"player_choice":"Forge","damage_taken":0,"max_hp_gain":0,"max_hp_loss":0,"event_name":"Accursed Blacksmith","floor":29,"gold_loss":0,"cards_upgraded":["Turbo"]},{"damage_healed":0,"gold_gain":0,"player_choice":"Copied","damage_taken":0,"max_hp_gain":0,"max_hp_loss":0,"event_name":"Duplicator","floor":41,"gold_loss":0,"cards_obtained":["Skim"]},{"damage_healed":0,"gold_gain":333,"player_choice":"Gave Idol","damage_taken":0,"max_hp_gain":0,"max_hp_loss":0,"event_name":"The Moai Head","floor":46,"relics_lost":["Golden Idol"],"gold_loss":0}],"is_beta":false,"boss_relics":[{"not_picked":["Orrery","Empty Cage"],"picked":"Pandora\u0027s Box"},{"not_picked":["Nuclear Battery","Runic Dome"],"picked":"Tiny House"}],"items_purged_floors":[4,24,30,36,39],"is_endless":false,"potions_floor_spawned":[1,3,7,13,22,25,35,37,42],"ascension_level":0}