{"gold_per_floor":[114,124,10,10,26,26,52,52,76,104,104,104,104],"floor_reached":13,"playtime":294,"items_purged":[],"score":182,"play_id":"80e0265e-5033-4797-a005-6f7617f2a740","local_time":"20190425035356","is_ascension_mode":true,"campfire_choices":[{"data":"Defragment","floor":6.0,"key":"SMITH"},{"data":"Sunder","floor":8.0,"key":"SMITH"},{"data":"Heatsinks","floor":12.0,"key":"SMITH"}],"neow_cost":"TEN_PERCENT_HP_LOSS","seed_source_timestamp":214921383263152,"circlet_count":0,"master_deck":["AscendersBane","Strike_B","Strike_B","Strike_B","Strike_B","Defend_B+1","Defend_B","Defend_B","Defend_B","Zap+1","Dualcast","Chill","White Noise","Defragment+1","Sunder+1","Glacier","Capacitor","Heatsinks+1"],"special_seed":0,"relics":["Cracked Core","Nunchaku","Lantern","War Paint","Smiling Mask","Vajra","Bottled Tornado"],"potions_floor_usage":[],"damage_taken":[{"damage":1.0,"enemies":"Cultist","floor":1.0,"turns":3.0},{"damage":7.0,"enemies":"Small Slimes","floor":2.0,"turns":4.0},{"damage":4.0,"enemies":"Jaw Worm","floor":5.0,"turns":3.0},{"damage":11.0,"enemies":"3 Sentries","floor":7.0,"turns":10.0},{"damage":20.0,"enemies":"Gremlin Nob","floor":10.0,"turns":4.0},{"damage":11,"enemies":"3 Sentries","floor":13,"turns":2}],"seed_played":"-5940584561284373733","potions_obtained":[{"floor":1.0,"key":"FearPotion"},{"floor":5.0,"key":"Swift Potion"}],"is_trial":false,"path_per_floor":["M","M","$","?","M","R","E","R","T","E","T","R","E"],"character_chosen":"DEFECT","items_purchased":["Defragment","Sunder"],"campfire_rested":0,"item_purchase_floors":[3,3],"current_hp_per_floor":[63,56,56,45,41,41,30,30,30,10,10,10,0],"gold":104,"neow_bonus":"ONE_RARE_RELIC","is_prod":false,"is_daily":false,"chose_seed":false,"campfire_upgraded":3,"win_rate":0,"timestamp":1556135636,"path_taken":["M","?","$","?","M","R","E","R","T","E","?","R","E"],"build_version":"2019-01-23","purchased_purges":0,"victory":false,"max_hp_per_floor":[64,64,64,64,64,64,64,64,64,64,64,64,64],"card_choices":[{"not_picked":["Rebound","BootSequence"],"picked":"Chill","floor":1.0},{"not_picked":["Conserve Battery","Barrage"],"picked":"White Noise","floor":2.0},{"not_picked":["Reinforced Body","Streamline"],"picked":"Glacier","floor":5.0},{"not_picked":["Rainbow","Recycle"],"picked":"Capacitor","floor":7.0},{"not_picked":["Fusion","Chill"],"picked":"Heatsinks","floor":10.0}],"player_experience":4507151,"relics_obtained":[{"floor":7.0,"key":"War Paint"},{"floor":9.0,"key":"Smiling Mask"},{"floor":10.0,"key":"Vajra"},{"floor":11.0,"key":"Bottled Tornado"}],"event_choices":[{"damage_healed":0.0,"max_hp_gain":0.0,"max_hp_loss":0.0,"gold_gain":0.0,"event_name":"Scrap Ooze","player_choice":"Success","floor":4.0,"gold_loss":0.0,"damage_taken":11.0,"relics_obtained":["Lantern"]}],"is_beta":false,"boss_relics":[],"items_purged_floors":[],"is_endless":false,"potions_floor_spawned":[1,5],"killed_by":"3 Sentries","ascension_level":20}