{"gold_per_floor":[115,130,55,55,55,55,65,65,65,85,85,112,122,132,132,235,235,250,275,16,28,45,45,45,79,79,89,89,100,116,136,136,241,241,258,276,289,289,289,289,316,316,362,362,376,376,376,392,392,392],"floor_reached":51,"playtime":1556,"items_purged":["Strike_B"],"score":776,"play_id":"29814b29-bef3-453b-966e-6ab5a20456f1","local_time":"20190617171435","is_ascension_mode":false,"campfire_choices":[{"data":"Dualcast","floor":6,"key":"SMITH"},{"data":"Zap","floor":8,"key":"SMITH"},{"data":"Skim","floor":11,"key":"SMITH"},{"data":"Coolheaded","floor":15,"key":"SMITH"},{"data":"Turbo","floor":23,"key":"SMITH"},{"data":"Beam Cell","floor":28,"key":"SMITH"},{"data":"Buffer","floor":32,"key":"SMITH"},{"data":"Gash","floor":40,"key":"SMITH"},{"data":"Gash","floor":42,"key":"SMITH"},{"floor":44,"key":"REST"},{"floor":46,"key":"RECALL"},{"floor":49,"key":"REST"}],"neow_cost":"TEN_PERCENT_HP_LOSS","seed_source_timestamp":17781362820086,"circlet_count":0,"master_deck":["Defend_B+1","Zap+1","Dualcast+1","Glacier+1","Skim+1","Gash+1","Coolheaded+1","Beam Cell+1","Gash+1","Buffer+1","Turbo+1","Defragment+1","Electrodynamics+1","Mayhem+1"],"relics":["Cracked Core","Mercury Hourglass","The Courier","Empty Cage","Red Mask","Frozen Egg 2","Gremlin Horn","Torii","Nuclear Battery","Vajra","War Paint"],"potions_floor_usage":[25,41,50,50,50],"damage_taken":[{"damage":1,"enemies":"2 Louse","floor":1,"turns":2},{"damage":0,"enemies":"Small Slimes","floor":2,"turns":3},{"damage":11,"enemies":"Jaw Worm","floor":7,"turns":2},{"damage":4,"enemies":"2 Fungi Beasts","floor":10,"turns":2},{"damage":0,"enemies":"Lagavulin","floor":12,"turns":5},{"damage":4,"enemies":"Large Slime","floor":13,"turns":3},{"damage":4,"enemies":"Exordium Wildlife","floor":14,"turns":3},{"damage":8,"enemies":"Hexaghost","floor":16,"turns":6},{"damage":0,"enemies":"Chosen","floor":18,"turns":3},{"damage":2,"enemies":"Masked Bandits","floor":19,"turns":3},{"damage":0,"enemies":"3 Byrds","floor":21,"turns":3},{"damage":6,"enemies":"Cultist and Chosen","floor":22,"turns":4},{"damage":6,"enemies":"Book of Stabbing","floor":25,"turns":4},{"damage":0,"enemies":"Centurion and Healer","floor":27,"turns":4},{"damage":0,"enemies":"Sentry and Sphere","floor":29,"turns":3},{"damage":1,"enemies":"Cultist and Chosen","floor":30,"turns":3},{"damage":0,"enemies":"Centurion and Healer","floor":31,"turns":4},{"damage":0,"enemies":"Champ","floor":33,"turns":8},{"damage":0,"enemies":"3 Shapes","floor":35,"turns":2},{"damage":0,"enemies":"3 Darklings","floor":36,"turns":3},{"damage":0,"enemies":"Jaw Worm Horde","floor":37,"turns":1},{"damage":6,"enemies":"Nemesis","floor":41,"turns":7},{"damage":0,"enemies":"Writhing Mass","floor":45,"turns":4},{"damage":0,"enemies":"Maw","floor":48,"turns":5},{"damage":11,"enemies":"Time Eater","floor":50,"turns":8}],"seed_played":"2119392009492528465","potions_obtained":[{"floor":1,"key":"LiquidBronze"},{"floor":2,"key":"SteroidPotion"},{"floor":10,"key":"FairyPotion"},{"floor":14,"key":"SteroidPotion"},{"floor":19,"key":"FocusPotion"},{"floor":25,"key":"GamblersBrew"},{"floor":41,"key":"Ancient Potion"}],"is_trial":false,"path_per_floor":["M","M","$","?","?","R","M","R","T","M","R","E","M","M","R","B",null,"M","?","$","M","M","R","?","E","T","M","R","M","M","M","R","B",null,"M","M","M","?","?","R","E","R","T","R","M","R","?","M","R","B",null],"character_chosen":"DEFECT","items_purchased":["Frozen Egg 2","Defragment+1"],"campfire_rested":2,"item_purchase_floors":[20,20],"current_hp_per_floor":[67,67,67,72,65,65,54,54,54,50,50,50,46,42,42,34,73,73,71,71,71,65,65,65,59,59,59,59,59,58,58,58,58,73,73,73,73,73,69,69,63,63,63,69,69,69,59,59,69,58],"gold":392,"neow_bonus":"REMOVE_TWO","is_prod":false,"is_daily":false,"chose_seed":false,"campfire_upgraded":9,"win_rate":0,"timestamp":1560762875,"path_taken":["M","M","$","?","?","R","M","R","T","M","R","E","M","M","R","BOSS","M","?","$","M","M","R","?","E","T","M","R","M","M","M","R","BOSS","M","M","M","?","?","R","E","R","T","R","M","R","?","M","R","BOSS"],"build_version":"2019-01-23","purchased_purges":1,"victory":true,"max_hp_per_floor":[68,68,68,73,73,73,73,73,73,73,73,73,73,73,73,73,73,73,73,73,73,73,73,73,73,73,73,73,73,73,73,73,73,73,73,73,73,73,69,69,69,69,69,69,69,69,69,69,69,69],"card_choices":[{"not_picked":["Go for the Eyes","Rebound"],"picked":"Glacier","floor":1},{"not_picked":["Double Energy","Static Discharge"],"picked":"Ball Lightning","floor":2},{"not_picked":["Rebound","Leap"],"picked":"Skim","floor":7},{"not_picked":["Melter","Doom and Gloom"],"picked":"Gash","floor":10},{"not_picked":["Amplify","Doom and Gloom"],"picked":"Coolheaded","floor":12},{"not_picked":["Streamline","Chaos"],"picked":"Beam Cell","floor":13},{"not_picked":["Cold Snap","Storm"],"picked":"Gash","floor":14},{"not_picked":["Creative AI","Rainbow"],"picked":"Buffer","floor":16},{"not_picked":["Streamline","Rip and Tear+1","Leap"],"picked":"SKIP","floor":18},{"not_picked":["Streamline","Leap"],"picked":"Turbo","floor":19},{"not_picked":["Sweeping Beam","Beam Cell","Redo+1"],"picked":"SKIP","floor":21},{"not_picked":["Cold Snap","Aggregate+1","Streamline"],"picked":"SKIP","floor":22},{"not_picked":["Doom and Gloom","Stack","Loop+1"],"picked":"SKIP","floor":25},{"not_picked":["Cold Snap+1","Genetic Algorithm","Melter+1"],"picked":"SKIP","floor":27},{"not_picked":["Streamline+1","Hello World+1","Amplify"],"picked":"SKIP","floor":29},{"not_picked":["Stack","Steam","Redo+1"],"picked":"SKIP","floor":30},{"not_picked":["Heatsinks+1","Scrape","Coolheaded"],"picked":"SKIP","floor":31},{"not_picked":["Meteor Strike","Creative AI+1"],"picked":"Electrodynamics+1","floor":33},{"not_picked":["Compile Driver","Conserve Battery","Cold Snap+1"],"picked":"SKIP","floor":35},{"not_picked":["Stack","Meteor Strike","BootSequence+1"],"picked":"SKIP","floor":36},{"not_picked":["Sunder","Conserve Battery+1","Melter"],"picked":"SKIP","floor":37},{"not_picked":["Streamline+1","Sweeping Beam","Doom and Gloom"],"picked":"SKIP","floor":41},{"not_picked":["Steam","Sweeping Beam+1","Scrape"],"picked":"SKIP","floor":45},{"not_picked":["Blind","Violence"],"picked":"Mayhem+1","floor":47},{"not_picked":["Cold Snap","Double Energy","Redo"],"picked":"SKIP","floor":48}],"player_experience":5352729,"relics_obtained":[{"floor":9,"key":"Mercury Hourglass"},{"floor":12,"key":"The Courier"},{"floor":19,"key":"Red Mask"},{"floor":25,"key":"Gremlin Horn"},{"floor":26,"key":"Torii"},{"floor":41,"key":"Vajra"},{"floor":43,"key":"War Paint"}],"event_choices":[{"damage_healed":0,"gold_gain":0,"player_choice":"Donut","damage_taken":0,"max_hp_gain":5,"max_hp_loss":0,"event_name":"Big Fish","floor":4,"gold_loss":0},{"cards_removed":["Defend_B"],"damage_healed":0,"gold_gain":0,"player_choice":"Card Removal","damage_taken":7,"max_hp_gain":0,"max_hp_loss":0,"event_name":"Golden Wing","floor":5,"gold_loss":0},{"damage_healed":0,"gold_gain":0,"player_choice":"Fought Bandits","damage_taken":0,"max_hp_gain":0,"max_hp_loss":0,"event_name":"Masked Bandits","floor":19,"gold_loss":0},{"cards_removed":["Defend_B"],"damage_healed":0,"gold_gain":0,"player_choice":"Elegance","damage_taken":0,"max_hp_gain":0,"max_hp_loss":0,"event_name":"Back to Basics","floor":24,"gold_loss":0},{"cards_removed":["Ball Lightning"],"damage_healed":0,"gold_gain":0,"player_choice":"Removed Attack","damage_taken":0,"max_hp_gain":0,"max_hp_loss":0,"event_name":"Falling","floor":38,"gold_loss":0},{"damage_healed":0,"gold_gain":0,"player_choice":"Max HP","damage_taken":0,"max_hp_gain":0,"max_hp_loss":4,"event_name":"Winding Halls","floor":39,"gold_loss":0},{"damage_healed":0,"gold_gain":0,"player_choice":"Memory 3","damage_taken":10,"max_hp_gain":0,"max_hp_loss":0,"event_name":"SensoryStone","floor":47,"gold_loss":0}],"is_beta":false,"boss_relics":[{"not_picked":["Inserter","Eternal Feather"],"picked":"Empty Cage"},{"not_picked":["Snecko Eye","Fusion Hammer"],"picked":"Nuclear Battery"}],"items_purged_floors":[3],"is_endless":false,"potions_floor_spawned":[1,2,10,12,14,19,21,25,27,35,41],"ascension_level":0}