{"gold_per_floor":[113,38,48,48,66,66,66,76,151,168,68,68,80,105,105,183,183,202,218,230,230,230],"floor_reached":22,"playtime":965,"items_purged":["Strike_G","Strike_G"],"score":376,"play_id":"3533e697-7e45-4b7d-8423-b6aad0fcc9c5","local_time":"20190125125445","is_ascension_mode":true,"campfire_choices":[{"data":"Noxious Fumes","floor":6.0,"key":"SMITH"},{"data":"A Thousand Cuts","floor":12.0,"key":"SMITH"},{"data":"Well Laid Plans","floor":15.0,"key":"SMITH"}],"neow_cost":"PERCENT_DAMAGE","seed_source_timestamp":2022596750240,"circlet_count":0,"master_deck":["AscendersBane","Defend_G","Defend_G","Defend_G","Defend_G","Defend_G","Strike_G","Strike_G","Survivor","Neutralize","A Thousand Cuts+1","Prepared","Well Laid Plans+1","Noxious Fumes+1","Acrobatics","After Image","Grand Finale","Footwork"],"special_seed":0,"relics":["Ring of the Snake","Pantograph","Regal Pillow","Philosopher\u0027s Stone","Ancient Tea Set"],"potions_floor_usage":[],"damage_taken":[{"damage":0.0,"enemies":"2 Louse","floor":1.0,"turns":4.0},{"damage":7.0,"enemies":"Small Slimes","floor":3.0,"turns":5.0},{"damage":0.0,"enemies":"Cultist","floor":5.0,"turns":4.0},{"damage":1.0,"enemies":"Red Slaver","floor":8.0,"turns":6.0},{"damage":12.0,"enemies":"Exordium Thugs","floor":10.0,"turns":6.0},{"damage":0.0,"enemies":"Looter","floor":13.0,"turns":4.0},{"damage":15.0,"enemies":"3 Sentries","floor":14.0,"turns":5.0},{"damage":20.0,"enemies":"Hexaghost","floor":16.0,"turns":10.0},{"damage":5,"enemies":"theJungle:MUSHROOMGANG","floor":18,"turns":6},{"damage":3,"enemies":"Shell Parasite","floor":19,"turns":6},{"damage":38,"enemies":"theJungle:2_Flameangoes","floor":20,"turns":5},{"damage":7,"enemies":"Snake Plant","floor":22,"turns":1}],"seed_played":"98213303460479356","potions_obtained":[{"floor":1.0,"key":"Swift Potion"},{"floor":5.0,"key":"SpeedPotion"},{"floor":7.0,"key":"Block Potion"},{"floor":8.0,"key":"LiquidBronze"},{"floor":16.0,"key":"Explosive Potion"},{"floor":18,"key":"Ancient Potion"}],"is_trial":false,"path_per_floor":["M","$","M","?","M","R","?","M","T","M","$","R","M","E","R","B",null,"M","M","M","T","M"],"character_chosen":"THE_SILENT","items_purchased":[],"campfire_rested":0,"item_purchase_floors":[],"current_hp_per_floor":[44,44,37,37,37,37,37,36,36,24,24,24,24,9,9,14,53,48,45,7,7,0],"gold":230,"neow_bonus":"THREE_RARE_CARDS","is_prod":false,"is_daily":false,"chose_seed":false,"campfire_upgraded":3,"win_rate":0,"timestamp":1548392085,"path_taken":["M","$","M","?","M","R","?","M","T","M","$","R","M","E","R","BOSS","M","?","M","?","?"],"build_version":"2019-01-23","purchased_purges":2,"victory":false,"max_hp_per_floor":[66,66,66,66,66,66,66,66,66,66,66,66,66,66,66,66,66,66,66,66,66,66],"card_choices":[{"not_picked":["Venomology","Tools of the Trade"],"picked":"A Thousand Cuts","floor":0.0},{"not_picked":["Crippling Poison","Backflip","Prepared"],"picked":"SKIP","floor":1.0},{"not_picked":["Crippling Poison","Backflip"],"picked":"Prepared","floor":1.0},{"not_picked":["Underhanded Strike","Noxious Fumes"],"picked":"Well Laid Plans","floor":3.0},{"not_picked":["Outmaneuver","Terror","Choke"],"picked":"SKIP","floor":5.0},{"not_picked":["Flying Knee","Endless Agony","PiercingWail"],"picked":"SKIP","floor":8.0},{"not_picked":["Dagger Spray","Dagger Throw"],"picked":"Acrobatics","floor":10.0},{"not_picked":["Blur","Expertise","All Out Attack"],"picked":"SKIP","floor":13.0},{"not_picked":["PiercingWail","Outmaneuver"],"picked":"After Image","floor":14.0},{"not_picked":["Wraith Form v2","Envenom"],"picked":"Grand Finale","floor":16.0},{"not_picked":["Reflex","Skewer"],"picked":"Footwork","floor":18},{"not_picked":["PiercingWail","Heel Hook","Crippling Poison"],"picked":"SKIP","floor":19},{"not_picked":["Poisoned Stab+1","Distraction","Blade Dance"],"picked":"SKIP","floor":20}],"player_experience":2224745,"relics_obtained":[{"floor":9.0,"key":"Pantograph"},{"floor":14.0,"key":"Regal Pillow"},{"floor":21,"key":"Ancient Tea Set"}],"event_choices":[{"damage_healed":0.0,"max_hp_gain":0.0,"max_hp_loss":0.0,"gold_gain":0.0,"cards_transformed":["Strike_G"],"event_name":"Living Wall","player_choice":"Change","floor":4.0,"gold_loss":0.0,"damage_taken":0.0,"cards_obtained":["Noxious Fumes"]},{"damage_healed":0.0,"max_hp_gain":0.0,"max_hp_loss":0.0,"gold_gain":0.0,"event_name":"Lab","player_choice":"Got Potions","floor":7.0,"gold_loss":0.0,"damage_taken":0.0}],"is_beta":false,"boss_relics":[{"not_picked":["Lizard Tail","Calling Bell"],"picked":"Philosopher\u0027s Stone"}],"items_purged_floors":[2,11],"is_endless":false,"potions_floor_spawned":[1,5,8,16,18,19],"killed_by":"Snake Plant","ascension_level":20}