{"gold_per_floor":[112,112,128,53,63,63,73,73,99,99,99,118,118,130,130,208,208,227,238,252,252,167,167,202,202,251,251,267,284,284,300,300,300],"floor_reached":33,"playtime":1105,"items_purged":[],"score":568,"play_id":"cea7bb9d-47c6-4746-95fd-8147ce6aca0d","local_time":"20181228123036","is_ascension_mode":true,"campfire_choices":[{"data":"Noxious Fumes","floor":6.0,"key":"SMITH"},{"data":"Deadly Poison","floor":10.0,"key":"SMITH"},{"data":"Footwork","floor":15.0,"key":"SMITH"},{"data":"Catalyst","floor":23.0,"key":"SMITH"},{"data":"Corpse Explosion","floor":30,"key":"SMITH"},{"data":"Malaise","floor":32,"key":"SMITH"}],"neow_cost":"NONE","seed_source_timestamp":3089738233736,"circlet_count":0,"master_deck":["AscendersBane","Defend_G","Defend_G","Defend_G+1","Defend_G","Strike_G","Strike_G","Strike_G","Strike_G","Strike_G","Survivor","Neutralize","Noxious Fumes+1","Deadly Poison+1","Footwork+1","Dodge and Roll","Deflect+1","Malaise+1","Doppelganger","Corpse Explosion+1","Catalyst+1","Tools of the Trade","Deflect","PiercingWail+1","Adrenaline","Ghostly","Ghostly","Ghostly","Deflect+1","PiercingWail"],"special_seed":0,"relics":["Ring of the Snake","Bag of Marbles","CultistMask","Orrery","Strawberry","Darkstone Periapt","War Paint","Omamori"],"potions_floor_usage":[33],"damage_taken":[{"damage":4.0,"enemies":"Small Slimes","floor":1.0,"turns":4.0},{"damage":3.0,"enemies":"2 Louse","floor":3.0,"turns":3.0},{"damage":0.0,"enemies":"Cultist","floor":5.0,"turns":4.0},{"damage":18.0,"enemies":"Large Slime","floor":7.0,"turns":7.0},{"damage":21.0,"enemies":"Lots of Slimes","floor":12.0,"turns":4.0},{"damage":7.0,"enemies":"3 Louse","floor":14.0,"turns":5.0},{"damage":11.0,"enemies":"The Guardian","floor":16.0,"turns":12.0},{"damage":12.0,"enemies":"Shell Parasite","floor":18.0,"turns":7.0},{"damage":5.0,"enemies":"Spheric Guardian","floor":19.0,"turns":5.0},{"damage":14.0,"enemies":"Snecko","floor":20.0,"turns":6.0},{"damage":26.0,"enemies":"Gremlin Leader","floor":24.0,"turns":7.0},{"damage":3,"enemies":"Snake Plant","floor":28,"turns":5},{"damage":3,"enemies":"Centurion and Healer","floor":29,"turns":5},{"damage":1,"enemies":"Snecko","floor":31,"turns":6},{"damage":10,"enemies":"Champ","floor":33,"turns":3}],"seed_played":"2090372316917028050","potions_obtained":[{"floor":7.0,"key":"Swift Potion"},{"floor":12.0,"key":"Regen Potion"},{"floor":14.0,"key":"Regen Potion"},{"floor":19.0,"key":"Explosive Potion"},{"floor":24.0,"key":"PowerPotion"}],"is_trial":false,"path_per_floor":["M","?","M","$","M","R","M","$","T","R","?","M","?","M","R","B",null,"M","M","M","?","?","R","E","?","T","?","M","M","R","M","R","B"],"character_chosen":"THE_SILENT","items_purchased":["Footwork"],"campfire_rested":0,"item_purchase_floors":[4],"current_hp_per_floor":[55,55,52,52,52,52,34,34,34,34,34,13,13,21,21,25,56,44,39,25,25,32,32,6,12,12,12,9,6,6,5,5,0],"gold":300,"neow_bonus":"REMOVE_CARD","is_prod":false,"is_daily":false,"chose_seed":false,"campfire_upgraded":6,"win_rate":0,"timestamp":1545971436,"path_taken":["M","?","M","$","M","R","M","$","T","R","?","?","?","M","R","BOSS","M","M","?","?","?","R","E","?","T","?","M","M","R","M","R","BOSS"],"build_version":"2018-12-20","purchased_purges":0,"victory":false,"max_hp_per_floor":[66,66,66,66,66,66,66,66,66,66,66,66,66,66,66,66,66,66,66,66,33,40,40,40,46,46,46,46,46,46,46,46,46],"card_choices":[{"not_picked":["Prepared","Backflip"],"picked":"Noxious Fumes","floor":1.0},{"not_picked":["Prepared","Blade Dance"],"picked":"Deadly Poison","floor":3.0},{"not_picked":["Poisoned Stab","Riddle With Holes"],"picked":"Dodge and Roll","floor":5.0},{"not_picked":["Acrobatics","Masterful Stab"],"picked":"Deflect","floor":7.0},{"not_picked":["All Out Attack","Prepared"],"picked":"Doppelganger","floor":12.0},{"not_picked":["Dash","Underhanded Strike","Prepared"],"picked":"SKIP","floor":14.0},{"not_picked":["Night Terror","Malaise"],"picked":"Corpse Explosion","floor":16.0},{"not_picked":["Leg Sweep","Dash"],"picked":"Catalyst","floor":17.0},{"not_picked":["Bane","PiercingWail"],"picked":"Tools of the Trade","floor":17.0},{"not_picked":["Endless Agony","All Out Attack"],"picked":"Deflect","floor":17.0},{"not_picked":["Backflip","Deadly Poison"],"picked":"PiercingWail+1","floor":18.0},{"not_picked":["Poisoned Stab","Dodge and Roll"],"picked":"Adrenaline","floor":19.0},{"not_picked":["Acrobatics","Bane","Poisoned Stab"],"picked":"SKIP","floor":20.0},{"not_picked":["Outmaneuver","Accuracy"],"picked":"Deflect+1","floor":24.0},{"not_picked":["Dash","Outmaneuver"],"picked":"PiercingWail","floor":28},{"not_picked":["Flechettes","Bane","Flying Knee"],"picked":"SKIP","floor":29},{"not_picked":["Prepared","Riddle With Holes","Acrobatics"],"picked":"SKIP","floor":31}],"player_experience":1543733,"relics_obtained":[{"floor":9.0,"key":"Bag of Marbles"},{"floor":24.0,"key":"Darkstone Periapt"},{"floor":26,"key":"Omamori"}],"event_choices":[{"damage_healed":0.0,"max_hp_gain":0.0,"max_hp_loss":0.0,"gold_gain":0.0,"event_name":"Scrap Ooze","player_choice":"Fled","floor":2.0,"gold_loss":0.0,"damage_taken":0.0},{"damage_healed":0.0,"max_hp_gain":0.0,"max_hp_loss":0.0,"gold_gain":0.0,"event_name":"Match and Keep!","player_choice":"1 cards matched","floor":11.0,"gold_loss":0.0,"damage_taken":0.0,"cards_obtained":["Malaise"]},{"damage_healed":0.0,"max_hp_gain":0.0,"max_hp_loss":0.0,"gold_gain":0.0,"event_name":"FaceTrader","player_choice":"Trade","floor":13.0,"gold_loss":0.0,"damage_taken":0.0,"relics_obtained":["CultistMask"]},{"damage_healed":0.0,"max_hp_gain":0.0,"max_hp_loss":33.0,"gold_gain":0.0,"event_name":"Ghosts","player_choice":"Became a Ghost","floor":21.0,"gold_loss":0.0,"damage_taken":0.0,"cards_obtained":["Ghostly","Ghostly","Ghostly"]},{"damage_healed":0.0,"max_hp_gain":0.0,"max_hp_loss":0.0,"gold_gain":0.0,"event_name":"Addict","player_choice":"Obtained Relic","floor":22.0,"gold_loss":85.0,"damage_taken":0.0,"relics_obtained":["Strawberry"]},{"damage_healed":0,"gold_gain":0,"player_choice":"Opened","damage_taken":0,"relics_obtained":["War Paint"],"max_hp_gain":0,"max_hp_loss":0,"event_name":"The Mausoleum","floor":25,"gold_loss":0,"cards_obtained":["Writhe"]},{"cards_removed":["Writhe"],"damage_healed":0,"gold_gain":0,"player_choice":"Purged","damage_taken":0,"max_hp_gain":0,"max_hp_loss":0,"event_name":"Purifier","floor":27,"gold_loss":0}],"is_beta":false,"boss_relics":[{"not_picked":["Lizard Tail","Runic Dome"],"picked":"Orrery"}],"items_purged_floors":[],"is_endless":false,"potions_floor_spawned":[7,12,14,19,24,31],"killed_by":"Champ","ascension_level":20}