{"gold_per_floor":[361,331,344,354,279,37,63,79,79,79,79,79,79,97,97,173,173,192,107,119,19,37,37],"floor_reached":23,"playtime":637,"items_purged":["Strike_G","Strike_G"],"score":432,"play_id":"3e2500cc-3d39-4733-9459-62aca8910fd0","local_time":"20190730220043","is_ascension_mode":true,"campfire_choices":[{"data":"Flechettes","floor":12.0,"key":"SMITH"},{"data":"Neutralize","floor":15.0,"key":"SMITH"}],"neow_cost":"CURSE","seed_source_timestamp":186050222316430,"circlet_count":0,"master_deck":["AscendersBane","Strike_G","Strike_G","Defend_G","Defend_G","Defend_G","Defend_G","Defend_G","Survivor","Neutralize+1","PiercingWail","Finisher","Flechettes+1","Well Laid Plans"],"special_seed":0,"relics":["Ring of the Snake","PreservedInsect","Ancient Tea Set","Shuriken","Runic Pyramid","Mango"],"potions_floor_usage":[23],"damage_taken":[{"damage":3.0,"enemies":"2 Louse","floor":1.0,"turns":3.0},{"damage":6.0,"enemies":"Cultist","floor":3.0,"turns":5.0},{"damage":0.0,"enemies":"Jaw Worm","floor":4.0,"turns":7.0},{"damage":0.0,"enemies":"Gremlin Nob","floor":7.0,"turns":2.0},{"damage":23.0,"enemies":"Large Slime","floor":8.0,"turns":8.0},{"damage":2.0,"enemies":"Exordium Wildlife","floor":14.0,"turns":6.0},{"damage":10.0,"enemies":"The Guardian","floor":16.0,"turns":16.0},{"damage":20.0,"enemies":"2 Thieves","floor":18.0,"turns":4.0},{"damage":11.0,"enemies":"Spheric Guardian","floor":20.0,"turns":4.0},{"damage":4.0,"enemies":"Centurion and Healer","floor":22.0,"turns":6.0},{"damage":20,"enemies":"Slavers","floor":23,"turns":3}],"seed_played":"-4478101458921127603","potions_obtained":[{"floor":2.0,"key":"Ancient Potion"},{"floor":2.0,"key":"AttackPotion"},{"floor":8.0,"key":"Ancient Potion"},{"floor":22.0,"key":"FearPotion"}],"is_trial":false,"path_per_floor":["M","?","M","M","?","$","E","M","T","?","$","R","?","M","R","B",null,"M","?","M","$","M","E"],"character_chosen":"THE_SILENT","items_purchased":["PreservedInsect"],"campfire_rested":0,"item_purchase_floors":[6],"current_hp_per_floor":[56,56,50,50,50,50,50,27,27,20,20,20,20,18,18,8,49,29,43,32,32,28,8],"gold":37,"neow_bonus":"TWO_FIFTY_GOLD","is_prod":false,"is_daily":false,"chose_seed":false,"campfire_upgraded":2,"win_rate":0,"timestamp":1564491643,"path_taken":["M","?","M","?","?","$","E","M","T","?","$","R","?","M","R","BOSS","M","?","M","$","M","E"],"build_version":"2019-07-17","purchased_purges":2,"victory":false,"max_hp_per_floor":[66,66,66,66,63,63,63,63,63,63,63,63,63,63,63,63,63,63,77,77,77,77,77],"card_choices":[{"not_picked":["Dash","Outmaneuver","Infinite Blades"],"picked":"SKIP","floor":1.0},{"not_picked":["Prepared","Poisoned Stab"],"picked":"PiercingWail","floor":3.0},{"not_picked":["Endless Agony","Underhanded Strike"],"picked":"Finisher","floor":4.0},{"not_picked":["Cloak And Dagger","Unload"],"picked":"Flechettes","floor":7.0},{"not_picked":["Dagger Spray","Infinite Blades","Concentrate"],"picked":"SKIP","floor":8.0},{"not_picked":["Caltrops","Terror"],"picked":"Well Laid Plans","floor":14.0},{"not_picked":["Quick Slash","Underhanded Strike","Finisher+1"],"picked":"SKIP","floor":18.0},{"not_picked":["Underhanded Strike","Noxious Fumes","Flying Knee"],"picked":"SKIP","floor":20.0},{"not_picked":["Bouncing Flask","Blur","Bane"],"picked":"SKIP","floor":22.0}],"player_experience":693801,"relics_obtained":[{"floor":7.0,"key":"Ancient Tea Set"},{"floor":9.0,"key":"Shuriken"}],"event_choices":[{"damage_healed":0.0,"max_hp_gain":0.0,"max_hp_loss":0.0,"gold_gain":0.0,"event_name":"The Woman in Blue","player_choice":"Bought 2 Potions","floor":2.0,"gold_loss":0.0,"damage_taken":0.0},{"cards_removed":["Parasite"],"damage_healed":0.0,"max_hp_gain":0.0,"max_hp_loss":0.0,"gold_gain":0.0,"event_name":"The Cleric","player_choice":"Card Removal","floor":5.0,"gold_loss":75.0,"damage_taken":0.0},{"cards_removed":["Strike_G"],"damage_healed":0.0,"max_hp_gain":0.0,"max_hp_loss":0.0,"gold_gain":0.0,"event_name":"Golden Wing","player_choice":"Card Removal","floor":10.0,"gold_loss":0.0,"damage_taken":7.0},{"damage_healed":0.0,"max_hp_gain":0.0,"max_hp_loss":0.0,"gold_gain":0.0,"event_name":"Liars Game","player_choice":"Ignored","floor":13.0,"gold_loss":0.0,"damage_taken":0.0},{"damage_healed":0.0,"max_hp_gain":0.0,"max_hp_loss":0.0,"gold_gain":0.0,"event_name":"Addict","player_choice":"Obtained Relic","floor":19.0,"gold_loss":85.0,"damage_taken":0.0,"relics_obtained":["Mango"]}],"is_beta":false,"boss_relics":[{"not_picked":["Black Star","Lizard Tail"],"picked":"Runic Pyramid"}],"items_purged_floors":[6,21],"is_endless":false,"potions_floor_spawned":[8,16,22],"killed_by":"Slavers","ascension_level":20}