{"gold_per_floor":[119,44,44,44,64,108,127,127],"floor_reached":8,"playtime":176,"items_purged":["Strike_G"],"score":162,"play_id":"779c55c1-c234-40ff-bce8-bd51053b0f38","local_time":"20190215153853","is_ascension_mode":true,"campfire_choices":[],"neow_cost":"NONE","seed_source_timestamp":28191786561102,"circlet_count":0,"master_deck":["AscendersBane","Defend_G","Defend_G","Defend_G","Defend_G+1","Defend_G","Strike_G","Strike_G+1","Strike_G","Strike_G","Survivor","Neutralize","Caltrops","Leg Sweep"],"relics":["Ring of the Snake","NeowsBlessing","Golden Idol","Pear"],"potions_floor_usage":[8],"damage_taken":[{"damage":0,"enemies":"Small Slimes","floor":1,"turns":1},{"damage":0,"enemies":"2 Louse","floor":5,"turns":1},{"damage":0,"enemies":"3 Sentries","floor":6,"turns":1},{"damage":1,"enemies":"Cultist","floor":7,"turns":5},{"damage":2,"enemies":"Lagavulin","floor":8,"turns":7}],"seed_played":"5553832885809111026","potions_obtained":[{"floor":1,"key":"SteroidPotion"}],"is_trial":false,"path_per_floor":["M","$","?","?","M","E","M","E"],"character_chosen":"THE_SILENT","items_purchased":[],"campfire_rested":0,"item_purchase_floors":[],"current_hp_per_floor":[59,59,59,41,41,51,50,48],"gold":127,"neow_bonus":"THREE_ENEMY_KILL","is_prod":false,"is_daily":false,"chose_seed":false,"campfire_upgraded":0,"win_rate":0,"timestamp":1550216333,"path_taken":["M","$","?","?","M","E","M","E"],"build_version":"2019-01-23","purchased_purges":1,"victory":false,"max_hp_per_floor":[66,66,60,60,60,70,70,70],"card_choices":[{"not_picked":["Terror","Bane"],"picked":"Caltrops","floor":1},{"not_picked":["Dagger Throw","Cloak And Dagger","Bane"],"picked":"SKIP","floor":5},{"not_picked":["Dagger Throw","Backflip"],"picked":"Leg Sweep","floor":6},{"not_picked":["Crippling Poison","Backflip","Prepared"],"picked":"SKIP","floor":7},{"not_picked":["Crippling Poison","Backflip","Prepared"],"picked":"SKIP","floor":7},{"not_picked":["Crippling Poison","Backflip","Prepared"],"picked":"SKIP","floor":7}],"player_experience":2777494,"relics_obtained":[{"floor":6,"key":"Pear"}],"event_choices":[{"damage_healed":0,"gold_gain":0,"player_choice":"Lose Max HP","damage_taken":0,"relics_obtained":["Golden Idol"],"max_hp_gain":0,"max_hp_loss":6,"event_name":"Golden Idol","floor":3,"gold_loss":0},{"damage_healed":0,"gold_gain":0,"player_choice":"Entered Light","damage_taken":18,"max_hp_gain":0,"max_hp_loss":0,"event_name":"Shining Light","floor":4,"gold_loss":0,"cards_upgraded":["Strike_G","Defend_G"]}],"is_beta":false,"boss_relics":[],"items_purged_floors":[2],"is_endless":false,"potions_floor_spawned":[1],"killed_by":"Lagavulin","ascension_level":20}