{"gold_per_floor":[115,40,40,2,12,37,37,48,48,65,65,75,110,110,110,209,209,229,129,129,147,147,147,167,167,167,182,195,195,220,231,231,329,329,342,362,377,106,120,120,120,120,120,120,133,181,31,0,0,0],"floor_reached":51,"playtime":1530,"items_purged":["Strike_R","Strike_R","Injury","Strike_R"],"score":727,"play_id":"3c5f192f-0f2d-4910-b8f5-958738cafa90","local_time":"20180918151012","is_ascension_mode":false,"campfire_choices":[{"data":"Inflame","floor":7.0,"key":"SMITH"},{"data":"Inflame","floor":11.0,"key":"SMITH"},{"data":"Flex","floor":15.0,"key":"SMITH"},{"data":"Pommel Strike","floor":23.0,"key":"SMITH"},{"data":"Shockwave","floor":25.0,"key":"SMITH"},{"data":"Whirlwind","floor":32.0,"key":"SMITH"},{"data":"Feed","floor":40.0,"key":"SMITH"},{"data":"Disarm","floor":42.0,"key":"SMITH"},{"data":"Burning Pact","floor":44,"key":"SMITH"},{"data":"Battle Trance","floor":49,"key":"SMITH"}],"neow_cost":"","seed_source_timestamp":12442002213835,"circlet_count":0,"master_deck":["Strike_R","Strike_R","Defend_R","Defend_R","Defend_R","Defend_R","Bash","Clash","Inflame+1","Flex+1","Clash","Inflame+1","Ghostly Armor","Disarm+1","Shockwave+1","Offering","Battle Trance+1","Pommel Strike+1","Reaper","Shrug It Off+1","Thunderclap+1","Burning Pact+1","Whirlwind+1","Feed+1","Warcry+1","Sword Boomerang+1","Flame Barrier+1"],"special_seed":0,"relics":["Burning Blood","Question Card","Mummified Hand","Nunchaku","Orichalcum","Cursed Key","MutagenicStrength","Paper Frog","Self Forming Clay","Lizard Tail","Juzu Bracelet","Mango","Red Mask"],"potions_floor_usage":[50,50,50],"damage_taken":[{"damage":2.0,"enemies":"2 Louse","floor":1.0,"turns":3.0},{"damage":5.0,"enemies":"Small Slimes","floor":5.0,"turns":2.0},{"damage":29.0,"enemies":"Gremlin Nob","floor":6.0,"turns":4.0},{"damage":0.0,"enemies":"Cultist","floor":8.0,"turns":2.0},{"damage":1.0,"enemies":"Exordium Thugs","floor":10.0,"turns":4.0},{"damage":4.0,"enemies":"2 Fungi Beasts","floor":12.0,"turns":3.0},{"damage":19.0,"enemies":"Lagavulin","floor":13.0,"turns":4.0},{"damage":21.0,"enemies":"The Guardian","floor":16.0,"turns":9.0},{"damage":11.0,"enemies":"Chosen","floor":18.0,"turns":3.0},{"damage":16.0,"enemies":"2 Thieves","floor":21.0,"turns":3.0},{"damage":18.0,"enemies":"Snecko","floor":24.0,"turns":4.0},{"damage":6.0,"enemies":"Centurion and Healer","floor":27.0,"turns":4.0},{"damage":8.0,"enemies":"3 Cultists","floor":28.0,"turns":4.0},{"damage":16.0,"enemies":"Slavers","floor":30.0,"turns":4.0},{"damage":7.0,"enemies":"Shelled Parasite and Fungi","floor":31.0,"turns":3.0},{"damage":17.0,"enemies":"Champ","floor":33.0,"turns":5.0},{"damage":21.0,"enemies":"3 Shapes","floor":35.0,"turns":2.0},{"damage":6.0,"enemies":"3 Darklings","floor":36.0,"turns":1.0},{"damage":21.0,"enemies":"Sphere and 2 Shapes","floor":37.0,"turns":1.0},{"damage":18.0,"enemies":"Spire Growth","floor":39.0,"turns":4.0},{"damage":6,"enemies":"4 Shapes","floor":45,"turns":2},{"damage":30,"enemies":"Mysterious Sphere","floor":46,"turns":5},{"damage":41,"enemies":"Awakened One","floor":50,"turns":10}],"seed_played":"-7376738346655611033","potions_obtained":[{"floor":1.0,"key":"PowerPotion"},{"floor":12.0,"key":"Energy Potion"},{"floor":16.0,"key":"PowerPotion"},{"floor":18.0,"key":"LiquidBronze"},{"floor":28.0,"key":"PowerPotion"},{"floor":35.0,"key":"Energy Potion"},{"floor":36.0,"key":"BloodPotion"},{"floor":39.0,"key":"Block Potion"}],"is_trial":false,"path_per_floor":["M","$","?","$","M","E","R","M","T","M","R","M","E","?","R","B",null,"M","$","?","M","?","R","M","R","T","M","M","?","E","M","R","B",null,"M","M","M","$","M","R","?","R","T","R","M","?","$","?","R","B"],"character_chosen":"IRONCLAD","items_purchased":["Inflame","Juzu Bracelet"],"campfire_rested":0,"item_purchase_floors":[4,38],"current_hp_per_floor":[80,80,80,80,80,57,57,63,63,68,68,70,57,45,45,30,80,75,75,75,65,65,65,63,63,63,73,80,80,70,72,72,69,80,68,71,64,64,76,76,76,76,76,76,90,87,87,87,87,70],"gold":0,"neow_bonus":"","is_prod":false,"is_daily":false,"chose_seed":false,"campfire_upgraded":10,"win_rate":0.0,"timestamp":1537254612,"path_taken":["M","$","?","?","M","E","R","?","T","M","R","M","E","?","R","BOSS","M","$","?","M","?","R","M","R","T","M","?","?","E","M","R","BOSS","M","M","M","$","M","R","?","R","T","R","M","?","$","?","R","BOSS"],"build_version":"2018-09-06","purchased_purges":4,"victory":true,"max_hp_per_floor":[80,80,80,80,80,80,80,80,80,80,80,80,80,80,80,80,80,80,80,80,80,80,80,80,80,80,80,80,80,80,80,80,80,80,83,86,86,86,86,86,86,86,86,86,90,108,108,108,108,112],"card_choices":[{"not_picked":["Warcry","Cleave"],"picked":"Clash","floor":1.0},{"not_picked":["Anger","Twin Strike"],"picked":"Flex","floor":5.0},{"not_picked":["Brutality","Iron Wave"],"picked":"Clash","floor":6.0},{"not_picked":["Shrug It Off","Pummel","Iron Wave"],"picked":"Inflame","floor":8.0},{"not_picked":["Body Slam","Feel No Pain","Seeing Red"],"picked":"Ghostly Armor","floor":10.0},{"not_picked":["Entrench","Pommel Strike","Pummel"],"picked":"Disarm","floor":12.0},{"not_picked":["Iron Wave","Battle Trance","Bludgeon"],"picked":"Shockwave","floor":13.0},{"not_picked":["Bludgeon","Berserk","Demon Form"],"picked":"Offering","floor":16.0},{"not_picked":["Headbutt","Carnage+1","Anger"],"picked":"Battle Trance","floor":18.0},{"not_picked":["Infernal Blade","Disarm","Entrench+1"],"picked":"Pommel Strike","floor":21.0},{"not_picked":["Infernal Blade","Flex","Perfected Strike","Anger+1"],"picked":"SKIP","floor":24.0},{"not_picked":["True Grit","Iron Wave","Intimidate"],"picked":"Shrug It Off+1","floor":27.0},{"not_picked":["Corruption","Headbutt","Bloodletting"],"picked":"Thunderclap+1","floor":28.0},{"not_picked":["Warcry","Brutality","Clash"],"picked":"Whirlwind","floor":30.0},{"not_picked":["Uppercut","Battle Trance","Armaments","Burning Pact"],"picked":"SKIP","floor":31.0},{"not_picked":["Bludgeon","Berserk","Reaper"],"picked":"Feed","floor":33.0},{"not_picked":["Flex+1","Headbutt","Searing Blow+1"],"picked":"Warcry+1","floor":35.0},{"not_picked":["Clothesline","Shrug It Off","Flex","Twin Strike+1"],"picked":"SKIP","floor":36.0},{"not_picked":["Pommel Strike+1","Clash","Anger+1"],"picked":"Sword Boomerang","floor":37.0},{"not_picked":["Pommel Strike+1","Anger+1","Shrug It Off+1","Clash"],"picked":"SKIP","floor":39.0},{"not_picked":["Reckless Charge","Feel No Pain","Body Slam+1"],"picked":"Flame Barrier+1","floor":45}],"player_experience":0,"relics_obtained":[{"floor":6.0,"key":"Question Card"},{"floor":9.0,"key":"Mummified Hand"},{"floor":13.0,"key":"Nunchaku"},{"floor":26.0,"key":"Paper Frog"},{"floor":30.0,"key":"Self Forming Clay"},{"floor":46,"key":"Mango"}],"event_choices":[{"event_name":"The Cleric","player_choice":"Leave","floor":3.0,"damage_taken":0.0},{"event_name":"Scrap Ooze","player_choice":"success","floor":14.0,"damage_taken":12.0},{"event_name":"Drug Dealer","player_choice":"Inject Mutagens","floor":20.0,"damage_taken":0.0},{"event_name":"Match and Keep!","player_choice":"1 cards matched","floor":22.0,"damage_taken":0.0},{"event_name":"The Library","player_choice":"Read","floor":29.0,"damage_taken":0.0},{"event_name":"Upgrade Shrine","player_choice":"Upgraded","floor":41.0,"damage_taken":0.0},{"event_name":"Mysterious Sphere","player_choice":"Fight","floor":46,"damage_taken":0},{"event_name":"Tomb of Lord Red Mask","player_choice":"Paid","floor":48,"damage_taken":0}],"is_beta":false,"boss_relics":[{"not_picked":["Ectoplasm","Velvet Choker"],"picked":"Cursed Key"},{"not_picked":["Calling Bell","Fusion Hammer"],"picked":"Lizard Tail"}],"items_purged_floors":[2,19,38,47],"is_endless":false,"potions_floor_spawned":[1,12,16,18,27,28,30,35,36,39,45],"ascension_level":0}