{"gold_per_floor":[211,211,211,231,122,122,136,152,152,12,12,35,35,35,35,140,140,122,122,48,48,60,60,79,95,95,95,15,29,29,129,129,224,224,240,258,133,133,149,149,149,161,161,173,23,23,23,23,23,23],"floor_reached":51,"playtime":1385,"items_purged":["Strike_G","Strike_G","Defend_G","Strike_G"],"score":658,"play_id":"205ebca3-1ca7-4a0a-a140-8bcdc1cd6dc7","local_time":"20181017182705","is_ascension_mode":false,"campfire_choices":[{"data":"Noxious Fumes","floor":6.0,"key":"SMITH"},{"data":"Noxious Fumes","floor":11.0,"key":"SMITH"},{"data":"Well Laid Plans","floor":15.0,"key":"SMITH"},{"data":"Wraith Form v2","floor":23.0,"key":"SMITH"},{"data":"Catalyst","floor":27.0,"key":"SMITH"},{"data":"Defend_G","floor":30.0,"key":"PURGE"},{"data":"Defend_G","floor":32.0,"key":"PURGE"},{"data":"Defend_G","floor":40.0,"key":"PURGE"},{"data":"Defend_G","floor":46.0,"key":"PURGE"},{"data":"Survivor","floor":49,"key":"PURGE"}],"neow_cost":"NONE","seed_source_timestamp":28948326832672,"circlet_count":0,"master_deck":["Strike_G+1","Backflip","Noxious Fumes+1","Well Laid Plans+1","Noxious Fumes+1","Night Terror","Crippling Poison","Adrenaline","Wraith Form v2+1","Catalyst+1","Well Laid Plans","Night Terror+1"],"special_seed":0,"relics":["Ring of the Snake","Odd Mushroom","Velvet Choker","Peace Pipe","Oddly Smooth Stone","Coffee Dripper","Whetstone"],"potions_floor_usage":[50,50],"damage_taken":[{"damage":0.0,"enemies":"2 Louse","floor":1.0,"turns":3.0},{"damage":1.0,"enemies":"Cultist","floor":4.0,"turns":4.0},{"damage":0.0,"enemies":"Jaw Worm","floor":7.0,"turns":4.0},{"damage":0.0,"enemies":"2 Fungi Beasts","floor":8.0,"turns":5.0},{"damage":11.0,"enemies":"The Mushroom Lair","floor":12.0,"turns":4.0},{"damage":16.0,"enemies":"Slime Boss","floor":16.0,"turns":11.0},{"damage":2.0,"enemies":"2 Thieves","floor":18.0,"turns":4.0},{"damage":0.0,"enemies":"3 Byrds","floor":22.0,"turns":4.0},{"damage":0.0,"enemies":"Snake Plant","floor":24.0,"turns":5.0},{"damage":8.0,"enemies":"Sentry and Sphere","floor":25.0,"turns":4.0},{"damage":0.0,"enemies":"Cultist and Chosen","floor":29.0,"turns":6.0},{"damage":32.0,"enemies":"Automaton","floor":33.0,"turns":4.0},{"damage":0.0,"enemies":"3 Shapes","floor":35.0,"turns":4.0},{"damage":0.0,"enemies":"Orb Walker","floor":36.0,"turns":3.0},{"damage":4.0,"enemies":"Transient","floor":39.0,"turns":4.0},{"damage":0.0,"enemies":"Maw","floor":42.0,"turns":3.0},{"damage":5.0,"enemies":"4 Shapes","floor":44.0,"turns":4.0},{"damage":43,"enemies":"Awakened One","floor":50,"turns":7}],"seed_played":"4211210375768458394","potions_obtained":[{"floor":1.0,"key":"Block Potion"},{"floor":4.0,"key":"Energy Potion"},{"floor":18.0,"key":"AttackPotion"},{"floor":24.0,"key":"Dexterity Potion"},{"floor":39.0,"key":"Ancient Potion"}],"is_trial":false,"path_per_floor":["M","?","?","M","$","R","M","M","T","$","R","?","?","$","R","B",null,"M","?","$","?","M","R","M","M","T","R","$","M","R","?","R","B",null,"M","M","$","$","M","R","?","M","T","M","$","R","?","?","R","B"],"character_chosen":"THE_SILENT","items_purchased":["Noxious Fumes","Noxious Fumes","Catalyst","Well Laid Plans"],"campfire_rested":0,"item_purchase_floors":[5,10,20,28],"current_hp_per_floor":[70,63,63,62,62,62,62,62,62,62,62,51,51,51,51,35,70,68,68,68,68,68,68,68,60,60,60,60,60,60,60,60,28,70,70,70,70,70,66,66,66,66,66,61,61,61,61,61,61,18],"gold":23,"neow_bonus":"HUNDRED_GOLD","is_prod":false,"is_daily":false,"chose_seed":false,"campfire_upgraded":5,"win_rate":0,"timestamp":1539772025,"path_taken":["M","?","?","?","?","R","M","M","T","$","R","?","?","$","R","BOSS","M","?","$","?","M","R","M","M","T","R","$","M","R","?","R","BOSS","M","M","?","$","M","R","?","M","T","?","$","R","?","?","R","BOSS"],"build_version":"2018-10-11","purchased_purges":4,"victory":true,"max_hp_per_floor":[70,70,70,70,70,70,70,70,70,70,70,70,70,70,70,70,70,70,70,70,70,70,70,70,70,70,70,70,70,70,70,70,70,70,70,70,70,70,70,70,70,70,70,70,70,70,70,70,70,70],"card_choices":[{"not_picked":["Riddle With Holes","Slice","Heel Hook"],"picked":"SKIP","floor":1.0},{"not_picked":["Prepared","Distraction"],"picked":"Backflip","floor":4.0},{"not_picked":["Terror","Caltrops","Reflex"],"picked":"SKIP","floor":7.0},{"not_picked":["Cloak And Dagger","Concentrate"],"picked":"Well Laid Plans","floor":8.0},{"not_picked":["Backstab","Outmaneuver"],"picked":"Night Terror","floor":12.0},{"not_picked":["A Thousand Cuts","Corpse Explosion"],"picked":"Wraith Form v2","floor":16.0},{"not_picked":["Dash","Underhanded Strike","Quick Slash"],"picked":"SKIP","floor":18.0},{"not_picked":["Poisoned Stab","Dash+1","Blade Dance"],"picked":"SKIP","floor":22.0},{"not_picked":["PiercingWail","Terror","Blur"],"picked":"SKIP","floor":24.0},{"not_picked":["Infinite Blades","Dodge and Roll","Underhanded Strike+1"],"picked":"SKIP","floor":25.0},{"not_picked":["Terror","Distraction+1","Deflect"],"picked":"SKIP","floor":29.0},{"not_picked":["A Thousand Cuts","Malaise"],"picked":"Night Terror","floor":33.0},{"not_picked":["Blade Dance","Outmaneuver","Poisoned Stab+1"],"picked":"SKIP","floor":35.0},{"not_picked":["Poisoned Stab+1","Bane","Blade Dance"],"picked":"SKIP","floor":36.0},{"not_picked":["Poisoned Stab","Prepared+1","Underhanded Strike"],"picked":"SKIP","floor":39.0},{"not_picked":["Reflex+1","Choke+1","Quick Slash+1"],"picked":"SKIP","floor":42.0},{"not_picked":["Deflect","Concentrate+1","Crippling Poison"],"picked":"SKIP","floor":44.0}],"player_experience":300359,"relics_obtained":[{"floor":12.0,"key":"Odd Mushroom"},{"floor":26.0,"key":"Oddly Smooth Stone"},{"floor":43.0,"key":"Whetstone"}],"event_choices":[{"event_name":"Wheel of Change","player_choice":"Damage","floor":2.0,"damage_taken":0.0},{"event_name":"Bonfire Elementals","player_choice":"BASIC","floor":3.0,"damage_taken":0.0},{"event_name":"Mushrooms","player_choice":"Fought Mushrooms","floor":12.0,"damage_taken":0.0},{"event_name":"Match and Keep!","player_choice":"2 cards matched","floor":13.0,"damage_taken":0.0},{"event_name":"Vampires","player_choice":"Ignored","floor":19.0,"damage_taken":0.0},{"event_name":"WeMeetAgain","player_choice":"Potion","floor":21.0,"damage_taken":0.0},{"event_name":"Golden Shrine","player_choice":"Pray","floor":31.0,"damage_taken":0.0},{"event_name":"Tomb of Lord Red Mask","player_choice":"Ignored","floor":41.0,"damage_taken":0.0},{"event_name":"Upgrade Shrine","player_choice":"Upgraded","floor":47.0,"damage_taken":0.0},{"event_name":"Falling","player_choice":"Removed Attack","floor":48,"damage_taken":0}],"is_beta":false,"boss_relics":[{"not_picked":["HoveringKite","Busted Crown"],"picked":"Velvet Choker"},{"not_picked":["Orrery","Tiny House"],"picked":"Coffee Dripper"}],"items_purged_floors":[5,10,37,45],"is_endless":false,"potions_floor_spawned":[1,4,18,24,25,33,39,42,44],"ascension_level":0}