{"gold_per_floor":[18,18,31,48,48,48,67,67,67,80,80,80],"floor_reached":12,"playtime":302,"items_purged":[],"score":140,"play_id":"19303093-1d94-4c61-aee5-3d85b70be1a5","local_time":"20190505155425","is_ascension_mode":true,"campfire_choices":[{"data":"Zap","floor":6.0,"key":"SMITH"},{"data":"Fission","floor":8.0,"key":"SMITH"}],"neow_cost":"NO_GOLD","seed_source_timestamp":22561674259478,"circlet_count":0,"master_deck":["AscendersBane","Strike_B","Strike_B","Strike_B","Strike_B","Defend_B","Defend_B","Defend_B+1","Defend_B","Zap+1","Dualcast","Biased Cognition+1","Turbo+1","Fission+1","Heatsinks","FTL"],"special_seed":0,"relics":["Cracked Core","Symbiotic Virus"],"potions_floor_usage":[12],"damage_taken":[{"damage":7.0,"enemies":"Jaw Worm","floor":1.0,"turns":4.0},{"damage":2.0,"enemies":"2 Louse","floor":3.0,"turns":3.0},{"damage":2.0,"enemies":"Small Slimes","floor":4.0,"turns":3.0},{"damage":13.0,"enemies":"Blue Slaver","floor":7.0,"turns":3.0},{"damage":13.0,"enemies":"Exordium Thugs","floor":10.0,"turns":4.0},{"damage":0,"enemies":"3 Sentries","floor":12,"turns":3}],"seed_played":"4145239146100114714","potions_obtained":[{"floor":3.0,"key":"SpeedPotion"},{"floor":10.0,"key":"Dexterity Potion"}],"is_trial":false,"path_per_floor":["M","?","M","M","?","R","M","R","T","M","?","E"],"character_chosen":"DEFECT","items_purchased":[],"campfire_rested":0,"item_purchase_floors":[],"current_hp_per_floor":[57,36,34,32,32,32,19,19,19,6,6,6],"gold":80,"neow_bonus":"THREE_RARE_CARDS","is_prod":false,"is_daily":false,"chose_seed":false,"campfire_upgraded":2,"win_rate":0,"timestamp":1557042865,"path_taken":["M","?","M","M","?","R","M","R","T","M","?","E"],"build_version":"2019-01-23","purchased_purges":0,"victory":false,"max_hp_per_floor":[71,71,71,71,71,71,71,71,71,71,71,71],"card_choices":[{"not_picked":["Amplify","Creative AI"],"picked":"Biased Cognition","floor":0.0},{"not_picked":["Compile Driver","Beam Cell"],"picked":"Turbo","floor":1.0},{"not_picked":["Sweeping Beam","Static Discharge","Gash"],"picked":"SKIP","floor":3.0},{"not_picked":["Chaos","Stack"],"picked":"Fission","floor":4.0},{"not_picked":["Compile Driver","Stack"],"picked":"Heatsinks","floor":7.0},{"not_picked":["Aggregate","Leap","FTL"],"picked":"SKIP","floor":10.0},{"not_picked":["Aggregate","Leap"],"picked":"FTL","floor":10.0}],"player_experience":4598083,"relics_obtained":[{"floor":9.0,"key":"Symbiotic Virus"}],"event_choices":[{"damage_healed":0.0,"max_hp_gain":0.0,"max_hp_loss":0.0,"gold_gain":0.0,"event_name":"Shining Light","player_choice":"Entered Light","floor":2.0,"gold_loss":0.0,"damage_taken":21.0,"cards_upgraded":["Defend_B","Turbo"]},{"damage_healed":0.0,"max_hp_gain":0.0,"max_hp_loss":0.0,"gold_gain":0.0,"event_name":"Living Wall","player_choice":"Grow","floor":5.0,"gold_loss":0.0,"damage_taken":0.0,"cards_upgraded":["Biased Cognition"]},{"damage_healed":0,"gold_gain":0,"player_choice":"Searched \u00270\u0027 times","damage_taken":0,"max_hp_gain":0,"max_hp_loss":0,"event_name":"Dead Adventurer","floor":11,"gold_loss":0}],"is_beta":false,"boss_relics":[],"items_purged_floors":[],"is_endless":false,"potions_floor_spawned":[3,10],"killed_by":"3 Sentries","ascension_level":20}