{"gold_per_floor":[213,213,213,30,50,50,60,60,60,60,60,74,74,74,74,74],"floor_reached":16,"playtime":274,"items_purged":[],"score":136,"play_id":"62231343-4e2c-4790-bb66-3f1fcc7132c7","local_time":"20181010123516","is_ascension_mode":true,"campfire_choices":[{"data":"Whirlwind","floor":6,"key":"SMITH"},{"data":"Thunderclap","floor":8,"key":"SMITH"},{"data":"Shrug It Off","floor":13,"key":"SMITH"},{"data":"Defend_R","floor":15,"key":"SMITH"}],"neow_cost":"NONE","seed_source_timestamp":15619958438676,"circlet_count":0,"master_deck":["Strike_R","Strike_R","Strike_R","Strike_R","Strike_R","Defend_R+1","Defend_R","Defend_R","Defend_R","Bash+1","AscendersBane","Whirlwind+1","Thunderclap+1","Shrug It Off+1"],"relics":["Burning Blood","Vajra","Darkstone Periapt"],"potions_floor_usage":[16],"damage_taken":[{"damage":7,"enemies":"2 Louse","floor":1,"turns":4},{"damage":8,"enemies":"Small Slimes","floor":5,"turns":2},{"damage":1,"enemies":"Cultist","floor":7,"turns":3},{"damage":0,"enemies":"3 Louse","floor":12,"turns":1},{"damage":85,"enemies":"Hexaghost","floor":16,"turns":10}],"seed_played":"-7313642815434573422","potions_obtained":[{"floor":1,"key":"Energy Potion"},{"floor":7,"key":"Fire Potion"}],"is_trial":false,"path_per_floor":["M","?","?","$","M","R","M","R","T","?","$","M","R","$","R"],"character_chosen":"IRONCLAD","items_purchased":["Vajra","Whirlwind"],"campfire_rested":0,"item_purchase_floors":[4,4],"current_hp_per_floor":[71,71,71,71,69,69,74,74,74,74,74,80,80,80,80,0],"gold":74,"neow_bonus":"HUNDRED_GOLD","is_prod":false,"is_daily":false,"chose_seed":false,"campfire_upgraded":4,"win_rate":0,"timestamp":1539146116,"path_taken":["M","?","?","$","M","R","M","R","T","?","$","?","R","?","R","BOSS"],"build_version":"2018-10-04v2","purchased_purges":0,"victory":false,"max_hp_per_floor":[80,80,80,80,80,80,80,80,80,80,80,80,80,80,80,80],"card_choices":[{"not_picked":["Blood for Blood","Pommel Strike","Wild Strike"],"picked":"SKIP","floor":1},{"not_picked":["Carnage","Corruption","Pommel Strike"],"picked":"SKIP","floor":5},{"not_picked":["Corruption","Heavy Blade"],"picked":"Thunderclap","floor":7},{"not_picked":["Shrug It Off","Cleave","Body Slam"],"picked":"SKIP","floor":12},{"not_picked":["Cleave","Body Slam"],"picked":"Shrug It Off","floor":12}],"player_experience":82119,"relics_obtained":[{"floor":9,"key":"Darkstone Periapt"}],"event_choices":[{"event_name":"Scrap Ooze","player_choice":"unsuccessful","floor":2,"damage_taken":0},{"event_name":"Upgrade Shrine","player_choice":"Upgraded","floor":3,"damage_taken":0},{"event_name":"Match and Keep!","player_choice":"0 cards matched","floor":10,"damage_taken":0}],"is_beta":false,"boss_relics":[],"items_purged_floors":[],"is_endless":false,"potions_floor_spawned":[1,7],"killed_by":"Hexaghost","ascension_level":11}