{"gold_per_floor":[117,131,206,80,90,116,116,144,171,171,187,187,187,201,201,296,296,312,18,18,32,131,163,163,196,196,196,214,214,89,109,109,210,210,222,241,241,261,279,279,305,305,305,305,305,321,123,137,137,137],"floor_reached":51,"playtime":2151,"items_purged":["Strike_G","Strike_G","Strike_G"],"score":825,"play_id":"84a3aebb-874c-4027-bdc9-1dd1618b3a81","local_time":"20190718232522","is_ascension_mode":false,"campfire_choices":[{"data":"Catalyst","floor":7.0,"key":"SMITH"},{"data":"Catalyst","floor":10.0,"key":"SMITH"},{"data":"Bouncing Flask","floor":13.0,"key":"SMITH"},{"data":"Deadly Poison","floor":15.0,"key":"SMITH"},{"data":"Night Terror","floor":24.0,"key":"SMITH"},{"data":"Backflip","floor":29,"key":"SMITH"},{"data":"Survivor","floor":32,"key":"SMITH"},{"data":"Night Terror","floor":40,"key":"SMITH"},{"floor":42,"key":"REST"},{"floor":44,"key":"REST"},{"data":"Defend_G","floor":49,"key":"SMITH"}],"neow_cost":"NONE","seed_source_timestamp":16595853245432,"circlet_count":0,"master_deck":["Strike_G+1","Defend_G+1","Defend_G","Defend_G","Defend_G","Defend_G+1","Survivor+1","Neutralize+1","Catalyst+1","Deadly Poison+1","Catalyst+1","Backflip+1","Bouncing Flask+1","Night Terror+1","Catalyst+1","Night Terror+1"],"special_seed":0,"relics":["Ring of the Snake","Dream Catcher","Omamori","Whetstone","Busted Crown","DollysMirror","Nunchaku","Mercury Hourglass","Vajra","Sozu","Singing Bowl","FossilizedHelix","TwistedFunnel"],"potions_floor_usage":[36,50,50],"damage_taken":[{"damage":0.0,"enemies":"Small Slimes","floor":1.0,"turns":3.0},{"damage":0.0,"enemies":"Jaw Worm","floor":2.0,"turns":9.0},{"damage":0.0,"enemies":"2 Louse","floor":5.0,"turns":4.0},{"damage":22.0,"enemies":"3 Sentries","floor":6.0,"turns":14.0},{"damage":11.0,"enemies":"Lagavulin","floor":8.0,"turns":5.0},{"damage":0.0,"enemies":"Blue Slaver","floor":11.0,"turns":3.0},{"damage":0.0,"enemies":"Looter","floor":14.0,"turns":3.0},{"damage":4.0,"enemies":"The Guardian","floor":16.0,"turns":6.0},{"damage":0.0,"enemies":"3 Byrds","floor":18.0,"turns":3.0},{"damage":0.0,"enemies":"2 Thieves","floor":21.0,"turns":4.0},{"damage":3.0,"enemies":"Book of Stabbing","floor":23.0,"turns":2.0},{"damage":9.0,"enemies":"Gremlin Leader","floor":25.0,"turns":2.0},{"damage":0,"enemies":"Sentry and Sphere","floor":28,"turns":2},{"damage":0,"enemies":"Snecko","floor":31,"turns":2},{"damage":17,"enemies":"Collector","floor":33,"turns":4},{"damage":5,"enemies":"Orb Walker","floor":35,"turns":2},{"damage":21,"enemies":"3 Darklings","floor":36,"turns":6},{"damage":0,"enemies":"Transient","floor":38,"turns":3},{"damage":0,"enemies":"Writhing Mass","floor":39,"turns":2},{"damage":17,"enemies":"Nemesis","floor":41,"turns":3},{"damage":0,"enemies":"Spire Growth","floor":46,"turns":3},{"damage":0,"enemies":"Jaw Worm Horde","floor":48,"turns":4},{"damage":0,"enemies":"Time Eater","floor":50,"turns":2}],"seed_played":"1064777019028640063","potions_obtained":[{"floor":6.0,"key":"Strength Potion"},{"floor":8.0,"key":"SpeedPotion"},{"floor":14.0,"key":"SpeedPotion"},{"floor":16.0,"key":"Energy Potion"},{"floor":33,"key":"Fire Potion"}],"is_trial":false,"path_per_floor":["M","M","?","$","M","E","R","E","T","R","M","?","R","M","R","B",null,"M","$","?","M","?","E","R","E","T","?","M","R","$","M","R","B",null,"M","M","?","M","M","R","E","R","T","R","?","M","$","M","R","B",null],"character_chosen":"THE_SILENT","items_purchased":["Deadly Poison","DollysMirror","TwistedFunnel"],"campfire_rested":2,"item_purchase_floors":[4,19,47],"current_hp_per_floor":[70,70,59,59,59,37,37,26,26,26,26,12,12,12,12,8,70,70,70,70,70,70,67,67,58,58,45,45,45,45,45,45,28,75,70,49,49,49,49,49,34,59,59,81,81,83,83,85,85,85],"gold":137,"neow_bonus":"TRANSFORM_CARD","is_prod":false,"is_daily":false,"chose_seed":false,"campfire_upgraded":9,"win_rate":0,"timestamp":1563463522,"path_taken":["M","M","?","$","M","E","R","E","T","R","M","?","R","?","R","BOSS","M","$","?","M","?","E","R","E","T","?","M","R","?","M","R","BOSS","M","M","?","M","M","R","E","R","T","R","?","M","$","M","R","BOSS"],"build_version":"2019-07-17","purchased_purges":3,"victory":true,"max_hp_per_floor":[70,70,70,70,70,70,70,70,70,70,70,70,70,70,70,70,70,70,70,70,70,70,70,70,70,70,75,75,75,75,75,75,75,75,75,75,75,75,75,75,77,79,79,81,81,83,83,85,85,85],"card_choices":[{"not_picked":["Sucker Punch","Dagger Spray"],"picked":"Catalyst","floor":1.0},{"not_picked":["Outmaneuver","Blur","Deflect"],"picked":"SKIP","floor":2.0},{"not_picked":["Terror","Blade Dance"],"picked":"Catalyst","floor":5.0},{"not_picked":["Cloak And Dagger","Outmaneuver","Deflect"],"picked":"SKIP","floor":6.0},{"not_picked":["Blur","Terror"],"picked":"Backflip","floor":8.0},{"not_picked":["PiercingWail","Backstab"],"picked":"Bouncing Flask","floor":11.0},{"not_picked":["PiercingWail","Prepared","Flying Knee"],"picked":"SKIP","floor":14.0},{"not_picked":["Bullet Time","Envenom"],"picked":"Night Terror","floor":16.0},{"not_picked":["Footwork+1"],"picked":"SKIP","floor":18.0},{"not_picked":["Caltrops"],"picked":"SKIP","floor":21.0},{"not_picked":["Noxious Fumes"],"picked":"SKIP","floor":23.0},{"not_picked":["Acrobatics"],"picked":"SKIP","floor":25.0},{"not_picked":["Skewer"],"picked":"SKIP","floor":28},{"not_picked":["Outmaneuver"],"picked":"SKIP","floor":31},{"not_picked":[],"picked":"Night Terror","floor":33},{"not_picked":["Masterful Stab+1"],"picked":"SKIP","floor":35},{"not_picked":["Expertise+1"],"picked":"SKIP","floor":36},{"not_picked":["Dagger Spray+1"],"picked":"SKIP","floor":38},{"not_picked":["Flying Knee"],"picked":"SKIP","floor":39},{"not_picked":["Outmaneuver+1"],"picked":"Singing Bowl","floor":41},{"not_picked":["Deadly Poison+1"],"picked":"Singing Bowl","floor":42},{"not_picked":["Outmaneuver+1"],"picked":"Singing Bowl","floor":44},{"not_picked":["Blade Dance+1"],"picked":"Singing Bowl","floor":46},{"not_picked":["Quick Slash+1"],"picked":"Singing Bowl","floor":48}],"player_experience":5789568,"relics_obtained":[{"floor":6.0,"key":"Dream Catcher"},{"floor":8.0,"key":"Omamori"},{"floor":9.0,"key":"Whetstone"},{"floor":23.0,"key":"Nunchaku"},{"floor":25.0,"key":"Mercury Hourglass"},{"floor":26.0,"key":"Vajra"},{"floor":41,"key":"Singing Bowl"},{"floor":43,"key":"FossilizedHelix"}],"event_choices":[{"damage_healed":0.0,"max_hp_gain":0.0,"max_hp_loss":0.0,"gold_gain":75.0,"event_name":"World of Goop","player_choice":"Gather Gold","floor":3.0,"gold_loss":0.0,"damage_taken":11.0},{"damage_healed":0.0,"max_hp_gain":0.0,"max_hp_loss":0.0,"gold_gain":0.0,"event_name":"Shining Light","player_choice":"Entered Light","floor":12.0,"gold_loss":0.0,"damage_taken":14.0,"cards_upgraded":["Defend_G","Heel Hook"]},{"damage_healed":0.0,"max_hp_gain":0.0,"max_hp_loss":0.0,"gold_gain":0.0,"event_name":"Cursed Tome","player_choice":"Ignored","floor":20.0,"gold_loss":0.0,"damage_taken":0.0},{"damage_healed":0.0,"max_hp_gain":0.0,"max_hp_loss":0.0,"gold_gain":99.0,"event_name":"Nest","player_choice":"Stole From Cult","floor":22.0,"gold_loss":0.0,"damage_taken":0.0},{"damage_healed":0.0,"max_hp_gain":5.0,"max_hp_loss":0.0,"gold_gain":0.0,"event_name":"Forgotten Altar","player_choice":"Shed Blood","floor":27.0,"gold_loss":0.0,"damage_taken":18.0},{"cards_removed":["Heel Hook"],"damage_healed":0,"gold_gain":0,"player_choice":"Removed Attack","damage_taken":0,"max_hp_gain":0,"max_hp_loss":0,"event_name":"Falling","floor":37,"gold_loss":0},{"damage_healed":0,"gold_gain":0,"player_choice":"Ignored","damage_taken":0,"max_hp_gain":0,"max_hp_loss":0,"event_name":"Tomb of Lord Red Mask","floor":45,"gold_loss":0}],"is_beta":false,"boss_relics":[{"not_picked":["White Beast Statue","HoveringKite"],"picked":"Busted Crown"},{"not_picked":["Snecko Eye","Philosopher\u0027s Stone"],"picked":"Sozu"}],"items_purged_floors":[4,19,30],"is_endless":false,"potions_floor_spawned":[6,8,14,16,21,33,36,38,39],"ascension_level":0}