{"gold_per_floor":[116,132,132,132,152,152,176,176,176,201,224,257,280,293,293,388,388,408,408,408,458,305,305,305,33,115,115],"floor_reached":27,"playtime":461,"items_purged":["Strike_R","Strike_R"],"score":426,"play_id":"3df93464-a71a-4219-b14b-6fb4b9bd93e6","local_time":"20190210221401","is_ascension_mode":true,"campfire_choices":[{"data":"Sword Boomerang","floor":6,"key":"SMITH"},{"floor":8,"key":"REST"},{"data":"Inflame","floor":15,"key":"SMITH"},{"floor":24,"key":"REST"}],"neow_cost":"NONE","seed_source_timestamp":1142199243863648,"circlet_count":0,"master_deck":["AscendersBane","Strike_R","Strike_R","Strike_R","Defend_R","Defend_R","Defend_R","Defend_R","Bash","Sword Boomerang+1","Flex+1","Disarm+1","Inflame+1","Double Tap+1","Impervious+1"],"relics":["Burning Blood","NeowsBlessing","Bloody Idol","Toxic Egg 2","Philosopher\u0027s Stone","Membership Card","Pear"],"potions_floor_usage":[12,12,13,18],"damage_taken":[{"damage":0,"enemies":"2 Louse","floor":1,"turns":1},{"damage":0,"enemies":"Small Slimes","floor":2,"turns":1},{"damage":0,"enemies":"Jaw Worm","floor":5,"turns":1},{"damage":7,"enemies":"Looter","floor":7,"turns":4},{"damage":18,"enemies":"Large Slime","floor":10,"turns":4},{"damage":1,"enemies":"2 Fungi Beasts","floor":11,"turns":3},{"damage":8,"enemies":"Gremlin Nob","floor":12,"turns":3},{"damage":9,"enemies":"Exordium Thugs","floor":13,"turns":5},{"damage":13,"enemies":"Exordium Wildlife","floor":14,"turns":4},{"damage":61,"enemies":"The Guardian","floor":16,"turns":11},{"damage":32,"enemies":"2 Thieves","floor":18,"turns":3},{"damage":89,"enemies":"Slavers","floor":27,"turns":5}],"seed_played":"7161873028546864685","potions_obtained":[{"floor":2,"key":"Ancient Potion"},{"floor":7,"key":"Energy Potion"},{"floor":10,"key":"Swift Potion"},{"floor":12,"key":"BloodPotion"},{"floor":13,"key":"SteroidPotion"}],"is_trial":false,"path_per_floor":["M","M","?","?","M","R","M","R","T","M","M","E","M","M","R","B",null,"M","?","?","?","$","?","R","$","T","E"],"character_chosen":"IRONCLAD","items_purchased":["Impervious+1","Membership Card"],"campfire_rested":2,"item_purchase_floors":[22,25],"current_hp_per_floor":[74,75,80,52,58,58,57,80,80,68,73,71,76,69,69,14,64,38,38,38,38,38,38,62,62,77,0],"gold":115,"neow_bonus":"THREE_ENEMY_KILL","is_prod":false,"is_daily":false,"chose_seed":false,"campfire_upgraded":2,"win_rate":0,"timestamp":1549808041,"path_taken":["M","M","?","?","M","R","M","R","T","M","M","E","M","?","R","BOSS","M","?","?","?","$","?","R","$","T","E"],"build_version":"2019-01-23","purchased_purges":2,"victory":false,"max_hp_per_floor":[75,75,80,80,80,80,80,80,80,80,80,80,80,80,80,80,80,80,80,80,80,80,80,80,80,90,90],"card_choices":[{"not_picked":["Armaments","Thunderclap","Warcry"],"picked":"SKIP","floor":1},{"not_picked":["Wild Strike","Armaments","Warcry"],"picked":"SKIP","floor":2},{"not_picked":["Twin Strike","Headbutt"],"picked":"Sword Boomerang","floor":5},{"not_picked":["Clothesline","Warcry","Dual Wield"],"picked":"SKIP","floor":7},{"not_picked":["Shockwave+1","Warcry+1"],"picked":"Flex+1","floor":10},{"not_picked":["Body Slam","Heavy Blade","Twin Strike"],"picked":"SKIP","floor":11},{"not_picked":["Pommel Strike","Bloodletting+1"],"picked":"Disarm+1","floor":12},{"not_picked":["Wild Strike","Barricade"],"picked":"Inflame","floor":13},{"not_picked":["Warcry+1","Wild Strike","Heavy Blade"],"picked":"SKIP","floor":14},{"not_picked":["Juggernaut","Bludgeon"],"picked":"Double Tap+1","floor":16},{"not_picked":["Thunderclap","Anger","Feel No Pain"],"picked":"SKIP","floor":18}],"player_experience":718425,"relics_obtained":[{"floor":9,"key":"Toxic Egg 2"},{"floor":26,"key":"Pear"}],"event_choices":[{"damage_healed":0,"gold_gain":0,"player_choice":"Donut","damage_taken":0,"max_hp_gain":5,"max_hp_loss":0,"event_name":"Big Fish","floor":3,"gold_loss":0},{"damage_healed":0,"gold_gain":0,"player_choice":"Take Damage","damage_taken":28,"relics_obtained":["Golden Idol"],"max_hp_gain":0,"max_hp_loss":0,"event_name":"Golden Idol","floor":4,"gold_loss":0},{"damage_healed":0,"gold_gain":0,"player_choice":"Ignored","damage_taken":0,"max_hp_gain":0,"max_hp_loss":0,"event_name":"Ghosts","floor":19,"gold_loss":0},{"damage_healed":0,"gold_gain":0,"player_choice":"Ignored","damage_taken":0,"max_hp_gain":0,"max_hp_loss":0,"event_name":"The Mausoleum","floor":20,"gold_loss":0},{"damage_healed":0,"gold_gain":50,"player_choice":"Stole From Cult","damage_taken":0,"max_hp_gain":0,"max_hp_loss":0,"event_name":"Nest","floor":21,"gold_loss":0},{"damage_healed":0,"gold_gain":0,"player_choice":"Gave Idol","damage_taken":0,"relics_obtained":["Bloody Idol"],"max_hp_gain":0,"max_hp_loss":0,"event_name":"Forgotten Altar","floor":23,"relics_lost":["Golden Idol"],"gold_loss":0}],"is_beta":false,"boss_relics":[{"not_picked":["Lizard Tail","Orrery"],"picked":"Philosopher\u0027s Stone"}],"items_purged_floors":[22,25],"is_endless":false,"potions_floor_spawned":[2,7,10,12,13],"killed_by":"Slavers","ascension_level":20}