{"gold_per_floor":[119,269,269,281,281,309,158,158,184,184,196,210,21,50,50,50],"floor_reached":16,"playtime":228,"items_purged":["Strike_G","Defend_G"],"score":265,"play_id":"92404380-8663-4f82-8853-ed814874f90e","local_time":"20190218123907","is_ascension_mode":true,"campfire_choices":[{"data":"Neutralize","floor":8,"key":"SMITH"},{"data":"Footwork","floor":10,"key":"SMITH"},{"floor":15,"key":"REST"}],"neow_cost":"NONE","seed_source_timestamp":16584940452460,"circlet_count":0,"master_deck":["AscendersBane","Defend_G","Defend_G","Defend_G","Defend_G","Strike_G","Strike_G","Strike_G","Survivor","Neutralize+1","Catalyst","Dash","Footwork+1","Backstab","Dramatic Entrance"],"relics":["Ring of the Snake","NeowsBlessing","Spirit Poop","MawBank","Ninja Scroll"],"potions_floor_usage":[14],"damage_taken":[{"damage":0,"enemies":"2 Louse","floor":1,"turns":1},{"damage":0,"enemies":"Cultist","floor":4,"turns":1},{"damage":0,"enemies":"3 Sentries","floor":6,"turns":1},{"damage":0,"enemies":"Small Slimes","floor":11,"turns":5},{"damage":2,"enemies":"2 Fungi Beasts","floor":12,"turns":4},{"damage":21,"enemies":"Lagavulin","floor":14,"turns":10},{"damage":0,"enemies":"Slime Boss","floor":16,"turns":1}],"seed_played":"4352871984619593723","potions_obtained":[{"floor":6,"key":"Swift Potion"},{"floor":11,"key":"Strength Potion"}],"is_trial":false,"path_per_floor":["M","?","?","M","?","E","$","R","T","R","M","M","$","E","R","B"],"character_chosen":"THE_SILENT","items_purchased":["Footwork","Dramatic Entrance"],"campfire_rested":1,"item_purchase_floors":[7,13],"current_hp_per_floor":[59,59,59,59,52,52,52,52,52,52,52,50,50,29,48,48],"gold":50,"neow_bonus":"THREE_ENEMY_KILL","is_prod":false,"is_daily":false,"chose_seed":false,"campfire_upgraded":2,"win_rate":0,"timestamp":1550464747,"path_taken":["M","?","?","?","?","E","$","R","T","R","M","M","$","E","R","BOSS"],"build_version":"2019-01-23","purchased_purges":2,"victory":false,"max_hp_per_floor":[66,66,66,66,66,66,66,66,66,66,66,66,66,66,66,66],"card_choices":[{"not_picked":["Dodge and Roll","Escape Plan"],"picked":"Catalyst","floor":1},{"not_picked":["Riddle With Holes","Slice"],"picked":"Dash","floor":4},{"not_picked":["Poisoned Stab","Dodge and Roll","Flying Knee"],"picked":"SKIP","floor":6},{"not_picked":["Finisher","Blade Dance","Sucker Punch"],"picked":"SKIP","floor":11},{"not_picked":["Quick Slash","Phantasmal Killer"],"picked":"Backstab","floor":12},{"not_picked":["Terror","Acrobatics","Poisoned Stab"],"picked":"SKIP","floor":14}],"player_experience":2899361,"relics_obtained":[{"floor":6,"key":"MawBank"},{"floor":14,"key":"Ninja Scroll"}],"event_choices":[{"damage_healed":0,"gold_gain":150,"player_choice":"AGREE","damage_taken":0,"max_hp_gain":0,"max_hp_loss":0,"event_name":"Liars Game","floor":2,"gold_loss":0,"cards_obtained":["Doubt"]},{"cards_removed":["Doubt"],"damage_healed":0,"gold_gain":0,"player_choice":"Offered Curse","damage_taken":0,"relics_obtained":["Spirit Poop"],"max_hp_gain":0,"max_hp_loss":0,"event_name":"Bonfire Elementals","floor":3,"gold_loss":0},{"cards_removed":["Strike_G"],"damage_healed":0,"gold_gain":0,"player_choice":"Card Removal","damage_taken":7,"max_hp_gain":0,"max_hp_loss":0,"event_name":"Golden Wing","floor":5,"gold_loss":0}],"is_beta":false,"boss_relics":[],"items_purged_floors":[7,13],"is_endless":false,"potions_floor_spawned":[6,11],"killed_by":"Slime Boss","ascension_level":20}