{"gold_per_floor":[117,133,151,151,162,162,178,178,203,216,226,226,237,248,248,351,351,368,383,396,410,426,426,187,198,198,98,98,98,115,129,129,129],"floor_reached":33,"playtime":2424,"items_purged":["Strike_R","Strike_R"],"score":386,"play_id":"539620b1-de8d-4934-b971-39a6e9fe8d66","local_time":"20190730023752","is_ascension_mode":true,"campfire_choices":[{"data":"Searing Blow","floor":6,"key":"SMITH"},{"data":"Searing Blow+1","floor":8,"key":"SMITH"},{"data":"Searing Blow+2","floor":12,"key":"SMITH"},{"floor":15,"key":"REST"},{"data":"Searing Blow+3","floor":23,"key":"SMITH"},{"data":"Searing Blow+4","floor":29,"key":"SMITH"},{"floor":32,"key":"REST"}],"neow_cost":"NONE","seed_source_timestamp":825852724692968,"circlet_count":0,"master_deck":["AscendersBane","Strike_R","Strike_R","Strike_R","Defend_R","Defend_R","Defend_R","Defend_R","Bash","Impervious","Whirlwind","Pommel Strike","Body Slam","Searing Blow+5","Shockwave","Metallicize","Pommel Strike","Offering","Warcry+1","Battle Trance","Shrug It Off","Juggernaut","Dual Wield+1"],"relics":["Burning Blood","Boot","Philosopher\u0027s Stone","Bottled Lightning"],"potions_floor_usage":[18,20,22,22,33],"damage_taken":[{"damage":5,"enemies":"Small Slimes","floor":1,"turns":4},{"damage":1,"enemies":"Cultist","floor":2,"turns":4},{"damage":0,"enemies":"2 Louse","floor":3,"turns":1},{"damage":15,"enemies":"Looter","floor":5,"turns":5},{"damage":13,"enemies":"2 Fungi Beasts","floor":7,"turns":4},{"damage":25,"enemies":"Large Slime","floor":10,"turns":7},{"damage":18,"enemies":"Gremlin Gang","floor":11,"turns":4},{"damage":8,"enemies":"Looter","floor":13,"turns":2},{"damage":15,"enemies":"Exordium Wildlife","floor":14,"turns":6},{"damage":25,"enemies":"The Guardian","floor":16,"turns":12},{"damage":20,"enemies":"3 Byrds","floor":18,"turns":6},{"damage":12,"enemies":"2 Thieves","floor":19,"turns":4},{"damage":27,"enemies":"Sentry and Sphere","floor":20,"turns":6},{"damage":27,"enemies":"Snake Plant","floor":21,"turns":4},{"damage":6,"enemies":"Centurion and Healer","floor":22,"turns":5},{"damage":10,"enemies":"Cultist and Chosen","floor":25,"turns":4},{"damage":14,"enemies":"Snake Plant","floor":30,"turns":2},{"damage":14,"enemies":"Snecko","floor":31,"turns":4},{"damage":108,"enemies":"Automaton","floor":33,"turns":6}],"seed_played":"-1485236066188594747","potions_obtained":[{"floor":3,"key":"Swift Potion"},{"floor":4,"key":"Regen Potion"},{"floor":16,"key":"BloodPotion"},{"floor":19,"key":"Regen Potion"},{"floor":20,"key":"SteroidPotion"},{"floor":22,"key":"Weak Potion"}],"is_trial":false,"path_per_floor":["M","M","M","?","M","R","M","R","T","M","M","R","M","M","R","B",null,"M","M","M","M","M","R","$","M","T","$","?","R","M","M","R","B"],"character_chosen":"IRONCLAD","items_purchased":["Juggernaut"],"campfire_rested":2,"item_purchase_floors":[24],"current_hp_per_floor":[73,78,80,80,71,71,64,64,64,45,33,33,31,22,46,27,67,67,61,60,39,53,53,53,49,49,49,49,49,41,33,57,0],"gold":129,"neow_bonus":"ONE_RANDOM_RARE_CARD","is_prod":false,"is_daily":false,"chose_seed":false,"campfire_upgraded":5,"win_rate":0,"timestamp":1564472272,"path_taken":["M","M","M","?","M","R","M","R","T","M","M","R","M","M","R","BOSS","M","?","M","M","M","R","$","M","T","$","?","R","M","M","R","BOSS"],"build_version":"2019-07-17","purchased_purges":2,"victory":false,"max_hp_per_floor":[80,80,80,80,80,80,80,80,80,80,80,80,80,80,80,80,80,80,80,80,80,80,80,80,80,80,80,80,80,80,80,80,80],"card_choices":[{"not_picked":["Pommel Strike","Warcry"],"picked":"Whirlwind","floor":1},{"not_picked":["Sentinel","Thunderclap"],"picked":"Pommel Strike","floor":2},{"not_picked":["Pommel Strike","Havoc"],"picked":"Body Slam","floor":3},{"not_picked":["True Grit","Rage"],"picked":"Searing Blow","floor":5},{"not_picked":["Fire Breathing","Anger"],"picked":"Shockwave","floor":7},{"not_picked":["Sever Soul","Fire Breathing","Dark Embrace"],"picked":"SKIP","floor":10},{"not_picked":["Body Slam","Heavy Blade"],"picked":"Metallicize","floor":11},{"not_picked":["Carnage","Anger","Wild Strike"],"picked":"SKIP","floor":13},{"not_picked":["Armaments","Power Through"],"picked":"Pommel Strike","floor":14},{"not_picked":["Bludgeon","Exhume"],"picked":"Offering","floor":16},{"not_picked":["Hemokinesis","Blood for Blood","Burning Pact"],"picked":"SKIP","floor":18},{"not_picked":["Clothesline+1","Twin Strike"],"picked":"Warcry+1","floor":19},{"not_picked":["Bloodletting+1","Shrug It Off"],"picked":"Battle Trance","floor":20},{"not_picked":["Seeing Red","Warcry+1"],"picked":"Shrug It Off","floor":21},{"not_picked":["Warcry","Sever Soul","Armaments"],"picked":"SKIP","floor":22},{"not_picked":["Fire Breathing","Corruption"],"picked":"Dual Wield+1","floor":25},{"not_picked":["Whirlwind+1","Twin Strike","Heavy Blade"],"picked":"SKIP","floor":30},{"not_picked":["Warcry","Rage","Pummel"],"picked":"SKIP","floor":31}],"player_experience":387604,"relics_obtained":[{"floor":9,"key":"Boot"},{"floor":26,"key":"Bottled Lightning"}],"event_choices":[{"damage_healed":0,"gold_gain":0,"player_choice":"Got Potions","damage_taken":0,"max_hp_gain":0,"max_hp_loss":0,"event_name":"Lab","floor":4,"gold_loss":0},{"damage_healed":0,"gold_gain":0,"player_choice":"Ignored","damage_taken":0,"max_hp_gain":0,"max_hp_loss":0,"event_name":"Ghosts","floor":28,"gold_loss":0}],"is_beta":false,"boss_relics":[{"not_picked":["Black Blood","Busted Crown"],"picked":"Philosopher\u0027s Stone"}],"items_purged_floors":[24,27],"is_endless":false,"potions_floor_spawned":[3,5,7,14,16,19,20,22],"killed_by":"Automaton","ascension_level":11}