{"gold_per_floor":[112,112,123,11,21,51,69,69,69,69,99,99,174,174,174,253,253],"floor_reached":17,"playtime":1012,"items_purged":[],"score":306,"play_id":"25e33203-ca0a-49e9-8d14-619b1596fbe7","local_time":"20190224123835","is_ascension_mode":true,"campfire_choices":[{"data":"Chaos","floor":8,"key":"SMITH"},{"data":"Chaos","floor":10,"key":"SMITH"},{"data":"Capacitor","floor":12,"key":"SMITH"},{"data":"Coolheaded","floor":15,"key":"SMITH"}],"neow_cost":"NONE","seed_source_timestamp":942050387001,"circlet_count":0,"master_deck":["AscendersBane","Strike_B","Strike_B","Strike_B","Defend_B","Defend_B","Defend_B","Defend_B","Zap","Dualcast","Cold Snap","Chaos+1","Capacitor+1","Coolheaded","Chaos+1","Auto Shields","Coolheaded+1","Recycle","Reboot"],"relics":["Cracked Core","NeowsBlessing","Pantograph","Gremlin Horn","Odd Mushroom","Nuclear Battery"],"potions_floor_usage":[16,16],"damage_taken":[{"damage":0,"enemies":"Small Slimes","floor":1,"turns":1},{"damage":0,"enemies":"Cultist","floor":3,"turns":1},{"damage":0,"enemies":"2 Louse","floor":5,"turns":1},{"damage":29,"enemies":"Lagavulin","floor":6,"turns":8},{"damage":8,"enemies":"Blue Slaver","floor":7,"turns":5},{"damage":5,"enemies":"The Mushroom Lair","floor":11,"turns":5},{"damage":27,"enemies":"Hexaghost","floor":16,"turns":14}],"seed_played":"7994684822162788037","potions_obtained":[{"floor":5,"key":"SkillPotion"},{"floor":6,"key":"SkillPotion"}],"is_trial":false,"path_per_floor":["M","?","M","$","M","E","M","R","T","R","?","R","?","?","R","B",null],"character_chosen":"DEFECT","items_purchased":["Capacitor","Coolheaded"],"campfire_rested":0,"item_purchase_floors":[4,4],"current_hp_per_floor":[64,64,64,64,64,35,27,27,27,27,22,22,11,6,6,4,4],"gold":253,"neow_bonus":"THREE_ENEMY_KILL","is_prod":false,"is_daily":false,"chose_seed":false,"campfire_upgraded":4,"win_rate":0,"timestamp":1550983115,"path_taken":["M","?","M","$","?","E","M","R","T","R","?","R","?","?","R","BOSS"],"build_version":"2019-01-23","purchased_purges":0,"victory":false,"max_hp_per_floor":[71,71,71,71,71,71,71,71,71,71,71,71,71,71,71,71,71],"card_choices":[{"not_picked":["Barrage","Auto Shields"],"picked":"Cold Snap","floor":1},{"not_picked":["Skim","Redo"],"picked":"Chaos","floor":3},{"not_picked":["Leap","Coolheaded"],"picked":"Chaos","floor":5},{"not_picked":["Streamline","Amplify"],"picked":"Auto Shields","floor":6},{"not_picked":["Double Energy","Doom and Gloom"],"picked":"Coolheaded","floor":7},{"not_picked":["Static Discharge","Leap"],"picked":"Recycle","floor":11},{"not_picked":["Machine Learning","Thunder Strike"],"picked":"Reboot","floor":16}],"player_experience":3086322,"relics_obtained":[{"floor":6,"key":"Pantograph"},{"floor":9,"key":"Gremlin Horn"},{"floor":11,"key":"Odd Mushroom"}],"event_choices":[{"cards_removed":["Strike_B"],"damage_healed":0,"gold_gain":0,"player_choice":"Offered Basic","damage_taken":0,"max_hp_gain":0,"max_hp_loss":0,"event_name":"Bonfire Elementals","floor":2,"gold_loss":0},{"damage_healed":0,"gold_gain":0,"player_choice":"Fought Mushrooms","damage_taken":0,"max_hp_gain":0,"max_hp_loss":0,"event_name":"Mushrooms","floor":11,"gold_loss":0},{"damage_healed":0,"gold_gain":75,"player_choice":"Gather Gold","damage_taken":11,"max_hp_gain":0,"max_hp_loss":0,"event_name":"World of Goop","floor":13,"gold_loss":0},{"damage_healed":0,"gold_gain":0,"player_choice":"Fled","damage_taken":5,"max_hp_gain":0,"max_hp_loss":0,"event_name":"Scrap Ooze","floor":14,"gold_loss":0}],"is_beta":false,"boss_relics":[{"not_picked":["Busted Crown","Lizard Tail"],"picked":"Nuclear Battery"}],"items_purged_floors":[],"is_endless":false,"potions_floor_spawned":[5,6,11],"ascension_level":20}