{"gold_per_floor":[109,3,3,23,98,133,58,58,82,82,141,154,154,171,171,171],"floor_reached":16,"playtime":390,"items_purged":["Strike_G"],"score":246,"play_id":"d4e4b8db-69e0-4822-87f6-94f7a68e7fcc","local_time":"20190319145759","is_ascension_mode":true,"campfire_choices":[{"data":"Noxious Fumes","floor":8,"key":"SMITH"},{"data":"Deadly Poison","floor":10,"key":"SMITH"},{"data":"Glass Knife","floor":13,"key":"SMITH"},{"data":"Neutralize","floor":15,"key":"SMITH"}],"neow_cost":"NONE","seed_source_timestamp":15140349752926,"circlet_count":0,"master_deck":["AscendersBane","Defend_G+1","Defend_G","Defend_G","Defend_G","Defend_G","Strike_G","Strike_G","Strike_G","Strike_G","Survivor+1","Neutralize+1","Noxious Fumes+1","Deadly Poison+1","Backflip","Glass Knife+1"],"relics":["Ring of the Snake","NeowsBlessing","Torii","Lantern","Blood Vial"],"potions_floor_usage":[16],"damage_taken":[{"damage":0,"enemies":"Small Slimes","floor":1,"turns":1},{"damage":0,"enemies":"2 Louse","floor":4,"turns":1},{"damage":0,"enemies":"Gremlin Nob","floor":6,"turns":1},{"damage":13,"enemies":"3 Sentries","floor":11,"turns":7},{"damage":1,"enemies":"Jaw Worm","floor":12,"turns":3},{"damage":2,"enemies":"Exordium Thugs","floor":14,"turns":3},{"damage":12,"enemies":"Slime Boss","floor":16,"turns":6}],"seed_played":"-6987184883636492934","potions_obtained":[{"floor":6,"key":"Swift Potion"},{"floor":14,"key":"Dexterity Potion"}],"is_trial":false,"path_per_floor":["M","$","?","M","?","E","$","R","T","R","?","M","R","M","R","B"],"character_chosen":"THE_SILENT","items_purchased":["Noxious Fumes","Deadly Poison"],"campfire_rested":0,"item_purchase_floors":[2,2],"current_hp_per_floor":[59,59,39,39,28,28,28,28,28,28,15,16,16,16,16,6],"gold":171,"neow_bonus":"THREE_ENEMY_KILL","is_prod":false,"is_daily":false,"chose_seed":false,"campfire_upgraded":4,"win_rate":0,"timestamp":1552978679,"path_taken":["M","$","?","M","?","E","$","R","T","R","?","?","R","M","R","BOSS"],"build_version":"2019-01-23","purchased_purges":1,"victory":false,"max_hp_per_floor":[66,66,66,66,66,66,66,66,66,66,66,66,66,66,66,66],"card_choices":[{"not_picked":["Acrobatics","Quick Slash","Caltrops"],"picked":"SKIP","floor":1},{"not_picked":["Blur","Caltrops"],"picked":"Backflip","floor":4},{"not_picked":["Cloak And Dagger","Deadly Poison","Dagger Spray"],"picked":"SKIP","floor":6},{"not_picked":["Cloak And Dagger","Escape Plan"],"picked":"Glass Knife","floor":12},{"not_picked":["Backstab","Noxious Fumes","Caltrops"],"picked":"SKIP","floor":14}],"player_experience":3719443,"relics_obtained":[{"floor":6,"key":"Torii"},{"floor":9,"key":"Lantern"},{"floor":11,"key":"Blood Vial"}],"event_choices":[{"damage_healed":0,"gold_gain":0,"player_choice":"Entered Light","damage_taken":20,"max_hp_gain":0,"max_hp_loss":0,"event_name":"Shining Light","floor":3,"gold_loss":0,"cards_upgraded":["Defend_G","Survivor"]},{"damage_healed":0,"gold_gain":75,"player_choice":"Gather Gold","damage_taken":11,"max_hp_gain":0,"max_hp_loss":0,"event_name":"World of Goop","floor":5,"gold_loss":0},{"damage_healed":0,"gold_gain":0,"player_choice":"Searched \u00271\u0027 times","damage_taken":0,"max_hp_gain":0,"max_hp_loss":0,"event_name":"Dead Adventurer","floor":11,"gold_loss":0}],"is_beta":false,"boss_relics":[],"items_purged_floors":[7],"is_endless":false,"potions_floor_spawned":[6,14],"killed_by":"Slime Boss","ascension_level":20}