{"gold_per_floor":[16,30,30,46,60,60,87,102,102,119,135,135,193,42,42,121,121,141,56,70,1,14,14,14,28,28,39,39],"floor_reached":28,"playtime":2883,"items_purged":["Strike_R"],"score":384,"play_id":"b53e69a0-5315-4c41-9d60-3a23fbe1f147","local_time":"20190802185337","is_ascension_mode":true,"campfire_choices":[{"data":"Feel No Pain","floor":6.0,"key":"SMITH"},{"data":"Corruption","floor":12.0,"key":"SMITH"},{"data":"Whirlwind","floor":15.0,"key":"SMITH"},{"data":"Rage","floor":23.0,"key":"SMITH"}],"neow_cost":"NO_GOLD","seed_source_timestamp":0,"circlet_count":0,"master_deck":["AscendersBane","Strike_R","Strike_R","Strike_R","Strike_R","Defend_R","Defend_R","Defend_R","Defend_R","Bash","Shockwave+1","Feel No Pain+1","Corruption+1","Armaments","Armaments","Shrug It Off","Whirlwind+1","Flex","Shrug It Off","Brutality","Rage+1","True Grit","Burning Pact","Clash+1","Disarm","Rage+1"],"special_seed":0,"relics":["Burning Blood","Charon\u0027s Ashes","Ancient Tea Set","Bottled Tornado","Blood Vial","Sozu","Molten Egg 2","Unceasing Top"],"potions_floor_usage":[],"damage_taken":[{"damage":15.0,"enemies":"Small Slimes","floor":1.0,"turns":4.0},{"damage":0.0,"enemies":"Cultist","floor":2.0,"turns":4.0},{"damage":9.0,"enemies":"Jaw Worm","floor":4.0,"turns":4.0},{"damage":1.0,"enemies":"Looter","floor":5.0,"turns":4.0},{"damage":16.0,"enemies":"3 Sentries","floor":7.0,"turns":6.0},{"damage":13.0,"enemies":"3 Louse","floor":8.0,"turns":4.0},{"damage":0.0,"enemies":"2 Fungi Beasts","floor":10.0,"turns":3.0},{"damage":15.0,"enemies":"Gremlin Gang","floor":11.0,"turns":4.0},{"damage":0.0,"enemies":"Gremlin Nob","floor":13.0,"turns":4.0},{"damage":46.0,"enemies":"Hexaghost","floor":16.0,"turns":10.0},{"damage":2.0,"enemies":"Shell Parasite","floor":18.0,"turns":4.0},{"damage":4.0,"enemies":"Chosen","floor":20.0,"turns":3.0},{"damage":8.0,"enemies":"Centurion and Healer","floor":22.0,"turns":5.0},{"damage":15.0,"enemies":"Snake Plant","floor":25.0,"turns":2.0},{"damage":16.0,"enemies":"Shelled Parasite and Fungi","floor":27.0,"turns":3.0},{"damage":0.0,"enemies":"Snecko","floor":28.0,"turns":4.0}],"seed_played":"3195770941064868920","potions_obtained":[{"floor":2.0,"key":"Dexterity Potion"},{"floor":5.0,"key":"Weak Potion"}],"is_trial":false,"path_per_floor":["M","M","?","M","M","R","E","M","T","M","M","R","?","$","R","B",null,"M","?","M","$","M","R","?","M","T","M","M"],"character_chosen":"IRONCLAD","items_purchased":["Flex","Shrug It Off","Burning Pact"],"campfire_rested":0,"item_purchase_floors":[14,14,21],"current_hp_per_floor":[59,65,65,62,67,67,57,50,50,56,47,47,53,53,53,15,60,66,66,70,70,70,70,70,63,63,55,63],"gold":39,"neow_bonus":"ONE_RARE_RELIC","is_prod":false,"is_daily":false,"chose_seed":false,"campfire_upgraded":4,"win_rate":0,"timestamp":1564790017,"path_taken":["M","M","?","M","M","R","E","M","T","M","?","R","?","?","R","BOSS","M","?","M","$","M","R","?","M","T","M","M"],"build_version":"2019-07-17","purchased_purges":1,"victory":false,"max_hp_per_floor":[75,75,75,75,75,75,75,75,75,75,75,75,75,75,75,75,75,75,75,75,75,75,75,75,75,75,75,75],"card_choices":[{"not_picked":["Twin Strike","Wild Strike"],"picked":"Shockwave","floor":1.0},{"not_picked":["Second Wind","Headbutt"],"picked":"Feel No Pain","floor":2.0},{"not_picked":["Perfected Strike","Body Slam"],"picked":"Corruption","floor":4.0},{"not_picked":["Heavy Blade","Body Slam"],"picked":"Armaments","floor":5.0},{"not_picked":["Combust","Feed"],"picked":"Armaments","floor":7.0},{"not_picked":["Thunderclap","Blood for Blood","Perfected Strike"],"picked":"SKIP","floor":8.0},{"not_picked":["Wild Strike","Blood for Blood"],"picked":"Shrug It Off","floor":10.0},{"not_picked":["Uppercut","Heavy Blade"],"picked":"Whirlwind","floor":11.0},{"not_picked":["Immolate","Berserk"],"picked":"Brutality","floor":16.0},{"not_picked":["Iron Wave","Armaments"],"picked":"Rage","floor":18.0},{"not_picked":["Dual Wield","Thunderclap+1"],"picked":"True Grit","floor":20.0},{"not_picked":["Body Slam+1","Twin Strike+1"],"picked":"Clash+1","floor":22.0},{"not_picked":["Flex","Metallicize+1"],"picked":"Disarm","floor":25.0},{"not_picked":["Iron Wave+1","Uppercut+1"],"picked":"Rage+1","floor":27.0}],"player_experience":419513,"relics_obtained":[{"floor":7.0,"key":"Ancient Tea Set"},{"floor":9.0,"key":"Bottled Tornado"},{"floor":13.0,"key":"Blood Vial"},{"floor":26.0,"key":"Unceasing Top"}],"event_choices":[{"damage_healed":0.0,"max_hp_gain":0.0,"max_hp_loss":0.0,"gold_gain":0.0,"event_name":"Accursed Blacksmith","player_choice":"Forge","floor":3.0,"gold_loss":0.0,"damage_taken":0.0,"cards_upgraded":["Shockwave"]},{"damage_healed":0.0,"max_hp_gain":0.0,"max_hp_loss":0.0,"gold_gain":30.0,"event_name":"Dead Adventurer","player_choice":"Searched \u00272\u0027 times","floor":13.0,"gold_loss":0.0,"damage_taken":0.0},{"damage_healed":0.0,"max_hp_gain":0.0,"max_hp_loss":0.0,"gold_gain":0.0,"event_name":"Addict","player_choice":"Obtained Relic","floor":19.0,"gold_loss":85.0,"damage_taken":0.0,"relics_obtained":["Molten Egg 2"]},{"damage_healed":0.0,"max_hp_gain":0.0,"max_hp_loss":0.0,"gold_gain":0.0,"event_name":"The Mausoleum","player_choice":"Ignored","floor":24.0,"gold_loss":0.0,"damage_taken":0.0}],"is_beta":false,"boss_relics":[{"not_picked":["Fusion Hammer","Runic Cube"],"picked":"Sozu"}],"items_purged_floors":[14],"is_endless":false,"potions_floor_spawned":[2,5,8,11,22,27],"killed_by":"Snecko","ascension_level":14}