{"gold_per_floor":[112,112,126,4,4,4,18,18,71,71,81,91,91,121,121,198,198,208,225,150,169,184,184,184],"floor_reached":24,"playtime":626,"items_purged":["Strike_G"],"score":446,"play_id":"b3d09f2b-3d60-453d-a329-6b62d2b6c7ab","local_time":"20190212192926","is_ascension_mode":true,"campfire_choices":[{"data":"Catalyst","floor":6.0,"key":"SMITH"},{"data":"Noxious Fumes","floor":10.0,"key":"SMITH"},{"data":"Corpse Explosion","floor":13.0,"key":"SMITH"},{"data":"Neutralize","floor":15.0,"key":"SMITH"},{"data":"Footwork","floor":23,"key":"SMITH"}],"neow_cost":"NONE","seed_source_timestamp":34713495549819,"circlet_count":0,"master_deck":["AscendersBane","Defend_G+1","Defend_G","Defend_G","Defend_G","Defend_G","Strike_G+1","Strike_G","Strike_G","Strike_G","Survivor","Neutralize+1","Masterful Stab","Footwork+1","Noxious Fumes+1","Catalyst+1","Corpse Explosion+1","Malaise","Backflip"],"special_seed":0,"relics":["White Beast Statue","Bag of Marbles","Mummified Hand","Runic Dome"],"potions_floor_usage":[21,22,24],"damage_taken":[{"damage":12.0,"enemies":"Small Slimes","floor":1.0,"turns":4.0},{"damage":1.0,"enemies":"2 Louse","floor":3.0,"turns":2.0},{"damage":0.0,"enemies":"Cultist","floor":7.0,"turns":3.0},{"damage":5.0,"enemies":"Gremlin Gang","floor":11.0,"turns":4.0},{"damage":4.0,"enemies":"3 Louse","floor":12.0,"turns":3.0},{"damage":6.0,"enemies":"3 Sentries","floor":14.0,"turns":3.0},{"damage":13.0,"enemies":"The Guardian","floor":16.0,"turns":9.0},{"damage":22.0,"enemies":"Shell Parasite","floor":18.0,"turns":5.0},{"damage":12.0,"enemies":"3 Byrds","floor":19.0,"turns":3.0},{"damage":0,"enemies":"Cultist and Chosen","floor":21,"turns":3},{"damage":14,"enemies":"Shelled Parasite and Fungi","floor":22,"turns":4},{"damage":26,"enemies":"Gremlin Leader","floor":24,"turns":2}],"seed_played":"-7586952133753862210","potions_obtained":[{"floor":1.0,"key":"AttackPotion"},{"floor":3.0,"key":"Fire Potion"},{"floor":7.0,"key":"PowerPotion"},{"floor":11.0,"key":"Energy Potion"},{"floor":12.0,"key":"Explosive Potion"},{"floor":14.0,"key":"Ancient Potion"},{"floor":18.0,"key":"Regen Potion"},{"floor":19.0,"key":"Block Potion"},{"floor":21,"key":"Fruit Juice"},{"floor":22,"key":"SpeedPotion"}],"is_trial":false,"path_per_floor":["M","?","M","$","?","R","M","?","T","R","M","M","R","E","R","B",null,"M","M","$","M","M","R","E"],"character_chosen":"THE_SILENT","items_purchased":["Noxious Fumes","Catalyst"],"campfire_rested":0,"item_purchase_floors":[4,4],"current_hp_per_floor":[47,52,51,51,30,30,30,30,30,30,25,21,21,15,15,2,54,32,32,32,37,23,23,0],"gold":184,"neow_bonus":"BOSS_RELIC","is_prod":false,"is_daily":false,"chose_seed":false,"campfire_upgraded":5,"win_rate":0,"timestamp":1549970966,"path_taken":["M","?","M","$","?","R","M","?","T","R","?","M","R","E","R","BOSS","M","M","$","M","?","R","E"],"build_version":"2019-01-23","purchased_purges":1,"victory":false,"max_hp_per_floor":[66,71,71,71,71,71,71,71,71,71,71,71,71,71,71,71,71,71,71,71,76,76,76,76],"card_choices":[{"not_picked":["Prepared","Predator","Masterful Stab"],"picked":"SKIP","floor":1.0},{"not_picked":["Prepared","Predator"],"picked":"Masterful Stab","floor":1.0},{"not_picked":["Dagger Throw","Flechettes"],"picked":"Footwork","floor":3.0},{"not_picked":["Dagger Spray","Deflect","Slice"],"picked":"SKIP","floor":7.0},{"not_picked":["Slice","Dodge and Roll","Tactician"],"picked":"SKIP","floor":11.0},{"not_picked":["Bouncing Flask","Blade Dance"],"picked":"Corpse Explosion","floor":12.0},{"not_picked":["Backstab","Sucker Punch","Masterful Stab"],"picked":"SKIP","floor":14.0},{"not_picked":["Storm of Steel","Corpse Explosion"],"picked":"Malaise","floor":16.0},{"not_picked":["Endless Agony","PiercingWail","Deflect"],"picked":"SKIP","floor":18.0},{"not_picked":["Slice","Dash"],"picked":"Backflip","floor":19.0},{"not_picked":["Underhanded Strike","Distraction","Slice+1"],"picked":"SKIP","floor":21},{"not_picked":["Dash","Flying Knee+1","Sucker Punch"],"picked":"SKIP","floor":22}],"player_experience":2656492,"relics_obtained":[{"floor":9.0,"key":"Bag of Marbles"},{"floor":14.0,"key":"Mummified Hand"}],"event_choices":[{"damage_healed":0.0,"max_hp_gain":5.0,"max_hp_loss":0.0,"gold_gain":0.0,"event_name":"Big Fish","player_choice":"Donut","floor":2.0,"gold_loss":0.0,"damage_taken":0.0},{"damage_healed":0.0,"max_hp_gain":0.0,"max_hp_loss":0.0,"gold_gain":0.0,"event_name":"Shining Light","player_choice":"Entered Light","floor":5.0,"gold_loss":0.0,"damage_taken":21.0,"cards_upgraded":["Defend_G","Strike_G"]},{"damage_healed":0.0,"max_hp_gain":0.0,"max_hp_loss":0.0,"gold_gain":0.0,"event_name":"Lab","player_choice":"Got Potions","floor":8.0,"gold_loss":0.0,"damage_taken":0.0}],"is_beta":false,"boss_relics":[{"not_picked":["Cursed Key","Orrery"],"picked":"Runic Dome"}],"items_purged_floors":[20],"is_endless":false,"potions_floor_spawned":[1,3,7,11,12,14,16,18,19,21,22],"killed_by":"Gremlin Leader","ascension_level":20}