{"path_per_floor":["M","M","?","?","?","E","M","?","T","E","M","R","M","M","R","B",null,"M","$","M"],"character_chosen":"THE_SILENT","items_purchased":["Mercury Hourglass"],"gold_per_floor":[119,134,134,84,84,119,131,131,178,210,221,221,238,248,248,343,343,359,98,108,108],"floor_reached":21,"campfire_rested":2,"playtime":1030,"current_hp_per_floor":[70,67,55,55,48,38,38,38,38,16,13,34,34,34,55,10,70,43,43,33,0],"items_purged":[],"gold":108,"score":191,"play_id":"616307b4-1890-4cbb-819c-7bd7138ad3fd","local_time":"20180324160950","is_prod":false,"is_daily":false,"is_ascension_mode":false,"campfire_upgraded":0,"timestamp":1521904190,"path_taken":["M","M","?","?","?","E","M","?","T","E","M","R","M","M","R","BOSS","M","$","M","?"],"build_version":"2018-03-22v2","purchased_purges":0,"victory":false,"master_deck":["Survivor","Neutralize","Sucker Punch","Flying Knee","Underhanded Strike","Expertise","Terror","Footwork","All Out Attack","Backflip","Night Terror","Outmaneuver","Distraction","Reflex","Flying Knee","Slice","Concentrate","Malaise"],"max_hp_per_floor":[70,70,70,70,70,70,70,70,70,70,70,70,70,70,70,70,70,70,70,70,70],"relics":["Ring of the Snake","Pen Nib","Anchor","Oddly Smooth Stone","Ancient Tea Set","Pandora\u0027s Box","Mercury Hourglass"],"card_choices":[{"not_picked":["Backflip","Flying Knee"],"picked":"Sucker Punch","floor":1},{"not_picked":["Poisoned Stab","Prepared"],"picked":"Flying Knee","floor":2},{"not_picked":["Quick Slash","Slice"],"picked":"Underhanded Strike","floor":6},{"not_picked":["Sucker Punch","Catalyst"],"picked":"Expertise","floor":7},{"not_picked":["Calculated Gamble","Infinite Blades"],"picked":"Terror","floor":10},{"not_picked":["Prepared","Quick Slash"],"picked":"Footwork","floor":11},{"not_picked":["Dagger Throw","Poisoned Stab"],"picked":"All Out Attack","floor":13},{"not_picked":["Dagger Throw","Crippling Poison"],"picked":"Backflip","floor":14},{"not_picked":["Tactician","Phantasmal Killer"],"picked":"Night Terror","floor":16},{"not_picked":["Cloak And Dagger","Deflect"],"picked":"Malaise","floor":18}],"player_experience":180760,"potions_floor_usage":[6,16,18,20,20],"damage_taken":[{"damage":0,"enemies":"2 Louse","floor":1,"turns":3},{"damage":3,"enemies":"Jaw Worm","floor":2,"turns":5},{"damage":10,"enemies":"Gremlin Nob","floor":6,"turns":4},{"damage":0,"enemies":"Cultist","floor":7,"turns":2},{"damage":22,"enemies":"Lagavulin","floor":10,"turns":7},{"damage":3,"enemies":"Blue Slaver","floor":11,"turns":3},{"damage":0,"enemies":"Looter","floor":13,"turns":2},{"damage":0,"enemies":"Lots of Slimes","floor":14,"turns":3},{"damage":45,"enemies":"Hexaghost","floor":16,"turns":9},{"damage":27,"enemies":"Chosen","floor":18,"turns":7},{"damage":10,"enemies":"3 Byrds","floor":20,"turns":5},{"damage":36,"enemies":"3 Cultists","floor":21,"turns":3}],"event_choices":[{"event_name":"Scrap Ooze","player_choice":"success","floor":3,"damage_taken":12},{"event_name":"The Cleric","player_choice":"Card Removal","floor":4,"damage_taken":0},{"event_name":"Golden Wing","player_choice":"Card Removal","floor":5,"damage_taken":0},{"event_name":"Living Wall","player_choice":"Forget","floor":8,"damage_taken":0}],"boss_relics":[{"not_picked":["White Beast Statue","Runic Dome"],"picked":"Pandora\u0027s Box"}],"potions_floor_spawned":[2,10,11,14,16],"seed_played":"279820570218139562","killed_by":"3 Cultists","ascension_level":0,"is_trial":false}