{"gold_per_floor":[116,135,135,150,225,225,40,51,74,74,74,74,74,87,87,162,162,174,174,194,35,85,85,100,116,170,170,183,197,197,232,232,309,309,328,342,342,357,371,371,371,371,394,406,220,220,95,106,106,106,106],"floor_reached":51,"playtime":2805,"items_purged":["Defend_G","Strike_G","Strike_G"],"score":1393,"play_id":"13e798d5-f0e9-4fa0-bc40-6f2b9572c4db","local_time":"20190116232827","is_ascension_mode":true,"campfire_choices":[{"data":"Well Laid Plans","floor":6.0,"key":"SMITH"},{"data":"Apotheosis","floor":11.0,"key":"SMITH"},{"floor":13.0,"key":"RECALL"},{"data":"Footwork","floor":15.0,"key":"SMITH"},{"data":"Footwork","floor":23.0,"key":"SMITH"},{"floor":27.0,"key":"REST"},{"floor":30.0,"key":"REST"},{"data":"Noxious Fumes","floor":32.0,"key":"SMITH"},{"floor":40.0,"key":"REST"},{"data":"Calculated Gamble","floor":42.0,"key":"SMITH"},{"data":"Well Laid Plans","floor":46.0,"key":"SMITH"},{"floor":49,"key":"REST"}],"neow_cost":"NONE","seed_source_timestamp":42109643572101,"circlet_count":0,"master_deck":["AscendersBane","Defend_G","Defend_G","Defend_G","Defend_G","Strike_G","Strike_G","Survivor","Neutralize","Well Laid Plans+1","Apotheosis+1","Footwork+1","After Image","Acrobatics","Footwork+1","Reflex","Deadly Poison","Bouncing Flask","Acrobatics","Noxious Fumes+1","Tools of the Trade","Crippling Poison+1","Calculated Gamble+1","Catalyst","Backflip","Acrobatics","Calculated Gamble+1","Acrobatics+1","Malaise","Well Laid Plans+1","Footwork+1"],"special_seed":0,"relics":["Ring of the Snake","NeowsBlessing","Ancient Tea Set","Sozu","Bag of Preparation","Anchor","Orrery"],"potions_floor_usage":[],"damage_taken":[{"damage":0.0,"enemies":"Small Slimes","floor":1.0,"turns":1.0},{"damage":0.0,"enemies":"Cultist","floor":2.0,"turns":1.0},{"damage":0.0,"enemies":"2 Louse","floor":4.0,"turns":1.0},{"damage":4.0,"enemies":"Exordium Wildlife","floor":8.0,"turns":5.0},{"damage":1.0,"enemies":"Exordium Thugs","floor":14.0,"turns":8.0},{"damage":8.0,"enemies":"Slime Boss","floor":16.0,"turns":18.0},{"damage":0.0,"enemies":"Shell Parasite","floor":18.0,"turns":10.0},{"damage":0.0,"enemies":"Spheric Guardian","floor":20.0,"turns":8.0},{"damage":6.0,"enemies":"Snake Plant","floor":24.0,"turns":8.0},{"damage":0.0,"enemies":"Centurion and Healer","floor":25.0,"turns":9.0},{"damage":17.0,"enemies":"Snecko","floor":28.0,"turns":8.0},{"damage":25.0,"enemies":"3 Cultists","floor":29.0,"turns":7.0},{"damage":18.0,"enemies":"Gremlin Leader","floor":31.0,"turns":11.0},{"damage":0.0,"enemies":"Automaton","floor":33.0,"turns":11.0},{"damage":7.0,"enemies":"3 Shapes","floor":35.0,"turns":6.0},{"damage":3.0,"enemies":"Orb Walker","floor":36.0,"turns":4.0},{"damage":0.0,"enemies":"4 Shapes","floor":38.0,"turns":6.0},{"damage":3.0,"enemies":"3 Darklings","floor":39.0,"turns":6.0},{"damage":4.0,"enemies":"Writhing Mass","floor":44.0,"turns":6.0},{"damage":6.0,"enemies":"Transient","floor":48.0,"turns":6.0},{"damage":6,"enemies":"Donu and Deca","floor":50,"turns":14},{"damage":47,"enemies":"Awakened One","floor":51,"turns":4}],"seed_played":"6566554714242162520","potions_obtained":[{"floor":2.0,"key":"Poison Potion"},{"floor":3.0,"key":"Energy Potion"},{"floor":8.0,"key":"Strength Potion"}],"is_trial":false,"path_per_floor":["M","M","?","M","?","R","$","M","T","$","R","?","R","M","R","B",null,"M","?","M","$","?","R","M","M","T","R","M","M","R","E","R","B",null,"M","M","$","M","M","R","?","R","T","M","$","R","$","M","R","B","B"],"character_chosen":"THE_SILENT","items_purchased":["Apotheosis","Footwork","Well Laid Plans"],"campfire_rested":4,"item_purchase_floors":[7,21,45],"current_hp_per_floor":[59,59,59,59,48,48,48,44,44,44,44,44,44,43,43,35,58,58,40,40,40,33,33,27,27,27,48,31,6,27,9,9,9,56,49,46,46,46,43,64,64,64,64,60,60,60,60,54,71,65,18],"gold":106,"neow_bonus":"THREE_ENEMY_KILL","is_prod":false,"is_daily":false,"chose_seed":false,"campfire_upgraded":7,"win_rate":0,"timestamp":1547652507,"path_taken":["M","M","?","?","?","R","?","?","T","$","R","?","R","M","R","BOSS","M","?","M","$","?","R","M","M","T","R","M","M","R","E","R","BOSS","M","M","$","M","M","R","?","R","T","M","$","R","$","M","R","BOSS","BOSS"],"build_version":"2019-01-10","purchased_purges":3,"victory":false,"max_hp_per_floor":[66,66,66,66,66,66,66,66,66,66,66,66,66,66,66,66,66,66,71,71,71,71,71,71,71,71,71,71,71,71,71,71,71,71,71,71,71,71,71,71,71,71,71,71,71,71,71,71,71,71,71],"card_choices":[{"not_picked":["Slice","Outmaneuver","PiercingWail"],"picked":"SKIP","floor":1.0},{"not_picked":["Terror","Outmaneuver","Reflex"],"picked":"SKIP","floor":2.0},{"not_picked":["Prepared","Choke"],"picked":"Well Laid Plans","floor":4.0},{"not_picked":["Flying Knee","Blade Dance","Endless Agony"],"picked":"SKIP","floor":8.0},{"not_picked":["Heel Hook","Prepared"],"picked":"Footwork","floor":14.0},{"not_picked":["Burst","Die Die Die"],"picked":"After Image","floor":16.0},{"not_picked":["Sucker Punch+1","Flying Knee","Underhanded Strike"],"picked":"SKIP","floor":18.0},{"not_picked":["Dagger Spray","Slice"],"picked":"Acrobatics","floor":20.0},{"not_picked":["Backstab","Outmaneuver"],"picked":"Reflex","floor":24.0},{"not_picked":["Endless Agony","Venomology"],"picked":"Deadly Poison","floor":25.0},{"not_picked":["Blade Dance","Sucker Punch"],"picked":"Bouncing Flask","floor":28.0},{"not_picked":["Underhanded Strike","Endless Agony"],"picked":"Acrobatics","floor":29.0},{"not_picked":["Prepared","Distraction"],"picked":"Noxious Fumes","floor":31.0},{"not_picked":["Dagger Spray","Setup"],"picked":"Tools of the Trade","floor":34.0},{"not_picked":["Prepared","Poisoned Stab+1"],"picked":"Crippling Poison+1","floor":34.0},{"not_picked":["Dagger Throw","Deadly Poison"],"picked":"Calculated Gamble","floor":34.0},{"not_picked":["Outmaneuver","Dagger Throw"],"picked":"Catalyst","floor":34.0},{"not_picked":["Flying Knee","Crippling Poison"],"picked":"Backflip","floor":34.0},{"not_picked":["Bane","Quick Slash"],"picked":"Acrobatics","floor":35.0},{"not_picked":["Sucker Punch","Deflect","Poisoned Stab"],"picked":"SKIP","floor":36.0},{"not_picked":["Quick Slash","Slice"],"picked":"Calculated Gamble","floor":38.0},{"not_picked":["Noxious Fumes","Flying Knee+1"],"picked":"Acrobatics+1","floor":39.0},{"not_picked":["PiercingWail","Outmaneuver"],"picked":"Malaise","floor":44.0},{"not_picked":["Caltrops+1","Prepared"],"picked":"Footwork+1","floor":48.0}],"player_experience":1964646,"relics_obtained":[{"floor":9.0,"key":"Ancient Tea Set"},{"floor":26.0,"key":"Bag of Preparation"},{"floor":31.0,"key":"Anchor"}],"event_choices":[{"damage_healed":0.0,"max_hp_gain":0.0,"max_hp_loss":0.0,"gold_gain":0.0,"event_name":"Lab","player_choice":"Got Potions","floor":3.0,"gold_loss":0.0,"damage_taken":0.0},{"damage_healed":0.0,"max_hp_gain":0.0,"max_hp_loss":0.0,"gold_gain":75.0,"event_name":"World of Goop","player_choice":"Gather Gold","floor":5.0,"gold_loss":0.0,"damage_taken":11.0},{"cards_removed":["Strike_G"],"damage_healed":0.0,"max_hp_gain":0.0,"max_hp_loss":0.0,"gold_gain":0.0,"event_name":"Purifier","player_choice":"Purged","floor":12.0,"gold_loss":0.0,"damage_taken":0.0},{"damage_healed":0.0,"max_hp_gain":5.0,"max_hp_loss":0.0,"gold_gain":0.0,"event_name":"Forgotten Altar","player_choice":"Shed Blood","floor":19.0,"gold_loss":0.0,"damage_taken":23.0},{"damage_healed":0.0,"max_hp_gain":0.0,"max_hp_loss":0.0,"gold_gain":50.0,"event_name":"FaceTrader","player_choice":"Touch","floor":22.0,"gold_loss":0.0,"damage_taken":7.0},{"damage_healed":0.0,"max_hp_gain":0.0,"max_hp_loss":0.0,"gold_gain":0.0,"event_name":"Upgrade Shrine","player_choice":"Upgraded","floor":41.0,"gold_loss":0.0,"damage_taken":0.0,"cards_upgraded":["Calculated Gamble"]}],"is_beta":false,"boss_relics":[{"not_picked":["Ring of the Serpent","HoveringKite"],"picked":"Sozu"},{"not_picked":["Velvet Choker","Eternal Feather"],"picked":"Orrery"}],"items_purged_floors":[21,45,47],"is_endless":false,"potions_floor_spawned":[2,8,18,24,29,31,36,44,48],"killed_by":"Awakened One","ascension_level":20}