{"gold_per_floor":[115,135,135,135,155,155,183,183,183,211,8,8,20,33,33,33],"floor_reached":16,"playtime":469,"items_purged":["Strike_B"],"score":220,"play_id":"f65c4999-9dbb-4b49-9936-67861af3af08","local_time":"20190512124155","is_ascension_mode":true,"campfire_choices":[{"data":"Dualcast","floor":6.0,"key":"SMITH"},{"data":"Zap","floor":8.0,"key":"SMITH"},{"data":"Coolheaded","floor":15.0,"key":"SMITH"}],"neow_cost":"NONE","seed_source_timestamp":21902209585995,"circlet_count":0,"master_deck":["AscendersBane","Strike_B","Strike_B+1","Strike_B","Defend_B","Defend_B+1","Defend_B","Defend_B","Zap+1","Dualcast+1","Multi-Cast","Auto Shields","Streamline+1","Cold Snap","Coolheaded+1","Self Repair","Skim","Capacitor","Buffer"],"special_seed":0,"relics":["Cracked Core","Bag of Marbles","Shuriken","DataDisk"],"potions_floor_usage":[],"damage_taken":[{"damage":7.0,"enemies":"Small Slimes","floor":1.0,"turns":4.0},{"damage":3.0,"enemies":"2 Louse","floor":2.0,"turns":3.0},{"damage":0.0,"enemies":"Cultist","floor":5.0,"turns":3.0},{"damage":12.0,"enemies":"3 Sentries","floor":7.0,"turns":6.0},{"damage":9.0,"enemies":"Gremlin Nob","floor":10.0,"turns":3.0},{"damage":4.0,"enemies":"Large Slime","floor":13.0,"turns":4.0},{"damage":2.0,"enemies":"Blue Slaver","floor":14.0,"turns":3.0},{"damage":23,"enemies":"Hexaghost","floor":16,"turns":9}],"seed_played":"2250515305377297915","potions_obtained":[{"floor":2.0,"key":"SteroidPotion"},{"floor":7.0,"key":"SteroidPotion"}],"is_trial":false,"path_per_floor":["M","M","?","?","M","R","E","R","T","E","$","?","M","M","R","B"],"character_chosen":"DEFECT","items_purchased":["Self Repair","Skim"],"campfire_rested":0,"item_purchase_floors":[11,11],"current_hp_per_floor":[57,54,33,33,33,33,21,21,21,12,12,12,15,20,20,0],"gold":33,"neow_bonus":"ONE_RANDOM_RARE_CARD","is_prod":false,"is_daily":false,"chose_seed":false,"campfire_upgraded":3,"win_rate":0,"timestamp":1557636115,"path_taken":["M","M","?","?","M","R","E","R","T","E","$","?","M","M","R","BOSS"],"build_version":"2019-01-23","purchased_purges":1,"victory":false,"max_hp_per_floor":[71,71,71,71,71,71,71,71,71,71,71,71,71,71,71,71],"card_choices":[{"not_picked":["Compile Driver","Gash"],"picked":"Auto Shields","floor":1.0},{"not_picked":["Redo","Beam Cell"],"picked":"Streamline","floor":2.0},{"not_picked":["Streamline","Rip and Tear","Barrage"],"picked":"SKIP","floor":5.0},{"not_picked":["Steam","Hologram"],"picked":"Cold Snap","floor":7.0},{"not_picked":["Gash","Conserve Battery"],"picked":"Coolheaded","floor":10.0},{"not_picked":["Gash","Auto Shields"],"picked":"Capacitor","floor":13.0},{"not_picked":["Reprogram","Streamline"],"picked":"Buffer","floor":14.0}],"player_experience":4710704,"relics_obtained":[{"floor":7.0,"key":"Bag of Marbles"},{"floor":9.0,"key":"Shuriken"},{"floor":10.0,"key":"DataDisk"}],"event_choices":[{"damage_healed":0.0,"max_hp_gain":0.0,"max_hp_loss":0.0,"gold_gain":0.0,"event_name":"Shining Light","player_choice":"Entered Light","floor":3.0,"gold_loss":0.0,"damage_taken":21.0,"cards_upgraded":["Defend_B","Strike_B"]},{"damage_healed":0.0,"max_hp_gain":0.0,"max_hp_loss":0.0,"gold_gain":0.0,"event_name":"Living Wall","player_choice":"Grow","floor":4.0,"gold_loss":0.0,"damage_taken":0.0,"cards_upgraded":["Streamline"]},{"damage_healed":0.0,"max_hp_gain":0.0,"max_hp_loss":0.0,"gold_gain":0.0,"event_name":"Liars Game","player_choice":"Ignored","floor":12.0,"gold_loss":0.0,"damage_taken":0.0}],"is_beta":false,"boss_relics":[],"items_purged_floors":[11],"is_endless":false,"potions_floor_spawned":[2,7],"killed_by":"Hexaghost","ascension_level":20}