{"gold_per_floor":[110,128,128,53,53,53,71,71,147,147,160,160,12,45,45,149,149,159,34,52,52,63,63,63,63,143,143,158,158,172,191,191,291,291,309,159,259,277,77,93,93,93,93,0,0,12,12,28,28,28],"floor_reached":51,"playtime":2683,"items_purged":["Strike_G","Strike_G","Strike_G","Defend_G+1","Defend_G+1"],"score":720,"play_id":"f27fa577-a854-418d-99d2-b2f54b64bcb6","local_time":"20181031122435","is_ascension_mode":false,"campfire_choices":[{"data":"Deadly Poison","floor":6.0,"key":"SMITH"},{"data":"Grand Finale","floor":8.0,"key":"SMITH"},{"data":"Neutralize","floor":10.0,"key":"SMITH"},{"data":"Prepared","floor":15.0,"key":"SMITH"},{"data":"Leg Sweep","floor":23.0,"key":"SMITH"},{"data":"Defend_G","floor":27.0,"key":"SMITH"},{"floor":29.0,"key":"REST"},{"floor":32.0,"key":"REST"}],"neow_cost":"TEN_PERCENT_HP_LOSS","seed_source_timestamp":7499870719531,"circlet_count":0,"master_deck":["Survivor+1","Neutralize+1","Leg Sweep+1","Deadly Poison+1","Grand Finale+1","Prepared+1","Wraith Form v2+1","Prepared+1","Well Laid Plans+1","Prepared+1","Prepared+1","Venomology+1","Backflip+1","Acrobatics+1","Prepared+1","Acrobatics+1","Thinking Ahead+1","Purity+1","Deep Breath+1"],"special_seed":0,"relics":["Ring of the Snake","Frozen Egg 2","Centennial Puzzle","Empty Cage","Toxic Egg 2","Coffee Dripper","Unceasing Top","The Courier","Red Mask"],"potions_floor_usage":[46,48,50,50,50],"damage_taken":[{"damage":0.0,"enemies":"Cultist","floor":1.0,"turns":4.0},{"damage":0.0,"enemies":"Small Slimes","floor":2.0,"turns":5.0},{"damage":0.0,"enemies":"Jaw Worm","floor":7.0,"turns":3.0},{"damage":0.0,"enemies":"2 Fungi Beasts","floor":11.0,"turns":4.0},{"damage":2.0,"enemies":"Lagavulin","floor":14.0,"turns":8.0},{"damage":45.0,"enemies":"Slime Boss","floor":16.0,"turns":14.0},{"damage":0.0,"enemies":"Spheric Guardian","floor":18.0,"turns":4.0},{"damage":0.0,"enemies":"Shell Parasite","floor":20.0,"turns":3.0},{"damage":0.0,"enemies":"Centurion and Healer","floor":22.0,"turns":4.0},{"damage":0.0,"enemies":"Shelled Parasite and Fungi","floor":28.0,"turns":3.0},{"damage":0.0,"enemies":"Snake Plant","floor":30.0,"turns":2.0},{"damage":2.0,"enemies":"Centurion and Healer","floor":31.0,"turns":2.0},{"damage":44.0,"enemies":"Collector","floor":33.0,"turns":6.0},{"damage":0.0,"enemies":"Orb Walker","floor":35.0,"turns":5.0},{"damage":0.0,"enemies":"Mind Bloom Boss Battle","floor":37.0,"turns":6.0},{"damage":1.0,"enemies":"3 Shapes","floor":38.0,"turns":2.0},{"damage":0.0,"enemies":"3 Darklings","floor":40.0,"turns":1.0},{"damage":3,"enemies":"4 Shapes","floor":46,"turns":1},{"damage":1,"enemies":"Transient","floor":48,"turns":5},{"damage":0,"enemies":"Donu and Deca","floor":50,"turns":3}],"seed_played":"4858473107804944909","potions_obtained":[{"floor":2.0,"key":"EssenceOfSteel"},{"floor":16.0,"key":"SteroidPotion"},{"floor":30.0,"key":"GhostInAJar"}],"is_trial":false,"path_per_floor":["M","M","?","$","?","R","M","R","T","R","M","?","$","E","R","B",null,"M","$","M","?","M","R","?","$","T","R","M","R","M","M","R","B",null,"M","$","?","M","$","M","R","?","T","?","R","M","R","M","R","B"],"character_chosen":"THE_SILENT","items_purchased":["PowerPotion","Prepared+1"],"campfire_rested":2,"item_purchase_floors":[13,39],"current_hp_per_floor":[63,63,63,63,50,50,50,50,50,50,50,50,50,48,48,3,63,63,63,63,63,63,63,63,63,63,63,63,63,63,61,63,19,63,63,63,63,62,62,62,62,52,52,52,52,49,49,48,48,48],"gold":28,"neow_bonus":"REMOVE_TWO","is_prod":false,"is_daily":false,"chose_seed":false,"campfire_upgraded":6,"win_rate":0,"timestamp":1540959875,"path_taken":["M","?","?","$","?","R","M","R","T","R","M","?","?","E","R","BOSS","M","$","M","?","M","R","?","?","T","R","M","R","M","M","R","BOSS","M","$","?","M","?","M","R","?","T","?","R","?","R","M","R","BOSS"],"build_version":"2018-10-25v2","purchased_purges":5,"victory":true,"max_hp_per_floor":[63,63,63,63,63,63,63,63,63,63,63,63,63,63,63,63,63,63,63,63,63,63,63,63,63,63,63,63,63,63,63,63,63,63,63,63,63,63,63,63,63,63,63,63,63,63,63,63,63,63],"card_choices":[{"not_picked":["Deflect","Backflip"],"picked":"Concentrate","floor":1.0},{"not_picked":["Dagger Spray","Terror"],"picked":"Leg Sweep","floor":2.0},{"not_picked":["Slice","Deflect"],"picked":"Grand Finale","floor":7.0},{"not_picked":["Blade Dance","Quick Slash","Slice"],"picked":"SKIP","floor":11.0},{"not_picked":["Outmaneuver","Poisoned Stab"],"picked":"Prepared","floor":14.0},{"not_picked":["Die Die Die","Glass Knife"],"picked":"Wraith Form v2+1","floor":16.0},{"not_picked":["Blade Dance+1","Crippling Poison"],"picked":"Prepared+1","floor":18.0},{"not_picked":["Flying Knee","Poisoned Stab","Deflect"],"picked":"SKIP","floor":20.0},{"not_picked":["Dagger Spray","Outmaneuver"],"picked":"Well Laid Plans+1","floor":22.0},{"not_picked":["Poisoned Stab","Endless Agony"],"picked":"Prepared+1","floor":28.0},{"not_picked":["Footwork+1","Blade Dance+1","Dodge and Roll+1"],"picked":"SKIP","floor":30.0},{"not_picked":["Outmaneuver+1","Slice"],"picked":"Prepared+1","floor":31.0},{"not_picked":["A Thousand Cuts+1","Glass Knife"],"picked":"Venomology+1","floor":33.0},{"not_picked":["Masterful Stab","Crippling Poison+1"],"picked":"Backflip+1","floor":35.0},{"not_picked":["Finisher","Dodge and Roll+1"],"picked":"Acrobatics+1","floor":38.0},{"not_picked":["Outmaneuver+1","Dagger Throw+1"],"picked":"Acrobatics+1","floor":40.0},{"not_picked":["Secret Technique+1","HandOfGreed"],"picked":"Thinking Ahead+1","floor":42.0},{"not_picked":["Dark Shackles+1","Discovery+1"],"picked":"Purity+1","floor":42.0},{"not_picked":["Blind+1","Jack Of All Trades+1"],"picked":"Deep Breath+1","floor":42.0},{"not_picked":["Leg Sweep+1","Dodge and Roll+1","Bane+1"],"picked":"SKIP","floor":46},{"not_picked":["Blade Dance+1","Calculated Gamble+1","Cloak And Dagger+1"],"picked":"SKIP","floor":48}],"player_experience":769127,"relics_obtained":[{"floor":9.0,"key":"Frozen Egg 2"},{"floor":14.0,"key":"Centennial Puzzle"},{"floor":26.0,"key":"Toxic Egg 2"},{"floor":37.0,"key":"Unceasing Top"},{"floor":43.0,"key":"The Courier"}],"event_choices":[{"damage_healed":0.0,"max_hp_gain":0.0,"max_hp_loss":0.0,"gold_gain":0.0,"cards_transformed":["Defend_G"],"event_name":"Living Wall","player_choice":"Change","floor":3.0,"gold_loss":0.0,"damage_taken":0.0,"cards_obtained":["Deadly Poison"]},{"damage_healed":0.0,"max_hp_gain":0.0,"max_hp_loss":0.0,"gold_gain":0.0,"event_name":"Shining Light","player_choice":"Entered Light","floor":5.0,"gold_loss":0.0,"damage_taken":13.0,"cards_upgraded":["Survivor","Defend_G"]},{"damage_healed":0.0,"max_hp_gain":0.0,"max_hp_loss":0.0,"gold_gain":0.0,"event_name":"Scrap Ooze","player_choice":"Fled","floor":12.0,"gold_loss":0.0,"damage_taken":0.0},{"cards_removed":["Concentrate"],"damage_healed":0.0,"max_hp_gain":0.0,"max_hp_loss":0.0,"gold_gain":0.0,"event_name":"Back to Basics","player_choice":"Elegance","floor":21.0,"gold_loss":0.0,"damage_taken":0.0},{"damage_healed":0.0,"max_hp_gain":0.0,"max_hp_loss":0.0,"gold_gain":0.0,"event_name":"Beggar","player_choice":"Ignored","floor":24.0,"gold_loss":0.0,"damage_taken":0.0},{"damage_healed":0.0,"max_hp_gain":0.0,"max_hp_loss":0.0,"gold_gain":0.0,"event_name":"MindBloom","player_choice":"Fight","floor":37.0,"gold_loss":0.0,"damage_taken":0.0},{"damage_healed":0.0,"max_hp_gain":0.0,"max_hp_loss":0.0,"gold_gain":0.0,"event_name":"SensoryStone","player_choice":"Memory 3","floor":42.0,"gold_loss":0.0,"damage_taken":10.0},{"damage_healed":0.0,"max_hp_gain":0.0,"max_hp_loss":0.0,"gold_gain":0.0,"event_name":"Tomb of Lord Red Mask","player_choice":"Paid","floor":44.0,"gold_loss":93.0,"damage_taken":0.0,"relics_obtained":["Red Mask"]}],"is_beta":false,"boss_relics":[{"not_picked":["Velvet Choker","Philosopher\u0027s Stone"],"picked":"Empty Cage"},{"not_picked":["WristBlade","Ring of the Serpent"],"picked":"Coffee Dripper"}],"items_purged_floors":[4,13,19,36,39],"is_endless":false,"potions_floor_spawned":[2,16,22,28,30,31,33,35,38,46,48],"ascension_level":0}