{"gold_per_floor":[119,134,134,59,59,59,94,94,119,19,69,95,95,95,95,95],"floor_reached":16,"playtime":244,"items_purged":["Strike_R","Strike_R"],"score":258,"play_id":"3c8cbf4d-326b-4761-87e9-628df364e92a","local_time":"20190707120454","is_ascension_mode":true,"campfire_choices":[{"data":"Searing Blow","floor":6.0,"key":"SMITH"},{"data":"Searing Blow+1","floor":8.0,"key":"SMITH"},{"data":"Searing Blow+2","floor":13.0,"key":"SMITH"},{"data":"Searing Blow+3","floor":15.0,"key":"SMITH"}],"neow_cost":"NONE","seed_source_timestamp":11558006298045,"circlet_count":0,"master_deck":["AscendersBane","Strike_R","Strike_R+1","Strike_R","Defend_R","Defend_R","Defend_R","Defend_R","Bash+1","Searing Blow+4"],"special_seed":0,"relics":["Burning Blood","NeowsBlessing","Oddly Smooth Stone","Prayer Wheel"],"potions_floor_usage":[16],"damage_taken":[{"damage":0.0,"enemies":"2 Louse","floor":1.0,"turns":1.0},{"damage":0.0,"enemies":"Jaw Worm","floor":2.0,"turns":1.0},{"damage":0.0,"enemies":"Lagavulin","floor":7.0,"turns":2.0},{"damage":32.0,"enemies":"Gremlin Nob","floor":12.0,"turns":4.0},{"damage":55,"enemies":"Hexaghost","floor":16,"turns":10}],"seed_played":"171354755888067430","potions_obtained":[{"floor":1.0,"key":"FairyPotion"},{"floor":7.0,"key":"BloodPotion"}],"is_trial":false,"path_per_floor":["M","M","?","$","?","R","E","R","T","$","?","E","R","$","R","B"],"character_chosen":"IRONCLAD","items_purchased":[],"campfire_rested":0,"item_purchase_floors":[],"current_hp_per_floor":[74,75,52,52,52,52,58,58,58,58,51,25,25,25,25,0],"gold":95,"neow_bonus":"THREE_ENEMY_KILL","is_prod":false,"is_daily":false,"chose_seed":false,"campfire_upgraded":4,"win_rate":0,"timestamp":1562472294,"path_taken":["M","M","?","$","?","R","E","R","T","$","?","E","R","$","R","BOSS"],"build_version":"2019-07-05","purchased_purges":2,"victory":false,"max_hp_per_floor":[75,75,75,75,75,75,75,75,75,75,75,75,75,75,75,75],"card_choices":[{"not_picked":["Wild Strike","Armaments"],"picked":"Searing Blow","floor":1.0},{"not_picked":["Searing Blow","Thunderclap","Shrug It Off"],"picked":"SKIP","floor":2.0},{"not_picked":["Perfected Strike","Wild Strike","Hemokinesis"],"picked":"SKIP","floor":7.0},{"not_picked":["Anger","Warcry","Wild Strike"],"picked":"SKIP","floor":12.0}],"player_experience":5708077,"relics_obtained":[{"floor":7.0,"key":"Oddly Smooth Stone"},{"floor":12.0,"key":"Prayer Wheel"}],"event_choices":[{"damage_healed":0.0,"max_hp_gain":0.0,"max_hp_loss":0.0,"gold_gain":0.0,"event_name":"Shining Light","player_choice":"Entered Light","floor":3.0,"gold_loss":0.0,"damage_taken":23.0,"cards_upgraded":["Strike_R","Bash"]},{"damage_healed":0.0,"max_hp_gain":0.0,"max_hp_loss":0.0,"gold_gain":0.0,"event_name":"Liars Game","player_choice":"Ignored","floor":5.0,"gold_loss":0.0,"damage_taken":0.0},{"damage_healed":0.0,"max_hp_gain":0.0,"max_hp_loss":0.0,"gold_gain":50.0,"event_name":"FaceTrader","player_choice":"Touch","floor":11.0,"gold_loss":0.0,"damage_taken":7.0}],"is_beta":false,"boss_relics":[],"items_purged_floors":[4,10],"is_endless":false,"potions_floor_spawned":[1,7],"killed_by":"Hexaghost","ascension_level":20}