{"gold_per_floor":[112,6,6,17,17,45,45,70,97,111,125,157,157,167,167,271,271,252,262,262,281,5,31,31,66,66,78,2,2,21,32,32,132,132,146,157,157,0,12,47,64,97,97,97,97,111,111,131,131,131,131,131,48,83,83],"floor_reached":56,"playtime":9178,"items_purged":["Defend_G"],"score":1816,"play_id":"e826a4ac-6ba7-493c-bb11-5a5c912a65a2","local_time":"20190802234936","is_ascension_mode":true,"campfire_choices":[{"floor":7.0,"key":"REST"},{"data":"Well Laid Plans","floor":13.0,"key":"SMITH"},{"floor":15.0,"key":"REST"},{"data":"After Image","floor":24.0,"key":"SMITH"},{"floor":32.0,"key":"REST"},{"floor":45.0,"key":"RECALL"},{"data":"A Thousand Cuts","floor":47.0,"key":"SMITH"},{"floor":49.0,"key":"REST"},{"data":"Footwork","floor":52.0,"key":"SMITH"}],"neow_cost":"NONE","seed_source_timestamp":0,"circlet_count":0,"master_deck":["AscendersBane","Strike_G","Defend_G+1","Defend_G+1","Defend_G","Survivor","Neutralize","Dodge and Roll","Well Laid Plans+1","Leg Sweep","Choke","Prepared","Malaise","Footwork","All Out Attack","Footwork+1","Prepared","Backflip","After Image+1","Adrenaline","Blur","Well Laid Plans+1","Quick Slash","Cloak And Dagger","Bullet Time","Envenom","Bouncing Flask","Dash","A Thousand Cuts+1","Outmaneuver","Cloak And Dagger+1","Adrenaline","Backflip+1","Blade Dance+1","Flying Knee+1","Backflip+1","Predator+1","Noxious Fumes","PiercingWail"],"special_seed":0,"relics":["Ring of the Serpent","Lantern","War Paint","Oddly Smooth Stone","Centennial Puzzle","Vajra","Strawberry","Tingsha","Gremlin Horn","Busted Crown","PreservedInsect","Omamori","Thread and Needle","Kunai"],"potions_floor_usage":[55],"damage_taken":[{"damage":0.0,"enemies":"Cultist","floor":1.0,"turns":4.0},{"damage":4.0,"enemies":"Jaw Worm","floor":4.0,"turns":4.0},{"damage":27.0,"enemies":"3 Sentries","floor":6.0,"turns":19.0},{"damage":48.0,"enemies":"Gremlin Nob","floor":8.0,"turns":8.0},{"damage":0.0,"enemies":"2 Louse","floor":10.0,"turns":3.0},{"damage":8.0,"enemies":"Lots of Slimes","floor":11.0,"turns":4.0},{"damage":6.0,"enemies":"3 Sentries","floor":12.0,"turns":20.0},{"damage":4.0,"enemies":"Gremlin Gang","floor":14.0,"turns":3.0},{"damage":7.0,"enemies":"Slime Boss","floor":16.0,"turns":23.0},{"damage":14.0,"enemies":"2 Thieves","floor":18.0,"turns":4.0},{"damage":4.0,"enemies":"Shell Parasite","floor":19.0,"turns":11.0},{"damage":7.0,"enemies":"Cultist and Chosen","floor":21.0,"turns":13.0},{"damage":20.0,"enemies":"Slavers","floor":23.0,"turns":10.0},{"damage":9.0,"enemies":"Book of Stabbing","floor":25.0,"turns":9.0},{"damage":0.0,"enemies":"Sentry and Sphere","floor":27.0,"turns":7.0},{"damage":8.0,"enemies":"Shelled Parasite and Fungi","floor":30.0,"turns":8.0},{"damage":0.0,"enemies":"Snecko","floor":31.0,"turns":4.0},{"damage":13.0,"enemies":"Collector","floor":33.0,"turns":11.0},{"damage":3.0,"enemies":"Orb Walker","floor":35.0,"turns":3.0},{"damage":10.0,"enemies":"3 Shapes","floor":36.0,"turns":5.0},{"damage":0.0,"enemies":"Maw","floor":39.0,"turns":7.0},{"damage":0.0,"enemies":"Nemesis","floor":40.0,"turns":7.0},{"damage":0.0,"enemies":"Sphere and 2 Shapes","floor":41.0,"turns":4.0},{"damage":0.0,"enemies":"Reptomancer","floor":42.0,"turns":6.0},{"damage":0.0,"enemies":"3 Darklings","floor":46.0,"turns":5.0},{"damage":0.0,"enemies":"4 Shapes","floor":48.0,"turns":4.0},{"damage":34.0,"enemies":"Awakened One","floor":50.0,"turns":19.0},{"damage":13.0,"enemies":"Shield and Spear","floor":54.0,"turns":8.0},{"damage":45,"enemies":"The Heart","floor":55,"turns":13}],"seed_played":"-3455617577493594100","potions_obtained":[{"floor":6.0,"key":"GamblersBrew"},{"floor":8.0,"key":"EntropicBrew"},{"floor":10.0,"key":"Regen Potion"},{"floor":19.0,"key":"EntropicBrew"},{"floor":21.0,"key":"GhostInAJar"},{"floor":27.0,"key":"GhostInAJar"},{"floor":35.0,"key":"Energy Potion"},{"floor":36.0,"key":"Strength Potion"}],"is_trial":false,"path_per_floor":["M","$","?","M","?","E","R","E","T","M","M","E","R","M","R","B",null,"M","M","?","M","$","E","R","E","T","M","$","?","M","M","R","B",null,"M","M","?","$","M","E","M","E","T","?","R","M","R","M","R","B",null,"R","$","E","B",null],"character_chosen":"THE_SILENT","items_purchased":["Well Laid Plans","Leg Sweep","Vajra","Cloak And Dagger","Dash","PreservedInsect","Noxious Fumes","PiercingWail"],"campfire_rested":4,"item_purchase_floors":[2,2,22,22,28,38,53,53],"current_hp_per_floor":[70,70,70,66,66,39,62,14,14,14,18,27,27,23,46,39,68,54,50,50,43,43,45,45,36,36,36,36,36,28,28,53,40,73,70,60,60,60,60,60,60,60,60,60,60,60,60,60,84,50,76,76,76,63,18],"gold":83,"neow_bonus":"TEN_PERCENT_HP_BONUS","is_prod":false,"is_daily":false,"chose_seed":false,"campfire_upgraded":4,"win_rate":0,"timestamp":1564804176,"path_taken":["M","?","?","M","?","E","R","E","T","M","?","E","R","M","R","BOSS","M","?","?","M","$","E","R","E","T","M","$","?","M","M","R","BOSS","M","M","?","$","M","E","?","E","T","?","R","M","R","?","R","BOSS","R","$","E","BOSS"],"build_version":"2019-07-17","purchased_purges":1,"victory":true,"max_hp_per_floor":[77,77,77,77,77,77,77,77,77,77,77,77,77,77,77,77,77,77,77,77,77,77,84,84,84,84,84,84,84,84,84,84,84,84,84,84,84,84,84,84,84,84,84,84,84,84,84,84,84,84,84,84,84,84,84],"card_choices":[{"not_picked":["Underhanded Strike","PiercingWail"],"picked":"Dodge and Roll","floor":1.0},{"not_picked":["Dagger Throw","Eviscerate"],"picked":"Prepared","floor":4.0},{"not_picked":["Predator","Endless Agony"],"picked":"Footwork","floor":6.0},{"not_picked":["Masterful Stab","Backstab"],"picked":"All Out Attack","floor":8.0},{"not_picked":["Crippling Poison","Flying Knee"],"picked":"Footwork","floor":10.0},{"not_picked":["Flechettes","Quick Slash"],"picked":"Prepared","floor":11.0},{"not_picked":["Deflect","Blade Dance"],"picked":"Backflip","floor":12.0},{"not_picked":["Distraction","Dagger Throw"],"picked":"After Image","floor":14.0},{"not_picked":["Doppelganger","Envenom"],"picked":"Adrenaline","floor":16.0},{"not_picked":["Underhanded Strike","Bane"],"picked":"Blur","floor":18.0},{"not_picked":["Reflex","Cloak And Dagger"],"picked":"Well Laid Plans+1","floor":19.0},{"not_picked":["Eviscerate+1","Acrobatics"],"picked":"Quick Slash","floor":21.0},{"not_picked":["Heel Hook+1","Underhanded Strike"],"picked":"Bullet Time","floor":23.0},{"not_picked":["Cloak And Dagger","Doppelganger"],"picked":"Envenom","floor":25.0},{"not_picked":["Deflect+1","Well Laid Plans+1"],"picked":"Bouncing Flask","floor":27.0},{"not_picked":["Blade Dance+1","Deflect"],"picked":"Cloak And Dagger+1","floor":30.0},{"not_picked":["Prepared","Bane","Underhanded Strike"],"picked":"SKIP","floor":31.0},{"not_picked":["Storm of Steel","Envenom"],"picked":"Adrenaline","floor":33.0},{"not_picked":[],"picked":"Backflip+1","floor":35.0},{"not_picked":[],"picked":"Blade Dance+1","floor":36.0},{"not_picked":["Acrobatics+1"],"picked":"SKIP","floor":39.0},{"not_picked":[],"picked":"Flying Knee+1","floor":40.0},{"not_picked":["Slice"],"picked":"SKIP","floor":41.0},{"not_picked":[],"picked":"Backflip+1","floor":42.0},{"not_picked":["Dagger Throw+1"],"picked":"SKIP","floor":46.0},{"not_picked":[],"picked":"Predator+1","floor":48.0},{"not_picked":["Quick Slash"],"picked":"SKIP","floor":54.0}],"player_experience":445433,"relics_obtained":[{"floor":6.0,"key":"Lantern"},{"floor":8.0,"key":"War Paint"},{"floor":9.0,"key":"Oddly Smooth Stone"},{"floor":12.0,"key":"Centennial Puzzle"},{"floor":23.0,"key":"Strawberry"},{"floor":25.0,"key":"Tingsha"},{"floor":26.0,"key":"Gremlin Horn"},{"floor":40.0,"key":"Omamori"},{"floor":42.0,"key":"Thread and Needle"},{"floor":54.0,"key":"Kunai"}],"event_choices":[{"damage_healed":0.0,"max_hp_gain":0.0,"max_hp_loss":0.0,"gold_gain":0.0,"cards_transformed":["Strike_G"],"event_name":"Living Wall","player_choice":"Change","floor":3.0,"gold_loss":0.0,"damage_taken":0.0,"cards_obtained":["Choke"]},{"damage_healed":0.0,"max_hp_gain":0.0,"max_hp_loss":0.0,"gold_gain":0.0,"cards_transformed":["Strike_G"],"event_name":"Transmorgrifier","player_choice":"Transformed","floor":5.0,"gold_loss":0.0,"damage_taken":0.0,"cards_obtained":["Malaise"]},{"damage_healed":0.0,"max_hp_gain":0.0,"max_hp_loss":0.0,"gold_gain":0.0,"event_name":"Vampires","player_choice":"Ignored","floor":20.0,"gold_loss":0.0,"damage_taken":0.0},{"damage_healed":0.0,"max_hp_gain":0.0,"max_hp_loss":0.0,"gold_gain":0.0,"cards_transformed":["Strike_G","Strike_G"],"event_name":"Drug Dealer","player_choice":"Became Test Subject","floor":29.0,"gold_loss":0.0,"damage_taken":0.0,"cards_obtained":["A Thousand Cuts","Outmaneuver"]},{"cards_removed":["Defend_G"],"damage_healed":0.0,"max_hp_gain":0.0,"max_hp_loss":0.0,"gold_gain":0.0,"event_name":"Bonfire Elementals","player_choice":"Offered Basic","floor":37.0,"gold_loss":0.0,"damage_taken":0.0},{"damage_healed":0.0,"max_hp_gain":0.0,"max_hp_loss":0.0,"gold_gain":0.0,"event_name":"Match and Keep!","player_choice":"0 cards matched","floor":44.0,"gold_loss":0.0,"damage_taken":0.0,"cards_obtained":[]}],"is_beta":false,"boss_relics":[{"not_picked":["Velvet Choker","Sozu"],"picked":"Ring of the Serpent"},{"not_picked":["Cursed Key","Calling Bell"],"picked":"Busted Crown"}],"items_purged_floors":[22],"is_endless":false,"potions_floor_spawned":[6,8,10,19,21,27,30,31,35,36,39,41],"ascension_level":11}