{"gold_per_floor":[117,137,54,68,68,68,96,96,123,123,167,167,167,3,3,3],"floor_reached":16,"playtime":423,"items_purged":["Strike_B"],"score":212,"play_id":"6e1c7ef1-e1de-4b6a-82ba-288027b9c00d","local_time":"20190110230457","is_ascension_mode":true,"campfire_choices":[{"data":"Coolheaded","floor":6.0,"key":"SMITH"},{"data":"Darkness","floor":8.0,"key":"SMITH"},{"data":"Capacitor","floor":13.0,"key":"SMITH"},{"data":"Dualcast","floor":15.0,"key":"SMITH"}],"neow_cost":"NONE","seed_source_timestamp":40119082116629,"circlet_count":0,"master_deck":["AscendersBane","Strike_B","Strike_B","Strike_B","Defend_B","Defend_B","Defend_B","Defend_B","Zap","Dualcast+1","Self Repair","Chill","Capacitor+1","Coolheaded+1","Darkness+1","Genetic Algorithm","Capacitor+1"],"special_seed":0,"relics":["Cracked Core","NeowsBlessing","Boot","Frozen Egg 2","Art of War","Golden Idol","FossilizedHelix"],"potions_floor_usage":[16],"damage_taken":[{"damage":0.0,"enemies":"Small Slimes","floor":1.0,"turns":1.0},{"damage":0.0,"enemies":"2 Louse","floor":2.0,"turns":1.0},{"damage":0.0,"enemies":"Jaw Worm","floor":4.0,"turns":1.0},{"damage":22.0,"enemies":"3 Sentries","floor":7.0,"turns":10.0},{"damage":19.0,"enemies":"Lagavulin","floor":11.0,"turns":6.0},{"damage":56,"enemies":"Hexaghost","floor":16,"turns":9}],"seed_played":"2789613985674398684","potions_obtained":[{"floor":1.0,"key":"Regen Potion"},{"floor":7.0,"key":"SteroidPotion"}],"is_trial":false,"path_per_floor":["M","M","$","M","?","R","E","R","T","?","E","?","R","$","R","B"],"character_chosen":"DEFECT","items_purchased":["Capacitor","Capacitor+1"],"campfire_rested":0,"item_purchase_floors":[3,14],"current_hp_per_floor":[64,71,71,71,60,60,45,45,45,45,33,38,38,38,38,0],"gold":3,"neow_bonus":"THREE_ENEMY_KILL","is_prod":false,"is_daily":false,"chose_seed":false,"campfire_upgraded":4,"win_rate":0,"timestamp":1547132697,"path_taken":["M","M","$","M","?","R","E","R","T","?","E","?","R","$","R","BOSS"],"build_version":"2019-01-03v4","purchased_purges":1,"victory":false,"max_hp_per_floor":[71,71,71,71,71,71,71,71,71,64,64,69,69,69,69,69],"card_choices":[{"not_picked":["BootSequence","Ball Lightning"],"picked":"Self Repair","floor":1.0},{"not_picked":["Go for the Eyes","Compile Driver"],"picked":"Chill","floor":2.0},{"not_picked":["Scrape","Heatsinks"],"picked":"Coolheaded","floor":4.0},{"not_picked":["Rip and Tear","Stack"],"picked":"Darkness","floor":7.0},{"not_picked":["Ball Lightning","Cold Snap"],"picked":"Genetic Algorithm","floor":11.0}],"player_experience":1930309,"relics_obtained":[{"floor":7.0,"key":"Frozen Egg 2"},{"floor":9.0,"key":"Art of War"},{"floor":11.0,"key":"FossilizedHelix"}],"event_choices":[{"damage_healed":0.0,"max_hp_gain":0.0,"max_hp_loss":0.0,"gold_gain":0.0,"event_name":"Scrap Ooze","player_choice":"Success","floor":5.0,"gold_loss":0.0,"damage_taken":11.0,"relics_obtained":["Boot"]},{"damage_healed":0.0,"max_hp_gain":0.0,"max_hp_loss":7.0,"gold_gain":0.0,"event_name":"Golden Idol","player_choice":"Lose Max HP","floor":10.0,"gold_loss":0.0,"damage_taken":0.0,"relics_obtained":["Golden Idol"]},{"damage_healed":0.0,"max_hp_gain":5.0,"max_hp_loss":0.0,"gold_gain":0.0,"event_name":"Big Fish","player_choice":"Donut","floor":12.0,"gold_loss":0.0,"damage_taken":0.0}],"is_beta":false,"boss_relics":[],"items_purged_floors":[14],"is_endless":false,"potions_floor_spawned":[1,7,11],"killed_by":"Hexaghost","ascension_level":20}