{"gold_per_floor":[116,116,29,47,122,157,178,178,178,196,196,227,227,242,242,314,314,328,341,341,357,9,9,44,44,344,344,358,386,52,85,85,162,162,180,180,180,180,196,196,214,249,249,249,268,156,156,166,166,166,166,166,166,19,54,54],"floor_reached":57,"playtime":2165,"items_purged":["Strike_B","Defend_B+1"],"score":3067,"play_id":"edd1140f-f844-4f75-8431-6e0379880d36","local_time":"20190423041659","is_ascension_mode":true,"campfire_choices":[{"data":"Biased Cognition","floor":8.0,"key":"SMITH"},{"data":"Dualcast","floor":15.0,"key":"SMITH"},{"data":"Recycle","floor":23.0,"key":"SMITH"},{"data":"Capacitor","floor":25.0,"key":"SMITH"},{"data":"Consume","floor":32.0,"key":"SMITH"},{"floor":40.0,"key":"RECALL"},{"data":"Glacier","floor":44.0,"key":"SMITH"},{"data":"Defragment","floor":47.0,"key":"SMITH"},{"floor":49.0,"key":"REST"},{"floor":53.0,"key":"REST"}],"neow_cost":"NONE","seed_source_timestamp":41418204184865,"circlet_count":0,"master_deck":["AscendersBane","Defend_B+1","Defend_B+1","Defend_B+1","Zap+1","Dualcast+1","Turbo+1","Biased Cognition+1","Coolheaded+1","Multi-Cast+1","Glacier+1","Storm+1","Turbo+1","BootSequence+1","Ball Lightning+1","Self Repair+1","Buffer+1","Ball Lightning+1","Recycle+1","Hologram+1","Turbo+1","Capacitor+1","Thunder Strike+1","Cold Snap+1","Defragment+1","Glacier+1","Buffer+1","Seek+1","Consume+1","Rainbow+1","Meteor Strike+1","Glacier+1","Defragment+1","Heatsinks","Coolheaded"],"special_seed":0,"relics":["NeowsBlessing","Dead Branch","Odd Mushroom","Happy Flower","Vajra","Runic Pyramid","Nloth\u0027s Gift","Strange Spoon","The Courier","Old Coin","Bottled Flame","Ornamental Fan","Busted Crown","Mark of the Bloom","Lantern","Torii","Kunai"],"potions_floor_usage":[56,56],"damage_taken":[{"damage":0.0,"enemies":"Jaw Worm","floor":1.0,"turns":1.0},{"damage":0.0,"enemies":"Cultist","floor":4.0,"turns":1.0},{"damage":0.0,"enemies":"3 Sentries","floor":6.0,"turns":1.0},{"damage":32.0,"enemies":"The Mushroom Lair","floor":7.0,"turns":3.0},{"damage":0.0,"enemies":"Small Slimes","floor":10.0,"turns":2.0},{"damage":8.0,"enemies":"Lagavulin","floor":12.0,"turns":6.0},{"damage":0.0,"enemies":"2 Fungi Beasts","floor":14.0,"turns":3.0},{"damage":0.0,"enemies":"The Guardian","floor":16.0,"turns":9.0},{"damage":10.0,"enemies":"Spheric Guardian","floor":18.0,"turns":4.0},{"damage":0.0,"enemies":"Chosen","floor":19.0,"turns":4.0},{"damage":17.0,"enemies":"Centurion and Healer","floor":21.0,"turns":4.0},{"damage":18.0,"enemies":"Book of Stabbing","floor":24.0,"turns":4.0},{"damage":18.0,"enemies":"Snake Plant","floor":28.0,"turns":4.0},{"damage":17.0,"enemies":"Slavers","floor":29.0,"turns":4.0},{"damage":0.0,"enemies":"Book of Stabbing","floor":31.0,"turns":5.0},{"damage":3.0,"enemies":"Automaton","floor":33.0,"turns":9.0},{"damage":0.0,"enemies":"3 Shapes","floor":35.0,"turns":3.0},{"damage":0.0,"enemies":"Orb Walker","floor":39.0,"turns":3.0},{"damage":0.0,"enemies":"Spire Growth","floor":41.0,"turns":5.0},{"damage":0.0,"enemies":"Nemesis","floor":42.0,"turns":7.0},{"damage":0.0,"enemies":"Jaw Worm Horde","floor":45.0,"turns":4.0},{"damage":0.0,"enemies":"4 Shapes","floor":48.0,"turns":4.0},{"damage":15.0,"enemies":"Time Eater","floor":50.0,"turns":5.0},{"damage":9.0,"enemies":"Donu and Deca","floor":51.0,"turns":6.0},{"damage":0,"enemies":"Shield and Spear","floor":55,"turns":4},{"damage":0,"enemies":"The Heart","floor":56,"turns":8}],"seed_played":"-3982782238984302599","potions_obtained":[{"floor":6.0,"key":"Ancient Potion"},{"floor":14.0,"key":"Swift Potion"},{"floor":16.0,"key":"Energy Potion"},{"floor":21.0,"key":"Fire Potion"},{"floor":41.0,"key":"Fire Potion"}],"is_trial":false,"path_per_floor":["M","?","$","M","?","E","?","R","T","M","T","E","?","M","R","B",null,"M","M","?","M","$","R","E","R","T","?","M","E","$","E","R","B",null,"M","?","?","?","M","R","M","E","T","R","M","$","R","M","R","B","B",null,"R","$","E","B",null],"character_chosen":"DEFECT","items_purchased":["Multi-Cast","Strange Spoon","Turbo","Capacitor","Buffer","Seek","Consume","Defragment","Heatsinks","PowerPotion","PowerPotion"],"campfire_rested":2,"item_purchase_floors":[3,22,22,22,30,30,30,46,54,54,54],"current_hp_per_floor":[64,64,64,64,53,53,21,21,21,21,21,13,6,6,6,13,57,54,61,61,58,58,58,40,40,40,40,22,12,12,19,19,23,59,59,59,59,59,59,59,59,59,59,59,59,59,59,59,59,44,35,35,35,35,35,35],"gold":54,"neow_bonus":"THREE_ENEMY_KILL","is_prod":false,"is_daily":false,"chose_seed":false,"campfire_upgraded":7,"win_rate":0,"timestamp":1555964219,"path_taken":["M","?","?","M","?","E","?","R","T","M","?","E","?","M","R","BOSS","M","M","?","?","$","R","E","R","T","?","M","E","$","E","R","BOSS","M","?","?","?","M","R","M","E","T","R","?","$","R","M","R","BOSS","BOSS","R","$","E","BOSS"],"build_version":"2019-01-23","purchased_purges":2,"victory":true,"max_hp_per_floor":[71,71,71,71,71,71,71,71,71,71,71,71,71,71,71,71,71,71,71,71,71,71,71,71,71,71,71,71,71,71,71,71,71,71,71,71,71,71,71,71,71,71,71,71,71,71,71,71,71,71,71,71,71,71,71,71],"card_choices":[{"not_picked":["Hello World","Redo"],"picked":"Turbo","floor":1.0},{"not_picked":["Lockon","Melter"],"picked":"Glacier","floor":4.0},{"not_picked":["Storm","Steam","Streamline"],"picked":"SKIP","floor":6.0},{"not_picked":["Steam","Streamline"],"picked":"Storm","floor":6.0},{"not_picked":["Gash","Sunder"],"picked":"Turbo","floor":7.0},{"not_picked":["Force Field","Redo"],"picked":"BootSequence","floor":10.0},{"not_picked":["FTL","Stack"],"picked":"Ball Lightning","floor":12.0},{"not_picked":["Leap","Turbo"],"picked":"Self Repair","floor":14.0},{"not_picked":["Rainbow","Seek"],"picked":"Buffer","floor":16.0},{"not_picked":["Reinforced Body","Static Discharge"],"picked":"Ball Lightning+1","floor":18.0},{"not_picked":["Static Discharge","BootSequence"],"picked":"Recycle","floor":19.0},{"not_picked":["Sweeping Beam","Cold Snap"],"picked":"Hologram","floor":21.0},{"not_picked":["Rebound","Hello World"],"picked":"Thunder Strike","floor":24.0},{"not_picked":["Redo","Capacitor"],"picked":"Glacier","floor":28.0},{"not_picked":["Doom and Gloom","Streamline","Cold Snap"],"picked":"SKIP","floor":29.0},{"not_picked":["Compile Driver+1","Coolheaded"],"picked":"Rainbow","floor":31.0},{"not_picked":["Hyperbeam","Buffer"],"picked":"Meteor Strike","floor":33.0},{"not_picked":["Ball Lightning"],"picked":"SKIP","floor":35.0},{"not_picked":["Darkness"],"picked":"SKIP","floor":39.0},{"not_picked":[],"picked":"Glacier","floor":41.0},{"not_picked":["Hyperbeam"],"picked":"SKIP","floor":42.0},{"not_picked":["Auto Shields"],"picked":"SKIP","floor":45.0},{"not_picked":["Darkness"],"picked":"SKIP","floor":48.0},{"not_picked":[],"picked":"Coolheaded","floor":55}],"player_experience":4448486,"relics_obtained":[{"floor":6.0,"key":"Dead Branch"},{"floor":7.0,"key":"Odd Mushroom"},{"floor":11.0,"key":"Happy Flower"},{"floor":12.0,"key":"Vajra"},{"floor":24.0,"key":"The Courier"},{"floor":26.0,"key":"Old Coin"},{"floor":29.0,"key":"Bottled Flame"},{"floor":31.0,"key":"Ornamental Fan"},{"floor":42.0,"key":"Lantern"},{"floor":43.0,"key":"Torii"},{"floor":55,"key":"Kunai"}],"event_choices":[{"damage_healed":0.0,"max_hp_gain":0.0,"max_hp_loss":0.0,"gold_gain":0.0,"event_name":"Match and Keep!","player_choice":"2 cards matched","floor":2.0,"gold_loss":0.0,"damage_taken":0.0,"cards_obtained":["Biased Cognition","Coolheaded"]},{"damage_healed":0.0,"max_hp_gain":0.0,"max_hp_loss":0.0,"gold_gain":75.0,"event_name":"World of Goop","player_choice":"Gather Gold","floor":5.0,"gold_loss":0.0,"damage_taken":11.0},{"damage_healed":0.0,"max_hp_gain":0.0,"max_hp_loss":0.0,"gold_gain":0.0,"event_name":"Mushrooms","player_choice":"Fought Mushrooms","floor":7.0,"gold_loss":0.0,"damage_taken":0.0},{"cards_removed":["Strike_B"],"damage_healed":0.0,"max_hp_gain":0.0,"max_hp_loss":0.0,"gold_gain":0.0,"event_name":"Golden Wing","player_choice":"Card Removal","floor":13.0,"gold_loss":0.0,"damage_taken":7.0},{"damage_healed":0.0,"max_hp_gain":0.0,"max_hp_loss":0.0,"gold_gain":0.0,"event_name":"N\u0027loth","player_choice":"Traded Relic","floor":20.0,"relics_lost":["Cracked Core"],"gold_loss":0.0,"damage_taken":0.0,"relics_obtained":["Nloth\u0027s Gift"]},{"damage_healed":0.0,"max_hp_gain":0.0,"max_hp_loss":0.0,"gold_gain":0.0,"cards_transformed":["Strike_B","Strike_B"],"event_name":"Drug Dealer","player_choice":"Became Test Subject","floor":27.0,"gold_loss":0.0,"damage_taken":0.0,"cards_obtained":["Cold Snap","Defragment"]},{"damage_healed":0.0,"max_hp_gain":0.0,"max_hp_loss":0.0,"gold_gain":0.0,"event_name":"SensoryStone","player_choice":"Memory 1","floor":36.0,"gold_loss":0.0,"damage_taken":0.0},{"damage_healed":0.0,"max_hp_gain":0.0,"max_hp_loss":0.0,"gold_gain":0.0,"event_name":"Tomb of Lord Red Mask","player_choice":"Ignored","floor":37.0,"gold_loss":0.0,"damage_taken":0.0},{"damage_healed":0.0,"max_hp_gain":0.0,"max_hp_loss":0.0,"gold_gain":0.0,"event_name":"MindBloom","player_choice":"Upgrade","floor":38.0,"gold_loss":0.0,"damage_taken":0.0,"cards_upgraded":["Defend_B","Defend_B","Defend_B","Defend_B","Zap","Turbo","Coolheaded","Multi-Cast","Glacier","Storm","Turbo","BootSequence","Ball Lightning","Self Repair","Buffer","Hologram","Turbo","Thunder Strike","Cold Snap","Defragment","Glacier","Buffer","Seek","Rainbow","Meteor Strike"],"relics_obtained":["Mark of the Bloom"]}],"is_beta":false,"boss_relics":[{"not_picked":["Empty Cage","Inserter"],"picked":"Runic Pyramid"},{"not_picked":["Sozu","Black Star"],"picked":"Busted Crown"}],"items_purged_floors":[30,46],"is_endless":false,"potions_floor_spawned":[6,14,16,21,24,28,41],"ascension_level":20}