{"gold_per_floor":[109,129,4,4,21,48,48,48,74,74,84,84,84,114,114,215,215,215,215,140,90,90,90,90,90,90,90,90,90,90,90,90,90,90,90,90,40,40,40,40,40,40,40,40,40,40,40,40,40,40],"floor_reached":51,"playtime":1719,"items_purged":["Strike_B","Defend_B","Strike_B"],"score":839,"play_id":"5b6ee7a1-19ec-485a-8a3b-727b986b9287","local_time":"20190806022817","is_ascension_mode":false,"campfire_choices":[{"data":"Zap","floor":7.0,"key":"SMITH"},{"data":"Steam","floor":13.0,"key":"SMITH"},{"data":"Echo Form","floor":15.0,"key":"SMITH"},{"data":"Chaos","floor":23.0,"key":"SMITH"},{"data":"Electrodynamics","floor":25.0,"key":"SMITH"},{"data":"White Noise","floor":30.0,"key":"SMITH"},{"data":"Hello World","floor":32.0,"key":"SMITH"},{"data":"Multi-Cast","floor":41.0,"key":"SMITH"},{"data":"Steam","floor":44.0,"key":"SMITH"},{"data":"Seek","floor":49,"key":"SMITH"}],"neow_cost":"TEN_PERCENT_HP_LOSS","seed_source_timestamp":14603998953119,"circlet_count":0,"master_deck":["Strike_B+1","Defend_B","Defend_B","Defend_B","Zap+1","Dualcast+1","Ball Lightning","Compile Driver","Go for the Eyes+1","Steam+1","Ball Lightning","Ball Lightning","Echo Form+1","Electrodynamics+1","Steam+1","Chaos+1","White Noise+1","White Noise+1","Ball Lightning","Hello World+1","Leap+1","Multi-Cast+1","Tempest+1","Capacitor+1","Heatsinks+1","Capacitor","Seek+1"],"special_seed":0,"relics":["Cracked Core","Thread and Needle","Whetstone","Smiling Mask","Strawberry","Ectoplasm","Dead Branch","Anchor","Nuclear Battery","Vajra","The Courier","Nunchaku"],"potions_floor_usage":[50,50,50],"damage_taken":[{"damage":0.0,"enemies":"2 Louse","floor":1.0,"turns":2.0},{"damage":0.0,"enemies":"Jaw Worm","floor":2.0,"turns":3.0},{"damage":0.0,"enemies":"Cultist","floor":5.0,"turns":3.0},{"damage":5.0,"enemies":"3 Sentries","floor":6.0,"turns":6.0},{"damage":0.0,"enemies":"Large Slime","floor":11.0,"turns":3.0},{"damage":0.0,"enemies":"Gremlin Nob","floor":14.0,"turns":4.0},{"damage":7.0,"enemies":"Hexaghost","floor":16.0,"turns":7.0},{"damage":1.0,"enemies":"Spheric Guardian","floor":18.0,"turns":3.0},{"damage":0.0,"enemies":"3 Byrds","floor":19.0,"turns":2.0},{"damage":12.0,"enemies":"Snake Plant","floor":22.0,"turns":4.0},{"damage":1.0,"enemies":"Book of Stabbing","floor":24.0,"turns":5.0},{"damage":0.0,"enemies":"Centurion and Healer","floor":27.0,"turns":3.0},{"damage":0.0,"enemies":"Cultist and Chosen","floor":29.0,"turns":3.0},{"damage":0.0,"enemies":"Sentry and Sphere","floor":31.0,"turns":4.0},{"damage":0.0,"enemies":"Automaton","floor":33.0,"turns":9.0},{"damage":0.0,"enemies":"Orb Walker","floor":35.0,"turns":4.0},{"damage":0.0,"enemies":"3 Shapes","floor":36.0,"turns":2.0},{"damage":0.0,"enemies":"Transient","floor":38.0,"turns":5.0},{"damage":0.0,"enemies":"Sphere and 2 Shapes","floor":39.0,"turns":4.0},{"damage":14.0,"enemies":"Reptomancer","floor":40.0,"turns":4.0},{"damage":0.0,"enemies":"4 Shapes","floor":42.0,"turns":2.0},{"damage":7.0,"enemies":"3 Darklings","floor":45.0,"turns":2.0},{"damage":9.0,"enemies":"Nemesis","floor":46.0,"turns":5.0},{"damage":0,"enemies":"Spire Growth","floor":48,"turns":4},{"damage":51,"enemies":"Time Eater","floor":50,"turns":13}],"seed_played":"-2911672631280877434","potions_obtained":[{"floor":1.0,"key":"Dexterity Potion"},{"floor":2.0,"key":"EssenceOfSteel"},{"floor":11.0,"key":"SpeedPotion"},{"floor":18.0,"key":"Explosive Potion"},{"floor":22.0,"key":"PowerPotion"},{"floor":31.0,"key":"GamblersBrew"},{"floor":33.0,"key":"Dexterity Potion"},{"floor":39.0,"key":"Regen Potion"},{"floor":45.0,"key":"GamblersBrew"}],"is_trial":false,"path_per_floor":["M","M","$","?","M","E","R","$","T","?","M","?","R","E","R","B",null,"M","M","?","$","M","R","E","R","T","M","?","M","R","M","R","B",null,"M","M","$","M","M","E","R","M","T","R","M","E","?","M","R","B",null],"character_chosen":"DEFECT","items_purchased":["Go for the Eyes"],"campfire_rested":0,"item_purchase_floors":[3],"current_hp_per_floor":[68,68,68,73,73,68,68,68,68,68,68,68,68,75,75,68,80,79,79,79,79,67,67,66,66,66,66,66,66,66,66,66,66,80,80,80,80,80,80,66,66,66,66,66,59,50,50,50,50,14],"gold":40,"neow_bonus":"ONE_RARE_RELIC","is_prod":false,"is_daily":false,"chose_seed":false,"campfire_upgraded":10,"win_rate":0,"timestamp":1565080097,"path_taken":["M","M","$","?","M","E","R","$","T","?","?","?","R","E","R","BOSS","M","?","?","$","M","R","E","R","T","M","?","?","R","M","R","BOSS","M","M","$","M","?","E","R","M","T","R","M","E","?","M","R","BOSS"],"build_version":"2019-07-17","purchased_purges":3,"victory":true,"max_hp_per_floor":[68,68,68,73,73,73,73,73,73,73,73,73,73,80,80,80,80,80,80,80,80,80,80,80,80,80,80,80,80,80,80,80,80,80,80,80,80,80,80,80,80,80,80,80,80,80,80,80,80,80],"card_choices":[{"not_picked":["Reprogram","Lockon"],"picked":"Ball Lightning","floor":1.0},{"not_picked":["Redo","Streamline"],"picked":"Compile Driver","floor":2.0},{"not_picked":["Streamline","White Noise"],"picked":"Steam","floor":5.0},{"not_picked":["Core Surge","Steam"],"picked":"Ball Lightning","floor":6.0},{"not_picked":["Coolheaded","Gash"],"picked":"Ball Lightning","floor":11.0},{"not_picked":["Hologram","Conserve Battery"],"picked":"Echo Form","floor":14.0},{"not_picked":["Thunder Strike","Hyperbeam"],"picked":"Electrodynamics","floor":16.0},{"not_picked":["Gash","Turbo"],"picked":"Steam","floor":18.0},{"not_picked":["Glacier","Go for the Eyes","Stack"],"picked":"SKIP","floor":19.0},{"not_picked":["Skim","Aggregate"],"picked":"Chaos","floor":22.0},{"not_picked":["Turbo","Blizzard"],"picked":"White Noise+1","floor":24.0},{"not_picked":["Conserve Battery","Amplify"],"picked":"White Noise","floor":27.0},{"not_picked":["Redo","Auto Shields"],"picked":"Hello World","floor":29.0},{"not_picked":["Gash","Turbo"],"picked":"Leap+1","floor":31.0},{"not_picked":["Echo Form","Electrodynamics"],"picked":"Multi-Cast","floor":33.0},{"not_picked":["Turbo+1","Beam Cell","Barrage+1"],"picked":"SKIP","floor":35.0},{"not_picked":["Self Repair","Redo+1"],"picked":"Tempest+1","floor":36.0},{"not_picked":["Rebound+1","Redo"],"picked":"Capacitor+1","floor":38.0},{"not_picked":["Compile Driver","Static Discharge+1","Blizzard+1"],"picked":"SKIP","floor":39.0},{"not_picked":["Seek","Rebound"],"picked":"Heatsinks+1","floor":40.0},{"not_picked":["Redo","Chill+1","Sunder"],"picked":"SKIP","floor":42.0},{"not_picked":["Genetic Algorithm+1","Gash+1","Blizzard"],"picked":"SKIP","floor":45.0},{"not_picked":["Leap","Coolheaded"],"picked":"Capacitor","floor":46.0},{"not_picked":["Coolheaded+1","Hologram+1"],"picked":"Seek","floor":48}],"player_experience":1638815,"relics_obtained":[{"floor":6.0,"key":"Whetstone"},{"floor":9.0,"key":"Smiling Mask"},{"floor":14.0,"key":"Strawberry"},{"floor":24.0,"key":"Dead Branch"},{"floor":26.0,"key":"Anchor"},{"floor":40.0,"key":"Vajra"},{"floor":43.0,"key":"The Courier"},{"floor":46.0,"key":"Nunchaku"}],"event_choices":[{"damage_healed":0.0,"max_hp_gain":5.0,"max_hp_loss":0.0,"gold_gain":0.0,"event_name":"Big Fish","player_choice":"Donut","floor":4.0,"gold_loss":0.0,"damage_taken":0.0},{"damage_healed":0.0,"max_hp_gain":0.0,"max_hp_loss":0.0,"gold_gain":0.0,"event_name":"The Woman in Blue","player_choice":"Bought 0 Potions","floor":10.0,"gold_loss":0.0,"damage_taken":0.0},{"damage_healed":0.0,"max_hp_gain":0.0,"max_hp_loss":0.0,"gold_gain":0.0,"event_name":"Upgrade Shrine","player_choice":"Upgraded","floor":12.0,"gold_loss":0.0,"damage_taken":0.0,"cards_upgraded":["Dualcast"]},{"cards_removed":["Strike_B"],"damage_healed":0.0,"max_hp_gain":0.0,"max_hp_loss":0.0,"gold_gain":0.0,"event_name":"Beggar","player_choice":"Gave Gold","floor":20.0,"gold_loss":75.0,"damage_taken":0.0},{"damage_healed":0.0,"max_hp_gain":0.0,"max_hp_loss":0.0,"gold_gain":0.0,"event_name":"The Library","player_choice":"Read","floor":28.0,"gold_loss":0.0,"damage_taken":0.0,"cards_obtained":["Ball Lightning"]},{"damage_healed":0,"gold_gain":0,"player_choice":"Ignored","damage_taken":0,"max_hp_gain":0,"max_hp_loss":0,"event_name":"Mysterious Sphere","floor":47,"gold_loss":0}],"is_beta":false,"boss_relics":[{"not_picked":["Inserter","Calling Bell"],"picked":"Ectoplasm"},{"not_picked":["Astrolabe","Cursed Key"],"picked":"Nuclear Battery"}],"items_purged_floors":[3,21,37],"is_endless":false,"potions_floor_spawned":[1,2,11,18,22,31,33,38,39,42,45,48],"ascension_level":0}