{"path_per_floor":["M","?","?","$","M","E","M","E","T","R","M","R","?","$","R","B",null,"M","?","M","$","?","M","M","?","T","?","E","M","E","M","R"],"character_chosen":"IRONCLAD","items_purchased":["Frozen Egg 2"],"gold_per_floor":[113,288,288,26,37,69,83,109,109,109,123,123,147,72,72,168,168,188,188,201,101,101,116,134,49,49,49,80,96,131,142,142,142],"floor_reached":33,"campfire_rested":2,"playtime":3342,"current_hp_per_floor":[80,80,55,55,61,67,65,27,27,51,48,48,42,42,42,8,83,54,43,43,43,43,43,43,43,43,27,39,43,21,20,33,0],"items_purged":["Doubt","Strike_R"],"gold":142,"score":346,"play_id":"544720e8-a4a2-4b78-b34d-6f44a07d42d0","local_time":"20180401184816","is_prod":false,"is_daily":false,"is_ascension_mode":false,"campfire_upgraded":2,"timestamp":1522601296,"path_taken":["M","?","?","$","M","E","?","E","T","R","?","R","?","$","R","BOSS","M","?","M","$","?","M","M","?","T","?","E","M","E","?","R","BOSS"],"build_version":"2018-03-29v2","purchased_purges":2,"victory":false,"master_deck":["Strike_R","Strike_R","Strike_R","Strike_R","Defend_R","Defend_R","Defend_R","Defend_R","Bash","Body Slam","Metallicize+1","Berserk+1","Infernal Blade","Body Slam","Second Wind+1","Flex+1","Dual Wield","Offering","Anger+1","Ghostly","Ghostly","Ghostly","Ghostly","Ghostly","Wild Strike+1","Intimidate","Bloodletting","Thunderclap+1","Fiend Fire","Carnage","Evolve+1"],"max_hp_per_floor":[80,80,80,80,80,80,80,80,80,80,80,80,83,83,83,83,83,86,43,43,43,43,43,43,43,43,43,43,43,43,45,45,45],"relics":["Burning Blood","NeowsBlessing","Unceasing Top","Frozen Egg 2","Prayer Wheel","Blue Candle","Torii","Odd Mushroom","Sozu","Bag of Preparation","Du-Vu Doll","Ancient Tea Set","Nilry\u0027s Codex","Singing Bowl","Oddly Smooth Stone"],"card_choices":[{"not_picked":["Twin Strike","Searing Blow"],"picked":"Body Slam","floor":1},{"not_picked":["Sword Boomerang","Twin Strike"],"picked":"Metallicize","floor":5},{"not_picked":["Pommel Strike","Infernal Blade"],"picked":"Berserk","floor":6},{"not_picked":["Heavy Blade","Disarm"],"picked":"Infernal Blade","floor":7},{"not_picked":["Anger","True Grit"],"picked":"Body Slam","floor":8},{"not_picked":["Twin Strike","Pummel"],"picked":"Second Wind","floor":9},{"not_picked":["Perfected Strike","Heavy Blade"],"picked":"Flex","floor":11},{"not_picked":["Bloodletting","Clothesline"],"picked":"Dual Wield","floor":13},{"not_picked":["Dark Embrace","Juggernaut"],"picked":"Offering","floor":16},{"not_picked":["Wild Strike","Iron Wave"],"picked":"Anger","floor":18},{"not_picked":["Rupture","Perfected Strike"],"picked":"Wild Strike","floor":20},{"not_picked":["Clothesline","Warcry"],"picked":"Intimidate","floor":23},{"not_picked":["Ghostly Armor","Havoc"],"picked":"Bloodletting","floor":24},{"not_picked":["Clothesline","Body Slam"],"picked":"Thunderclap","floor":26},{"not_picked":["Havoc","Burning Pact"],"picked":"Fiend Fire","floor":28},{"not_picked":["Twin Strike","Armaments"],"picked":"Carnage","floor":29},{"not_picked":["Shrug It Off","Iron Wave"],"picked":"Evolve","floor":30}],"player_experience":208044,"potions_floor_usage":[18,23,28],"damage_taken":[{"damage":0,"enemies":"Jaw Worm","floor":1,"turns":1},{"damage":0,"enemies":"Cultist","floor":5,"turns":1},{"damage":0,"enemies":"Lagavulin","floor":6,"turns":1},{"damage":8,"enemies":"Small Slimes","floor":7,"turns":5},{"damage":44,"enemies":"Gremlin Nob","floor":8,"turns":7},{"damage":9,"enemies":"Blue Slaver","floor":11,"turns":4},{"damage":15,"enemies":"The Mushroom Lair","floor":13,"turns":6},{"damage":40,"enemies":"Hexaghost","floor":16,"turns":13},{"damage":38,"enemies":"2 Thieves","floor":18,"turns":4},{"damage":2,"enemies":"Spheric Guardian","floor":20,"turns":6},{"damage":3,"enemies":"Snecko","floor":23,"turns":6},{"damage":1,"enemies":"Snake Plant","floor":24,"turns":6},{"damage":6,"enemies":"Gremlin Leader","floor":28,"turns":6},{"damage":2,"enemies":"Slaver and Parasite","floor":29,"turns":7},{"damage":28,"enemies":"Book of Stabbing","floor":30,"turns":7},{"damage":9,"enemies":"Cultist and Chosen","floor":31,"turns":7},{"damage":55,"enemies":"Collector","floor":33,"turns":5}],"event_choices":[{"event_name":"Liars Game","player_choice":"agreed","floor":2,"damage_taken":0},{"event_name":"Scrap Ooze","player_choice":"success","floor":3,"damage_taken":25},{"event_name":"Mushrooms","player_choice":"Fought Mushrooms","floor":13,"damage_taken":0},{"event_name":"Ghosts","player_choice":"Became a Ghost","floor":19,"damage_taken":0},{"event_name":"Wheel of Change","player_choice":"Relic","floor":22,"damage_taken":0},{"event_name":"Addict","player_choice":"Obtained Relic","floor":25,"damage_taken":0},{"event_name":"Cursed Tome","player_choice":"Obtained Book","floor":27,"damage_taken":0}],"boss_relics":[{"not_picked":["Tiny House","Lizard Tail"],"picked":"Sozu"}],"potions_floor_spawned":[7,8,11,16,23,30],"seed_played":"-6120465646651894409","killed_by":"Collector","ascension_level":0,"is_trial":false}