{"gold_per_floor":[116,116,127,12,12,39,59,59,59,59,77,27,27,39,39,113,113,133,133,408,423,423],"floor_reached":22,"playtime":1577,"items_purged":["Strike_B","Strike_B"],"score":418,"play_id":"8090cf08-e4ed-48c9-a89c-e1beb48356bb","local_time":"20190328121219","is_ascension_mode":true,"campfire_choices":[{"data":"Capacitor","floor":10.0,"key":"SMITH"},{"data":"Skim","floor":15.0,"key":"SMITH"}],"neow_cost":"NONE","seed_source_timestamp":2020977689026,"circlet_count":0,"master_deck":["AscendersBane","Strike_B+1","Strike_B","Defend_B","Defend_B","Defend_B+1","Defend_B","Zap","Dualcast","Skim+1","Turbo","Capacitor+1","Reinforced Body+1","Chill+1","Coolheaded+1","Hologram+1","Creative AI","Chaos+1","Regret","Darkness+1"],"special_seed":0,"relics":["Cracked Core","NeowsBlessing","CultistMask","Toxic Egg 2","Dodecahedron","Smiling Mask","Fusion Hammer"],"potions_floor_usage":[],"damage_taken":[{"damage":0.0,"enemies":"Small Slimes","floor":1.0,"turns":1.0},{"damage":0.0,"enemies":"Cultist","floor":3.0,"turns":1.0},{"damage":0.0,"enemies":"3 Sentries","floor":6.0,"turns":1.0},{"damage":0.0,"enemies":"Jaw Worm","floor":7.0,"turns":4.0},{"damage":7.0,"enemies":"Exordium Wildlife","floor":11.0,"turns":7.0},{"damage":0.0,"enemies":"2 Fungi Beasts","floor":14.0,"turns":4.0},{"damage":23.0,"enemies":"Slime Boss","floor":16.0,"turns":13.0},{"damage":0,"enemies":"Spheric Guardian","floor":18,"turns":7},{"damage":30,"enemies":"3 Byrds","floor":21,"turns":9},{"damage":10,"enemies":"Masked Bandits","floor":22,"turns":3}],"seed_played":"6581830266787102911","potions_obtained":[{"floor":1.0,"key":"LiquidBronze"},{"floor":3.0,"key":"SteroidPotion"},{"floor":7.0,"key":"Explosive Potion"},{"floor":21,"key":"Strength Potion"}],"is_trial":false,"path_per_floor":["M","?","M","$","T","E","M","?","T","R","M","$","?","M","R","B",null,"M","?","?","M","?"],"character_chosen":"DEFECT","items_purchased":["Capacitor"],"campfire_rested":0,"item_purchase_floors":[4],"current_hp_per_floor":[64,64,64,64,64,64,64,59,59,59,52,52,31,31,31,8,55,55,55,55,25,15],"gold":423,"neow_bonus":"THREE_ENEMY_KILL","is_prod":false,"is_daily":false,"chose_seed":false,"campfire_upgraded":2,"win_rate":0,"timestamp":1553746339,"path_taken":["M","?","M","?","?","E","?","?","T","R","M","$","?","M","R","BOSS","M","?","?","?","?"],"build_version":"2019-01-23","purchased_purges":2,"victory":false,"max_hp_per_floor":[71,71,71,71,71,71,71,71,71,71,71,71,71,71,71,71,71,71,71,71,71,71],"card_choices":[{"not_picked":["Turbo","Undo"],"picked":"Skim","floor":1.0},{"not_picked":["Chaos","Go for the Eyes"],"picked":"Turbo","floor":3.0},{"not_picked":["Doom and Gloom","Amplify+1"],"picked":"Reinforced Body+1","floor":6.0},{"not_picked":["Steam+1","Turbo+1"],"picked":"Chill+1","floor":7.0},{"not_picked":["Scrape","Turbo+1"],"picked":"Coolheaded+1","floor":11.0},{"not_picked":["Lockon","FTL"],"picked":"Hologram+1","floor":14.0},{"not_picked":["Amplify+1","Reboot+1"],"picked":"Creative AI","floor":16.0},{"not_picked":["Steam Power+1","Auto Shields+1"],"picked":"Chaos+1","floor":18},{"not_picked":["Tempest+1","Cold Snap"],"picked":"Darkness+1","floor":21}],"player_experience":3918139,"relics_obtained":[{"floor":5.0,"key":"Toxic Egg 2"},{"floor":6.0,"key":"Dodecahedron"}],"event_choices":[{"damage_healed":0.0,"max_hp_gain":0.0,"max_hp_loss":0.0,"gold_gain":0.0,"event_name":"FaceTrader","player_choice":"Trade","floor":2.0,"gold_loss":0.0,"damage_taken":0.0,"relics_obtained":["CultistMask"]},{"damage_healed":0.0,"max_hp_gain":0.0,"max_hp_loss":0.0,"gold_gain":0.0,"event_name":"Scrap Ooze","player_choice":"Success","floor":8.0,"gold_loss":0.0,"damage_taken":5.0,"relics_obtained":["Smiling Mask"]},{"damage_healed":0.0,"max_hp_gain":0.0,"max_hp_loss":0.0,"gold_gain":0.0,"event_name":"Shining Light","player_choice":"Entered Light","floor":13.0,"gold_loss":0.0,"damage_taken":21.0,"cards_upgraded":["Defend_B","Strike_B"]},{"damage_healed":0,"gold_gain":0,"player_choice":"Ignored","damage_taken":0,"max_hp_gain":0,"max_hp_loss":0,"event_name":"Vampires","floor":19,"gold_loss":0},{"damage_healed":0,"gold_gain":275,"player_choice":"Desecrate","damage_taken":0,"max_hp_gain":0,"max_hp_loss":0,"event_name":"Golden Shrine","floor":20,"gold_loss":0,"cards_obtained":["Regret"]},{"damage_healed":0,"gold_gain":0,"player_choice":"Fought Bandits","damage_taken":0,"max_hp_gain":0,"max_hp_loss":0,"event_name":"Masked Bandits","floor":22,"gold_loss":0}],"is_beta":false,"boss_relics":[{"not_picked":["Black Star","Calling Bell"],"picked":"Fusion Hammer"}],"items_purged_floors":[4,12],"is_endless":false,"potions_floor_spawned":[1,3,7,14,21],"killed_by":"Masked Bandits","ascension_level":20}