{"gold_per_floor":[111,125,200,219,219,252,252,267,290,84,103,133,37,22],"floor_reached":14,"playtime":951,"items_purged":[],"score":90,"play_id":"e33f64db-71c1-4f21-bcfd-0a4d28981048","local_time":"20190708215452","is_ascension_mode":false,"campfire_choices":[{"data":"After Image","floor":7,"key":"SMITH"}],"neow_cost":"NONE","seed_source_timestamp":1379842836409471,"circlet_count":0,"master_deck":["Strike_G","Strike_G","Strike_G","Strike_G","Strike_G","Defend_G","Defend_G","Defend_G","Defend_G","Survivor","Neutralize","Dagger Throw","Bouncing Flask","Sucker Punch","Endless Agony","After Image+1","Blade Dance","Sadistic Nature","Noxious Fumes","Backstab","Infinite Blades","Deflect"],"relics":["Ring of the Snake","Pen Nib","Boot","Snake Skull"],"potions_floor_usage":[6,14],"damage_taken":[{"damage":0,"enemies":"Cultist","floor":1,"turns":5},{"damage":5,"enemies":"Small Slimes","floor":2,"turns":3},{"damage":3,"enemies":"2 Louse","floor":4,"turns":3},{"damage":33,"enemies":"3 Sentries","floor":6,"turns":9},{"damage":10,"enemies":"Exordium Wildlife","floor":8,"turns":5},{"damage":7,"enemies":"Red Slaver","floor":11,"turns":4},{"damage":6,"enemies":"Looter","floor":14,"turns":1}],"seed_played":"-7875621244034620980","potions_obtained":[{"floor":4,"key":"Poison Potion"},{"floor":6,"key":"Poison Potion"}],"is_trial":false,"path_per_floor":["M","M","?","M","?","E","R","M","T","$","M","?","$","M"],"character_chosen":"THE_SILENT","items_purchased":["Sadistic Nature","Noxious Fumes","Infinite Blades","Deflect"],"campfire_rested":0,"item_purchase_floors":[10,10,13,13],"current_hp_per_floor":[70,65,54,51,51,18,18,8,8,8,1,1,1,0],"gold":22,"neow_bonus":"TRANSFORM_CARD","is_prod":false,"is_daily":false,"chose_seed":false,"campfire_upgraded":1,"win_rate":0.0,"timestamp":1562612092,"path_taken":["M","M","?","M","?","E","R","?","T","?","M","?","?","M"],"build_version":"2019-07-05","purchased_purges":0,"victory":false,"max_hp_per_floor":[70,70,70,70,70,70,70,70,70,70,70,70,70,70],"card_choices":[{"not_picked":["Dodge and Roll","Crippling Poison"],"picked":"Dagger Throw","floor":1},{"not_picked":["PiercingWail","Terror"],"picked":"Bouncing Flask","floor":2},{"not_picked":["Acrobatics","Backflip"],"picked":"Sucker Punch","floor":4},{"not_picked":["Outmaneuver","Doppelganger"],"picked":"After Image","floor":6},{"not_picked":["Acrobatics","Dagger Spray"],"picked":"Blade Dance","floor":8},{"not_picked":["Calculated Gamble","Riddle With Holes"],"picked":"Backstab","floor":11}],"player_experience":25804,"relics_obtained":[{"floor":6,"key":"Pen Nib"},{"floor":9,"key":"Boot"}],"event_choices":[{"damage_healed":0,"gold_gain":75,"player_choice":"Gather Gold","damage_taken":11,"max_hp_gain":0,"max_hp_loss":0,"event_name":"World of Goop","floor":3,"gold_loss":0},{"damage_healed":0,"gold_gain":0,"cards_transformed":["Crippling Poison"],"player_choice":"Transformed","damage_taken":0,"max_hp_gain":0,"max_hp_loss":0,"event_name":"Transmorgrifier","floor":5,"gold_loss":0,"cards_obtained":["Endless Agony"]},{"damage_healed":0,"gold_gain":30,"player_choice":"Searched \u00272\u0027 times","damage_taken":0,"relics_obtained":["Snake Skull"],"max_hp_gain":0,"max_hp_loss":0,"event_name":"Dead Adventurer","floor":12,"gold_loss":0}],"is_beta":false,"boss_relics":[],"items_purged_floors":[],"is_endless":false,"potions_floor_spawned":[4,6],"killed_by":"Looter","ascension_level":0}