{"gold_per_floor":[117,131,207,219,219,219,102,115,115,15,30,30,44,61,61,140,140,110,110,110,127,140,140,140,140,167,167,92,107,123,134,134,213,213,224,224,99,114,131,131,144,176,176,188,188,38,51,0,0,0,0,0,0,0,0],"floor_reached":55,"playtime":5574,"items_purged":["Strike_G","Strike_G","Survivor","Defend_G"],"score":1936,"play_id":"06379864-e14d-4c24-8d51-b366ecf26374","local_time":"20190213204422","is_ascension_mode":true,"campfire_choices":[{"data":"Deadly Poison","floor":6.0,"key":"SMITH"},{"data":"Well Laid Plans","floor":12.0,"key":"SMITH"},{"data":"Bouncing Flask","floor":15.0,"key":"SMITH"},{"data":"Neutralize","floor":23.0,"key":"SMITH"},{"data":"Footwork","floor":25.0,"key":"SMITH"},{"data":"Expertise","floor":27.0,"key":"SMITH"},{"floor":32.0,"key":"RECALL"},{"data":"Night Terror","floor":40.0,"key":"SMITH"},{"data":"Escape Plan","floor":49.0,"key":"SMITH"},{"data":"Escape Plan","floor":53,"key":"SMITH"}],"neow_cost":"PERCENT_DAMAGE","seed_source_timestamp":39973098622064,"circlet_count":0,"master_deck":["AscendersBane","Neutralize+1","Well Laid Plans+1","Deadly Poison+1","Footwork+1","Bouncing Flask+1","Escape Plan+1","Glass Knife+1","After Image+1","PiercingWail","Dash+1","Expertise+1","Night Terror+1","Concentrate","Prepared+1","Escape Plan+1"],"special_seed":0,"relics":["Ring of the Snake","Molten Egg 2","Frozen Egg 2","Runic Pyramid","Runic Dome","Blue Candle","Singing Bowl","Red Mask"],"potions_floor_usage":[50],"damage_taken":[{"damage":0.0,"enemies":"Cultist","floor":1.0,"turns":5.0},{"damage":0.0,"enemies":"Small Slimes","floor":2.0,"turns":3.0},{"damage":0.0,"enemies":"Jaw Worm","floor":4.0,"turns":5.0},{"damage":1.0,"enemies":"Exordium Wildlife","floor":8.0,"turns":5.0},{"damage":1.0,"enemies":"Looter","floor":11.0,"turns":4.0},{"damage":0.0,"enemies":"2 Fungi Beasts","floor":13.0,"turns":4.0},{"damage":0.0,"enemies":"Red Slaver","floor":14.0,"turns":4.0},{"damage":0.0,"enemies":"The Guardian","floor":16.0,"turns":8.0},{"damage":4.0,"enemies":"2 Thieves","floor":18.0,"turns":4.0},{"damage":0.0,"enemies":"Chosen","floor":21.0,"turns":4.0},{"damage":0.0,"enemies":"Snecko","floor":22.0,"turns":5.0},{"damage":5.0,"enemies":"Snake Plant","floor":29.0,"turns":4.0},{"damage":2.0,"enemies":"3 Cultists","floor":30.0,"turns":6.0},{"damage":2.0,"enemies":"Sentry and Sphere","floor":31.0,"turns":7.0},{"damage":25.0,"enemies":"Automaton","floor":33.0,"turns":14.0},{"damage":0.0,"enemies":"3 Shapes","floor":35.0,"turns":5.0},{"damage":5.0,"enemies":"3 Darklings","floor":38.0,"turns":6.0},{"damage":0.0,"enemies":"Maw","floor":39.0,"turns":6.0},{"damage":0.0,"enemies":"Jaw Worm Horde","floor":41.0,"turns":4.0},{"damage":0.0,"enemies":"Nemesis","floor":42.0,"turns":7.0},{"damage":0.0,"enemies":"Writhing Mass","floor":44.0,"turns":4.0},{"damage":0.0,"enemies":"Sphere and 2 Shapes","floor":47.0,"turns":3.0},{"damage":15,"enemies":"Time Eater","floor":50,"turns":13},{"damage":34,"enemies":"Awakened One","floor":51,"turns":9},{"damage":7,"enemies":"Shield and Spear","floor":55,"turns":2}],"seed_played":"-656286254727094141","potions_obtained":[{"floor":8.0,"key":"Swift Potion"},{"floor":11.0,"key":"Ancient Potion"},{"floor":14.0,"key":"PowerPotion"},{"floor":21.0,"key":"Strength Potion"},{"floor":29.0,"key":"SkillPotion"},{"floor":42.0,"key":"Weak Potion"}],"is_trial":false,"path_per_floor":["M","M","T","M","?","R","$","M","T","$","M","R","M","M","R","B",null,"M","$","?","M","M","R","?","R","T","R","?","M","M","M","R","B",null,"M","?","$","M","M","R","M","E","T","M","?","$","M","?","R","B","B",null,"R","$","E"],"character_chosen":"THE_SILENT","items_purchased":["Footwork"],"campfire_rested":0,"item_purchase_floors":[7],"current_hp_per_floor":[44,44,44,44,44,44,44,43,43,43,42,42,42,42,42,42,60,56,56,56,56,56,56,56,56,56,56,56,51,49,47,47,22,55,55,55,55,50,50,50,50,50,50,52,48,48,50,50,50,35,1,57,57,57,50],"gold":0,"neow_bonus":"REMOVE_TWO","is_prod":false,"is_daily":false,"chose_seed":false,"campfire_upgraded":9,"win_rate":0,"timestamp":1550061862,"path_taken":["M","M","?","M","?","R","$","M","T","?","M","R","?","M","R","BOSS","M","$","?","M","M","R","?","R","T","R","?","M","M","M","R","BOSS","M","?","$","?","?","R","M","E","T","M","?","$","M","?","R","BOSS","BOSS","R","$","E"],"build_version":"2019-01-23","purchased_purges":4,"victory":false,"max_hp_per_floor":[66,66,66,66,66,66,66,66,66,66,66,66,66,66,66,66,66,66,66,66,66,66,66,66,66,66,66,66,66,66,66,66,66,66,66,66,66,66,66,66,66,66,66,68,74,74,76,76,76,76,76,76,76,76,76],"card_choices":[{"not_picked":["Dagger Throw","Poisoned Stab","PiercingWail"],"picked":"SKIP","floor":1.0},{"not_picked":["Crippling Poison","Bane"],"picked":"Well Laid Plans","floor":2.0},{"not_picked":["Slice+1","Blade Dance"],"picked":"Deadly Poison","floor":4.0},{"not_picked":["Bane+1","Quick Slash+1","Flying Knee+1"],"picked":"SKIP","floor":8.0},{"not_picked":["Sucker Punch+1","Dodge and Roll"],"picked":"Bouncing Flask","floor":11.0},{"not_picked":["Calculated Gamble","Distraction"],"picked":"Escape Plan","floor":13.0},{"not_picked":["Sucker Punch+1","Tactician"],"picked":"Glass Knife+1","floor":14.0},{"not_picked":["Grand Finale+1","Adrenaline"],"picked":"After Image+1","floor":16.0},{"not_picked":["Endless Agony+1","Distraction"],"picked":"PiercingWail","floor":18.0},{"not_picked":["Outmaneuver","Dodge and Roll","Backstab+1"],"picked":"SKIP","floor":21.0},{"not_picked":["Cloak And Dagger","Concentrate","Dagger Spray+1"],"picked":"SKIP","floor":22.0},{"not_picked":["Riddle With Holes+1","Underhanded Strike+1","Deflect"],"picked":"SKIP","floor":29.0},{"not_picked":["Blade Dance","Underhanded Strike+1","Quick Slash+1"],"picked":"SKIP","floor":30.0},{"not_picked":["Choke+1","Flying Knee+1","Dodge and Roll"],"picked":"SKIP","floor":31.0},{"not_picked":["Bullet Time","Die Die Die+1"],"picked":"Night Terror","floor":33.0},{"not_picked":["Dagger Spray+1","Prepared+1","Bane+1"],"picked":"SKIP","floor":35.0},{"not_picked":["Deflect","Crippling Poison"],"picked":"Concentrate","floor":38.0},{"not_picked":["A Thousand Cuts+1","Prepared+1","Underhanded Strike+1"],"picked":"SKIP","floor":39.0},{"not_picked":["A Thousand Cuts+1","Underhanded Strike+1"],"picked":"Prepared+1","floor":39.0},{"not_picked":["Quick Slash+1","Bane+1","Caltrops+1"],"picked":"SKIP","floor":41.0},{"not_picked":["Deflect","Backflip"],"picked":"Escape Plan","floor":42.0},{"not_picked":["Finisher+1","Poisoned Stab+1","Flying Knee+1"],"picked":"Singing Bowl","floor":44.0},{"not_picked":["Transmutation","Jack Of All Trades","Good Instincts"],"picked":"Singing Bowl","floor":45.0},{"not_picked":["Chrysalis","Good Instincts","Secret Technique"],"picked":"Singing Bowl","floor":45.0},{"not_picked":["Dark Shackles","Mayhem+1","Magnetism+1"],"picked":"Singing Bowl","floor":45.0},{"not_picked":["Riddle With Holes+1","Dagger Throw+1","Quick Slash+1"],"picked":"Singing Bowl","floor":47.0}],"player_experience":2692565,"relics_obtained":[{"floor":3.0,"key":"Molten Egg 2"},{"floor":9.0,"key":"Frozen Egg 2"},{"floor":42.0,"key":"Blue Candle"},{"floor":43.0,"key":"Singing Bowl"}],"event_choices":[{"damage_healed":0.0,"max_hp_gain":0.0,"max_hp_loss":0.0,"gold_gain":0.0,"event_name":"Liars Game","player_choice":"Ignored","floor":5.0,"gold_loss":0.0,"damage_taken":0.0},{"cards_removed":["Strike_G"],"damage_healed":0.0,"max_hp_gain":0.0,"max_hp_loss":0.0,"gold_gain":0.0,"event_name":"Back to Basics","player_choice":"Elegance","floor":20.0,"gold_loss":0.0,"damage_taken":0.0},{"damage_healed":0.0,"max_hp_gain":0.0,"max_hp_loss":0.0,"gold_gain":0.0,"cards_transformed":["Strike_G","Defend_G"],"event_name":"Drug Dealer","player_choice":"Became Test Subject","floor":24.0,"gold_loss":0.0,"damage_taken":0.0,"cards_obtained":["Dash","Expertise"]},{"cards_removed":["Defend_G"],"damage_healed":0.0,"max_hp_gain":0.0,"max_hp_loss":0.0,"gold_gain":0.0,"event_name":"Beggar","player_choice":"Gave Gold","floor":28.0,"gold_loss":75.0,"damage_taken":0.0},{"cards_removed":["Defend_G"],"damage_healed":0.0,"max_hp_gain":0.0,"max_hp_loss":0.0,"gold_gain":0.0,"event_name":"Wheel of Change","player_choice":"Card Removal","floor":36.0,"gold_loss":0.0,"damage_taken":0.0},{"damage_healed":0.0,"max_hp_gain":0.0,"max_hp_loss":0.0,"gold_gain":0.0,"event_name":"SensoryStone","player_choice":"Memory 3","floor":45.0,"gold_loss":0.0,"damage_taken":10.0},{"damage_healed":0.0,"max_hp_gain":0.0,"max_hp_loss":0.0,"gold_gain":0.0,"event_name":"Tomb of Lord Red Mask","player_choice":"Paid","floor":48.0,"gold_loss":51.0,"damage_taken":0.0,"relics_obtained":["Red Mask"]}],"is_beta":false,"boss_relics":[{"not_picked":["HoveringKite","Tiny House"],"picked":"Runic Pyramid"},{"not_picked":["Snecko Eye","Cursed Key"],"picked":"Runic Dome"}],"items_purged_floors":[7,10,37,46],"is_endless":false,"potions_floor_spawned":[8,11,14,16,21,29,30,33,38,39,42,47],"killed_by":"Shield and Spear","ascension_level":20}