{"gold_per_floor":[115,115,134,149,149,149,74,74,101,101,12,50,50,89,89,182,182,207,225,225,67,88,88,13,33,85,10,30,30,54,70,70,168,168,186,211,32,32,55,55,89,89,140,175,191,103,103,121,121,121,121,121,121,45,45],"floor_reached":55,"playtime":3432,"items_purged":["Strike_G","Defend_G"],"score":2370,"play_id":"c47e1c4f-c6c0-4aa4-b447-6237a8e6bef2","local_time":"20190407141655","is_ascension_mode":true,"campfire_choices":[{"data":"Deadly Poison","floor":6.0,"key":"SMITH"},{"data":"Neutralize","floor":8.0,"key":"SMITH"},{"data":"Backflip","floor":10.0,"key":"SMITH"},{"data":"Noxious Fumes","floor":13.0,"key":"SMITH"},{"data":"Survivor","floor":15.0,"key":"SMITH"},{"data":"Ghostly","floor":23.0,"key":"SMITH"},{"data":"Corpse Explosion","floor":29.0,"key":"SMITH"},{"data":"Ghostly","floor":32.0,"key":"SMITH"},{"data":"Catalyst","floor":40,"key":"SMITH"},{"data":"Ghostly","floor":42,"key":"SMITH"},{"data":"Tactician","floor":47,"key":"SMITH"},{"floor":49,"key":"RECALL"},{"data":"Acrobatics","floor":53,"key":"SMITH"}],"neow_cost":"NONE","seed_source_timestamp":1990375385119,"circlet_count":0,"master_deck":["AscendersBane","Defend_G","Survivor+1","Neutralize+1","Deadly Poison+1","Backflip+1","Noxious Fumes+1","Malaise","Ghostly+1","Ghostly+1","Ghostly+1","Leg Sweep","Corpse Explosion+1","Backflip","Malaise","Outmaneuver+1","Catalyst+1","Footwork+1","After Image+1","Caltrops+1","Tactician+1","Acrobatics+1","Footwork+1"],"special_seed":0,"relics":["Ring of the Snake","NeowsBlessing","Golden Idol","Omamori","Paper Crane","Frozen Egg 2","Runic Pyramid","Art of War","Empty Cage","Nunchaku","Snake Skull"],"potions_floor_usage":[55],"damage_taken":[{"damage":0.0,"enemies":"Jaw Worm","floor":1.0,"turns":1.0},{"damage":0.0,"enemies":"Small Slimes","floor":3.0,"turns":1.0},{"damage":0.0,"enemies":"2 Louse","floor":4.0,"turns":1.0},{"damage":31.0,"enemies":"3 Sentries","floor":12.0,"turns":8.0},{"damage":5.0,"enemies":"Lagavulin","floor":14.0,"turns":6.0},{"damage":12.0,"enemies":"Hexaghost","floor":16.0,"turns":10.0},{"damage":0.0,"enemies":"Chosen","floor":18.0,"turns":5.0},{"damage":0.0,"enemies":"Spheric Guardian","floor":19.0,"turns":5.0},{"damage":15.0,"enemies":"Cultist and Chosen","floor":22.0,"turns":9.0},{"damage":0.0,"enemies":"Snake Plant","floor":25.0,"turns":6.0},{"damage":0.0,"enemies":"Snecko","floor":28.0,"turns":7.0},{"damage":0.0,"enemies":"Sentry and Sphere","floor":30.0,"turns":5.0},{"damage":0.0,"enemies":"Cultist and Chosen","floor":31.0,"turns":4.0},{"damage":0.0,"enemies":"Collector","floor":33.0,"turns":8.0},{"damage":0.0,"enemies":"3 Shapes","floor":35.0,"turns":4.0},{"damage":0.0,"enemies":"3 Darklings","floor":36.0,"turns":5.0},{"damage":0,"enemies":"Maw","floor":39,"turns":8},{"damage":0,"enemies":"Giant Head","floor":41,"turns":12},{"damage":0,"enemies":"Reptomancer","floor":44,"turns":5},{"damage":0,"enemies":"Transient","floor":45,"turns":6},{"damage":0,"enemies":"Writhing Mass","floor":48,"turns":5},{"damage":0,"enemies":"Awakened One","floor":50,"turns":13},{"damage":0,"enemies":"Donu and Deca","floor":51,"turns":7},{"damage":35,"enemies":"Shield and Spear","floor":55,"turns":2}],"seed_played":"-2273454961723405708","potions_obtained":[{"floor":1.0,"key":"EssenceOfSteel"},{"floor":14.0,"key":"Block Potion"},{"floor":16.0,"key":"Fire Potion"},{"floor":19.0,"key":"SkillPotion"},{"floor":22.0,"key":"Fire Potion"},{"floor":31.0,"key":"Regen Potion"},{"floor":39,"key":"Ancient Potion"}],"is_trial":false,"path_per_floor":["M","?","M","M","?","R","?","R","T","R","$","E","R","E","R","B",null,"M","M","?","$","M","R","?","M","T","?","M","R","M","M","R","B",null,"M","M","$","?","M","R","E","R","T","E","M","$","R","M","R","B","B",null,"R","$","E"],"character_chosen":"THE_SILENT","items_purchased":["Noxious Fumes","Leg Sweep","Catalyst","Tactician","Footwork+1"],"campfire_rested":0,"item_purchase_floors":[11,21,37,46,54],"current_hp_per_floor":[59,52,52,52,52,52,52,52,52,52,52,21,21,16,16,4,46,46,46,30,30,15,15,15,15,15,15,15,15,15,15,15,30,30,30,30,30,30,30,30,30,30,30,30,30,30,30,30,30,30,30,30,30,30,0],"gold":45,"neow_bonus":"THREE_ENEMY_KILL","is_prod":false,"is_daily":false,"chose_seed":false,"campfire_upgraded":12,"win_rate":0,"timestamp":1554617815,"path_taken":["M","?","M","M","?","R","?","R","T","R","$","E","R","E","R","BOSS","M","M","?","$","M","R","?","M","T","?","M","R","M","M","R","BOSS","M","?","?","?","M","R","E","R","T","E","M","$","R","?","R","BOSS","BOSS","R","$","E"],"build_version":"2019-01-23","purchased_purges":2,"victory":false,"max_hp_per_floor":[66,66,66,66,60,60,60,60,60,60,60,60,60,60,60,60,60,60,60,30,30,30,30,30,30,30,30,30,30,30,30,30,30,30,30,30,30,30,30,30,30,30,30,30,30,30,30,30,30,30,30,30,30,30,30],"card_choices":[{"not_picked":["Reflex","Finisher"],"picked":"Deadly Poison","floor":1.0},{"not_picked":["Slice","Dagger Throw","Setup"],"picked":"SKIP","floor":3.0},{"not_picked":["Eviscerate","Dagger Throw"],"picked":"Backflip","floor":4.0},{"not_picked":["Deadly Poison","Choke","Finisher"],"picked":"SKIP","floor":12.0},{"not_picked":["Cloak And Dagger","Dodge and Roll","Masterful Stab"],"picked":"SKIP","floor":14.0},{"not_picked":["A Thousand Cuts+1","Unload"],"picked":"Malaise","floor":16.0},{"not_picked":["Sucker Punch","Dagger Throw","Deflect"],"picked":"SKIP","floor":18.0},{"not_picked":["Finisher","Flying Knee","Blur"],"picked":"SKIP","floor":19.0},{"not_picked":["Flying Knee","PiercingWail","Blade Dance"],"picked":"SKIP","floor":22.0},{"not_picked":["Sucker Punch","Heel Hook","Cloak And Dagger+1"],"picked":"SKIP","floor":25.0},{"not_picked":["Sucker Punch","Bane","Reflex+1"],"picked":"SKIP","floor":28.0},{"not_picked":["Riddle With Holes","Terror","Leg Sweep"],"picked":"SKIP","floor":30.0},{"not_picked":["Blade Dance+1","Backstab","Reflex"],"picked":"SKIP","floor":31.0},{"not_picked":["Phantasmal Killer","Doppelganger"],"picked":"Malaise","floor":33.0},{"not_picked":["Dodge and Roll","Quick Slash","Cloak And Dagger"],"picked":"SKIP","floor":35.0},{"not_picked":["Escape Plan","Dash"],"picked":"Outmaneuver+1","floor":36.0},{"not_picked":["Caltrops+1","Masterful Stab"],"picked":"Footwork+1","floor":39},{"not_picked":["Sucker Punch+1","Expertise"],"picked":"After Image+1","floor":41},{"not_picked":["Poisoned Stab+1","Outmaneuver"],"picked":"Caltrops+1","floor":44},{"not_picked":["Infinite Blades+1","Quick Slash","Dodge and Roll+1"],"picked":"SKIP","floor":45},{"not_picked":["Poisoned Stab+1","Underhanded Strike"],"picked":"Acrobatics","floor":48}],"player_experience":4122021,"relics_obtained":[{"floor":9.0,"key":"Omamori"},{"floor":12.0,"key":"Paper Crane"},{"floor":14.0,"key":"Frozen Egg 2"},{"floor":26.0,"key":"Art of War"},{"floor":41,"key":"Nunchaku"},{"floor":44,"key":"Snake Skull"}],"event_choices":[{"cards_removed":["Strike_G"],"damage_healed":0.0,"max_hp_gain":0.0,"max_hp_loss":0.0,"gold_gain":0.0,"event_name":"Golden Wing","player_choice":"Card Removal","floor":2.0,"gold_loss":0.0,"damage_taken":7.0},{"damage_healed":0.0,"max_hp_gain":0.0,"max_hp_loss":6.0,"gold_gain":0.0,"event_name":"Golden Idol","player_choice":"Lose Max HP","floor":5.0,"gold_loss":0.0,"damage_taken":0.0,"relics_obtained":["Golden Idol"]},{"cards_removed":["Strike_G"],"damage_healed":0.0,"max_hp_gain":0.0,"max_hp_loss":0.0,"gold_gain":0.0,"event_name":"The Cleric","player_choice":"Card Removal","floor":7.0,"gold_loss":75.0,"damage_taken":0.0},{"damage_healed":0.0,"max_hp_gain":0.0,"max_hp_loss":30.0,"gold_gain":0.0,"event_name":"Ghosts","player_choice":"Became a Ghost","floor":20.0,"gold_loss":0.0,"damage_taken":0.0,"cards_obtained":["Ghostly","Ghostly","Ghostly"]},{"cards_removed":["Strike_G"],"damage_healed":0.0,"max_hp_gain":0.0,"max_hp_loss":0.0,"gold_gain":0.0,"event_name":"Beggar","player_choice":"Gave Gold","floor":24.0,"gold_loss":75.0,"damage_taken":0.0},{"damage_healed":0.0,"max_hp_gain":0.0,"max_hp_loss":0.0,"gold_gain":0.0,"cards_transformed":["Strike_G","Defend_G"],"event_name":"Designer","player_choice":"Transformed Cards","floor":27.0,"gold_loss":75.0,"damage_taken":0.0,"cards_obtained":["Corpse Explosion","Backflip"]},{"damage_healed":0,"gold_gain":0,"player_choice":"Memory 1","damage_taken":0,"max_hp_gain":0,"max_hp_loss":0,"event_name":"SensoryStone","floor":38,"gold_loss":0}],"is_beta":false,"boss_relics":[{"not_picked":["Sozu","Tiny House"],"picked":"Runic Pyramid"},{"not_picked":["Calling Bell","Orrery"],"picked":"Empty Cage"}],"items_purged_floors":[21,37],"is_endless":false,"potions_floor_spawned":[1,14,16,19,22,31,39,44,45,48],"killed_by":"Shield and Spear","ascension_level":20}