{"gold_per_floor":[111,128,139,151,65,98,98,129,168,200,212,64,64,82,82,82],"floor_reached":16,"playtime":396,"items_purged":["Strike_B"],"score":224,"play_id":"a854c696-b0fb-4d4b-93f0-2debedd8f33c","local_time":"20190302160135","is_ascension_mode":true,"campfire_choices":[{"data":"Defragment","floor":7.0,"key":"SMITH"},{"data":"Zap","floor":11.0,"key":"SMITH"},{"data":"Hologram","floor":13.0,"key":"SMITH"},{"data":"Consume","floor":15.0,"key":"SMITH"}],"neow_cost":"NONE","seed_source_timestamp":174541269893601,"circlet_count":0,"master_deck":["AscendersBane","Strike_B","Strike_B","Strike_B","Defend_B","Defend_B","Defend_B","Defend_B","Zap+1","Dualcast","Hologram+1","Compile Driver","Cold Snap","Conserve Battery","Defragment+1","Heatsinks+1","Echo Form+1","Turbo","Ball Lightning","Consume+1"],"special_seed":0,"relics":["Cracked Core","NeowsBlessing","Frozen Egg 2","MawBank","Omamori"],"potions_floor_usage":[],"damage_taken":[{"damage":0.0,"enemies":"Cultist","floor":1.0,"turns":1.0},{"damage":0.0,"enemies":"2 Louse","floor":2.0,"turns":1.0},{"damage":0.0,"enemies":"Small Slimes","floor":3.0,"turns":1.0},{"damage":9.0,"enemies":"Blue Slaver","floor":4.0,"turns":4.0},{"damage":30.0,"enemies":"Gremlin Nob","floor":6.0,"turns":4.0},{"damage":4.0,"enemies":"Lagavulin","floor":8.0,"turns":8.0},{"damage":12.0,"enemies":"Exordium Thugs","floor":10.0,"turns":5.0},{"damage":4.0,"enemies":"3 Louse","floor":14.0,"turns":4.0},{"damage":16,"enemies":"Slime Boss","floor":16,"turns":5}],"seed_played":"8710011970211685629","potions_obtained":[{"floor":3.0,"key":"Poison Potion"},{"floor":8.0,"key":"LiquidBronze"},{"floor":10.0,"key":"LiquidBronze"}],"is_trial":false,"path_per_floor":["M","M","M","M","$","E","R","E","T","M","R","$","R","M","R","B"],"character_chosen":"DEFECT","items_purchased":["Defragment","Turbo","Ball Lightning"],"campfire_rested":0,"item_purchase_floors":[5,12,12],"current_hp_per_floor":[64,64,64,55,55,25,25,21,21,9,9,9,9,5,5,0],"gold":82,"neow_bonus":"THREE_ENEMY_KILL","is_prod":false,"is_daily":false,"chose_seed":false,"campfire_upgraded":4,"win_rate":0,"timestamp":1551513695,"path_taken":["M","?","M","M","$","E","R","E","T","M","R","$","R","M","R","BOSS"],"build_version":"2019-01-23","purchased_purges":1,"victory":false,"max_hp_per_floor":[71,71,71,71,71,71,71,71,71,71,71,71,71,71,71,71],"card_choices":[{"not_picked":["Streamline","Chaos"],"picked":"Hologram","floor":1.0},{"not_picked":["Go for the Eyes","Stack"],"picked":"Compile Driver","floor":2.0},{"not_picked":["Hologram","Doom and Gloom"],"picked":"Cold Snap","floor":3.0},{"not_picked":["Hologram","Streamline"],"picked":"Conserve Battery","floor":4.0},{"not_picked":["Chill","Rebound"],"picked":"Heatsinks","floor":6.0},{"not_picked":["Redo","Hello World+1","Sweeping Beam"],"picked":"SKIP","floor":8.0},{"not_picked":["Conserve Battery","Blizzard"],"picked":"Echo Form+1","floor":10.0},{"not_picked":["Turbo","Leap"],"picked":"Consume","floor":14.0}],"player_experience":1070068,"relics_obtained":[{"floor":6.0,"key":"Frozen Egg 2"},{"floor":8.0,"key":"MawBank"},{"floor":9.0,"key":"Omamori"}],"event_choices":[],"is_beta":false,"boss_relics":[],"items_purged_floors":[12],"is_endless":false,"potions_floor_spawned":[3,8,10],"killed_by":"Slime Boss","ascension_level":20}