{"gold_per_floor":[111,111,36,111,123,123,150,150,198,233,233,233,233,254,254,352,352,370,495,495,512,162,162,212,243,243,243,263,263,276,226,226,304,304,319,44,44,14,30,30,60,93,93,65,65,65,65,93,93,93,93,93,35,64,64],"floor_reached":56,"playtime":2061,"items_purged":["Strike_G","Prepared"],"score":2618,"play_id":"cdd1b1fa-2a9e-4d27-a7ec-64600f72dbbe","local_time":"20190322212832","is_ascension_mode":true,"campfire_choices":[{"data":"Bouncing Flask","floor":6,"key":"SMITH"},{"data":"Neutralize","floor":8,"key":"SMITH"},{"data":"Backflip","floor":12,"key":"SMITH"},{"floor":15,"key":"RECALL"},{"data":"Catalyst","floor":23,"key":"SMITH"},{"data":"Calculated Gamble","floor":32,"key":"SMITH"},{"data":"Night Terror","floor":40,"key":"SMITH"},{"data":"Eviscerate","floor":45,"key":"SMITH"},{"data":"Reflex","floor":47,"key":"SMITH"},{"data":"Well Laid Plans","floor":49,"key":"SMITH"},{"data":"Burst","floor":52,"key":"SMITH"}],"neow_cost":"TEN_PERCENT_HP_LOSS","seed_source_timestamp":31081505047643,"circlet_count":0,"master_deck":["AscendersBane","Bouncing Flask+1","Backflip+1","Malaise+1","Venomology+1","Catalyst+1","Calculated Gamble+1","Burst+1","Well Laid Plans+1","Footwork","Night Terror+1","Reflex+1","Eviscerate+1"],"relics":["Ring of the Snake","Mango","Potion Belt","Meat on the Bone","Bloody Idol","Pandora\u0027s Box","Gambling Chip","The Courier","Incense Burner","WingedGreaves","Happy Flower","Empty Cage","Medical Kit","War Paint","Dodecahedron","Art of War","Dream Catcher","Snake Skull"],"potions_floor_usage":[7,19,19,19,21,25,25,28,33,35,39,39,41,42,42,50,54,55,55,55],"damage_taken":[{"damage":0,"enemies":"Small Slimes","floor":1,"turns":4},{"damage":1,"enemies":"Jaw Worm","floor":5,"turns":4},{"damage":15,"enemies":"Lagavulin","floor":7,"turns":7},{"damage":19,"enemies":"3 Sentries","floor":10,"turns":9},{"damage":0,"enemies":"2 Louse","floor":14,"turns":3},{"damage":0,"enemies":"Hexaghost","floor":16,"turns":9},{"damage":0,"enemies":"Chosen","floor":18,"turns":4},{"damage":17,"enemies":"Colosseum Slavers","floor":19,"turns":6},{"damage":58,"enemies":"Colosseum Nobs","floor":19,"turns":6},{"damage":18,"enemies":"2 Thieves","floor":21,"turns":4},{"damage":0,"enemies":"Gremlin Leader","floor":25,"turns":5},{"damage":0,"enemies":"Snecko","floor":28,"turns":5},{"damage":0,"enemies":"Chosen and Byrds","floor":30,"turns":3},{"damage":0,"enemies":"Champ","floor":33,"turns":5},{"damage":2,"enemies":"Orb Walker","floor":35,"turns":3},{"damage":0,"enemies":"3 Shapes","floor":39,"turns":6},{"damage":7,"enemies":"Reptomancer","floor":41,"turns":2},{"damage":38,"enemies":"Nemesis","floor":42,"turns":5},{"damage":0,"enemies":"Giant Head","floor":48,"turns":3},{"damage":0,"enemies":"Donu and Deca","floor":50,"turns":2},{"damage":0,"enemies":"Shield and Spear","floor":54,"turns":1},{"damage":23,"enemies":"The Heart","floor":55,"turns":4}],"seed_played":"-2407578104802173033","potions_obtained":[{"floor":1,"key":"Poison Potion"},{"floor":5,"key":"SteroidPotion"},{"floor":14,"key":"Regen Potion"},{"floor":18,"key":"Poison Potion"},{"floor":19,"key":"GamblersBrew"},{"floor":28,"key":"SteroidPotion"},{"floor":39,"key":"Dexterity Potion"}],"is_trial":false,"path_per_floor":["M","?","$","?","M","R","E","R","T","E","?","R","?","M","R","B",null,"M","?","?","M","$","R","?","E","T","?","M","?","M","?","R","B",null,"M","$","?","$","M","R","E","E","T","$","R","?","R","E","R","B",null,"R","$","E","B",null],"character_chosen":"THE_SILENT","items_purchased":["Well Laid Plans","Incense Burner","Medical Kit","War Paint","Reflex","Eviscerate","GamblersBrew"],"campfire_rested":0,"item_purchase_floors":[22,22,36,36,38,44,53],"current_hp_per_floor":[59,41,41,30,29,29,28,28,28,9,9,9,9,21,21,33,59,59,26,26,30,30,30,35,40,40,40,45,45,50,50,50,55,64,67,67,67,67,67,67,65,44,44,44,44,44,44,49,49,49,63,63,63,67,44],"gold":64,"neow_bonus":"REMOVE_TWO","is_prod":false,"is_daily":false,"chose_seed":true,"campfire_upgraded":10,"win_rate":0,"timestamp":1553261312,"path_taken":["M","?","$","?","M","R","E","R","T","E","?","R","?","?","R","BOSS","M","?","?","M","$","R","?","E","T","?","?","?","M","?","R","BOSS","M","$","?","?","?","R","E","E","T","$","R","?","R","E","R","BOSS","R","$","E","BOSS"],"build_version":"2019-01-23","purchased_purges":2,"victory":true,"max_hp_per_floor":[60,60,60,60,60,60,74,74,74,74,74,74,67,67,67,67,67,67,67,67,67,67,67,67,67,67,67,67,67,67,67,67,67,67,67,67,67,67,67,67,67,67,67,67,67,67,67,67,67,67,67,67,67,67,67],"card_choices":[{"not_picked":["Blade Dance","Accuracy"],"picked":"Bouncing Flask","floor":1},{"not_picked":["Backstab","Sucker Punch"],"picked":"Backflip","floor":5},{"not_picked":["Slice","Dagger Throw","Expertise"],"picked":"SKIP","floor":7},{"not_picked":["Prepared","Quick Slash","Infinite Blades"],"picked":"SKIP","floor":10},{"not_picked":["Blade Dance","Dash","Setup"],"picked":"SKIP","floor":14},{"not_picked":["Venomology","Bullet Time"],"picked":"Malaise","floor":16},{"not_picked":["Endless Agony","Noxious Fumes","Backstab"],"picked":"SKIP","floor":18},{"not_picked":["Dagger Throw","Dagger Spray","Concentrate"],"picked":"SKIP","floor":21},{"not_picked":["Dagger Throw","Storm of Steel","Leg Sweep"],"picked":"SKIP","floor":25},{"not_picked":["Dagger Spray+1","Flying Knee","Underhanded Strike"],"picked":"SKIP","floor":28},{"not_picked":["Deflect","Calculated Gamble","Dodge and Roll"],"picked":"SKIP","floor":30},{"not_picked":["Malaise","Tools of the Trade"],"picked":"Night Terror","floor":33},{"not_picked":["Dagger Throw","Backstab","Poisoned Stab"],"picked":"SKIP","floor":35},{"not_picked":["Blur+1","Heel Hook+1","Dagger Throw"],"picked":"SKIP","floor":39},{"not_picked":["Tools of the Trade","Backstab","Prepared"],"picked":"SKIP","floor":41},{"not_picked":["Flying Knee","Leg Sweep","Outmaneuver"],"picked":"SKIP","floor":42},{"not_picked":["Cloak And Dagger","Terror+1","Bouncing Flask"],"picked":"SKIP","floor":48},{"not_picked":["Underhanded Strike","Leg Sweep","Deadly Poison"],"picked":"SKIP","floor":54}],"player_experience":3805056,"relics_obtained":[{"floor":7,"key":"Mango"},{"floor":9,"key":"Potion Belt"},{"floor":10,"key":"Meat on the Bone"},{"floor":19,"key":"Gambling Chip"},{"floor":19,"key":"The Courier"},{"floor":25,"key":"WingedGreaves"},{"floor":26,"key":"Happy Flower"},{"floor":41,"key":"Dodecahedron"},{"floor":42,"key":"Art of War"},{"floor":48,"key":"Dream Catcher"},{"floor":54,"key":"Snake Skull"}],"event_choices":[{"damage_healed":0,"gold_gain":0,"player_choice":"Entered Light","damage_taken":18,"max_hp_gain":0,"max_hp_loss":0,"event_name":"Shining Light","floor":2,"gold_loss":0,"cards_upgraded":["Defend_G","Defend_G"]},{"damage_healed":0,"gold_gain":75,"player_choice":"Gather Gold","damage_taken":11,"max_hp_gain":0,"max_hp_loss":0,"event_name":"World of Goop","floor":4,"gold_loss":0},{"damage_healed":0,"gold_gain":0,"player_choice":"Ignored","damage_taken":0,"max_hp_gain":0,"max_hp_loss":0,"event_name":"Liars Game","floor":11,"gold_loss":0},{"damage_healed":0,"gold_gain":0,"player_choice":"Lose Max HP","damage_taken":0,"relics_obtained":["Golden Idol"],"max_hp_gain":0,"max_hp_loss":7,"event_name":"Golden Idol","floor":13,"gold_loss":0},{"damage_healed":0,"gold_gain":0,"player_choice":"Fight","damage_taken":0,"max_hp_gain":0,"max_hp_loss":0,"event_name":"Colosseum","floor":19,"gold_loss":0},{"damage_healed":0,"gold_gain":0,"player_choice":"Fought Nobs","damage_taken":0,"max_hp_gain":0,"max_hp_loss":0,"event_name":"Colosseum","floor":19,"gold_loss":0},{"damage_healed":0,"gold_gain":0,"player_choice":"Gave Idol","damage_taken":0,"relics_obtained":["Bloody Idol"],"max_hp_gain":0,"max_hp_loss":0,"event_name":"Forgotten Altar","floor":20,"relics_lost":["Golden Idol"],"gold_loss":0},{"damage_healed":0,"gold_gain":50,"player_choice":"Stole From Cult","damage_taken":0,"max_hp_gain":0,"max_hp_loss":0,"event_name":"Nest","floor":24,"gold_loss":0},{"damage_healed":0,"gold_gain":0,"player_choice":"Ignored","damage_taken":0,"max_hp_gain":0,"max_hp_loss":0,"event_name":"Vampires","floor":27,"gold_loss":0},{"damage_healed":0,"gold_gain":0,"cards_transformed":["Crippling Poison","Survivor"],"player_choice":"Became Test Subject","damage_taken":0,"max_hp_gain":0,"max_hp_loss":0,"event_name":"Drug Dealer","floor":29,"gold_loss":0,"cards_obtained":["Footwork","Distraction"]},{"damage_healed":0,"gold_gain":0,"player_choice":"Bet on Owner","damage_taken":0,"max_hp_gain":0,"max_hp_loss":0,"event_name":"The Joust","floor":31,"gold_loss":50},{"cards_removed":["Neutralize"],"damage_healed":0,"gold_gain":0,"player_choice":"Removed Attack","damage_taken":0,"max_hp_gain":0,"max_hp_loss":0,"event_name":"Falling","floor":37,"gold_loss":0},{"damage_healed":0,"gold_gain":0,"player_choice":"Ignored","damage_taken":0,"max_hp_gain":0,"max_hp_loss":0,"event_name":"SecretPortal","floor":46,"gold_loss":0}],"is_beta":false,"boss_relics":[{"not_picked":["Cursed Key","Calling Bell"],"picked":"Pandora\u0027s Box"},{"not_picked":["HoveringKite","Lizard Tail"],"picked":"Empty Cage"}],"items_purged_floors":[3,22],"is_endless":false,"potions_floor_spawned":[1,5,14,18,19,28,30,39,41],"ascension_level":15}