{"gold_per_floor":[115,28,39,53,53,53,69,87,87,87,12,38,38,53,53,128,128,145,145,145,163,163,198,98,131,131,157,171,200,200,226,226,297,297,309,309,359,359,359,359,392,392,442,471,185,185,220,237,237,237,237,237,237,76,108,108],"floor_reached":57,"playtime":1777,"items_purged":["Strike_G","Defend_G","Defend_G","Corpse Explosion"],"score":3864,"play_id":"4350586e-8c21-4842-8fb1-9f3f5b689546","local_time":"20190228170720","is_ascension_mode":true,"campfire_choices":[{"data":"Deadly Poison","floor":6.0,"key":"SMITH"},{"data":"Acrobatics","floor":10.0,"key":"SMITH"},{"data":"Expertise","floor":13.0,"key":"SMITH"},{"data":"Well Laid Plans","floor":15.0,"key":"SMITH"},{"data":"Concentrate","floor":30.0,"key":"SMITH"},{"data":"Neutralize","floor":32.0,"key":"SMITH"},{"data":"Escape Plan","floor":40.0,"key":"SMITH"},{"floor":42.0,"key":"RECALL"},{"data":"Survivor","floor":49,"key":"SMITH"},{"data":"Defend_G","floor":53,"key":"SMITH"}],"neow_cost":"PERCENT_DAMAGE","seed_source_timestamp":19177849154638,"circlet_count":0,"master_deck":["AscendersBane","Defend_G+1","Survivor+1","Neutralize+1","Deadly Poison+1","Well Laid Plans+1","Concentrate+1","Acrobatics+1","Expertise+1","Escape Plan+1","Grand Finale+1","After Image"],"special_seed":0,"relics":["Ring of the Snake","Mercury Hourglass","Juzu Bracelet","Coffee Dripper","Calipers","Bottled Lightning","Matryoshka","Shuriken","Lantern","Turnip","Black Star","Blood Vial","Paper Crane","Meat on the Bone","The Specimen","Singing Bowl","Membership Card","Art of War","Pantograph","Oddly Smooth Stone","Dodecahedron","Bag of Preparation"],"potions_floor_usage":[],"damage_taken":[{"damage":0.0,"enemies":"Small Slimes","floor":1.0,"turns":4.0},{"damage":0.0,"enemies":"Cultist","floor":3.0,"turns":4.0},{"damage":11.0,"enemies":"2 Louse","floor":4.0,"turns":4.0},{"damage":8.0,"enemies":"Exordium Wildlife","floor":7.0,"turns":8.0},{"damage":3.0,"enemies":"3 Louse","floor":8.0,"turns":7.0},{"damage":5.0,"enemies":"Gremlin Nob","floor":12.0,"turns":4.0},{"damage":0.0,"enemies":"Exordium Thugs","floor":14.0,"turns":3.0},{"damage":0.0,"enemies":"Hexaghost","floor":16.0,"turns":7.0},{"damage":0.0,"enemies":"2 Thieves","floor":18.0,"turns":1.0},{"damage":3.0,"enemies":"Shell Parasite","floor":21.0,"turns":3.0},{"damage":0.0,"enemies":"Gremlin Leader","floor":23.0,"turns":2.0},{"damage":0.0,"enemies":"Book of Stabbing","floor":25.0,"turns":2.0},{"damage":0.0,"enemies":"Gremlin Leader","floor":27.0,"turns":2.0},{"damage":0.0,"enemies":"3 Cultists","floor":28.0,"turns":1.0},{"damage":0.0,"enemies":"Slavers","floor":29.0,"turns":1.0},{"damage":0.0,"enemies":"Book of Stabbing","floor":31.0,"turns":2.0},{"damage":0.0,"enemies":"Automaton","floor":33.0,"turns":5.0},{"damage":0.0,"enemies":"3 Darklings","floor":35.0,"turns":2.0},{"damage":0.0,"enemies":"Reptomancer","floor":41.0,"turns":2.0},{"damage":0.0,"enemies":"Nemesis","floor":44.0,"turns":5.0},{"damage":0.0,"enemies":"Reptomancer","floor":47.0,"turns":3.0},{"damage":0,"enemies":"Orb Walker","floor":48,"turns":1},{"damage":0,"enemies":"Awakened One","floor":50,"turns":2},{"damage":4,"enemies":"Time Eater","floor":51,"turns":5},{"damage":0,"enemies":"Shield and Spear","floor":55,"turns":1},{"damage":53,"enemies":"The Heart","floor":56,"turns":6}],"seed_played":"1544357013814975700","potions_obtained":[{"floor":4.0,"key":"GhostInAJar"},{"floor":8.0,"key":"GamblersBrew"},{"floor":12.0,"key":"Poison Potion"},{"floor":18.0,"key":"FearPotion"},{"floor":39.0,"key":"GamblersBrew"},{"floor":39.0,"key":"SkillPotion"}],"is_trial":false,"path_per_floor":["M","$","M","M","?","R","M","M","T","R","$","E","R","M","R","B",null,"M","?","?","M","?","E","$","E","T","E","M","E","R","E","R","B",null,"M","?","?","?","?","R","E","R","T","E","$","?","E","M","R","B","B",null,"R","$","E","B",null],"character_chosen":"THE_SILENT","items_purchased":["Well Laid Plans","Membership Card","Oddly Smooth Stone"],"campfire_rested":0,"item_purchase_floors":[2,45,54],"current_hp_per_floor":[44,44,44,33,33,33,25,22,22,22,22,17,17,17,17,17,54,54,54,54,51,51,51,51,51,51,51,51,51,51,51,51,51,62,62,62,62,62,62,62,62,62,62,66,66,66,70,72,72,72,68,71,71,71,74,33],"gold":108,"neow_bonus":"REMOVE_TWO","is_prod":false,"is_daily":false,"chose_seed":false,"campfire_upgraded":9,"win_rate":0,"timestamp":1551344840,"path_taken":["M","$","M","M","?","R","M","M","T","R","?","E","R","M","R","BOSS","M","?","?","M","?","E","$","E","T","E","M","E","R","E","R","BOSS","M","?","?","?","?","R","E","R","T","E","$","?","E","M","R","BOSS","BOSS","R","$","E","BOSS"],"build_version":"2019-01-23","purchased_purges":4,"victory":true,"max_hp_per_floor":[66,66,66,66,66,66,66,66,66,66,66,66,66,66,66,66,66,66,66,66,66,66,66,66,66,66,66,66,66,66,66,66,66,66,66,66,66,66,66,66,66,66,66,68,68,68,70,72,72,72,72,72,72,72,74,74],"card_choices":[{"not_picked":["PiercingWail","Prepared"],"picked":"Deadly Poison","floor":1.0},{"not_picked":["Cloak And Dagger","Flying Knee","Die Die Die"],"picked":"SKIP","floor":3.0},{"not_picked":["PiercingWail","Blade Dance","Poisoned Stab"],"picked":"SKIP","floor":4.0},{"not_picked":["Quick Slash","Acrobatics"],"picked":"Concentrate","floor":7.0},{"not_picked":["Outmaneuver","Dodge and Roll"],"picked":"Acrobatics","floor":8.0},{"not_picked":["Flying Knee","Prepared"],"picked":"Expertise","floor":12.0},{"not_picked":["Poisoned Stab","Dodge and Roll"],"picked":"Escape Plan","floor":14.0},{"not_picked":["Glass Knife","After Image"],"picked":"Grand Finale","floor":16.0},{"not_picked":["Backflip","Outmaneuver","Eviscerate"],"picked":"SKIP","floor":18.0},{"not_picked":["Finisher","Footwork","Crippling Poison"],"picked":"SKIP","floor":21.0},{"not_picked":["Dodge and Roll","Calculated Gamble+1","Quick Slash"],"picked":"SKIP","floor":23.0},{"not_picked":["Eviscerate","Outmaneuver","Tools of the Trade"],"picked":"SKIP","floor":25.0},{"not_picked":["Slice","Dagger Spray","Grand Finale"],"picked":"SKIP","floor":27.0},{"not_picked":["Terror","Deflect","Catalyst"],"picked":"SKIP","floor":28.0},{"not_picked":["Bouncing Flask","Dodge and Roll","Underhanded Strike"],"picked":"SKIP","floor":29.0},{"not_picked":["Finisher","Slice","Blade Dance"],"picked":"SKIP","floor":31.0},{"not_picked":["Corpse Explosion","Wraith Form v2"],"picked":"After Image","floor":33.0},{"not_picked":["Heel Hook+1","Acrobatics","Endless Agony"],"picked":"SKIP","floor":35.0},{"not_picked":["Blur","Leg Sweep","Grand Finale"],"picked":"SKIP","floor":41.0},{"not_picked":["Cloak And Dagger","Predator","Deadly Poison+1"],"picked":"Singing Bowl","floor":44.0},{"not_picked":["Choke","Grand Finale","Doppelganger"],"picked":"Singing Bowl","floor":47.0},{"not_picked":["Blade Dance","Calculated Gamble","Masterful Stab"],"picked":"Singing Bowl","floor":48},{"not_picked":["Slice","Distraction+1","Sucker Punch"],"picked":"Singing Bowl","floor":55}],"player_experience":3228834,"relics_obtained":[{"floor":9.0,"key":"Mercury Hourglass"},{"floor":12.0,"key":"Juzu Bracelet"},{"floor":23.0,"key":"Calipers"},{"floor":25.0,"key":"Bottled Lightning"},{"floor":26.0,"key":"Matryoshka"},{"floor":27.0,"key":"Shuriken"},{"floor":29.0,"key":"Lantern"},{"floor":31.0,"key":"Turnip"},{"floor":41.0,"key":"Blood Vial"},{"floor":41.0,"key":"Paper Crane"},{"floor":43.0,"key":"Meat on the Bone"},{"floor":44.0,"key":"The Specimen"},{"floor":44.0,"key":"Singing Bowl"},{"floor":47.0,"key":"Art of War"},{"floor":47.0,"key":"Pantograph"},{"floor":55,"key":"Dodecahedron"},{"floor":55,"key":"Bag of Preparation"}],"event_choices":[{"cards_removed":["Strike_G"],"damage_healed":0.0,"max_hp_gain":0.0,"max_hp_loss":0.0,"gold_gain":0.0,"event_name":"Purifier","player_choice":"Purged","floor":5.0,"gold_loss":0.0,"damage_taken":0.0},{"damage_healed":0.0,"max_hp_gain":0.0,"max_hp_loss":0.0,"gold_gain":0.0,"cards_transformed":["Strike_G","Strike_G"],"event_name":"Drug Dealer","player_choice":"Became Test Subject","floor":19.0,"gold_loss":0.0,"damage_taken":0.0,"cards_obtained":["Choke","Corpse Explosion"]},{"cards_removed":["Choke"],"damage_healed":0.0,"max_hp_gain":0.0,"max_hp_loss":0.0,"gold_gain":0.0,"event_name":"Back to Basics","player_choice":"Elegance","floor":20.0,"gold_loss":0.0,"damage_taken":0.0},{"damage_healed":0.0,"max_hp_gain":0.0,"max_hp_loss":0.0,"gold_gain":0.0,"event_name":"Upgrade Shrine","player_choice":"Upgraded","floor":22.0,"gold_loss":0.0,"damage_taken":0.0,"cards_upgraded":["Grand Finale"]},{"damage_healed":0.0,"max_hp_gain":0.0,"max_hp_loss":0.0,"gold_gain":0.0,"event_name":"SensoryStone","player_choice":"Memory 1","floor":36.0,"gold_loss":0.0,"damage_taken":0.0},{"damage_healed":0.0,"max_hp_gain":0.0,"max_hp_loss":0.0,"gold_gain":50.0,"event_name":"Golden Shrine","player_choice":"Pray","floor":37.0,"gold_loss":0.0,"damage_taken":0.0},{"damage_healed":0.0,"max_hp_gain":0.0,"max_hp_loss":0.0,"gold_gain":0.0,"event_name":"Tomb of Lord Red Mask","player_choice":"Ignored","floor":38.0,"gold_loss":0.0,"damage_taken":0.0},{"damage_healed":0.0,"max_hp_gain":0.0,"max_hp_loss":0.0,"gold_gain":0.0,"event_name":"Lab","player_choice":"Got Potions","floor":39.0,"gold_loss":0.0,"damage_taken":0.0},{"cards_removed":["Defend_G"],"damage_healed":0.0,"max_hp_gain":0.0,"max_hp_loss":0.0,"gold_gain":0.0,"event_name":"Purifier","player_choice":"Purged","floor":46.0,"gold_loss":0.0,"damage_taken":0.0}],"is_beta":false,"boss_relics":[{"not_picked":["Fusion Hammer","Tiny House"],"picked":"Coffee Dripper"},{"not_picked":["Runic Pyramid","Ring of the Serpent"],"picked":"Black Star"}],"items_purged_floors":[11,24,45,54],"is_endless":false,"potions_floor_spawned":[4,8,12,16,18,21,23,27,35,47,48],"ascension_level":20}