{"gold_per_floor":[110,126,139,154,168,168,203,203,203,13,13,32,0,13,13,13],"floor_reached":16,"playtime":386,"items_purged":["Strike_G"],"score":208,"play_id":"3b9f5a38-0e13-493b-874c-9e05e77f8ca0","local_time":"20181125212234","is_ascension_mode":true,"campfire_choices":[{"data":"Flechettes","floor":6,"key":"SMITH"},{"data":"Neutralize","floor":8,"key":"SMITH"},{"data":"Acrobatics","floor":11,"key":"SMITH"},{"data":"Footwork","floor":15,"key":"SMITH"}],"neow_cost":"NONE","seed_source_timestamp":10720342924911,"circlet_count":0,"master_deck":["AscendersBane","Defend_G","Defend_G","Defend_G","Defend_G","Defend_G","Strike_G","Strike_G","Strike_G","Strike_G","Survivor","Neutralize+1","Backflip","Dagger Throw","Predator","Blur","Flechettes+1","Acrobatics+1","Tactician","Grand Finale+1","Footwork+1"],"relics":["Ring of the Snake","NeowsBlessing","Molten Egg 2","Letter Opener"],"potions_floor_usage":[7,16,16],"damage_taken":[{"damage":0,"enemies":"Cultist","floor":1,"turns":1},{"damage":0,"enemies":"2 Louse","floor":2,"turns":1},{"damage":0,"enemies":"Jaw Worm","floor":3,"turns":1},{"damage":7,"enemies":"2 Fungi Beasts","floor":4,"turns":3},{"damage":12,"enemies":"Large Slime","floor":5,"turns":7},{"damage":24,"enemies":"Lagavulin","floor":7,"turns":6},{"damage":0,"enemies":"Looter","floor":12,"turns":3},{"damage":4,"enemies":"Lots of Slimes","floor":14,"turns":3},{"damage":20,"enemies":"Hexaghost","floor":16,"turns":9}],"seed_played":"-9056294490374626832","potions_obtained":[{"floor":1,"key":"Fire Potion"},{"floor":7,"key":"SteroidPotion"},{"floor":12,"key":"Explosive Potion"},{"floor":14,"key":"Fruit Juice"}],"is_trial":false,"path_per_floor":["M","M","M","M","M","R","E","R","T","$","R","M","?","M","R","B"],"character_chosen":"THE_SILENT","items_purchased":["Acrobatics","Tactician"],"campfire_rested":0,"item_purchase_floors":[10,10],"current_hp_per_floor":[59,59,59,52,40,40,16,16,16,16,16,16,16,12,12,0],"gold":13,"neow_bonus":"THREE_ENEMY_KILL","is_prod":false,"is_daily":false,"chose_seed":false,"campfire_upgraded":4,"win_rate":0,"timestamp":1543152154,"path_taken":["M","?","M","M","M","R","E","R","T","$","R","M","?","M","R","BOSS"],"build_version":"2018-11-15","purchased_purges":1,"victory":false,"max_hp_per_floor":[66,66,66,66,66,66,66,66,66,66,66,66,66,66,66,71],"card_choices":[{"not_picked":["Caltrops","Terror"],"picked":"Backflip","floor":1},{"not_picked":["PiercingWail","Deflect"],"picked":"Dagger Throw","floor":2},{"not_picked":["Terror","Quick Slash"],"picked":"Predator","floor":3},{"not_picked":["Expertise","Dagger Throw"],"picked":"Blur","floor":4},{"not_picked":["Backstab","Endless Agony"],"picked":"Flechettes","floor":5},{"not_picked":["Riddle With Holes","Blur","Crippling Poison"],"picked":"SKIP","floor":7},{"not_picked":["Dagger Throw+1","Dodge and Roll"],"picked":"Grand Finale+1","floor":12},{"not_picked":["Footwork","Caltrops","Quick Slash+1"],"picked":"SKIP","floor":14},{"not_picked":["Caltrops","Quick Slash+1"],"picked":"Footwork","floor":14}],"player_experience":1158783,"relics_obtained":[{"floor":7,"key":"Molten Egg 2"},{"floor":9,"key":"Letter Opener"}],"event_choices":[{"damage_healed":0,"gold_gain":0,"player_choice":"Left Gold","damage_taken":0,"max_hp_gain":0,"max_hp_loss":0,"event_name":"World of Goop","floor":13,"gold_loss":32}],"is_beta":true,"boss_relics":[],"items_purged_floors":[10],"is_endless":false,"potions_floor_spawned":[1,7,12,14],"killed_by":"Hexaghost","ascension_level":20}