{"gold_per_floor":[113,188,207,207,133,133,143,175,226,253,19,39,39,50,50,147,147,157,177,76,87,103,103,120,120,120,219,219,219,233,87,87,183,183,203,221,221,234,244,244,194,194,194,194,205,205,232,232,232,232],"floor_reached":51,"playtime":2032,"items_purged":["Strike_R","Strike_R","Strike_R","Defend_R"],"score":687,"play_id":"947ebb5c-8cd1-4b34-aaae-9ac3794868a2","local_time":"20190629151610","is_ascension_mode":false,"campfire_choices":[{"data":"Flex","floor":6.0,"key":"SMITH"},{"data":"Pommel Strike","floor":13,"key":"SMITH"},{"data":"True Grit","floor":15,"key":"SMITH"},{"data":"Dark Embrace","floor":23,"key":"SMITH"},{"data":"Sword Boomerang","floor":25,"key":"SMITH"},{"data":"Flex","floor":28,"key":"SMITH"},{"data":"Spot Weakness","floor":32,"key":"SMITH"},{"data":"Sentinel","floor":40,"key":"SMITH"},{"data":"Burning Pact","floor":42,"key":"SMITH"},{"data":"Bloodletting","floor":49,"key":"SMITH"}],"neow_cost":"NONE","seed_source_timestamp":6768919863226,"circlet_count":0,"master_deck":["Defend_R","Defend_R","Defend_R","Bash","True Grit+1","Pommel Strike+1","Flex+1","Sword Boomerang+1","Flex+1","Burning Pact","Sentinel+1","Spot Weakness+1","Exhume","Armaments+1","Shrug It Off","Warcry+1","Dark Embrace+1","Purity","Shrug It Off+1","Shockwave","Intimidate+1","Dual Wield+1","Bloodletting+1","Madness","Madness","Shrug It Off+1","Inflame"],"special_seed":0,"relics":["Burning Blood","Smiling Mask","Centennial Puzzle","Omamori","Calipers","Bag of Marbles","Sozu","Pear","Coffee Dripper","Blue Candle","Shuriken"],"potions_floor_usage":[16,16],"damage_taken":[{"damage":8.0,"enemies":"2 Louse","floor":1.0,"turns":4.0},{"damage":0.0,"enemies":"Jaw Worm","floor":3.0,"turns":5.0},{"damage":0.0,"enemies":"Small Slimes","floor":7.0,"turns":3.0},{"damage":28.0,"enemies":"3 Sentries","floor":8.0,"turns":7.0},{"damage":29,"enemies":"Lagavulin","floor":10,"turns":6},{"damage":0,"enemies":"2 Fungi Beasts","floor":12,"turns":3},{"damage":0,"enemies":"Exordium Wildlife","floor":14,"turns":2},{"damage":25,"enemies":"Slime Boss","floor":16,"turns":8},{"damage":23,"enemies":"3 Byrds","floor":18,"turns":5},{"damage":11,"enemies":"2 Thieves","floor":19,"turns":3},{"damage":8,"enemies":"Snake Plant","floor":21,"turns":4},{"damage":2,"enemies":"Cultist and Chosen","floor":22,"turns":4},{"damage":3,"enemies":"Centurion and Healer","floor":24,"turns":4},{"damage":2,"enemies":"Chosen and Byrds","floor":30,"turns":4},{"damage":69,"enemies":"Champ","floor":33,"turns":9},{"damage":0,"enemies":"3 Shapes","floor":35,"turns":3},{"damage":17,"enemies":"3 Darklings","floor":36,"turns":3},{"damage":2,"enemies":"Jaw Worm Horde","floor":38,"turns":4},{"damage":1,"enemies":"Maw","floor":39,"turns":6},{"damage":0,"enemies":"Writhing Mass","floor":45,"turns":3},{"damage":30,"enemies":"Reptomancer","floor":47,"turns":4},{"damage":31,"enemies":"Time Eater","floor":50,"turns":11}],"seed_played":"-1542085142208084004","potions_obtained":[{"floor":3.0,"key":"Explosive Potion"},{"floor":12,"key":"Energy Potion"},{"floor":14,"key":"EssenceOfSteel"}],"is_trial":false,"path_per_floor":["M","?","M","?","$","R","M","E","T","E","$","M","R","M","R","B",null,"M","M","$","M","M","R","M","R","T","?","R","?","M","$","R","B",null,"M","M","?","M","M","R","$","R","T","?","M","?","E","?","R","B",null],"character_chosen":"IRONCLAD","items_purchased":["Sword Boomerang","Sentinel","Bag of Marbles","Shrug It Off","Purity"],"campfire_rested":0,"item_purchase_floors":[5,11,11,20,31],"current_hp_per_floor":[78,67,73,55,55,55,61,39,39,16,16,22,22,28,28,9,80,63,58,58,56,60,60,63,63,73,73,73,73,77,77,77,14,90,90,79,79,83,88,88,88,88,88,88,90,79,55,55,55,30],"gold":232,"neow_bonus":"TRANSFORM_CARD","is_prod":false,"is_daily":false,"chose_seed":false,"campfire_upgraded":10,"win_rate":0,"timestamp":1561792570,"path_taken":["M","?","M","?","?","R","M","E","T","E","$","M","R","M","R","BOSS","M","M","$","M","M","R","M","R","T","?","R","?","M","?","R","BOSS","M","M","?","M","M","R","$","R","T","?","M","?","E","?","R","BOSS"],"build_version":"2019-01-23","purchased_purges":4,"victory":true,"max_hp_per_floor":[80,80,80,80,80,80,80,80,80,80,80,80,80,80,80,80,80,80,80,80,80,80,80,80,80,90,90,90,90,90,90,90,90,90,90,90,90,90,90,90,90,90,90,90,90,90,90,90,90,90],"card_choices":[{"not_picked":["Twin Strike","True Grit"],"picked":"Pommel Strike","floor":1.0},{"not_picked":["Anger","Cleave"],"picked":"Flex","floor":3.0},{"not_picked":["Corruption","Intimidate"],"picked":"Flex","floor":7.0},{"not_picked":["Twin Strike","Sword Boomerang"],"picked":"Burning Pact","floor":8.0},{"not_picked":["Headbutt","Armaments","Demon Form"],"picked":"SKIP","floor":10},{"not_picked":["Rupture","Feel No Pain"],"picked":"Spot Weakness","floor":12},{"not_picked":["Burning Pact","Intimidate","Anger"],"picked":"SKIP","floor":14},{"not_picked":["Juggernaut","Bludgeon"],"picked":"Exhume","floor":16},{"not_picked":["Heavy Blade","Pommel Strike"],"picked":"Burning Pact","floor":18},{"not_picked":["Perfected Strike","Fire Breathing"],"picked":"Armaments+1","floor":19},{"not_picked":["Twin Strike","Perfected Strike+1"],"picked":"Warcry+1","floor":21},{"not_picked":["Body Slam","Havoc"],"picked":"Dark Embrace","floor":22},{"not_picked":["Fire Breathing","Reckless Charge","Body Slam"],"picked":"SKIP","floor":24},{"not_picked":["Perfected Strike","Anger","Clothesline"],"picked":"SKIP","floor":30},{"not_picked":["Bludgeon","Immolate"],"picked":"Dark Embrace","floor":33},{"not_picked":["Twin Strike+1","Heavy Blade+1"],"picked":"Shrug It Off+1","floor":35},{"not_picked":["Shrug It Off+1","Thunderclap"],"picked":"Shockwave","floor":36},{"not_picked":["Cleave+1","Blood for Blood"],"picked":"Intimidate+1","floor":38},{"not_picked":["Cleave+1","Dual Wield+1","Blood for Blood+1"],"picked":"SKIP","floor":39},{"not_picked":["Cleave+1","Blood for Blood+1"],"picked":"Dual Wield+1","floor":39},{"not_picked":["Sword Boomerang","Heavy Blade+1"],"picked":"Bloodletting","floor":45},{"not_picked":["True Grit","Sever Soul"],"picked":"Shrug It Off+1","floor":47}],"player_experience":5559157,"relics_obtained":[{"floor":8.0,"key":"Centennial Puzzle"},{"floor":9.0,"key":"Omamori"},{"floor":10,"key":"Calipers"},{"floor":26,"key":"Pear"},{"floor":43,"key":"Blue Candle"},{"floor":47,"key":"Shuriken"}],"event_choices":[{"damage_healed":0.0,"max_hp_gain":0.0,"max_hp_loss":0.0,"gold_gain":75.0,"event_name":"World of Goop","player_choice":"Gather Gold","floor":2.0,"gold_loss":0.0,"damage_taken":11.0},{"damage_healed":0.0,"max_hp_gain":0.0,"max_hp_loss":0.0,"gold_gain":0.0,"event_name":"Scrap Ooze","player_choice":"Success","floor":4.0,"gold_loss":0.0,"damage_taken":18.0,"relics_obtained":["Smiling Mask"]},{"damage_healed":0,"gold_gain":99,"player_choice":"Stole From Cult","damage_taken":0,"max_hp_gain":0,"max_hp_loss":0,"event_name":"Nest","floor":27,"gold_loss":0},{"cards_removed":["Strike_R"],"damage_healed":0,"gold_gain":0,"player_choice":"Elegance","damage_taken":0,"max_hp_gain":0,"max_hp_loss":0,"event_name":"Back to Basics","floor":29,"gold_loss":0},{"damage_healed":0,"gold_gain":0,"player_choice":"Ignored","damage_taken":0,"max_hp_gain":0,"max_hp_loss":0,"event_name":"Tomb of Lord Red Mask","floor":37,"gold_loss":0},{"cards_removed":["Dark Embrace"],"damage_healed":0,"gold_gain":0,"player_choice":"Removed Power","damage_taken":0,"max_hp_gain":0,"max_hp_loss":0,"event_name":"Falling","floor":44,"gold_loss":0},{"damage_healed":0,"gold_gain":0,"player_choice":"Embrace Madness","damage_taken":11,"max_hp_gain":0,"max_hp_loss":0,"event_name":"Winding Halls","floor":46,"gold_loss":0,"cards_obtained":["Madness","Madness"]},{"cards_removed":["Burning Pact"],"damage_healed":0,"gold_gain":0,"player_choice":"Took Card","damage_taken":0,"max_hp_gain":0,"max_hp_loss":0,"event_name":"NoteForYourself","floor":48,"gold_loss":0,"cards_obtained":["Inflame"]}],"is_beta":false,"boss_relics":[{"not_picked":["Black Blood","Orrery"],"picked":"Sozu"},{"not_picked":["Mark of Pain","Calling Bell"],"picked":"Coffee Dripper"}],"items_purged_floors":[5,20,31,41],"is_endless":false,"potions_floor_spawned":[3,12,14,18,21,22,30,36,45,47],"ascension_level":0}