{"gold_per_floor":[10,10,10,23,46,46,77,90,90,108,121,133,165,183,183,183],"floor_reached":16,"playtime":360,"items_purged":[],"score":177,"play_id":"65e50925-28a4-4571-8920-43869c8d7878","local_time":"20180922012445","is_ascension_mode":true,"campfire_choices":[{"data":"Demon Form","floor":6,"key":"SMITH"},{"data":"Perfected Strike","floor":15,"key":"SMITH"}],"neow_cost":"NO_GOLD","seed_source_timestamp":46465286447088,"circlet_count":0,"master_deck":["Strike_R","Strike_R","Strike_R","Strike_R","Defend_R","Defend_R","Defend_R","Bash","AscendersBane","Demon Form+1","Perfected Strike+1","Second Wind","Twin Strike","Double Tap","Thunderclap","Seeing Red","Pommel Strike"],"relics":["Burning Blood","Lantern","Bronze Scales","Paper Frog","Mercury Hourglass"],"potions_floor_usage":[],"damage_taken":[{"damage":1,"enemies":"Small Slimes","floor":1,"turns":4},{"damage":6,"enemies":"Cultist","floor":4,"turns":3},{"damage":44,"enemies":"Gremlin Nob","floor":7,"turns":5},{"damage":7,"enemies":"Jaw Worm","floor":8,"turns":2},{"damage":13,"enemies":"Red Slaver","floor":10,"turns":3},{"damage":10,"enemies":"Exordium Thugs","floor":11,"turns":3},{"damage":17,"enemies":"Looter","floor":12,"turns":2},{"damage":15,"enemies":"Lagavulin","floor":13,"turns":5},{"damage":6,"enemies":"2 Fungi Beasts","floor":14,"turns":3},{"damage":38,"enemies":"Slime Boss","floor":16,"turns":3}],"seed_played":"-7385781823334989816","potions_obtained":[{"floor":1,"key":"Weak Potion"},{"floor":7,"key":"SpeedPotion"}],"is_trial":false,"path_per_floor":["M","$","?","M","T","R","E","M","T","M","M","M","E","M","R"],"character_chosen":"IRONCLAD","items_purchased":[],"campfire_rested":0,"item_purchase_floors":[],"current_hp_per_floor":[77,77,80,80,80,80,42,41,41,34,30,19,10,10,10,0],"gold":183,"neow_bonus":"TRANSFORM_TWO_CARDS","is_prod":false,"is_daily":false,"chose_seed":false,"campfire_upgraded":2,"win_rate":0,"timestamp":1537550685,"path_taken":["M","$","?","M","?","R","E","M","T","?","M","M","E","M","R","BOSS"],"build_version":"2018-09-20","purchased_purges":0,"victory":false,"max_hp_per_floor":[80,80,80,80,80,80,80,80,80,80,80,80,80,80,80,80],"card_choices":[{"not_picked":["Flex","Flame Barrier"],"picked":"Second Wind","floor":1},{"not_picked":["Carnage","Clash"],"picked":"Twin Strike","floor":4},{"not_picked":["Cleave","Headbutt"],"picked":"Double Tap","floor":7},{"not_picked":["Heavy Blade","Headbutt"],"picked":"Thunderclap","floor":8},{"not_picked":["Clothesline","Havoc"],"picked":"Seeing Red","floor":10},{"not_picked":["Dual Wield","True Grit","Brutality"],"picked":"SKIP","floor":11},{"not_picked":["Heavy Blade","Cleave","Flame Barrier"],"picked":"SKIP","floor":12},{"not_picked":["Rampage","Ghostly Armor"],"picked":"Pommel Strike","floor":13},{"not_picked":["Rampage","Sword Boomerang","Heavy Blade"],"picked":"SKIP","floor":14}],"player_experience":84731,"relics_obtained":[{"floor":5,"key":"Lantern"},{"floor":7,"key":"Bronze Scales"},{"floor":9,"key":"Paper Frog"},{"floor":13,"key":"Mercury Hourglass"}],"event_choices":[{"event_name":"Wheel of Change","player_choice":"Full Heal","floor":3,"damage_taken":0}],"is_beta":false,"boss_relics":[],"items_purged_floors":[],"is_endless":false,"potions_floor_spawned":[1,7,10,13],"killed_by":"Slime Boss","ascension_level":11}