{"gold_per_floor":[116,136,24,74,85,45,45,45,92,111,111,130,130,150,150,150],"floor_reached":16,"playtime":331,"items_purged":["Strike_G"],"score":188,"play_id":"d78029c7-9a13-44b6-b0b4-8dd208141b87","local_time":"20181125222149","is_ascension_mode":true,"campfire_choices":[{"data":"Skewer","floor":8,"key":"SMITH"},{"data":"Malaise","floor":15,"key":"SMITH"}],"neow_cost":"NONE","seed_source_timestamp":14330946078683,"circlet_count":0,"master_deck":["AscendersBane","Defend_G","Defend_G","Defend_G","Defend_G","Defend_G","Strike_G","Strike_G","Strike_G","Strike_G","Survivor","Neutralize","PiercingWail","Skewer+1","Well Laid Plans","Malaise+1","Acrobatics","Prepared"],"relics":["Ring of the Snake","NeowsBlessing","Golden Idol"],"potions_floor_usage":[16],"damage_taken":[{"damage":0,"enemies":"Cultist","floor":1,"turns":1},{"damage":0,"enemies":"Jaw Worm","floor":2,"turns":1},{"damage":0,"enemies":"Small Slimes","floor":5,"turns":1},{"damage":16,"enemies":"Exordium Thugs","floor":6,"turns":5},{"damage":0,"enemies":"2 Fungi Beasts","floor":10,"turns":4},{"damage":7,"enemies":"Lots of Slimes","floor":12,"turns":7},{"damage":0,"enemies":"3 Louse","floor":14,"turns":5},{"damage":0,"enemies":"Hexaghost","floor":16,"turns":2}],"seed_played":"5281014129719443370","potions_obtained":[{"floor":6,"key":"Weak Potion"},{"floor":10,"key":"AttackPotion"}],"is_trial":false,"path_per_floor":["M","M","$","?","M","M","?","R","T","M","$","M","?","M","R","B"],"character_chosen":"THE_SILENT","items_purchased":["Skewer"],"campfire_rested":0,"item_purchase_floors":[3],"current_hp_per_floor":[59,59,59,59,59,43,43,43,43,43,43,36,60,60,60,60],"gold":150,"neow_bonus":"THREE_ENEMY_KILL","is_prod":false,"is_daily":false,"chose_seed":false,"campfire_upgraded":2,"win_rate":0,"timestamp":1543155709,"path_taken":["M","M","$","?","?","M","?","R","T","M","?","M","?","?","R","BOSS"],"build_version":"2018-11-15","purchased_purges":1,"victory":false,"max_hp_per_floor":[66,66,66,66,66,66,60,60,60,60,60,60,60,60,60,60],"card_choices":[{"not_picked":["Sucker Punch","Prepared"],"picked":"PiercingWail","floor":1},{"not_picked":["Cloak And Dagger","PiercingWail","Underhanded Strike"],"picked":"SKIP","floor":2},{"not_picked":["Acrobatics","Crippling Poison"],"picked":"Well Laid Plans","floor":5},{"not_picked":["Deflect","Dagger Throw","Dagger Spray"],"picked":"SKIP","floor":6},{"not_picked":["Deflect","Slice"],"picked":"Malaise","floor":10},{"not_picked":["Poisoned Stab","Cloak And Dagger"],"picked":"Acrobatics","floor":12},{"not_picked":["Well Laid Plans","PiercingWail"],"picked":"Prepared","floor":14}],"player_experience":1161013,"relics_obtained":[],"event_choices":[{"damage_healed":0,"gold_gain":50,"player_choice":"Pray","damage_taken":0,"max_hp_gain":0,"max_hp_loss":0,"event_name":"Golden Shrine","floor":4,"gold_loss":0},{"damage_healed":0,"gold_gain":0,"player_choice":"Lose Max HP","damage_taken":0,"relics_obtained":["Golden Idol"],"max_hp_gain":0,"max_hp_loss":6,"event_name":"Golden Idol","floor":7,"gold_loss":0},{"damage_healed":24,"gold_gain":0,"player_choice":"Full Heal","damage_taken":0,"max_hp_gain":0,"max_hp_loss":0,"event_name":"Wheel of Change","floor":13,"gold_loss":0}],"is_beta":true,"boss_relics":[],"items_purged_floors":[3],"is_endless":false,"potions_floor_spawned":[6,10],"killed_by":"Hexaghost","ascension_level":20}