{"gold_per_floor":[110,40,215,228,2,35,35,52,75,89,89,89,89,109,109,207,207,195,195,217,246,290,302,327,354,366,378,407,432,464,303,303,398,398,416,638,638,513,513,547,547,547,598,598,286,160,160,160,160,160],"floor_reached":51,"playtime":1109,"items_purged":["Doubt","Strike_G","Strike_G","Doubt","Strike_G"],"score":800,"play_id":"1fc7fca2-f909-44b9-829f-95482f9733b7","local_time":"20181031185546","is_ascension_mode":false,"campfire_choices":[{"data":"Catalyst","floor":7,"key":"SMITH"},{"data":"Noxious Fumes","floor":11,"key":"SMITH"},{"data":"Catalyst","floor":13,"key":"SMITH"},{"data":"Neutralize","floor":15,"key":"SMITH"},{"data":"Catalyst","floor":23,"key":"SMITH"},{"data":"Footwork","floor":27,"key":"SMITH"},{"data":"Catalyst","floor":32,"key":"SMITH"},{"data":"Well Laid Plans","floor":41,"key":"SMITH"},{"data":"Footwork","floor":42,"key":"SMITH"},{"data":"Malaise","floor":44,"key":"SMITH"},{"data":"Well Laid Plans","floor":49,"key":"SMITH"}],"neow_cost":"NONE","seed_source_timestamp":32858147902837,"circlet_count":0,"master_deck":["Defend_G","Defend_G","Defend_G","Defend_G","Defend_G","Survivor","Neutralize+1","Poisoned Stab","Footwork+1","Cloak And Dagger","Catalyst+1","Noxious Fumes+1","Catalyst+1","Footwork+1","Malaise+1","Catalyst+1","Dodge and Roll","Escape Plan+1","Deadly Poison+1","Deflect+1","Catalyst+1","Well Laid Plans+1","Crippling Poison","Venomology","Noxious Fumes","Well Laid Plans+1"],"relics":["Ring of the Snake","NeowsBlessing","Oddly Smooth Stone","Boot","Cursed Key","MawBank","Red Mask","Empty Cage","WingedGreaves","Happy Flower","Membership Card"],"potions_floor_usage":[14,22,22,22,33,47,50,50],"damage_taken":[{"damage":0,"enemies":"Cultist","floor":1,"turns":1},{"damage":0,"enemies":"Small Slimes","floor":4,"turns":1},{"damage":0,"enemies":"3 Sentries","floor":6,"turns":1},{"damage":0,"enemies":"Jaw Worm","floor":8,"turns":4},{"damage":1,"enemies":"Red Slaver","floor":10,"turns":4},{"damage":0,"enemies":"3 Louse","floor":14,"turns":3},{"damage":22,"enemies":"Hexaghost","floor":16,"turns":8},{"damage":6,"enemies":"2 Thieves","floor":18,"turns":4},{"damage":0,"enemies":"Chosen","floor":20,"turns":6},{"damage":17,"enemies":"Sentry and Sphere","floor":21,"turns":5},{"damage":19,"enemies":"Masked Bandits","floor":22,"turns":6},{"damage":0,"enemies":"Centurion and Healer","floor":24,"turns":5},{"damage":0,"enemies":"Shelled Parasite and Fungi","floor":25,"turns":4},{"damage":0,"enemies":"Snecko","floor":28,"turns":4},{"damage":0,"enemies":"Snake Plant","floor":29,"turns":4},{"damage":0,"enemies":"3 Cultists","floor":30,"turns":5},{"damage":11,"enemies":"Automaton","floor":33,"turns":9},{"damage":0,"enemies":"Orb Walker","floor":35,"turns":3},{"damage":0,"enemies":"Giant Head","floor":40,"turns":3},{"damage":0,"enemies":"3 Shapes","floor":47,"turns":2},{"damage":6,"enemies":"Donu and Deca","floor":50,"turns":8}],"seed_played":"-7166927994460019166","potions_obtained":[{"floor":1,"key":"Explosive Potion"},{"floor":10,"key":"EntropicBrew"},{"floor":14,"key":"SpeedPotion"},{"floor":20,"key":"Strength Potion"},{"floor":29,"key":"Weak Potion"},{"floor":33,"key":"PowerPotion"}],"is_trial":false,"path_per_floor":["M","$","?","M","$","E","R","M","T","M","R","$","R","M","R","B",null,"M","?","M","M","?","R","M","M","T","R","M","M","M","$","R","B",null,"M","?","?","$","?","E","R","R","T","R","$","$","M","T","R","B"],"character_chosen":"THE_SILENT","items_purchased":["Footwork","Catalyst","Noxious Fumes","Well Laid Plans","Membership Card","Noxious Fumes","Well Laid Plans"],"campfire_rested":0,"item_purchase_floors":[2,5,5,31,45,45,46],"current_hp_per_floor":[70,70,70,70,70,70,70,70,70,69,69,69,69,69,69,47,70,64,64,64,47,28,28,28,28,28,28,28,28,28,28,28,17,70,70,70,66,66,66,66,66,66,66,66,66,66,66,66,66,60],"gold":160,"neow_bonus":"THREE_ENEMY_KILL","is_prod":false,"is_daily":false,"chose_seed":false,"campfire_upgraded":11,"win_rate":0,"timestamp":1540983346,"path_taken":["M","$","?","M","?","E","R","?","T","M","R","$","R","M","R","BOSS","M","?","M","M","?","R","M","?","T","R","M","M","M","$","R","BOSS","M","?","?","$","?","E","R","R","T","R","?","$","M","?","R","BOSS"],"build_version":"2018-10-25v2","purchased_purges":5,"victory":true,"max_hp_per_floor":[70,70,70,70,70,70,70,70,70,70,70,70,70,70,70,70,70,70,70,70,70,70,70,70,70,70,70,70,70,70,70,70,70,70,70,70,66,66,66,66,66,66,66,66,66,66,66,66,66,66],"card_choices":[{"not_picked":["Concentrate","Leg Sweep"],"picked":"Poisoned Stab","floor":1},{"not_picked":["Quick Slash","Bane"],"picked":"Cloak And Dagger","floor":4},{"not_picked":["Noxious Fumes","Well Laid Plans"],"picked":"Catalyst","floor":6},{"not_picked":["Accuracy","Outmaneuver","Calculated Gamble"],"picked":"SKIP","floor":8},{"not_picked":["Sucker Punch","Dagger Spray"],"picked":"Footwork","floor":10},{"not_picked":["Blade Dance","Expertise","Endless Agony"],"picked":"SKIP","floor":14},{"not_picked":["Phantasmal Killer","Wraith Form v2"],"picked":"Malaise","floor":16},{"not_picked":["Flying Knee","Quick Slash"],"picked":"Catalyst","floor":18},{"not_picked":["Slice","Riddle With Holes","Underhanded Strike+1"],"picked":"SKIP","floor":20},{"not_picked":["Terror","Bane"],"picked":"Dodge and Roll","floor":21},{"not_picked":["Outmaneuver","Skewer"],"picked":"Escape Plan+1","floor":24},{"not_picked":["Sucker Punch","Poisoned Stab+1"],"picked":"Deadly Poison+1","floor":25},{"not_picked":["Infinite Blades+1","Crippling Poison","Blade Dance"],"picked":"SKIP","floor":28},{"not_picked":["Masterful Stab","Acrobatics"],"picked":"Deflect+1","floor":29},{"not_picked":["Backflip","Doppelganger"],"picked":"Catalyst","floor":30},{"not_picked":["Poisoned Stab","Dagger Throw"],"picked":"Crippling Poison","floor":35},{"not_picked":["Dagger Throw+1","Setup"],"picked":"Venomology","floor":40}],"player_experience":787262,"relics_obtained":[{"floor":6,"key":"Oddly Smooth Stone"},{"floor":9,"key":"Boot"},{"floor":22,"key":"Red Mask"},{"floor":40,"key":"WingedGreaves"},{"floor":43,"key":"Happy Flower"}],"event_choices":[{"damage_healed":0,"gold_gain":175,"player_choice":"AGREE","damage_taken":0,"max_hp_gain":0,"max_hp_loss":0,"event_name":"Liars Game","floor":3,"gold_loss":0,"cards_obtained":["Doubt"]},{"damage_healed":0,"gold_gain":0,"player_choice":"Gave Potion","damage_taken":0,"relics_obtained":["MawBank"],"max_hp_gain":0,"max_hp_loss":0,"event_name":"WeMeetAgain","floor":19,"gold_loss":0},{"damage_healed":0,"gold_gain":0,"player_choice":"Fought Bandits","damage_taken":0,"max_hp_gain":0,"max_hp_loss":0,"event_name":"Masked Bandits","floor":22,"gold_loss":0},{"damage_healed":0,"gold_gain":222,"player_choice":"Wore Mask","damage_taken":0,"max_hp_gain":0,"max_hp_loss":0,"event_name":"Tomb of Lord Red Mask","floor":36,"gold_loss":0},{"damage_healed":0,"gold_gain":0,"player_choice":"Max HP","damage_taken":0,"max_hp_gain":0,"max_hp_loss":4,"event_name":"Winding Halls","floor":37,"gold_loss":0},{"damage_healed":0,"gold_gain":0,"player_choice":"Ignored","damage_taken":0,"max_hp_gain":0,"max_hp_loss":0,"event_name":"Mysterious Sphere","floor":39,"gold_loss":0}],"is_beta":false,"boss_relics":[{"not_picked":["Velvet Choker","HoveringKite"],"picked":"Cursed Key"},{"not_picked":["Eternal Feather","Calling Bell"],"picked":"Empty Cage"}],"items_purged_floors":[5,31,38,45,46],"is_endless":false,"potions_floor_spawned":[1,10,14,20,29,30,33,47],"ascension_level":0}