{"gold_per_floor":[118,118,130,12,12,38,38,50,50,76,90,90,118,129,129,204,204,220,231,23,36,55,55,66,66,66,66,66,85,116,126,126,205,205,225,278,16,116,142,173,191,191,191,202,202,227,227,238,238,238,238,238,238,15,44,44],"floor_reached":57,"playtime":2735,"items_purged":["Strike_B"],"score":3054,"play_id":"211ee993-8908-44ac-be9c-8a14f82dd479","local_time":"20190310105332","is_ascension_mode":true,"campfire_choices":[{"data":"Sunder","floor":7.0,"key":"SMITH"},{"data":"Biased Cognition","floor":12.0,"key":"SMITH"},{"data":"Loop","floor":15.0,"key":"SMITH"},{"data":"Apotheosis","floor":23.0,"key":"SMITH"},{"floor":25.0,"key":"RECALL"},{"floor":28.0,"key":"REST"},{"floor":32.0,"key":"REST"},{"data":"Seek","floor":45.0,"key":"SMITH"},{"data":"Coolheaded","floor":49,"key":"SMITH"},{"data":"Coolheaded","floor":53,"key":"SMITH"}],"neow_cost":"PERCENT_DAMAGE","seed_source_timestamp":0,"circlet_count":0,"master_deck":["AscendersBane","Zap","Dualcast","Biased Cognition+1","Hologram","Sunder+1","Doom and Gloom","Coolheaded+1","Core Surge","Recycle","Loop+1","White Noise","Sweeping Beam","All For One","Ball Lightning","Go for the Eyes","Seek+1","Amplify","Self Repair","White Noise","Apotheosis+1","Undo+1","Recycle","Electrodynamics","Undo","Biased Cognition","Hologram+1","Coolheaded+1","Turbo","Impatience","Jack Of All Trades","Jack Of All Trades","Chill+1","Undo+1","White Noise"],"special_seed":0,"relics":["Cracked Core","Bottled Tornado","Bag of Marbles","Pear","Gambling Chip","Pandora\u0027s Box","Symbiotic Virus","Calipers","Runic Dome","FossilizedHelix","Bottled Flame","Emotion Chip","Du-Vu Doll","Darkstone Periapt","Happy Flower","Omamori","Runic Capacitor","Nunchaku"],"potions_floor_usage":[56,56],"damage_taken":[{"damage":10.0,"enemies":"Small Slimes","floor":1.0,"turns":4.0},{"damage":2.0,"enemies":"Jaw Worm","floor":3.0,"turns":3.0},{"damage":8.0,"enemies":"Gremlin Nob","floor":6.0,"turns":3.0},{"damage":0.0,"enemies":"Cultist","floor":8.0,"turns":3.0},{"damage":12.0,"enemies":"Lagavulin","floor":10.0,"turns":7.0},{"damage":4.0,"enemies":"Gremlin Gang","floor":11.0,"turns":3.0},{"damage":5.0,"enemies":"3 Sentries","floor":13.0,"turns":6.0},{"damage":0.0,"enemies":"Red Slaver","floor":14.0,"turns":1.0},{"damage":0.0,"enemies":"Slime Boss","floor":16.0,"turns":4.0},{"damage":1.0,"enemies":"2 Thieves","floor":18.0,"turns":3.0},{"damage":12.0,"enemies":"3 Byrds","floor":19.0,"turns":3.0},{"damage":36.0,"enemies":"Snake Plant","floor":21.0,"turns":3.0},{"damage":11.0,"enemies":"Sentry and Sphere","floor":22.0,"turns":4.0},{"damage":12.0,"enemies":"Cultist and Chosen","floor":24.0,"turns":4.0},{"damage":21.0,"enemies":"Snake Plant","floor":29.0,"turns":3.0},{"damage":26.0,"enemies":"Slavers","floor":30.0,"turns":3.0},{"damage":2.0,"enemies":"Snecko","floor":31.0,"turns":3.0},{"damage":22.0,"enemies":"Automaton","floor":33.0,"turns":5.0},{"damage":0.0,"enemies":"Orb Walker","floor":35.0,"turns":4.0},{"damage":43.0,"enemies":"2 Orb Walkers","floor":36.0,"turns":3.0},{"damage":0.0,"enemies":"Mind Bloom Boss Battle","floor":38.0,"turns":4.0},{"damage":0.0,"enemies":"Reptomancer","floor":40.0,"turns":4.0},{"damage":15.0,"enemies":"3 Darklings","floor":41.0,"turns":6.0},{"damage":0.0,"enemies":"4 Shapes","floor":44.0,"turns":5.0},{"damage":0,"enemies":"Giant Head","floor":46,"turns":3},{"damage":0,"enemies":"Spire Growth","floor":48,"turns":3},{"damage":0,"enemies":"Donu and Deca","floor":50,"turns":4},{"damage":6,"enemies":"Time Eater","floor":51,"turns":7},{"damage":30,"enemies":"Shield and Spear","floor":55,"turns":5},{"damage":31,"enemies":"The Heart","floor":56,"turns":8}],"seed_played":"-2088885201860801104","potions_obtained":[{"floor":10.0,"key":"Regen Potion"},{"floor":11.0,"key":"Swift Potion"},{"floor":13.0,"key":"Poison Potion"},{"floor":18.0,"key":"Fire Potion"},{"floor":21.0,"key":"AttackPotion"},{"floor":30.0,"key":"Ancient Potion"},{"floor":36.0,"key":"SkillPotion"},{"floor":40.0,"key":"Weak Potion"}],"is_trial":false,"path_per_floor":["M","?","M","$","?","E","R","M","T","E","M","R","E","M","R","B",null,"M","M","$","M","M","R","M","R","T","$","R","M","E","M","R","B",null,"M","?","$","?","T","E","M","?","T","M","R","E","T","M","R","B","B",null,"R","$","E","B",null],"character_chosen":"DEFECT","items_purchased":["Sunder","Apotheosis","Bottled Flame","Runic Capacitor"],"campfire_rested":2,"item_purchase_floors":[4,20,37,54],"current_hp_per_floor":[36,59,57,57,57,49,49,49,49,47,43,43,53,53,53,53,74,73,68,68,42,31,31,29,29,29,29,53,42,16,14,38,16,65,81,38,38,58,58,78,81,71,71,81,81,81,81,81,81,81,81,81,81,81,71,50],"gold":44,"neow_bonus":"THREE_RARE_CARDS","is_prod":false,"is_daily":false,"chose_seed":false,"campfire_upgraded":7,"win_rate":0,"timestamp":1552186412,"path_taken":["M","?","M","$","?","E","R","M","T","E","M","R","E","?","R","BOSS","M","M","$","?","M","R","M","R","T","?","R","M","E","M","R","BOSS","M","?","$","?","?","E","?","?","T","M","R","E","?","M","R","BOSS","BOSS","R","$","E","BOSS"],"build_version":"2019-01-23","purchased_purges":1,"victory":true,"max_hp_per_floor":[71,71,71,71,71,71,71,71,71,81,81,81,81,81,81,81,81,81,81,81,81,81,81,81,81,81,81,81,81,81,81,81,81,81,81,81,81,81,81,81,81,81,81,81,81,81,81,81,81,81,81,81,81,81,81,81],"card_choices":[{"not_picked":["Fission","Seek"],"picked":"Biased Cognition","floor":0.0},{"not_picked":["Stack","Go for the Eyes","Hello World"],"picked":"SKIP","floor":1.0},{"not_picked":["Stack","Beam Cell"],"picked":"Hologram","floor":3.0},{"not_picked":["Turbo","Steam Power"],"picked":"Coolheaded","floor":6.0},{"not_picked":["Redo","Defragment"],"picked":"Core Surge","floor":8.0},{"not_picked":["Barrage","Beam Cell"],"picked":"Recycle","floor":10.0},{"not_picked":["Turbo","FTL"],"picked":"Loop","floor":11.0},{"not_picked":["Beam Cell","Sweeping Beam"],"picked":"White Noise","floor":13.0},{"not_picked":["Aggregate","Barrage","Streamline"],"picked":"SKIP","floor":14.0},{"not_picked":["Beam Cell+1","Rebound"],"picked":"Self Repair","floor":18.0},{"not_picked":["Ball Lightning","Loop"],"picked":"White Noise","floor":19.0},{"not_picked":["Steam","Ball Lightning"],"picked":"Undo+1","floor":21.0},{"not_picked":["Stack+1","Reinforced Body","Streamline"],"picked":"SKIP","floor":22.0},{"not_picked":["Beam Cell","Steam","Melter"],"picked":"SKIP","floor":24.0},{"not_picked":["Steam Power","Streamline"],"picked":"Recycle","floor":29.0},{"not_picked":["Melter","Beam Cell+1"],"picked":"Electrodynamics","floor":30.0},{"not_picked":["Hologram","Fusion+1"],"picked":"Undo","floor":31.0},{"not_picked":["Thunder Strike","Multi-Cast"],"picked":"Biased Cognition","floor":33.0},{"not_picked":["Double Energy","Beam Cell","Hologram"],"picked":"SKIP","floor":35.0},{"not_picked":["Steam+1","Leap"],"picked":"Hologram+1","floor":36.0},{"not_picked":["Gash","Heatsinks"],"picked":"Coolheaded","floor":38.0},{"not_picked":["Streamline","Electrodynamics","Aggregate"],"picked":"SKIP","floor":40.0},{"not_picked":["Streamline","Electrodynamics","Aggregate"],"picked":"SKIP","floor":40.0},{"not_picked":["Beam Cell+1","Cold Snap"],"picked":"Turbo","floor":41.0},{"not_picked":["HandOfGreed","Forethought"],"picked":"Impatience","floor":42.0},{"not_picked":["PanicButton","Dark Shackles"],"picked":"Jack Of All Trades","floor":42.0},{"not_picked":["The Bomb","PanicButton"],"picked":"Jack Of All Trades","floor":42.0},{"not_picked":["Tempest+1","Cold Snap"],"picked":"Chill+1","floor":44.0},{"not_picked":["White Noise","Defragment"],"picked":"Undo+1","floor":46},{"not_picked":["Go for the Eyes","Cold Snap","Blizzard"],"picked":"SKIP","floor":48},{"not_picked":["Streamline+1","Lockon+1"],"picked":"White Noise","floor":55}],"player_experience":3454421,"relics_obtained":[{"floor":6.0,"key":"Bottled Tornado"},{"floor":9.0,"key":"Bag of Marbles"},{"floor":10.0,"key":"Pear"},{"floor":13.0,"key":"Gambling Chip"},{"floor":26.0,"key":"Symbiotic Virus"},{"floor":30.0,"key":"Calipers"},{"floor":36.0,"key":"FossilizedHelix"},{"floor":38.0,"key":"Emotion Chip"},{"floor":40.0,"key":"Du-Vu Doll"},{"floor":43.0,"key":"Darkstone Periapt"},{"floor":46,"key":"Happy Flower"},{"floor":47,"key":"Omamori"},{"floor":55,"key":"Nunchaku"}],"event_choices":[{"damage_healed":23.0,"max_hp_gain":0.0,"max_hp_loss":0.0,"gold_gain":0.0,"event_name":"Big Fish","player_choice":"Banana","floor":2.0,"gold_loss":0.0,"damage_taken":0.0},{"damage_healed":0.0,"max_hp_gain":0.0,"max_hp_loss":0.0,"gold_gain":0.0,"cards_transformed":["Strike_B"],"event_name":"Transmorgrifier","player_choice":"Transformed","floor":5.0,"gold_loss":0.0,"damage_taken":0.0,"cards_obtained":["Doom and Gloom"]},{"damage_healed":0.0,"max_hp_gain":0.0,"max_hp_loss":0.0,"gold_gain":0.0,"event_name":"Mysterious Sphere","player_choice":"Fight","floor":36.0,"gold_loss":0.0,"damage_taken":0.0},{"damage_healed":0.0,"max_hp_gain":0.0,"max_hp_loss":0.0,"gold_gain":0.0,"event_name":"MindBloom","player_choice":"Fight","floor":38.0,"gold_loss":0.0,"damage_taken":0.0},{"damage_healed":0.0,"max_hp_gain":0.0,"max_hp_loss":0.0,"gold_gain":0.0,"event_name":"SensoryStone","player_choice":"Memory 3","floor":42.0,"gold_loss":0.0,"damage_taken":10.0}],"is_beta":false,"boss_relics":[{"not_picked":["Black Star","Inserter"],"picked":"Pandora\u0027s Box"},{"not_picked":["Velvet Choker","Tiny House"],"picked":"Runic Dome"}],"items_purged_floors":[4],"is_endless":false,"potions_floor_spawned":[10,11,13,16,18,21,29,30,33,36,40,48],"ascension_level":20}