{"gold_per_floor":[117,130,97,97,21,54,54,54,79,79,92,148,148,178,178,282,282,301,320,335,335,350,350,190,53,53,71,71,82,82,94,94,195,195,212,212,212,231,248,248,248,248,248,258,57,71,71,71,71,71],"floor_reached":51,"playtime":1883,"items_purged":["Defend_G","Defend_G"],"score":730,"play_id":"0e4895c0-2bc3-485e-b119-1a8a08049d58","local_time":"20181022212253","is_ascension_mode":false,"campfire_choices":[{"data":"Catalyst","floor":7.0,"key":"SMITH"},{"data":"Deadly Poison","floor":10.0,"key":"SMITH"},{"data":"Catalyst","floor":13.0,"key":"SMITH"},{"data":"Well Laid Plans","floor":15.0,"key":"SMITH"},{"data":"Well Laid Plans","floor":23.0,"key":"SMITH"},{"data":"Well Laid Plans","floor":28.0,"key":"SMITH"},{"data":"Acrobatics","floor":30.0,"key":"SMITH"},{"data":"Purity","floor":32.0,"key":"SMITH"},{"data":"Catalyst","floor":40,"key":"SMITH"},{"data":"Venomology","floor":42,"key":"SMITH"},{"floor":49,"key":"REST"}],"neow_cost":"NONE","seed_source_timestamp":47563810418586,"circlet_count":0,"master_deck":["Defend_G","Defend_G","Strike_G","Strike_G","Strike_G","Survivor","Neutralize","Backflip","Deadly Poison+1","Well Laid Plans+1","Catalyst+1","Venomology+1","Catalyst+1","Escape Plan","Grand Finale+1","Acrobatics+1","Well Laid Plans+1","Purity+1","Well Laid Plans+1","Backflip","Catalyst+1","Catalyst+1","Catalyst+1","Catalyst+1"],"special_seed":0,"relics":["Ring of the Snake","Blood Vial","Boot","Vajra","Lantern","Mummified Hand","Velvet Choker","Snake Skull","Empty Cage","Ancient Tea Set","DollysMirror","Nunchaku"],"potions_floor_usage":[35,35,38,39,39,46,46,46,50],"damage_taken":[{"damage":0.0,"enemies":"2 Louse","floor":1.0,"turns":3.0},{"damage":2.0,"enemies":"Cultist","floor":2.0,"turns":4.0},{"damage":15.0,"enemies":"3 Sentries","floor":6.0,"turns":10.0},{"damage":0.0,"enemies":"Small Slimes","floor":11.0,"turns":3.0},{"damage":1.0,"enemies":"3 Sentries","floor":12.0,"turns":9.0},{"damage":0.0,"enemies":"Lagavulin","floor":14.0,"turns":5.0},{"damage":24.0,"enemies":"Hexaghost","floor":16.0,"turns":4.0},{"damage":0.0,"enemies":"3 Byrds","floor":18.0,"turns":5.0},{"damage":0.0,"enemies":"2 Thieves","floor":19.0,"turns":3.0},{"damage":11.0,"enemies":"Snake Plant","floor":20.0,"turns":3.0},{"damage":3.0,"enemies":"Snecko","floor":22.0,"turns":3.0},{"damage":0.0,"enemies":"Shelled Parasite and Fungi","floor":27.0,"turns":4.0},{"damage":6.0,"enemies":"3 Cultists","floor":29.0,"turns":3.0},{"damage":9.0,"enemies":"Cultist and Chosen","floor":31.0,"turns":4.0},{"damage":21.0,"enemies":"Champ","floor":33.0,"turns":4.0},{"damage":0,"enemies":"3 Shapes","floor":35,"turns":2},{"damage":2,"enemies":"3 Darklings","floor":38,"turns":2},{"damage":25,"enemies":"Transient","floor":39,"turns":5},{"damage":23,"enemies":"Sphere and 2 Shapes","floor":44,"turns":4},{"damage":9,"enemies":"Jaw Worm Horde","floor":46,"turns":5},{"damage":8,"enemies":"Time Eater","floor":50,"turns":2}],"seed_played":"-1227552338290968223","potions_obtained":[{"floor":2.0,"key":"Dexterity Potion"},{"floor":6.0,"key":"Regen Potion"},{"floor":14.0,"key":"Explosive Potion"},{"floor":19.0,"key":"Regen Potion"},{"floor":31.0,"key":"SkillPotion"},{"floor":39,"key":"EntropicBrew"},{"floor":46,"key":"Energy Potion"}],"is_trial":false,"path_per_floor":["M","M","$","?","$","E","R","?","T","R","M","?","R","E","R","B",null,"M","M","M","?","M","R","$","$","T","M","R","M","R","M","R","B",null,"M","?","?","M","M","R","?","R","T","M","$","M","?","T","R","B"],"character_chosen":"THE_SILENT","items_purchased":["Well Laid Plans","Catalyst","Purity","Well Laid Plans","DollysMirror"],"campfire_rested":1,"item_purchase_floors":[3,5,24,25,45],"current_hp_per_floor":[70,68,68,61,61,48,48,48,48,48,50,66,66,68,68,46,70,70,70,59,59,58,58,58,58,58,65,65,61,61,54,54,35,70,70,70,70,68,45,45,45,45,45,24,24,17,17,17,36,30],"gold":71,"neow_bonus":"THREE_CARDS","is_prod":false,"is_daily":false,"chose_seed":false,"campfire_upgraded":10,"win_rate":0,"timestamp":1540214573,"path_taken":["M","M","$","?","$","E","R","?","T","R","M","?","R","E","R","BOSS","M","M","M","?","M","R","?","$","T","M","R","M","R","M","R","BOSS","M","?","?","M","M","R","?","R","T","M","$","?","?","?","R","BOSS"],"build_version":"2018-10-18","purchased_purges":2,"victory":true,"max_hp_per_floor":[70,70,70,70,70,70,70,70,70,70,70,70,70,70,70,70,70,70,70,70,70,70,70,70,70,70,70,70,70,70,70,70,70,70,70,70,70,70,70,70,66,66,66,66,66,66,66,66,66,66],"card_choices":[{"not_picked":["Blade Dance","Cloak And Dagger"],"picked":"Backflip","floor":0.0},{"not_picked":["Prepared","Flying Knee","Acrobatics"],"picked":"SKIP","floor":1.0},{"not_picked":["Cloak And Dagger","Quick Slash"],"picked":"Deadly Poison","floor":2.0},{"not_picked":["Calculated Gamble","Backflip"],"picked":"Venomology","floor":6.0},{"not_picked":["Dagger Throw","Acrobatics","Calculated Gamble"],"picked":"SKIP","floor":11.0},{"not_picked":["Deadly Poison","Outmaneuver"],"picked":"Catalyst","floor":12.0},{"not_picked":["Prepared","Heel Hook"],"picked":"Escape Plan","floor":14.0},{"not_picked":["Unload","Doppelganger"],"picked":"Grand Finale","floor":16.0},{"not_picked":["Caltrops","Dagger Spray","Deadly Poison"],"picked":"SKIP","floor":18.0},{"not_picked":["Deflect+1","Outmaneuver","Concentrate+1"],"picked":"SKIP","floor":19.0},{"not_picked":["Prepared","Terror"],"picked":"Acrobatics","floor":20.0},{"not_picked":["Crippling Poison+1","Deflect+1"],"picked":"Well Laid Plans","floor":22.0},{"not_picked":["Dagger Throw+1","Deflect","Underhanded Strike"],"picked":"SKIP","floor":27.0},{"not_picked":["Skewer","Dodge and Roll"],"picked":"Backflip","floor":29.0},{"not_picked":["Caltrops","Terror","Deflect"],"picked":"SKIP","floor":31.0},{"not_picked":["Poisoned Stab","Bane+1","Heel Hook+1"],"picked":"SKIP","floor":35},{"not_picked":["Quick Slash+1","PiercingWail"],"picked":"Catalyst","floor":38},{"not_picked":["Calculated Gamble+1","Dodge and Roll"],"picked":"Catalyst+1","floor":39},{"not_picked":["Distraction","Dagger Throw","Blade Dance"],"picked":"SKIP","floor":44},{"not_picked":["Bane+1","Bouncing Flask+1","Tools of the Trade"],"picked":"SKIP","floor":46}],"player_experience":530078,"relics_obtained":[{"floor":6.0,"key":"Boot"},{"floor":9.0,"key":"Vajra"},{"floor":14.0,"key":"Mummified Hand"},{"floor":26.0,"key":"Snake Skull"},{"floor":43,"key":"Ancient Tea Set"},{"floor":48,"key":"Nunchaku"}],"event_choices":[{"damage_healed":0.0,"max_hp_gain":0.0,"max_hp_loss":0.0,"gold_gain":0.0,"event_name":"Scrap Ooze","player_choice":"Success","floor":4.0,"gold_loss":0.0,"damage_taken":7.0,"relics_obtained":["Blood Vial"]},{"cards_removed":["Defend_G"],"damage_healed":0.0,"max_hp_gain":0.0,"max_hp_loss":0.0,"gold_gain":0.0,"event_name":"Bonfire Elementals","player_choice":"Offered Basic","floor":8.0,"gold_loss":0.0,"damage_taken":0.0},{"damage_healed":0.0,"max_hp_gain":0.0,"max_hp_loss":0.0,"gold_gain":0.0,"event_name":"Dead Adventurer","player_choice":"Searched \u00273\u0027 times","floor":12.0,"gold_loss":0.0,"damage_taken":0.0,"relics_obtained":["Lantern"]},{"damage_healed":0.0,"max_hp_gain":0.0,"max_hp_loss":0.0,"gold_gain":0.0,"event_name":"Accursed Blacksmith","player_choice":"Forge","floor":21.0,"gold_loss":0.0,"damage_taken":0.0,"cards_upgraded":["Grand Finale"]},{"damage_healed":0,"gold_gain":0,"player_choice":"Copied","damage_taken":0,"max_hp_gain":0,"max_hp_loss":0,"event_name":"Duplicator","floor":36,"gold_loss":0,"cards_obtained":["Catalyst"]},{"damage_healed":0,"gold_gain":0,"player_choice":"Ignored","damage_taken":0,"max_hp_gain":0,"max_hp_loss":0,"event_name":"Mysterious Sphere","floor":37,"gold_loss":0},{"damage_healed":0,"gold_gain":0,"player_choice":"Max HP","damage_taken":0,"max_hp_gain":0,"max_hp_loss":4,"event_name":"Winding Halls","floor":41,"gold_loss":0},{"damage_healed":0,"gold_gain":0,"player_choice":"0 cards matched","damage_taken":0,"max_hp_gain":0,"max_hp_loss":0,"event_name":"Match and Keep!","floor":47,"gold_loss":0,"cards_obtained":[]}],"is_beta":false,"boss_relics":[{"not_picked":["HoveringKite","Busted Crown"],"picked":"Velvet Choker"},{"not_picked":["Calling Bell","Black Star"],"picked":"Empty Cage"}],"items_purged_floors":[24,25],"is_endless":false,"potions_floor_spawned":[2,6,14,16,19,20,29,31,39,46],"ascension_level":0}