{"gold_per_floor":[13,13,13,25,36,36,54,68,68,68,68,98,98,23,23,122,122,138,138,158,11,11,42,42,55,55,73,73,87,87,12,12,107,107,124,24,24,37,37,62,76,76,76,76,87,87,101,112,112,112],"floor_reached":51,"playtime":1905,"items_purged":["Strike_B","Defend_B+1"],"score":872,"play_id":"99c31a60-2367-428f-8822-837d296f9a81","local_time":"20190616001803","is_ascension_mode":false,"campfire_choices":[{"data":"Lockon","floor":6.0,"key":"SMITH"},{"data":"Darkness","floor":11.0,"key":"SMITH"},{"data":"Redo","floor":13.0,"key":"SMITH"},{"data":"Dualcast","floor":15.0,"key":"SMITH"},{"data":"Zap","floor":24.0,"key":"PURGE"},{"data":"Defend_B","floor":28.0,"key":"PURGE"},{"data":"Defend_B","floor":32,"key":"PURGE"},{"floor":42,"key":"REST"},{"data":"Biased Cognition","floor":46,"key":"SMITH"},{"data":"Hologram","floor":49,"key":"SMITH"}],"neow_cost":"NO_GOLD","seed_source_timestamp":18575973445478,"circlet_count":0,"master_deck":["Dualcast+1","Beam Cell+1","Lockon+1","Doom and Gloom+1","Hologram+1","Darkness+1","Redo+1","Buffer","Chill","Electrodynamics","Reinforced Body+1","Double Energy+1","Biased Cognition+1","Auto Shields+1"],"special_seed":0,"relics":["Cracked Core","Dodecahedron","Centennial Puzzle","Inserter","Whetstone","Peace Pipe","Nunchaku","Cursed Key","FaceOfCleric","Toxic Egg 2"],"potions_floor_usage":[40,50,50,50],"damage_taken":[{"damage":1.0,"enemies":"2 Louse","floor":1.0,"turns":2.0},{"damage":2.0,"enemies":"Small Slimes","floor":4.0,"turns":2.0},{"damage":0.0,"enemies":"Cultist","floor":5.0,"turns":2.0},{"damage":4.0,"enemies":"Blue Slaver","floor":7.0,"turns":2.0},{"damage":0.0,"enemies":"Red Slaver","floor":8.0,"turns":3.0},{"damage":22.0,"enemies":"3 Sentries","floor":12.0,"turns":4.0},{"damage":8.0,"enemies":"The Guardian","floor":16.0,"turns":5.0},{"damage":0.0,"enemies":"Chosen","floor":18.0,"turns":4.0},{"damage":6.0,"enemies":"2 Thieves","floor":20.0,"turns":4.0},{"damage":15.0,"enemies":"Slavers","floor":23.0,"turns":3.0},{"damage":14.0,"enemies":"Cultist and Chosen","floor":25.0,"turns":5.0},{"damage":15.0,"enemies":"Centurion and Healer","floor":27.0,"turns":2.0},{"damage":0.0,"enemies":"Snecko","floor":29.0,"turns":5.0},{"damage":4,"enemies":"Champ","floor":33,"turns":7},{"damage":0,"enemies":"3 Shapes","floor":35,"turns":4},{"damage":10,"enemies":"Orb Walker","floor":38,"turns":2},{"damage":19,"enemies":"Nemesis","floor":40,"turns":6},{"damage":7,"enemies":"Writhing Mass","floor":41,"turns":2},{"damage":0,"enemies":"Sphere and 2 Shapes","floor":45,"turns":4},{"damage":0,"enemies":"Spire Growth","floor":47,"turns":3},{"damage":0,"enemies":"Writhing Mass","floor":48,"turns":3},{"damage":0,"enemies":"Awakened One","floor":50,"turns":9}],"seed_played":"-4626967504895945408","potions_obtained":[{"floor":1.0,"key":"Weak Potion"},{"floor":7.0,"key":"FairyPotion"},{"floor":12.0,"key":"GamblersBrew"},{"floor":23.0,"key":"FocusPotion"},{"floor":27.0,"key":"FocusPotion"},{"floor":40,"key":"Ancient Potion"}],"is_trial":false,"path_per_floor":["M","?","?","M","M","R","M","M","T","?","R","E","R","$","R","B",null,"M","?","M","$","?","E","R","M","T","M","R","M","?","?","R","B",null,"M","$","?","M","$","E","M","R","T","?","M","R","M","M","R","B",null],"character_chosen":"DEFECT","items_purchased":["Whetstone"],"campfire_rested":1,"item_purchase_floors":[21],"current_hp_per_floor":[74,59,64,62,62,62,58,58,58,58,58,36,36,36,36,28,80,80,80,74,74,80,65,65,51,51,36,36,36,62,62,62,58,80,80,80,80,71,71,53,47,71,71,71,72,72,73,74,74,75],"gold":112,"neow_bonus":"TRANSFORM_TWO_CARDS","is_prod":false,"is_daily":false,"chose_seed":false,"campfire_upgraded":6,"win_rate":0,"timestamp":1560615483,"path_taken":["M","?","?","M","M","R","M","M","T","?","R","E","R","$","R","BOSS","M","?","?","$","?","E","R","M","T","M","R","?","?","?","R","BOSS","M","$","?","?","?","E","M","R","T","?","M","R","?","M","R","BOSS"],"build_version":"2019-01-23","purchased_purges":2,"victory":true,"max_hp_per_floor":[75,75,80,80,80,80,80,80,80,80,80,80,80,80,80,80,80,80,80,80,80,80,80,80,80,80,80,80,80,80,80,80,80,80,80,80,80,81,81,82,83,83,83,83,84,84,85,86,86,87],"card_choices":[{"not_picked":["Compile Driver","Redo"],"picked":"Lockon","floor":1.0},{"not_picked":["Chill","Sweeping Beam"],"picked":"Doom and Gloom","floor":4.0},{"not_picked":["Steam","Sweeping Beam"],"picked":"Hologram","floor":5.0},{"not_picked":["Ball Lightning","Sweeping Beam"],"picked":"Darkness","floor":7.0},{"not_picked":["Tempest","Sweeping Beam"],"picked":"Redo","floor":8.0},{"not_picked":["Coolheaded","Stack"],"picked":"Chill","floor":12.0},{"not_picked":["Echo Form","Hyperbeam"],"picked":"Electrodynamics","floor":16.0},{"not_picked":["Streamline+1","Auto Shields"],"picked":"Reinforced Body+1","floor":18.0},{"not_picked":["Barrage","Stack","Turbo"],"picked":"SKIP","floor":20.0},{"not_picked":["Force Field","Coolheaded"],"picked":"Double Energy+1","floor":23.0},{"not_picked":["Lockon","Rebound+1","Scrape"],"picked":"SKIP","floor":25.0},{"not_picked":["Barrage+1","Darkness","Leap+1"],"picked":"SKIP","floor":27.0},{"not_picked":["Barrage+1","Compile Driver","Beam Cell"],"picked":"SKIP","floor":29.0},{"not_picked":["Reboot","Thunder Strike"],"picked":"Biased Cognition","floor":33},{"not_picked":["Beam Cell+1","Compile Driver","Sweeping Beam"],"picked":"SKIP","floor":35},{"not_picked":["Heatsinks","Consume+1","Leap+1"],"picked":"SKIP","floor":38},{"not_picked":["Consume+1","Cold Snap+1","Sweeping Beam+1"],"picked":"SKIP","floor":40},{"not_picked":["Rebound+1","White Noise+1","Cold Snap+1"],"picked":"SKIP","floor":41},{"not_picked":["Scrape","Thunder Strike","Steam+1"],"picked":"SKIP","floor":45},{"not_picked":["Static Discharge","Beam Cell+1","Recycle+1"],"picked":"SKIP","floor":47},{"not_picked":["Cold Snap","Sweeping Beam"],"picked":"Auto Shields+1","floor":48}],"player_experience":5271870,"relics_obtained":[{"floor":9.0,"key":"Dodecahedron"},{"floor":12.0,"key":"Centennial Puzzle"},{"floor":23.0,"key":"Peace Pipe"},{"floor":26.0,"key":"Nunchaku"},{"floor":40,"key":"Toxic Egg 2"}],"event_choices":[{"damage_healed":0.0,"max_hp_gain":0.0,"max_hp_loss":0.0,"gold_gain":0.0,"event_name":"Shining Light","player_choice":"Entered Light","floor":2.0,"gold_loss":0.0,"damage_taken":15.0,"cards_upgraded":["Defend_B","Strike_B"]},{"damage_healed":0.0,"max_hp_gain":5.0,"max_hp_loss":0.0,"gold_gain":0.0,"event_name":"Big Fish","player_choice":"Donut","floor":3.0,"gold_loss":0.0,"damage_taken":0.0},{"damage_healed":0.0,"max_hp_gain":0.0,"max_hp_loss":0.0,"gold_gain":0.0,"cards_transformed":["Strike_B"],"event_name":"Living Wall","player_choice":"Change","floor":10.0,"gold_loss":0.0,"damage_taken":0.0,"cards_obtained":["Buffer"]},{"damage_healed":0.0,"max_hp_gain":0.0,"max_hp_loss":0.0,"gold_gain":0.0,"cards_transformed":["Strike_B"],"event_name":"Transmorgrifier","player_choice":"Transformed","floor":19.0,"gold_loss":0.0,"damage_taken":0.0,"cards_obtained":["Lockon"]},{"cards_removed":["Lockon"],"damage_healed":6.0,"max_hp_gain":0.0,"max_hp_loss":0.0,"gold_gain":0.0,"event_name":"Bonfire Elementals","player_choice":"Offered Uncommon","floor":22.0,"gold_loss":0.0,"damage_taken":0.0},{"damage_healed":26,"gold_gain":0,"player_choice":"Heal","damage_taken":0,"max_hp_gain":0,"max_hp_loss":0,"event_name":"The Library","floor":30,"gold_loss":0},{"cards_removed":["Reprogram"],"damage_healed":0,"gold_gain":0,"player_choice":"Gave Gold","damage_taken":0,"max_hp_gain":0,"max_hp_loss":0,"event_name":"Beggar","floor":31,"gold_loss":75},{"damage_healed":0,"gold_gain":0,"player_choice":"Trade","damage_taken":0,"relics_obtained":["FaceOfCleric"],"max_hp_gain":0,"max_hp_loss":0,"event_name":"FaceTrader","floor":37,"gold_loss":0},{"damage_healed":0,"gold_gain":0,"player_choice":"Bought 0 Potions","damage_taken":0,"max_hp_gain":0,"max_hp_loss":0,"event_name":"The Woman in Blue","floor":44,"gold_loss":0}],"is_beta":false,"boss_relics":[{"not_picked":["Calling Bell","Orrery"],"picked":"Inserter"},{"not_picked":["Velvet Choker","White Beast Statue"],"picked":"Cursed Key"}],"items_purged_floors":[14,36],"is_endless":false,"potions_floor_spawned":[1,7,12,18,23,25,27,33,38,40,41],"ascension_level":0}