{"path_per_floor":["M","?","M","M","M","E","?","R","T","R","M","E","R","$","R"],"character_chosen":"IRONCLAD","items_purchased":[],"gold_per_floor":[113,113,132,149,161,189,189,189,189,189,203,232,232,157,157,157],"floor_reached":16,"campfire_rested":0,"playtime":678,"item_purchase_floors":[],"current_hp_per_floor":[80,73,78,80,80,53,53,53,53,53,55,37,37,37,37,0],"items_purged":["Strike_R"],"gold":157,"score":110,"play_id":"c81960ed-0c23-4179-b08e-5ae7c99d9567","local_time":"20180526163533","is_prod":false,"is_daily":false,"chose_seed":false,"is_ascension_mode":false,"campfire_upgraded":4,"win_rate":0,"timestamp":1527345333,"campfire_choices":[{"data":"Spot Weakness","floor":8,"key":"SMITH"},{"data":"Rage","floor":10,"key":"SMITH"},{"data":"Inflame","floor":13,"key":"SMITH"},{"data":"Heavy Blade","floor":15,"key":"SMITH"}],"path_taken":["M","?","?","M","M","E","?","R","T","R","?","E","R","?","R","BOSS"],"build_version":"2018-05-25","seed_source_timestamp":23315898259396,"purchased_purges":1,"victory":false,"master_deck":["Strike_R","Strike_R","Strike_R","Defend_R","Defend_R","Defend_R","Defend_R","Bash","Spot Weakness+1","Heavy Blade+1","Rage+1","Decay","Cleave","Inflame+1"],"max_hp_per_floor":[80,80,80,80,80,80,80,80,80,80,80,80,80,80,80,80],"relics":["Burning Blood","Boot","Bottled Lightning","Centennial Puzzle"],"card_choices":[{"not_picked":["Bloodletting","Shrug It Off"],"picked":"Spot Weakness","floor":1},{"not_picked":["Shrug It Off","Burning Pact"],"picked":"Heavy Blade","floor":3},{"not_picked":["Perfected Strike","Heavy Blade","Iron Wave"],"picked":"SKIP","floor":4},{"not_picked":["Sword Boomerang","Perfected Strike"],"picked":"Rage","floor":5},{"not_picked":["Fiend Fire","Blood for Blood","Disarm"],"picked":"SKIP","floor":6},{"not_picked":["Shrug It Off","Disarm"],"picked":"Cleave","floor":11},{"not_picked":["Flex","Shrug It Off"],"picked":"Inflame","floor":12}],"player_experience":74886,"potions_floor_usage":[16],"damage_taken":[{"damage":3,"enemies":"2 Louse","floor":1,"turns":3},{"damage":1,"enemies":"Jaw Worm","floor":3,"turns":5},{"damage":2,"enemies":"Small Slimes","floor":4,"turns":3},{"damage":6,"enemies":"Red Slaver","floor":5,"turns":4},{"damage":33,"enemies":"Gremlin Nob","floor":6,"turns":5},{"damage":4,"enemies":"2 Fungi Beasts","floor":11,"turns":3},{"damage":24,"enemies":"3 Sentries","floor":12,"turns":7},{"damage":38,"enemies":"Hexaghost","floor":16,"turns":7}],"relics_obtained":[{"floor":6,"key":"Boot"},{"floor":9,"key":"Bottled Lightning"},{"floor":12,"key":"Centennial Puzzle"}],"event_choices":[{"event_name":"Golden Wing","player_choice":"Card Removal","floor":2,"damage_taken":0},{"event_name":"Wheel of Change","player_choice":"Curse","floor":7,"damage_taken":0}],"boss_relics":[],"items_purged_floors":[14],"potions_floor_spawned":[1,3,6,12],"seed_played":"-5005811483406958296","killed_by":"Hexaghost","ascension_level":0,"potions_obtained":[{"floor":1,"key":"Weak Potion"},{"floor":3,"key":"Ancient Potion"},{"floor":6,"key":"Ancient Potion"},{"floor":12,"key":"EssenceOfSteel"}],"is_trial":false}