{"gold_per_floor":[117,117,192,204,204,229,229,250,275,275,294,120,120,157,169,280,292,329,356,368,392,404,416,428],"floor_reached":24,"playtime":834,"items_purged":["Strike_G"],"score":473,"play_id":"2ead65e3-3f78-4427-9120-3bf5da9290c7","local_time":"20190315205324","is_ascension_mode":true,"campfire_choices":[{"data":"Neutralize","floor":7.0,"key":"SMITH"},{"data":"Acrobatics","floor":10.0,"key":"SMITH"},{"data":"Calculated Gamble","floor":15.0,"key":"SMITH"},{"data":"Tactician","floor":23,"key":"SMITH"}],"neow_cost":"TEN_PERCENT_HP_LOSS","seed_source_timestamp":154454112325704,"circlet_count":0,"master_deck":["AscendersBane","Defend_G","Defend_G","Defend_G","Defend_G","Defend_G","Strike_G","Survivor","Neutralize+1","Grand Finale","Reflex","Acrobatics+1","PiercingWail","Calculated Gamble+1","Backflip","Prepared","Tactician+1"],"special_seed":0,"relics":["Ring of the Snake","Bloody Idol","Art of War","MawBank","Empty Cage"],"potions_floor_usage":[24],"damage_taken":[{"damage":1.0,"enemies":"Small Slimes","floor":1.0,"turns":4.0},{"damage":0.0,"enemies":"2 Louse","floor":4.0,"turns":5.0},{"damage":8.0,"enemies":"Cultist","floor":6.0,"turns":6.0},{"damage":10.0,"enemies":"Lots of Slimes","floor":8.0,"turns":4.0},{"damage":6.0,"enemies":"Blue Slaver","floor":11.0,"turns":7.0},{"damage":0.0,"enemies":"Large Slime","floor":14.0,"turns":3.0},{"damage":0.0,"enemies":"Hexaghost","floor":16.0,"turns":7.0},{"damage":6.0,"enemies":"2 Thieves","floor":18.0,"turns":2.0},{"damage":4.0,"enemies":"Shell Parasite","floor":19.0,"turns":4.0},{"damage":21,"enemies":"Cultist and Chosen","floor":21,"turns":10},{"damage":47,"enemies":"Snecko","floor":24,"turns":8}],"seed_played":"-7204271457719566759","potions_obtained":[{"floor":1.0,"key":"PowerPotion"},{"floor":8.0,"key":"Fire Potion"},{"floor":11.0,"key":"SkillPotion"},{"floor":21,"key":"Regen Potion"}],"is_trial":false,"path_per_floor":["M","?","?","M","?","M","R","M","T","R","M","$","?","M","R","B",null,"M","M","?","M","?","R","M"],"character_chosen":"THE_SILENT","items_purchased":["Calculated Gamble","Backflip"],"campfire_rested":0,"item_purchase_floors":[12,12],"current_hp_per_floor":[58,58,47,47,47,39,39,29,29,29,23,23,23,23,23,23,46,40,36,36,25,30,35,0],"gold":428,"neow_bonus":"THREE_RARE_CARDS","is_prod":false,"is_daily":false,"chose_seed":false,"campfire_upgraded":4,"win_rate":0,"timestamp":1552650804,"path_taken":["M","?","?","M","?","M","R","M","T","R","M","$","?","?","R","BOSS","M","?","?","M","?","R","M"],"build_version":"2019-01-23","purchased_purges":1,"victory":false,"max_hp_per_floor":[60,60,60,60,54,54,54,54,54,54,54,54,54,54,54,54,54,54,54,54,54,54,54,54],"card_choices":[{"not_picked":["Envenom","Venomology"],"picked":"Grand Finale","floor":0.0},{"not_picked":["Bouncing Flask","Bane","Slice"],"picked":"SKIP","floor":1.0},{"not_picked":["Bouncing Flask","Deadly Poison"],"picked":"Reflex","floor":4.0},{"not_picked":["Finisher","Deflect","Slice"],"picked":"SKIP","floor":6.0},{"not_picked":["Flying Knee","Bane"],"picked":"Acrobatics","floor":8.0},{"not_picked":["Quick Slash","Noxious Fumes"],"picked":"PiercingWail","floor":11.0},{"not_picked":["Backstab","Outmaneuver"],"picked":"Prepared","floor":14.0},{"not_picked":["All Out Attack","Deflect","Bane"],"picked":"SKIP","floor":18.0},{"not_picked":["Slice","Blur","Quick Slash"],"picked":"SKIP","floor":19.0},{"not_picked":["Backstab","Eviscerate","Slice"],"picked":"SKIP","floor":21}],"player_experience":104496,"relics_obtained":[{"floor":9.0,"key":"Art of War"},{"floor":13.0,"key":"MawBank"}],"event_choices":[{"cards_removed":["Strike_G"],"damage_healed":0.0,"max_hp_gain":0.0,"max_hp_loss":0.0,"gold_gain":0.0,"event_name":"Living Wall","player_choice":"Forget","floor":2.0,"gold_loss":0.0,"damage_taken":0.0},{"damage_healed":0.0,"max_hp_gain":0.0,"max_hp_loss":0.0,"gold_gain":75.0,"event_name":"World of Goop","player_choice":"Gather Gold","floor":3.0,"gold_loss":0.0,"damage_taken":11.0},{"damage_healed":0.0,"max_hp_gain":0.0,"max_hp_loss":6.0,"gold_gain":0.0,"event_name":"Golden Idol","player_choice":"Lose Max HP","floor":5.0,"gold_loss":0.0,"damage_taken":0.0,"relics_obtained":["Golden Idol"]},{"damage_healed":0.0,"max_hp_gain":0.0,"max_hp_loss":0.0,"gold_gain":0.0,"event_name":"Wheel of Change","player_choice":"Relic","floor":13.0,"gold_loss":0.0,"damage_taken":0.0},{"damage_healed":0.0,"max_hp_gain":0.0,"max_hp_loss":0.0,"gold_gain":0.0,"event_name":"Forgotten Altar","player_choice":"Gave Idol","floor":20.0,"relics_lost":["Golden Idol"],"gold_loss":0.0,"damage_taken":0.0,"relics_obtained":["Bloody Idol"]},{"damage_healed":0,"gold_gain":0,"player_choice":"Read","damage_taken":0,"max_hp_gain":0,"max_hp_loss":0,"event_name":"The Library","floor":22,"gold_loss":0,"cards_obtained":["Tactician"]}],"is_beta":false,"boss_relics":[{"not_picked":["Ring of the Serpent","Fusion Hammer"],"picked":"Empty Cage"}],"items_purged_floors":[12],"is_endless":false,"potions_floor_spawned":[1,8,11,14,21],"killed_by":"Snecko","ascension_level":16}