{"gold_per_floor":[359,378,389,314,12,41,41,41,64,94,94,128,128,142,142,217,217,233,203],"floor_reached":19,"playtime":1019,"items_purged":["Defend_B"],"score":520,"play_id":"ae420488-010f-4a32-aee0-f5a78f9cc6e3","local_time":"20190426215152","is_ascension_mode":true,"campfire_choices":[{"data":"Streamline","floor":8.0,"key":"SMITH"},{"data":"Hologram","floor":11.0,"key":"SMITH"},{"data":"Buffer","floor":15.0,"key":"SMITH"}],"neow_cost":"TEN_PERCENT_HP_LOSS","seed_source_timestamp":31699237952036,"circlet_count":0,"master_deck":["AscendersBane","Strike_B","Strike_B","Strike_B","Defend_B","Defend_B","Defend_B","Zap","Dualcast","Recycle","Hologram+1","Streamline+1","Buffer+1","Heatsinks","Glacier","Self Repair","Reboot"],"special_seed":0,"relics":["Cracked Core","ClockworkSouvenir","Bag of Preparation","PreservedInsect","Orichalcum","Kunai","SsserpentHead","Black Star"],"potions_floor_usage":[],"damage_taken":[{"damage":1.0,"enemies":"Cultist","floor":1.0,"turns":3.0},{"damage":4.0,"enemies":"2 Louse","floor":2.0,"turns":3.0},{"damage":2.0,"enemies":"Small Slimes","floor":3.0,"turns":5.0},{"damage":19.0,"enemies":"3 Sentries","floor":6.0,"turns":10.0},{"damage":0.0,"enemies":"Lagavulin","floor":10.0,"turns":4.0},{"damage":18.0,"enemies":"3 Sentries","floor":12.0,"turns":6.0},{"damage":3.0,"enemies":"Blue Slaver","floor":14.0,"turns":5.0},{"damage":0,"enemies":"The Guardian","floor":16,"turns":13},{"damage":18,"enemies":"3 Byrds","floor":18,"turns":7},{"damage":21,"enemies":"2 Thieves","floor":19,"turns":5}],"seed_played":"-5374828717730039261","potions_obtained":[{"floor":1.0,"key":"Dexterity Potion"},{"floor":3.0,"key":"Dexterity Potion"},{"floor":6.0,"key":"Poison Potion"},{"floor":12.0,"key":"FearPotion"},{"floor":18,"key":"Dexterity Potion"}],"is_trial":false,"path_per_floor":["M","M","M","?","$","E","$","R","T","E","R","E","?","M","R","B",null,"M","M"],"character_chosen":"DEFECT","items_purchased":["ClockworkSouvenir"],"campfire_rested":0,"item_purchase_floors":[5],"current_hp_per_floor":[63,59,57,57,57,38,38,38,38,38,38,20,20,17,17,24,54,43,22],"gold":203,"neow_bonus":"TWO_FIFTY_GOLD","is_prod":false,"is_daily":false,"chose_seed":false,"campfire_upgraded":3,"win_rate":0,"timestamp":1556286712,"path_taken":["M","?","M","?","$","E","$","R","T","E","R","E","?","M","R","BOSS","M","?"],"build_version":"2019-01-23","purchased_purges":1,"victory":false,"max_hp_per_floor":[64,64,64,64,64,64,64,64,64,64,64,64,64,64,64,64,64,64,64],"card_choices":[{"not_picked":["Lockon","Aggregate"],"picked":"Recycle","floor":1.0},{"not_picked":["Stack","Reprogram"],"picked":"Hologram","floor":2.0},{"not_picked":["Gash","Go for the Eyes"],"picked":"Streamline","floor":3.0},{"not_picked":["White Noise","Ball Lightning"],"picked":"Buffer","floor":6.0},{"not_picked":["FTL","Beam Cell"],"picked":"Heatsinks","floor":10.0},{"not_picked":["Beam Cell","Conserve Battery"],"picked":"Glacier","floor":12.0},{"not_picked":["Go for the Eyes","Hologram"],"picked":"Self Repair","floor":14.0},{"not_picked":["Meteor Strike","Creative AI"],"picked":"Reboot","floor":16},{"not_picked":["Heatsinks","Leap","Go for the Eyes"],"picked":"SKIP","floor":18}],"player_experience":4535789,"relics_obtained":[{"floor":6.0,"key":"Bag of Preparation"},{"floor":9.0,"key":"PreservedInsect"},{"floor":10.0,"key":"Orichalcum"},{"floor":12.0,"key":"Kunai"}],"event_choices":[{"cards_removed":["Strike_B"],"damage_healed":0.0,"max_hp_gain":0.0,"max_hp_loss":0.0,"gold_gain":0.0,"event_name":"The Cleric","player_choice":"Card Removal","floor":4.0,"gold_loss":75.0,"damage_taken":0.0},{"damage_healed":0.0,"max_hp_gain":0.0,"max_hp_loss":0.0,"gold_gain":0.0,"event_name":"FaceTrader","player_choice":"Trade","floor":13.0,"gold_loss":0.0,"damage_taken":0.0,"relics_obtained":["SsserpentHead"]}],"is_beta":false,"boss_relics":[{"not_picked":["FrozenCore","Eternal Feather"],"picked":"Black Star"}],"items_purged_floors":[5],"is_endless":false,"potions_floor_spawned":[1,3,6,12,16,18],"killed_by":"2 Thieves","ascension_level":20}