{"gold_per_floor":[119,137,148,160,160,194,194,211,211,273,273,52,63,89,89,188,188,201,201,185,185,211,245,245,245,245,276,295,98,111,142,142,237,237,255,267,94,110,110,136,152,179,179,179,196,196,225,243,243,243,243,243,0,33,33],"floor_reached":55,"playtime":5259,"items_purged":["Normality","Shame"],"score":1243,"play_id":"0ac6b13e-2e9a-452f-92a7-cec06850fa2b","local_time":"20190808235500","is_ascension_mode":true,"campfire_choices":[{"data":"Fission","floor":7.0,"key":"SMITH"},{"floor":11.0,"key":"REST"},{"data":"Creative AI","floor":15.0,"key":"SMITH"},{"data":"Glacier","floor":25.0,"key":"SMITH"},{"floor":32.0,"key":"REST"},{"data":"Rainbow","floor":46.0,"key":"SMITH"},{"floor":49.0,"key":"RECALL"},{"data":"Creative AI","floor":52.0,"key":"SMITH"}],"neow_cost":"NONE","seed_source_timestamp":0,"circlet_count":0,"master_deck":["AscendersBane","Strike_B","Strike_B","Strike_B","Strike_B","Defend_B","Defend_B","Defend_B","Defend_B","Zap+1","Dualcast","Glacier+1","Gash","Beam Cell","Fission+1","Defragment","Sunder","Blizzard","Gash","Creative AI+1","Amplify","Double Energy","Decay","Self Repair","Doubt","Undo","Steam","FTL","Storm","Creative AI+1","Coolheaded+1","Capacitor","Bandage Up","Gash+1","Steam+1","Rainbow+1"],"special_seed":0,"relics":["FrozenCore","Centennial Puzzle","Symbiotic Virus","Tiny Chest","Vajra","Bird Faced Urn","Cursed Key","PreservedInsect","Ornamental Fan","Bottled Lightning","Omamori","Juzu Bracelet","Kunai","Mummified Hand","Bag of Preparation","Shuriken","Orichalcum"],"potions_floor_usage":[],"damage_taken":[{"damage":0.0,"enemies":"Jaw Worm","floor":1.0,"turns":3.0},{"damage":1.0,"enemies":"2 Louse","floor":2.0,"turns":3.0},{"damage":0.0,"enemies":"Cultist","floor":3.0,"turns":3.0},{"damage":0.0,"enemies":"Large Slime","floor":4.0,"turns":6.0},{"damage":31.0,"enemies":"Gremlin Nob","floor":6.0,"turns":5.0},{"damage":0.0,"enemies":"Exordium Wildlife","floor":8.0,"turns":2.0},{"damage":6.0,"enemies":"3 Sentries","floor":10.0,"turns":9.0},{"damage":2.0,"enemies":"Blue Slaver","floor":13.0,"turns":2.0},{"damage":16.0,"enemies":"Gremlin Nob","floor":14.0,"turns":3.0},{"damage":32.0,"enemies":"The Guardian","floor":16.0,"turns":10.0},{"damage":13.0,"enemies":"3 Byrds","floor":18.0,"turns":4.0},{"damage":6.0,"enemies":"2 Thieves","floor":20.0,"turns":4.0},{"damage":30.0,"enemies":"Slavers","floor":23.0,"turns":3.0},{"damage":49.0,"enemies":"Gremlin Leader","floor":27.0,"turns":7.0},{"damage":25.0,"enemies":"Snecko","floor":28.0,"turns":8.0},{"damage":7.0,"enemies":"Centurion and Healer","floor":30.0,"turns":5.0},{"damage":24.0,"enemies":"Book of Stabbing","floor":31.0,"turns":4.0},{"damage":43.0,"enemies":"Champ","floor":33.0,"turns":10.0},{"damage":23.0,"enemies":"Orb Walker","floor":35.0,"turns":8.0},{"damage":29.0,"enemies":"3 Shapes","floor":36.0,"turns":5.0},{"damage":26.0,"enemies":"Jaw Worm Horde","floor":38.0,"turns":5.0},{"damage":23.0,"enemies":"Giant Head","floor":40.0,"turns":8.0},{"damage":16.0,"enemies":"4 Shapes","floor":41.0,"turns":8.0},{"damage":33.0,"enemies":"Nemesis","floor":42.0,"turns":8.0},{"damage":7.0,"enemies":"Sphere and 2 Shapes","floor":45.0,"turns":5.0},{"damage":0.0,"enemies":"Giant Head","floor":47.0,"turns":7.0},{"damage":5.0,"enemies":"Jaw Worm Horde","floor":48.0,"turns":5.0},{"damage":71.0,"enemies":"Awakened One","floor":50.0,"turns":20.0},{"damage":60.0,"enemies":"Shield and Spear","floor":54.0,"turns":5.0},{"damage":69,"enemies":"The Heart","floor":55,"turns":3}],"seed_played":"-8348321137191267325","potions_obtained":[{"floor":1.0,"key":"SkillPotion"},{"floor":3.0,"key":"SpeedPotion"},{"floor":8.0,"key":"EssenceOfSteel"},{"floor":10.0,"key":"SneckoOil"},{"floor":18.0,"key":"FearPotion"},{"floor":28.0,"key":"Poison Potion"},{"floor":33.0,"key":"FearPotion"},{"floor":38.0,"key":"Energy Potion"},{"floor":40.0,"key":"Strength Potion"},{"floor":48.0,"key":"FocusPotion"},{"floor":54.0,"key":"AttackPotion"}],"is_trial":false,"path_per_floor":["M","M","M","M","?","E","R","M","T","E","R","$","M","E","R","B",null,"M","?","M","?","T","E","T","R","T","E","M","$","M","E","R","B",null,"M","M","$","M","?","E","M","E","T","T","M","R","E","M","R","B",null,"R","$","E","B"],"character_chosen":"DEFECT","items_purchased":["Blizzard","Vajra","Steam","FTL","Capacitor","Shuriken"],"campfire_rested":2,"item_purchase_floors":[12,12,29,29,37,53],"current_hp_per_floor":[68,67,67,67,72,41,41,41,41,35,59,59,57,41,41,35,69,66,66,62,62,62,49,49,49,49,14,22,22,36,35,59,71,78,80,63,63,70,70,74,80,80,80,80,80,80,80,80,80,46,72,72,72,55,0],"gold":33,"neow_bonus":"UPGRADE_CARD","is_prod":false,"is_daily":false,"chose_seed":false,"campfire_upgraded":5,"win_rate":0,"timestamp":1565322900,"path_taken":["M","M","M","M","?","E","R","M","T","E","R","$","M","E","R","BOSS","M","?","M","?","?","E","?","R","T","E","M","$","?","E","R","BOSS","M","M","$","M","?","E","M","E","T","?","M","R","E","M","R","BOSS","R","$","E","BOSS"],"build_version":"2019-07-17","purchased_purges":2,"victory":false,"max_hp_per_floor":[75,75,75,75,80,80,80,80,80,80,80,80,80,80,80,80,80,80,80,80,80,80,80,80,80,80,80,80,80,80,80,80,80,80,80,80,80,80,80,80,80,80,80,80,80,80,80,80,80,80,80,80,80,80,80],"card_choices":[{"not_picked":["Chill","Heatsinks"],"picked":"Glacier","floor":1.0},{"not_picked":["Conserve Battery","Turbo"],"picked":"Gash","floor":2.0},{"not_picked":["Redo","Compile Driver"],"picked":"Beam Cell","floor":3.0},{"not_picked":["Storm","Stack","Static Discharge"],"picked":"SKIP","floor":4.0},{"not_picked":["Turbo","Ball Lightning"],"picked":"Fission","floor":6.0},{"not_picked":["Coolheaded","Hologram"],"picked":"Defragment","floor":8.0},{"not_picked":["Cold Snap","Compile Driver"],"picked":"Sunder","floor":10.0},{"not_picked":["Sweeping Beam","Streamline"],"picked":"Gash","floor":13.0},{"not_picked":["Loop","Core Surge"],"picked":"Creative AI","floor":14.0},{"not_picked":["Meteor Strike","All For One"],"picked":"Amplify","floor":16.0},{"not_picked":["Melter+1","Ball Lightning"],"picked":"Double Energy","floor":18.0},{"not_picked":["Streamline","Force Field"],"picked":"Self Repair","floor":20.0},{"not_picked":["BootSequence","Compile Driver+1","Redo"],"picked":"SKIP","floor":23.0},{"not_picked":["Chaos","Steam","Fission"],"picked":"SKIP","floor":27.0},{"not_picked":["Lockon","Fusion+1"],"picked":"Undo","floor":28.0},{"not_picked":["Barrage","White Noise"],"picked":"Storm","floor":30.0},{"not_picked":["Rebound","Stack","Recycle"],"picked":"SKIP","floor":31.0},{"not_picked":["Meteor Strike","All For One"],"picked":"Creative AI","floor":33.0},{"not_picked":["BootSequence+1","Genetic Algorithm+1","Gash"],"picked":"SKIP","floor":35.0},{"not_picked":["Rebound+1","Cold Snap+1"],"picked":"Coolheaded+1","floor":36.0},{"not_picked":["Leap","Compile Driver","Hologram"],"picked":"SKIP","floor":38.0},{"not_picked":["Swift Strike","Forethought"],"picked":"Bandage Up","floor":39.0},{"not_picked":["Leap+1","Streamline"],"picked":"Gash+1","floor":40.0},{"not_picked":["Melter+1","Rip and Tear"],"picked":"Steam+1","floor":41.0},{"not_picked":["Cold Snap+1","Turbo+1","Steam+1"],"picked":"SKIP","floor":42.0},{"not_picked":["Coolheaded","Force Field+1"],"picked":"Rainbow","floor":45.0},{"not_picked":["Coolheaded","Rip and Tear+1","Steam"],"picked":"SKIP","floor":47.0},{"not_picked":["Redo+1","Hologram","Stack"],"picked":"SKIP","floor":48.0},{"not_picked":["Steam","Undo","Rebound+1"],"picked":"SKIP","floor":54.0}],"player_experience":501189,"relics_obtained":[{"floor":6.0,"key":"Centennial Puzzle"},{"floor":9.0,"key":"Symbiotic Virus"},{"floor":10.0,"key":"Tiny Chest"},{"floor":14.0,"key":"Bird Faced Urn"},{"floor":22.0,"key":"PreservedInsect"},{"floor":23.0,"key":"Ornamental Fan"},{"floor":24.0,"key":"Bottled Lightning"},{"floor":27.0,"key":"Omamori"},{"floor":31.0,"key":"Juzu Bracelet"},{"floor":40.0,"key":"Kunai"},{"floor":42.0,"key":"Mummified Hand"},{"floor":47.0,"key":"Bag of Preparation"},{"floor":54.0,"key":"Orichalcum"}],"event_choices":[{"damage_healed":0.0,"max_hp_gain":5.0,"max_hp_loss":0.0,"gold_gain":0.0,"event_name":"Big Fish","player_choice":"Donut","floor":5.0,"gold_loss":0.0,"damage_taken":0.0},{"damage_healed":0.0,"max_hp_gain":0.0,"max_hp_loss":0.0,"gold_gain":0.0,"event_name":"Forgotten Altar","player_choice":"Smashed Altar","floor":19.0,"gold_loss":0.0,"damage_taken":0.0,"cards_obtained":["Decay"]},{"damage_healed":0.0,"max_hp_gain":0.0,"max_hp_loss":0.0,"gold_gain":0.0,"event_name":"The Mausoleum","player_choice":"Ignored","floor":21.0,"gold_loss":0.0,"damage_taken":0.0},{"damage_healed":0.0,"max_hp_gain":0.0,"max_hp_loss":0.0,"gold_gain":0.0,"event_name":"SensoryStone","player_choice":"Memory 1","floor":39.0,"gold_loss":0.0,"damage_taken":0.0}],"is_beta":false,"boss_relics":[{"not_picked":["Busted Crown","Empty Cage"],"picked":"Cursed Key"},{"not_picked":["Black Star","Orrery"],"picked":"FrozenCore"}],"items_purged_floors":[29,37],"is_endless":false,"potions_floor_spawned":[1,3,8,10,18,28,33,38,40,48,54],"killed_by":"The Heart","ascension_level":10}