{"gold_per_floor":[114,114,134,149,149,149,172,203,274,304,323,105,128,152,152,272,272,288,306,306,18,33,33,33],"floor_reached":24,"playtime":1856,"items_purged":[],"score":270,"play_id":"a17571c8-1449-4fe3-9acd-4462e4ff9174","local_time":"20190803204303","is_ascension_mode":true,"campfire_choices":[{"data":"Zap","floor":6.0,"key":"SMITH"},{"floor":15.0,"key":"REST"},{"floor":23,"key":"REST"}],"neow_cost":"NONE","seed_source_timestamp":0,"circlet_count":0,"master_deck":["Strike_B+1","Strike_B","Strike_B","Defend_B","Defend_B","Defend_B","Defend_B","Zap+1","Dualcast","Redo","Compile Driver","Sweeping Beam","Cold Snap+1","Streamline","Core Surge","Go for the Eyes","Defragment","Gash","Conserve Battery","Creative AI","Conserve Battery","Tempest","Storm","Gash"],"special_seed":0,"relics":["Cracked Core","Golden Idol","Dead Branch","Cables","Odd Mushroom","Whetstone","Cursed Key","Singing Bowl","ClockworkSouvenir"],"potions_floor_usage":[22],"damage_taken":[{"damage":2.0,"enemies":"Small Slimes","floor":1.0,"turns":3.0},{"damage":2.0,"enemies":"Jaw Worm","floor":3.0,"turns":3.0},{"damage":0.0,"enemies":"2 Louse","floor":4.0,"turns":1.0},{"damage":5.0,"enemies":"2 Fungi Beasts","floor":7.0,"turns":3.0},{"damage":26.0,"enemies":"Lagavulin","floor":8.0,"turns":5.0},{"damage":6.0,"enemies":"The Mushroom Lair","floor":10.0,"turns":5.0},{"damage":2.0,"enemies":"Exordium Wildlife","floor":11.0,"turns":3.0},{"damage":4.0,"enemies":"Blue Slaver","floor":13.0,"turns":3.0},{"damage":6.0,"enemies":"3 Louse","floor":14.0,"turns":2.0},{"damage":33.0,"enemies":"The Guardian","floor":16.0,"turns":12.0},{"damage":8,"enemies":"Spheric Guardian","floor":18,"turns":3},{"damage":15,"enemies":"3 Byrds","floor":19,"turns":4},{"damage":20,"enemies":"Cultist and Chosen","floor":22,"turns":5},{"damage":29,"enemies":"Slavers","floor":24,"turns":2}],"seed_played":"-5875349160145116033","potions_obtained":[{"floor":1.0,"key":"Regen Potion"},{"floor":3.0,"key":"SneckoOil"},{"floor":7.0,"key":"LiquidBronze"},{"floor":13.0,"key":"Swift Potion"},{"floor":16.0,"key":"Swift Potion"},{"floor":18,"key":"Dexterity Potion"}],"is_trial":false,"path_per_floor":["M","?","M","M","T","R","M","E","T","?","M","$","M","M","R","B",null,"M","M","?","$","M","R","E"],"character_chosen":"DEFECT","items_purchased":["Defragment","Whetstone","ClockworkSouvenir","Storm"],"campfire_rested":2,"item_purchase_floors":[12,12,21,21],"current_hp_per_floor":[66,66,64,64,64,64,59,33,33,27,25,25,21,15,35,17,56,48,33,33,33,13,33,4],"gold":33,"neow_bonus":"TRANSFORM_CARD","is_prod":false,"is_daily":false,"chose_seed":false,"campfire_upgraded":1,"win_rate":0,"timestamp":1564879383,"path_taken":["M","?","M","M","?","R","M","E","T","?","M","$","M","M","R","BOSS","M","M","?","$","M","R","E"],"build_version":"2019-07-17","purchased_purges":0,"victory":false,"max_hp_per_floor":[75,69,69,69,69,69,69,69,69,69,69,69,69,69,69,69,69,69,69,69,69,69,69,69],"card_choices":[{"not_picked":["Steam Power","Aggregate"],"picked":"Compile Driver","floor":1.0},{"not_picked":["Loop","BootSequence"],"picked":"Sweeping Beam","floor":3.0},{"not_picked":["Hello World","Rebound"],"picked":"Cold Snap","floor":4.0},{"not_picked":["Hello World","Cold Snap"],"picked":"Streamline","floor":7.0},{"not_picked":["Doom and Gloom","Blizzard"],"picked":"Core Surge","floor":8.0},{"not_picked":["Steam","Stack"],"picked":"Go for the Eyes","floor":10.0},{"not_picked":["Redo","Heatsinks","Ball Lightning"],"picked":"SKIP","floor":11.0},{"not_picked":["Turbo","Streamline"],"picked":"Gash","floor":13.0},{"not_picked":["Melter","Streamline"],"picked":"Conserve Battery","floor":14.0},{"not_picked":["Fission","Echo Form"],"picked":"Creative AI","floor":16.0},{"not_picked":["Barrage","Hologram"],"picked":"Conserve Battery","floor":18},{"not_picked":["Barrage","Stack"],"picked":"Tempest","floor":19},{"not_picked":["Auto Shields","Ball Lightning"],"picked":"Gash","floor":22}],"player_experience":454630,"relics_obtained":[{"floor":8.0,"key":"Dead Branch"},{"floor":9.0,"key":"Cables"},{"floor":10.0,"key":"Odd Mushroom"}],"event_choices":[{"damage_healed":0.0,"max_hp_gain":0.0,"max_hp_loss":6.0,"gold_gain":0.0,"event_name":"Golden Idol","player_choice":"Lose Max HP","floor":2.0,"gold_loss":0.0,"damage_taken":0.0,"relics_obtained":["Golden Idol"]},{"damage_healed":0.0,"max_hp_gain":0.0,"max_hp_loss":0.0,"gold_gain":0.0,"event_name":"Mushrooms","player_choice":"Fought Mushrooms","floor":10.0,"gold_loss":0.0,"damage_taken":0.0},{"damage_healed":0,"gold_gain":0,"player_choice":"Opened","damage_taken":0,"relics_obtained":["Singing Bowl"],"max_hp_gain":0,"max_hp_loss":0,"event_name":"The Mausoleum","floor":20,"gold_loss":0}],"is_beta":false,"boss_relics":[{"not_picked":["Runic Dome","Busted Crown"],"picked":"Cursed Key"}],"items_purged_floors":[],"is_endless":false,"potions_floor_spawned":[1,3,7,10,13,16,18],"killed_by":"Slavers","ascension_level":7}