{"gold_per_floor":[109,34,34,54,54,54,89,101,140,198,243,255,267,296,308,399,411,443,455,339,351,351],"floor_reached":22,"playtime":651,"items_purged":["Strike_B"],"score":430,"play_id":"c11e9c68-b4f4-490b-87db-93862725bf39","local_time":"20190321181829","is_ascension_mode":true,"campfire_choices":[{"data":"Dualcast","floor":6,"key":"SMITH"},{"data":"Zap","floor":8,"key":"SMITH"},{"data":"Self Repair","floor":12,"key":"SMITH"},{"floor":15,"key":"RECALL"}],"neow_cost":"NONE","seed_source_timestamp":23623212778821,"circlet_count":0,"master_deck":["AscendersBane","Strike_B","Defend_B","Defend_B","Defend_B","Defend_B","Zap+1","Dualcast+1","Cold Snap","Ball Lightning","Self Repair+1","Chill","Creative AI","Loop+1","Glacier","Chaos+1"],"special_seed":0,"relics":["Cracked Core","NeowsBlessing","MawBank","Smiling Mask","Centennial Puzzle","Pantograph","Velvet Choker"],"potions_floor_usage":[16,18,22,22],"damage_taken":[{"damage":0.0,"enemies":"Cultist","floor":1.0,"turns":1.0},{"damage":0.0,"enemies":"Small Slimes","floor":4.0,"turns":1.0},{"damage":0,"enemies":"Gremlin Nob","floor":7,"turns":1},{"damage":30,"enemies":"3 Sentries","floor":11,"turns":8},{"damage":0,"enemies":"2 Louse","floor":14,"turns":3},{"damage":42,"enemies":"Slime Boss","floor":16,"turns":10},{"damage":28,"enemies":"2 Thieves","floor":18,"turns":5},{"damage":9,"enemies":"Chosen","floor":21,"turns":5},{"damage":0,"enemies":"Masked Bandits","floor":22,"turns":2}],"seed_played":"2715201725096879822","potions_obtained":[{"floor":4.0,"key":"AttackPotion"},{"floor":11,"key":"SkillPotion"},{"floor":16,"key":"Swift Potion"},{"floor":21,"key":"SkillPotion"}],"is_trial":false,"path_per_floor":["M","?","?","M","?","R","E","R","T","T","E","R","$","M","R","B",null,"M","?","$","M","?"],"character_chosen":"DEFECT","items_purchased":["Glacier"],"campfire_rested":0,"item_purchase_floors":[20],"current_hp_per_floor":[64,64,71,71,71,71,71,71,71,71,48,48,48,58,58,39,63,45,45,45,46,46],"gold":351,"neow_bonus":"THREE_ENEMY_KILL","is_prod":false,"is_daily":false,"chose_seed":false,"campfire_upgraded":3,"win_rate":0,"timestamp":1553163509,"path_taken":["M","?","?","?","?","R","E","R","T","?","E","R","$","M","R","BOSS","M","?","$","M","?"],"build_version":"2019-01-23","purchased_purges":1,"victory":false,"max_hp_per_floor":[71,71,71,71,71,71,71,71,71,71,71,71,71,71,71,71,71,71,71,71,71,71],"card_choices":[{"not_picked":["Lockon","Coolheaded"],"picked":"Cold Snap","floor":1.0},{"not_picked":["Stack","Chaos"],"picked":"Ball Lightning","floor":4.0},{"not_picked":["Static Discharge","Steam Power"],"picked":"Self Repair","floor":7},{"not_picked":["Steam","Reboot"],"picked":"Chill","floor":11},{"not_picked":["Beam Cell","Gash","Sweeping Beam"],"picked":"SKIP","floor":14},{"not_picked":["Hyperbeam","Meteor Strike"],"picked":"Creative AI","floor":16},{"not_picked":["Gash","Static Discharge"],"picked":"Loop+1","floor":18},{"not_picked":["Streamline","Storm"],"picked":"Chaos+1","floor":21}],"player_experience":3773091,"relics_obtained":[{"floor":7,"key":"MawBank"},{"floor":9,"key":"Smiling Mask"},{"floor":10,"key":"Centennial Puzzle"},{"floor":11,"key":"Pantograph"}],"event_choices":[{"cards_removed":["Strike_B"],"damage_healed":0.0,"max_hp_gain":0.0,"max_hp_loss":0.0,"gold_gain":0.0,"event_name":"The Cleric","player_choice":"Card Removal","floor":2.0,"gold_loss":75.0,"damage_taken":0.0},{"damage_healed":7.0,"max_hp_gain":0.0,"max_hp_loss":0.0,"gold_gain":0.0,"event_name":"Wheel of Change","player_choice":"Full Heal","floor":3.0,"gold_loss":0.0,"damage_taken":0.0},{"cards_removed":["Strike_B"],"damage_healed":0,"gold_gain":0,"player_choice":"Forget","damage_taken":0,"max_hp_gain":0,"max_hp_loss":0,"event_name":"Living Wall","floor":5,"gold_loss":0},{"damage_healed":0,"gold_gain":0,"player_choice":"Ignored","damage_taken":0,"max_hp_gain":0,"max_hp_loss":0,"event_name":"The Mausoleum","floor":19,"gold_loss":0},{"damage_healed":0,"gold_gain":0,"player_choice":"Fought Bandits","damage_taken":0,"max_hp_gain":0,"max_hp_loss":0,"event_name":"Masked Bandits","floor":22,"gold_loss":0}],"is_beta":false,"boss_relics":[{"not_picked":["Inserter","Busted Crown"],"picked":"Velvet Choker"}],"items_purged_floors":[20],"is_endless":false,"potions_floor_spawned":[4,11,16,21],"killed_by":"Masked Bandits","ascension_level":20}