{"gold_per_floor":[110,126,50,69,84,84,116,116,116,116,116,116,132,148,148,219,219,239,253,253,168,168],"floor_reached":22,"playtime":638,"items_purged":[],"score":372,"play_id":"803e313e-339f-4cf6-8846-5cd0048ce510","local_time":"20190505164531","is_ascension_mode":true,"campfire_choices":[{"data":"Sunder","floor":6.0,"key":"SMITH"},{"data":"Jack Of All Trades","floor":8.0,"key":"SMITH"},{"data":"Dualcast","floor":10.0,"key":"SMITH"},{"data":"Coolheaded","floor":12.0,"key":"SMITH"},{"data":"Trip","floor":15.0,"key":"SMITH"}],"neow_cost":"TEN_PERCENT_HP_LOSS","seed_source_timestamp":25394427162999,"circlet_count":0,"master_deck":["AscendersBane","Strike_B","Strike_B","Strike_B","Strike_B","Defend_B","Defend_B","Defend_B","Defend_B","Zap+1","Dualcast+1","Jack Of All Trades+1","Trip+1","Self Repair","Undo","Sunder+1","Coolheaded+1","Echo Form","FTL","Meteor Strike","Turbo"],"special_seed":0,"relics":["Cracked Core","Sundial","Pantograph","Coffee Dripper","Nilry\u0027s Codex","Darkstone Periapt"],"potions_floor_usage":[19],"damage_taken":[{"damage":4.0,"enemies":"Jaw Worm","floor":1.0,"turns":4.0},{"damage":1.0,"enemies":"Cultist","floor":2.0,"turns":3.0},{"damage":10.0,"enemies":"Small Slimes","floor":4.0,"turns":3.0},{"damage":13.0,"enemies":"Blue Slaver","floor":5.0,"turns":6.0},{"damage":8.0,"enemies":"Gremlin Nob","floor":7.0,"turns":3.0},{"damage":24.0,"enemies":"Exordium Wildlife","floor":13.0,"turns":4.0},{"damage":20.0,"enemies":"Gremlin Gang","floor":14.0,"turns":5.0},{"damage":36.0,"enemies":"The Guardian","floor":16.0,"turns":10.0},{"damage":0.0,"enemies":"Chosen","floor":18.0,"turns":2.0},{"damage":5,"enemies":"Spheric Guardian","floor":19,"turns":4},{"damage":41,"enemies":"Centurion and Healer","floor":22,"turns":5}],"seed_played":"6510766027316201143","potions_obtained":[{"floor":5.0,"key":"Swift Potion"},{"floor":7.0,"key":"LiquidBronze"},{"floor":16.0,"key":"Block Potion"}],"is_trial":false,"path_per_floor":["M","M","$","M","M","R","E","R","T","R","?","R","M","M","R","B",null,"M","M","?","?","M"],"character_chosen":"DEFECT","items_purchased":["Sunder"],"campfire_rested":0,"item_purchase_floors":[3],"current_hp_per_floor":[60,64,64,61,55,55,54,54,54,54,54,54,37,24,24,20,53,53,55,34,34,0],"gold":168,"neow_bonus":"RANDOM_COLORLESS_2","is_prod":false,"is_daily":false,"chose_seed":false,"campfire_upgraded":5,"win_rate":0,"timestamp":1557045931,"path_taken":["M","M","$","M","M","R","E","R","T","R","?","R","M","?","R","BOSS","M","M","?","?","M"],"build_version":"2019-01-23","purchased_purges":0,"victory":false,"max_hp_per_floor":[64,64,64,64,64,64,64,64,64,64,64,64,64,64,64,64,64,64,64,64,64,64],"card_choices":[{"not_picked":["Hologram","Ball Lightning"],"picked":"Self Repair","floor":1.0},{"not_picked":["Stack","Compile Driver"],"picked":"Undo","floor":2.0},{"not_picked":["Leap","Streamline"],"picked":"Coolheaded","floor":4.0},{"not_picked":["Capacitor","Force Field"],"picked":"Echo Form","floor":5.0},{"not_picked":["Sunder","Sweeping Beam","Redo"],"picked":"SKIP","floor":7.0},{"not_picked":["Streamline","Leap","Stack"],"picked":"SKIP","floor":13.0},{"not_picked":["Streamline","Rebound"],"picked":"FTL","floor":14.0},{"not_picked":["Reboot","Thunder Strike"],"picked":"Meteor Strike","floor":16.0},{"not_picked":["Streamline","Go for the Eyes","Static Discharge"],"picked":"SKIP","floor":18.0},{"not_picked":["Sunder","Coolheaded"],"picked":"Turbo","floor":19}],"player_experience":4600063,"relics_obtained":[{"floor":7.0,"key":"Sundial"},{"floor":9.0,"key":"Pantograph"},{"floor":20,"key":"Nilry\u0027s Codex"}],"event_choices":[{"damage_healed":0.0,"max_hp_gain":0.0,"max_hp_loss":0.0,"gold_gain":0.0,"event_name":"Upgrade Shrine","player_choice":"Upgraded","floor":11.0,"gold_loss":0.0,"damage_taken":0.0,"cards_upgraded":["Zap"]},{"damage_healed":0,"gold_gain":0,"player_choice":"Obtained Book","damage_taken":21,"max_hp_gain":0,"max_hp_loss":0,"event_name":"Cursed Tome","floor":20,"gold_loss":0},{"damage_healed":0,"gold_gain":0,"player_choice":"Obtained Relic","damage_taken":0,"relics_obtained":["Darkstone Periapt"],"max_hp_gain":0,"max_hp_loss":0,"event_name":"Addict","floor":21,"gold_loss":85}],"is_beta":false,"boss_relics":[{"not_picked":["Inserter","FrozenCore"],"picked":"Coffee Dripper"}],"items_purged_floors":[],"is_endless":false,"potions_floor_spawned":[5,7,14,16,18],"killed_by":"Centurion and Healer","ascension_level":20}