{"gold_per_floor":[365,5,5,21,39,39,53,65,118,118,118,151,171,171,171,248,248,260,160,178,53,72,72,72,89,89,50,50,67,79,79,79,157,157,172,22,22,40,60,60],"floor_reached":40,"playtime":2236,"items_purged":["Defend_G","Strike_G","Defend_G","Strike_G"],"score":909,"play_id":"347e47b1-40d4-4b5c-8f08-cbceaf1b683e","local_time":"20181229125627","is_ascension_mode":true,"campfire_choices":[{"data":"Noxious Fumes","floor":6.0,"key":"SMITH"},{"data":"Well Laid Plans","floor":11.0,"key":"SMITH"},{"data":"Expertise","floor":15.0,"key":"SMITH"},{"data":"Grand Finale","floor":23.0,"key":"SMITH"},{"data":"Well Laid Plans","floor":32.0,"key":"SMITH"}],"neow_cost":"TEN_PERCENT_HP_LOSS","seed_source_timestamp":5222894561017,"circlet_count":0,"master_deck":["AscendersBane","Defend_G","Defend_G","Defend_G","Survivor","Neutralize","Expertise+1","Noxious Fumes+1","Well Laid Plans+1","Backflip","Grand Finale+1","Corpse Explosion+1","Bullet Time+1","Bouncing Flask+1","Well Laid Plans+1"],"special_seed":0,"relics":["Ring of the Snake","Pantograph","Vajra","Shuriken","Singing Bowl","Astrolabe","Black Star"],"potions_floor_usage":[],"damage_taken":[{"damage":5.0,"enemies":"Small Slimes","floor":1.0,"turns":8.0},{"damage":23.0,"enemies":"Jaw Worm","floor":4.0,"turns":9.0},{"damage":2.0,"enemies":"2 Louse","floor":5.0,"turns":3.0},{"damage":13.0,"enemies":"Large Slime","floor":7.0,"turns":9.0},{"damage":9.0,"enemies":"Exordium Thugs","floor":8.0,"turns":6.0},{"damage":10.0,"enemies":"3 Sentries","floor":12.0,"turns":8.0},{"damage":0.0,"enemies":"3 Louse","floor":13.0,"turns":2.0},{"damage":0.0,"enemies":"Large Slime","floor":14.0,"turns":3.0},{"damage":2.0,"enemies":"The Guardian","floor":16.0,"turns":7.0},{"damage":13.0,"enemies":"Chosen","floor":18.0,"turns":4.0},{"damage":20.0,"enemies":"Shell Parasite","floor":20.0,"turns":6.0},{"damage":0.0,"enemies":"3 Cultists","floor":22.0,"turns":3.0},{"damage":8.0,"enemies":"Snecko","floor":25.0,"turns":4.0},{"damage":7.0,"enemies":"Cultist and Chosen","floor":29.0,"turns":5.0},{"damage":6.0,"enemies":"Centurion and Healer","floor":30.0,"turns":3.0},{"damage":0.0,"enemies":"Collector","floor":33.0,"turns":6.0},{"damage":3.0,"enemies":"Orb Walker","floor":35.0,"turns":3.0},{"damage":4.0,"enemies":"3 Shapes","floor":38.0,"turns":4.0},{"damage":45.0,"enemies":"Spire Growth","floor":39.0,"turns":4.0},{"damage":45,"enemies":"Reptomancer","floor":40,"turns":4}],"seed_played":"3061208642440235547","potions_obtained":[{"floor":8.0,"key":"Explosive Potion"},{"floor":12.0,"key":"SmokeBomb"},{"floor":16.0,"key":"FearPotion"},{"floor":29.0,"key":"SkillPotion"},{"floor":30.0,"key":"Regen Potion"}],"is_trial":false,"path_per_floor":["M","$","?","M","M","R","M","M","T","T","R","E","M","M","R","B",null,"M","$","M","$","M","R","?","M","T","$","?","M","M","?","R","B",null,"M","$","?","M","M","E"],"character_chosen":"THE_SILENT","items_purchased":["Pantograph","Well Laid Plans"],"campfire_rested":0,"item_purchase_floors":[2,27],"current_hp_per_floor":[54,54,59,36,34,34,21,12,12,12,12,2,4,4,4,29,59,48,48,30,30,32,32,32,26,26,26,26,21,17,17,17,44,73,72,72,72,84,41,0],"gold":60,"neow_bonus":"TWO_FIFTY_GOLD","is_prod":false,"is_daily":false,"chose_seed":false,"campfire_upgraded":5,"win_rate":0,"timestamp":1546059387,"path_taken":["M","$","?","M","M","R","M","M","T","?","R","E","M","M","R","BOSS","M","$","M","$","M","R","?","M","T","$","?","?","M","?","R","BOSS","M","$","?","M","M","E"],"build_version":"2018-12-20","purchased_purges":4,"victory":false,"max_hp_per_floor":[60,60,65,65,65,65,65,65,65,65,65,65,67,67,67,69,69,71,71,73,73,75,75,75,77,77,77,77,79,81,81,81,83,83,85,85,85,87,89,89],"card_choices":[{"not_picked":["Dagger Spray","Prepared"],"picked":"Expertise","floor":1.0},{"not_picked":["Infinite Blades","Bane"],"picked":"Noxious Fumes","floor":4.0},{"not_picked":["Sucker Punch","Quick Slash"],"picked":"Well Laid Plans","floor":5.0},{"not_picked":["Dagger Throw","Slice"],"picked":"Backflip","floor":7.0},{"not_picked":["Quick Slash","Dodge and Roll","Expertise"],"picked":"SKIP","floor":8.0},{"not_picked":["Quick Slash","Venomology"],"picked":"Grand Finale","floor":12.0},{"not_picked":["PiercingWail","Slice","Bouncing Flask"],"picked":"Singing Bowl","floor":13.0},{"not_picked":["Die Die Die","A Thousand Cuts","Wraith Form v2"],"picked":"Singing Bowl","floor":16.0},{"not_picked":["Dagger Throw","Flying Knee","Finisher"],"picked":"Singing Bowl","floor":18.0},{"not_picked":["Setup","Poisoned Stab","Sucker Punch"],"picked":"Singing Bowl","floor":20.0},{"not_picked":["Sucker Punch","Eviscerate+1","Quick Slash"],"picked":"Singing Bowl","floor":22.0},{"not_picked":["Blade Dance","Flechettes","Skewer"],"picked":"Singing Bowl","floor":25.0},{"not_picked":["Poisoned Stab","Slice+1","Storm of Steel"],"picked":"Singing Bowl","floor":29.0},{"not_picked":["Backflip","PiercingWail","Dagger Spray"],"picked":"Singing Bowl","floor":30.0},{"not_picked":["Malaise","Die Die Die","Wraith Form v2"],"picked":"Singing Bowl","floor":33.0},{"not_picked":["Leg Sweep","Outmaneuver+1","Sucker Punch"],"picked":"Singing Bowl","floor":35.0},{"not_picked":["All Out Attack","PiercingWail","Choke"],"picked":"Singing Bowl","floor":38.0},{"not_picked":["Poisoned Stab+1","PiercingWail","Dagger Throw+1"],"picked":"Singing Bowl","floor":39.0}],"player_experience":1560535,"relics_obtained":[{"floor":9.0,"key":"Vajra"},{"floor":10.0,"key":"Shuriken"},{"floor":12.0,"key":"Singing Bowl"}],"event_choices":[{"damage_healed":0.0,"max_hp_gain":5.0,"max_hp_loss":0.0,"gold_gain":0.0,"event_name":"Big Fish","player_choice":"Donut","floor":3.0,"gold_loss":0.0,"damage_taken":0.0},{"damage_healed":0.0,"max_hp_gain":0.0,"max_hp_loss":0.0,"gold_gain":0.0,"event_name":"Beggar","player_choice":"Ignored","floor":24.0,"gold_loss":0.0,"damage_taken":0.0},{"damage_healed":0.0,"max_hp_gain":0.0,"max_hp_loss":0.0,"gold_gain":0.0,"event_name":"Match and Keep!","player_choice":"0 cards matched","floor":28.0,"gold_loss":0.0,"damage_taken":0.0,"cards_obtained":[]},{"damage_healed":0.0,"max_hp_gain":0.0,"max_hp_loss":0.0,"gold_gain":0.0,"event_name":"The Mausoleum","player_choice":"Ignored","floor":31.0,"gold_loss":0.0,"damage_taken":0.0},{"damage_healed":0.0,"max_hp_gain":0.0,"max_hp_loss":0.0,"gold_gain":0.0,"event_name":"Mysterious Sphere","player_choice":"Ignored","floor":37.0,"gold_loss":0.0,"damage_taken":0.0}],"is_beta":false,"boss_relics":[{"not_picked":["HoveringKite","WristBlade"],"picked":"Astrolabe"},{"not_picked":["Eternal Feather","Philosopher\u0027s Stone"],"picked":"Black Star"}],"items_purged_floors":[2,19,21,36],"is_endless":false,"potions_floor_spawned":[8,12,16,29,30],"killed_by":"Reptomancer","ascension_level":20}