{"gold_per_floor":[111,111,130,140,65,98,98,132,204,237,237,237,316,329,329,422,422,446,446,155,170,170,170,220,238,238,163,163,177,189,208,208,285,285,303,303,323,340,440,467,467,479,479,510,528,538,538,549,549,549,549,549,549,174,208,208],"floor_reached":57,"playtime":3292,"items_purged":["Strike_G","Defend_G"],"score":3143,"play_id":"e20fda69-4279-462d-9217-20af01472f31","local_time":"20190305225840","is_ascension_mode":true,"campfire_choices":[{"data":"Bouncing Flask","floor":7.0,"key":"SMITH"},{"data":"Deadly Poison","floor":11.0,"key":"SMITH"},{"data":"Tactician","floor":15.0,"key":"SMITH"},{"data":"Distraction","floor":23.0,"key":"SMITH"},{"data":"Neutralize","floor":28.0,"key":"SMITH"},{"data":"Deflect","floor":32.0,"key":"SMITH"},{"data":"Strike_G","floor":41.0,"key":"PURGE"},{"floor":47.0,"key":"RECALL"},{"data":"Defend_G","floor":49.0,"key":"PURGE"},{"data":"Defend_G","floor":53,"key":"PURGE"}],"neow_cost":"NONE","seed_source_timestamp":38884721023104,"circlet_count":0,"master_deck":["AscendersBane","Defend_G","Defend_G","Survivor","Neutralize+1","Deflect+1","Distraction+1","Bouncing Flask+1","Tactician+1","Deadly Poison+1","Setup+1","Acrobatics+1","Malaise+1","Cloak And Dagger+1","PiercingWail+1","Catalyst+1","After Image","Malaise+1","Acrobatics+1","Wraith Form v2","Catalyst+1","Catalyst+1","Backflip+1","Escape Plan+1","Bouncing Flask+1"],"special_seed":0,"relics":["Runic Pyramid","FossilizedHelix","Centennial Puzzle","Toxic Egg 2","Question Card","Bloody Idol","Kunai","White Beast Statue","Medical Kit","Turnip","Sozu","Peace Pipe","Bottled Lightning","Bag of Marbles","Paper Crane","Vajra"],"potions_floor_usage":[56],"damage_taken":[{"damage":0.0,"enemies":"2 Louse","floor":1.0,"turns":5.0},{"damage":6.0,"enemies":"Small Slimes","floor":3.0,"turns":5.0},{"damage":2.0,"enemies":"Jaw Worm","floor":4.0,"turns":6.0},{"damage":2.0,"enemies":"Lagavulin","floor":6.0,"turns":10.0},{"damage":40.0,"enemies":"3 Sentries","floor":8.0,"turns":13.0},{"damage":38.0,"enemies":"Gremlin Nob","floor":10.0,"turns":5.0},{"damage":11.0,"enemies":"Lagavulin Event","floor":13.0,"turns":6.0},{"damage":8.0,"enemies":"3 Louse","floor":14.0,"turns":4.0},{"damage":0.0,"enemies":"The Guardian","floor":16.0,"turns":9.0},{"damage":0.0,"enemies":"Spheric Guardian","floor":18.0,"turns":4.0},{"damage":0.0,"enemies":"Chosen","floor":21.0,"turns":5.0},{"damage":0.0,"enemies":"3 Cultists","floor":25.0,"turns":4.0},{"damage":0.0,"enemies":"Snake Plant","floor":29.0,"turns":5.0},{"damage":4.0,"enemies":"Shelled Parasite and Fungi","floor":30.0,"turns":7.0},{"damage":1.0,"enemies":"Centurion and Healer","floor":31.0,"turns":5.0},{"damage":0.0,"enemies":"Automaton","floor":33.0,"turns":11.0},{"damage":0.0,"enemies":"3 Darklings","floor":35.0,"turns":7.0},{"damage":0.0,"enemies":"Orb Walker","floor":37.0,"turns":2.0},{"damage":0.0,"enemies":"3 Darklings","floor":38.0,"turns":6.0},{"damage":0.0,"enemies":"Mind Bloom Boss Battle","floor":39.0,"turns":3.0},{"damage":0.0,"enemies":"Nemesis","floor":40.0,"turns":7.0},{"damage":0.0,"enemies":"Writhing Mass","floor":42.0,"turns":5.0},{"damage":0.0,"enemies":"Reptomancer","floor":44.0,"turns":6.0},{"damage":1.0,"enemies":"4 Shapes","floor":45.0,"turns":7.0},{"damage":0.0,"enemies":"Maw","floor":46.0,"turns":3.0},{"damage":0.0,"enemies":"Writhing Mass","floor":48.0,"turns":2.0},{"damage":0.0,"enemies":"Time Eater","floor":50.0,"turns":5.0},{"damage":0,"enemies":"Awakened One","floor":51,"turns":17},{"damage":5,"enemies":"Shield and Spear","floor":55,"turns":5},{"damage":5,"enemies":"The Heart","floor":56,"turns":7}],"seed_played":"-5488494522832281825","potions_obtained":[{"floor":3.0,"key":"FairyPotion"},{"floor":4.0,"key":"Regen Potion"},{"floor":8.0,"key":"Regen Potion"},{"floor":14.0,"key":"EssenceOfSteel"},{"floor":18.0,"key":"Swift Potion"},{"floor":25.0,"key":"Weak Potion"},{"floor":29.0,"key":"Explosive Potion"},{"floor":33.0,"key":"GhostInAJar"}],"is_trial":false,"path_per_floor":["M","?","M","M","?","E","R","E","T","E","R","?","?","M","R","B",null,"M","?","$","M","?","R","?","M","T","?","R","M","M","M","R","B",null,"M","?","M","M","?","E","R","M","T","E","M","M","R","M","R","B","B",null,"R","$","E","B",null],"character_chosen":"THE_SILENT","items_purchased":["Medical Kit","Paper Crane"],"campfire_rested":0,"item_purchase_floors":[20,54],"current_hp_per_floor":[59,52,46,44,44,57,57,17,17,6,6,6,10,2,2,2,46,46,46,46,46,46,46,51,56,56,56,56,60,60,60,60,60,60,60,60,60,60,60,60,60,60,60,60,60,60,60,60,60,60,60,60,60,60,60,55],"gold":208,"neow_bonus":"BOSS_RELIC","is_prod":false,"is_daily":false,"chose_seed":false,"campfire_upgraded":6,"win_rate":0,"timestamp":1551797920,"path_taken":["M","?","M","M","?","E","R","E","T","E","R","?","?","M","R","BOSS","M","?","$","M","?","R","?","?","T","?","R","M","M","M","R","BOSS","M","?","M","M","?","E","R","M","T","E","M","M","R","?","R","BOSS","BOSS","R","$","E","BOSS"],"build_version":"2019-01-23","purchased_purges":2,"victory":true,"max_hp_per_floor":[66,66,66,66,66,66,66,66,66,66,66,60,60,60,60,60,60,60,60,60,60,60,60,60,60,60,60,60,60,60,60,60,60,60,60,60,60,60,60,60,60,60,60,60,60,60,60,60,60,60,60,60,60,60,60,60],"card_choices":[{"not_picked":["Outmaneuver","Accuracy"],"picked":"Deflect","floor":1.0},{"not_picked":["Prepared","Deflect"],"picked":"Distraction","floor":3.0},{"not_picked":["Eviscerate","Acrobatics"],"picked":"Bouncing Flask","floor":4.0},{"not_picked":["Calculated Gamble","Dodge and Roll"],"picked":"Tactician","floor":6.0},{"not_picked":["Deflect","Heel Hook"],"picked":"Deadly Poison","floor":8.0},{"not_picked":["Heel Hook","Storm of Steel+1"],"picked":"Setup+1","floor":10.0},{"not_picked":["Cloak And Dagger+1","Predator","Poisoned Stab"],"picked":"Acrobatics+1","floor":14.0},{"not_picked":["Grand Finale","After Image","Die Die Die"],"picked":"Malaise+1","floor":16.0},{"not_picked":["Footwork","Bane","Crippling Poison+1","All Out Attack"],"picked":"SKIP","floor":18.0},{"not_picked":["Reflex+1","Sucker Punch","Expertise+1"],"picked":"Cloak And Dagger+1","floor":21.0},{"not_picked":["Choke","Noxious Fumes","Bane","Finisher"],"picked":"SKIP","floor":25.0},{"not_picked":["Skewer","PiercingWail+1","Blade Dance+1","Well Laid Plans"],"picked":"SKIP","floor":29.0},{"not_picked":["Skewer","Blade Dance+1","Well Laid Plans"],"picked":"PiercingWail+1","floor":29.0},{"not_picked":["Accuracy","Slice+1","Skewer+1"],"picked":"Catalyst+1","floor":30.0},{"not_picked":["Prepared+1","Well Laid Plans","Acrobatics+1"],"picked":"After Image","floor":31.0},{"not_picked":["Unload","Phantasmal Killer+1","Die Die Die"],"picked":"Malaise+1","floor":33.0},{"not_picked":["Backstab+1","Leg Sweep+1","Bane","Dagger Spray"],"picked":"SKIP","floor":35.0},{"not_picked":["Footwork","Crippling Poison+1","Tactician+1"],"picked":"Acrobatics+1","floor":37.0},{"not_picked":["Outmaneuver+1","Dagger Throw+1","Terror+1","Quick Slash"],"picked":"SKIP","floor":38.0},{"not_picked":["Quick Slash","All Out Attack","Blade Dance+1"],"picked":"Wraith Form v2","floor":40.0},{"not_picked":["Dagger Spray","Dagger Throw","Bouncing Flask+1"],"picked":"Catalyst+1","floor":42.0},{"not_picked":["Deadly Poison+1","Infinite Blades","Accuracy","Sucker Punch"],"picked":"SKIP","floor":44.0},{"not_picked":["Accuracy","Quick Slash","Endless Agony"],"picked":"Catalyst+1","floor":45.0},{"not_picked":["Dagger Throw","Escape Plan+1","Leg Sweep+1"],"picked":"Backflip+1","floor":46.0},{"not_picked":["Heel Hook","Tactician+1","Dagger Throw"],"picked":"Escape Plan+1","floor":48.0},{"not_picked":["All Out Attack","PiercingWail+1","Quick Slash+1"],"picked":"Bouncing Flask+1","floor":55}],"player_experience":3342344,"relics_obtained":[{"floor":6.0,"key":"FossilizedHelix"},{"floor":8.0,"key":"Centennial Puzzle"},{"floor":9.0,"key":"Toxic Egg 2"},{"floor":10.0,"key":"Question Card"},{"floor":26.0,"key":"Turnip"},{"floor":39.0,"key":"Peace Pipe"},{"floor":40.0,"key":"Bottled Lightning"},{"floor":44.0,"key":"Bag of Marbles"},{"floor":55,"key":"Vajra"}],"event_choices":[{"cards_removed":["Strike_G"],"damage_healed":0.0,"max_hp_gain":0.0,"max_hp_loss":0.0,"gold_gain":0.0,"event_name":"Golden Wing","player_choice":"Card Removal","floor":2.0,"gold_loss":0.0,"damage_taken":7.0},{"cards_removed":["Strike_G"],"damage_healed":0.0,"max_hp_gain":0.0,"max_hp_loss":0.0,"gold_gain":0.0,"event_name":"The Cleric","player_choice":"Card Removal","floor":5.0,"gold_loss":75.0,"damage_taken":0.0},{"damage_healed":0.0,"max_hp_gain":0.0,"max_hp_loss":6.0,"gold_gain":0.0,"event_name":"Golden Idol","player_choice":"Lose Max HP","floor":12.0,"gold_loss":0.0,"damage_taken":0.0,"relics_obtained":["Golden Idol"]},{"damage_healed":0.0,"max_hp_gain":0.0,"max_hp_loss":0.0,"gold_gain":0.0,"event_name":"Dead Adventurer","player_choice":"Searched \u00273\u0027 times","floor":13.0,"gold_loss":0.0,"damage_taken":0.0,"relics_obtained":["Kunai"]},{"damage_healed":0.0,"max_hp_gain":0.0,"max_hp_loss":0.0,"gold_gain":0.0,"event_name":"Vampires","player_choice":"Ignored","floor":19.0,"gold_loss":0.0,"damage_taken":0.0},{"damage_healed":0.0,"max_hp_gain":0.0,"max_hp_loss":0.0,"gold_gain":0.0,"event_name":"Forgotten Altar","player_choice":"Gave Idol","floor":22.0,"relics_lost":["Golden Idol"],"gold_loss":0.0,"damage_taken":0.0,"relics_obtained":["Bloody Idol"]},{"damage_healed":0.0,"max_hp_gain":0.0,"max_hp_loss":0.0,"gold_gain":50.0,"event_name":"Nest","player_choice":"Stole From Cult","floor":24.0,"gold_loss":0.0,"damage_taken":0.0},{"cards_removed":["Strike_G"],"damage_healed":0.0,"max_hp_gain":0.0,"max_hp_loss":0.0,"gold_gain":0.0,"event_name":"Beggar","player_choice":"Gave Gold","floor":27.0,"gold_loss":75.0,"damage_taken":0.0},{"damage_healed":0.0,"max_hp_gain":0.0,"max_hp_loss":0.0,"gold_gain":0.0,"event_name":"Mysterious Sphere","player_choice":"Ignored","floor":36.0,"gold_loss":0.0,"damage_taken":0.0},{"damage_healed":0.0,"max_hp_gain":0.0,"max_hp_loss":0.0,"gold_gain":0.0,"event_name":"MindBloom","player_choice":"Fight","floor":39.0,"gold_loss":0.0,"damage_taken":0.0}],"is_beta":false,"boss_relics":[{"not_picked":["Lizard Tail","Philosopher\u0027s Stone"],"picked":"White Beast Statue"},{"not_picked":["Busted Crown","Empty Cage"],"picked":"Sozu"}],"items_purged_floors":[20,54],"is_endless":false,"potions_floor_spawned":[3,4,8,14,18,21,25,29,30,31,33,35,37,38,39,40,42,44,45,46,48,55],"ascension_level":20}