{"gold_per_floor":[110,130,62,72,89,89,89,104,104,104,104,54,64,78,78,173,173,188,188,200,200,213,213,213,213,213,138,138,237,237,8,8,107,107,119,119,119,138,13,13,23,23,23,23,23,23,0,18,18,18],"floor_reached":51,"playtime":2357,"items_purged":["Pain","Strike_G","Strike_G"],"score":833,"play_id":"f6bf8b33-5303-4a71-b91d-cd995d7c7a17","local_time":"20181024194249","is_ascension_mode":false,"campfire_choices":[{"data":"Neutralize","floor":6.0,"key":"SMITH"},{"data":"Wraith Form v2","floor":11,"key":"SMITH"},{"data":"Backflip","floor":15,"key":"SMITH"},{"data":"Well Laid Plans","floor":23,"key":"SMITH"},{"data":"Tools of the Trade","floor":25,"key":"SMITH"},{"data":"Survivor","floor":28,"key":"SMITH"},{"data":"Defend_G","floor":30,"key":"SMITH"},{"data":"Footwork","floor":32,"key":"SMITH"},{"data":"Defend_G","floor":40,"key":"SMITH"},{"data":"Defend_G","floor":44,"key":"SMITH"},{"data":"Defend_G","floor":46,"key":"SMITH"},{"data":"Envenom","floor":49,"key":"SMITH"}],"neow_cost":"NONE","seed_source_timestamp":32816779225900,"circlet_count":0,"master_deck":["Defend_G+1","Defend_G+1","Defend_G+1","Defend_G+1","Strike_G","Survivor+1","Neutralize+1","Backflip+1","Unload","Wraith Form v2+1","Masterful Stab","Tools of the Trade+1","Backstab","Well Laid Plans+1","Footwork+1","Envenom+1","Noxious Fumes+1"],"special_seed":0,"relics":["Ring of the Serpent","Meat on the Bone","Juzu Bracelet","WarpedTongs","Matryoshka","Cursed Key","FaceOfCleric","Red Mask"],"potions_floor_usage":[16,16,16,18,33,48,50],"damage_taken":[{"damage":0.0,"enemies":"Cultist","floor":1.0,"turns":4.0},{"damage":0.0,"enemies":"Small Slimes","floor":2.0,"turns":4.0},{"damage":1.0,"enemies":"2 Louse","floor":4.0,"turns":3.0},{"damage":0.0,"enemies":"Exordium Wildlife","floor":5.0,"turns":2.0},{"damage":0,"enemies":"3 Louse","floor":8,"turns":4},{"damage":0,"enemies":"Red Slaver","floor":13,"turns":3},{"damage":0,"enemies":"Large Slime","floor":14,"turns":9},{"damage":0,"enemies":"The Guardian","floor":16,"turns":12},{"damage":0,"enemies":"Spheric Guardian","floor":18,"turns":3},{"damage":2,"enemies":"Shell Parasite","floor":20,"turns":6},{"damage":11,"enemies":"Snake Plant","floor":22,"turns":9},{"damage":11,"enemies":"Automaton","floor":33,"turns":14},{"damage":6,"enemies":"3 Shapes","floor":35,"turns":6},{"damage":0,"enemies":"3 Darklings","floor":38,"turns":7},{"damage":0,"enemies":"Maw","floor":41,"turns":8},{"damage":7,"enemies":"Writhing Mass","floor":48,"turns":9},{"damage":0,"enemies":"Time Eater","floor":50,"turns":19}],"seed_played":"-2668771908840514083","potions_obtained":[{"floor":2.0,"key":"LiquidBronze"},{"floor":13,"key":"SpeedPotion"},{"floor":14,"key":"Ancient Potion"},{"floor":16,"key":"Fire Potion"},{"floor":22,"key":"SteroidPotion"},{"floor":33,"key":"Regen Potion"},{"floor":38,"key":"Explosive Potion"},{"floor":42,"key":"SpeedPotion"},{"floor":48,"key":"LiquidBronze"}],"is_trial":false,"path_per_floor":["M","M","$","M","M","R","?","M","T","?","R","?","M","M","R","B",null,"M","?","M","?","M","R","?","R","T","$","R","?","R","$","R","B",null,"M","?","?","M","$","R","M","?","T","R","$","R","?","M","R","B"],"character_chosen":"THE_SILENT","items_purchased":["Unload","Footwork","Strength Potion"],"campfire_rested":0,"item_purchase_floors":[3,31,31],"current_hp_per_floor":[77,77,77,76,76,76,76,76,76,69,69,69,69,69,69,69,77,77,77,75,75,64,64,64,64,64,64,64,64,64,64,64,53,77,71,71,71,72,72,72,73,73,73,73,73,73,73,76,76,77],"gold":18,"neow_bonus":"TEN_PERCENT_HP_BONUS","is_prod":false,"is_daily":false,"chose_seed":false,"campfire_upgraded":12,"win_rate":0,"timestamp":1540381369,"path_taken":["M","M","$","M","?","R","?","M","T","?","R","?","M","M","R","BOSS","M","?","M","?","M","R","?","R","T","?","R","?","R","$","R","BOSS","M","?","?","M","$","R","M","?","T","R","$","R","?","M","R","BOSS"],"build_version":"2018-10-18","purchased_purges":3,"victory":true,"max_hp_per_floor":[77,77,77,77,77,77,77,77,77,77,77,77,77,77,77,77,77,77,77,77,77,77,77,77,77,77,77,77,77,77,77,77,77,77,77,77,73,74,74,74,75,75,75,75,75,75,75,76,76,77],"card_choices":[{"not_picked":["Sucker Punch","Slice","Quick Slash"],"picked":"SKIP","floor":1.0},{"not_picked":["Quick Slash","Underhanded Strike"],"picked":"Backflip","floor":2.0},{"not_picked":["Deflect","Outmaneuver","Sucker Punch"],"picked":"SKIP","floor":4.0},{"not_picked":["Deflect","Underhanded Strike","Prepared"],"picked":"SKIP","floor":5.0},{"not_picked":["Dagger Spray","All Out Attack"],"picked":"Wraith Form v2","floor":8},{"not_picked":["Flying Knee","Calculated Gamble","Quick Slash"],"picked":"SKIP","floor":13},{"not_picked":["PiercingWail","Choke"],"picked":"Masterful Stab","floor":14},{"not_picked":["Storm of Steel","A Thousand Cuts"],"picked":"Tools of the Trade","floor":16},{"not_picked":["Deflect","Dodge and Roll","Blade Dance+1"],"picked":"SKIP","floor":18},{"not_picked":["Underhanded Strike+1","Slice+1"],"picked":"Backstab","floor":20},{"not_picked":["Predator","Tools of the Trade"],"picked":"Well Laid Plans","floor":22},{"not_picked":["Phantasmal Killer","A Thousand Cuts"],"picked":"Envenom","floor":33},{"not_picked":["Dagger Spray","Acrobatics","Flying Knee+1"],"picked":"SKIP","floor":35},{"not_picked":["Slice+1","Bane"],"picked":"Noxious Fumes+1","floor":38},{"not_picked":["Masterful Stab+1","Sucker Punch+1","Prepared+1"],"picked":"SKIP","floor":41},{"not_picked":["Dagger Spray+1","Deflect+1","Flechettes"],"picked":"SKIP","floor":48},{"not_picked":["Dagger Spray+1","Deflect+1","Flechettes"],"picked":"SKIP","floor":48}],"player_experience":615391,"relics_obtained":[{"floor":9,"key":"Meat on the Bone"},{"floor":26,"key":"Matryoshka"}],"event_choices":[{"cards_removed":["Strike_G"],"damage_healed":0,"gold_gain":0,"player_choice":"Forget","damage_taken":0,"max_hp_gain":0,"max_hp_loss":0,"event_name":"Living Wall","floor":7,"gold_loss":0},{"cards_removed":["Strike_G"],"damage_healed":0,"gold_gain":0,"player_choice":"Card Removal","damage_taken":7,"max_hp_gain":0,"max_hp_loss":0,"event_name":"Golden Wing","floor":10,"gold_loss":0},{"cards_removed":["Defend_G"],"damage_healed":0,"gold_gain":0,"player_choice":"Card Removal","damage_taken":0,"max_hp_gain":0,"max_hp_loss":0,"event_name":"The Cleric","floor":12,"gold_loss":50},{"damage_healed":0,"gold_gain":0,"player_choice":"Opened","damage_taken":0,"relics_obtained":["Juzu Bracelet"],"max_hp_gain":0,"max_hp_loss":0,"event_name":"The Mausoleum","floor":19,"gold_loss":0},{"damage_healed":0,"gold_gain":0,"player_choice":"Ignored","damage_taken":0,"max_hp_gain":0,"max_hp_loss":0,"event_name":"Vampires","floor":21,"gold_loss":0},{"damage_healed":0,"gold_gain":0,"player_choice":"Rummage","damage_taken":0,"relics_obtained":["WarpedTongs"],"max_hp_gain":0,"max_hp_loss":0,"event_name":"Accursed Blacksmith","floor":24,"gold_loss":0,"cards_obtained":["Pain"]},{"damage_healed":0,"gold_gain":99,"player_choice":"Stole From Cult","damage_taken":0,"max_hp_gain":0,"max_hp_loss":0,"event_name":"Nest","floor":29,"gold_loss":0},{"damage_healed":0,"gold_gain":0,"player_choice":"Trade","damage_taken":0,"relics_obtained":["FaceOfCleric"],"max_hp_gain":0,"max_hp_loss":0,"event_name":"FaceTrader","floor":36,"gold_loss":0},{"damage_healed":0,"gold_gain":0,"player_choice":"Max HP","damage_taken":0,"max_hp_gain":0,"max_hp_loss":4,"event_name":"Winding Halls","floor":37,"gold_loss":0},{"damage_healed":0,"gold_gain":0,"player_choice":"Got Potions","damage_taken":0,"max_hp_gain":0,"max_hp_loss":0,"event_name":"The Lab","floor":42,"gold_loss":0},{"damage_healed":0,"gold_gain":0,"player_choice":"Paid","damage_taken":0,"relics_obtained":["Red Mask"],"max_hp_gain":0,"max_hp_loss":0,"event_name":"Tomb of Lord Red Mask","floor":47,"gold_loss":23}],"is_beta":false,"boss_relics":[{"not_picked":["Snecko Eye","HoveringKite"],"picked":"Ring of the Serpent"},{"not_picked":["Calling Bell","WristBlade"],"picked":"Cursed Key"}],"items_purged_floors":[27,31,39],"is_endless":false,"potions_floor_spawned":[2,13,14,16,22,33,38,41,48],"ascension_level":0}