{"gold_per_floor":[109,121,140,154,170,170,189,218,218,218,218,218,69,85,85,189,189,205,105,20,20,34,34,68,68,68,167,167,167,2,15,15,113,113,124,124,134,134,134,134,146,146,146,64,64,0,0,20,20,20],"floor_reached":51,"playtime":1426,"items_purged":["Strike_G","Strike_G","Strike_G"],"score":713,"play_id":"b9b33fb1-31b8-4914-9c06-a19e89e9feba","local_time":"20181115114623","is_ascension_mode":false,"campfire_choices":[{"data":"Poisoned Stab","floor":6.0,"key":"SMITH"},{"data":"Night Terror","floor":11.0,"key":"SMITH"},{"data":"Noxious Fumes","floor":15.0,"key":"SMITH"},{"data":"Acrobatics","floor":23,"key":"SMITH"},{"data":"Grand Finale","floor":25,"key":"SMITH"},{"data":"Burst","floor":28,"key":"SMITH"},{"floor":32,"key":"REST"},{"data":"Adrenaline","floor":40,"key":"SMITH"},{"data":"Neutralize","floor":42,"key":"SMITH"},{"data":"Well Laid Plans","floor":45,"key":"SMITH"},{"data":"Well Laid Plans","floor":49,"key":"SMITH"}],"neow_cost":"NONE","seed_source_timestamp":5392946915216,"circlet_count":0,"master_deck":["Defend_G","Defend_G","Strike_G","Survivor","Neutralize+1","Night Terror+1","Poisoned Stab+1","Die Die Die","Bane","Adrenaline+1","Burst+1","Noxious Fumes+1","Grand Finale+1","Acrobatics+1","Catalyst+1","Escape Plan+1","Well Laid Plans+1","Well Laid Plans+1"],"special_seed":0,"relics":["Ring of the Snake","Strawberry","Letter Opener","Potion Belt","Orrery","Mummified Hand","Toxic Egg 2","Orichalcum","Empty Cage","FaceOfCleric","Centennial Puzzle","Red Mask"],"potions_floor_usage":[21,24,50,50],"damage_taken":[{"damage":5.0,"enemies":"Jaw Worm","floor":1.0,"turns":8.0},{"damage":0.0,"enemies":"Small Slimes","floor":2.0,"turns":6.0},{"damage":4.0,"enemies":"Cultist","floor":3.0,"turns":4.0},{"damage":2.0,"enemies":"Blue Slaver","floor":4.0,"turns":5.0},{"damage":7.0,"enemies":"Large Slime","floor":5.0,"turns":8.0},{"damage":0.0,"enemies":"3 Louse","floor":7.0,"turns":2.0},{"damage":10.0,"enemies":"Gremlin Nob","floor":8.0,"turns":4.0},{"damage":2.0,"enemies":"Blue Slaver","floor":14.0,"turns":3.0},{"damage":7.0,"enemies":"The Guardian","floor":16.0,"turns":7.0},{"damage":2.0,"enemies":"Spheric Guardian","floor":18.0,"turns":5.0},{"damage":16,"enemies":"Colosseum Slavers","floor":21,"turns":2},{"damage":11,"enemies":"Chosen","floor":22,"turns":5},{"damage":0,"enemies":"Gremlin Leader","floor":24,"turns":5},{"damage":17,"enemies":"Centurion and Healer","floor":31,"turns":3},{"damage":48,"enemies":"Automaton","floor":33,"turns":8},{"damage":1,"enemies":"3 Shapes","floor":35,"turns":4},{"damage":0,"enemies":"Orb Walker","floor":37,"turns":2},{"damage":11,"enemies":"Transient","floor":41,"turns":5},{"damage":10,"enemies":"Writhing Mass","floor":48,"turns":2},{"damage":14,"enemies":"Time Eater","floor":50,"turns":3}],"seed_played":"1937406643390624228","potions_obtained":[{"floor":3.0,"key":"Poison Potion"},{"floor":7.0,"key":"LiquidBronze"},{"floor":8.0,"key":"PowerPotion"},{"floor":12.0,"key":"GhostInAJar"},{"floor":12.0,"key":"Poison Potion"},{"floor":22,"key":"Explosive Potion"},{"floor":24,"key":"Regen Potion"},{"floor":35,"key":"FearPotion"},{"floor":41,"key":"Fire Potion"}],"is_trial":false,"path_per_floor":["M","M","M","M","M","R","M","E","T","?","R","?","$","M","R","B",null,"M","$","?","?","M","R","E","R","T","?","R","?","$","M","R","B",null,"M","?","M","$","?","R","M","R","T","$","R","?","?","M","R","B",null],"character_chosen":"THE_SILENT","items_purchased":["Burst","Catalyst+1","Well Laid Plans"],"campfire_rested":1,"item_purchase_floors":[13,30,44],"current_hp_per_floor":[65,65,61,59,52,52,52,49,49,37,37,37,37,35,35,28,77,75,75,75,59,48,48,48,48,48,48,48,48,48,31,54,6,77,76,76,77,77,74,74,64,64,64,64,64,64,64,55,55,54],"gold":20,"neow_bonus":"TRANSFORM_CARD","is_prod":false,"is_daily":false,"chose_seed":false,"campfire_upgraded":10,"win_rate":0,"timestamp":1542253583,"path_taken":["M","M","M","M","M","R","M","E","T","?","R","?","$","M","R","BOSS","M","?","?","?","M","R","E","R","T","?","R","?","$","M","R","BOSS","M","?","?","$","?","R","M","R","T","$","R","?","?","M","R","BOSS"],"build_version":"2018-11-08","purchased_purges":3,"victory":true,"max_hp_per_floor":[70,70,70,70,70,70,70,77,77,77,77,77,77,77,77,77,77,77,77,77,77,77,77,77,77,77,77,77,77,77,77,77,77,77,77,77,78,78,74,74,75,75,75,75,75,75,75,76,76,77],"card_choices":[{"not_picked":["Flying Knee","Deflect","Outmaneuver"],"picked":"SKIP","floor":1.0},{"not_picked":["Dodge and Roll","Outmaneuver","Skewer"],"picked":"SKIP","floor":2.0},{"not_picked":["Backflip","Bane"],"picked":"Poisoned Stab","floor":3.0},{"not_picked":["Acrobatics","Slice"],"picked":"Die Die Die","floor":4.0},{"not_picked":["Dagger Throw","Bane","Accuracy"],"picked":"SKIP","floor":5.0},{"not_picked":["Dagger Throw","Accuracy"],"picked":"Bane","floor":5.0},{"not_picked":["Outmaneuver","Backflip"],"picked":"Adrenaline","floor":7.0},{"not_picked":["Masterful Stab","Flying Knee","Riddle With Holes"],"picked":"SKIP","floor":8.0},{"not_picked":["Deadly Poison","Deflect"],"picked":"Noxious Fumes","floor":14.0},{"not_picked":["Adrenaline","Wraith Form v2"],"picked":"Grand Finale","floor":16.0},{"not_picked":["Dodge and Roll","Cloak And Dagger"],"picked":"Acrobatics","floor":17.0},{"not_picked":["Bane","PiercingWail","Dodge and Roll"],"picked":"SKIP","floor":18.0},{"not_picked":["Concentrate","Terror","Outmaneuver"],"picked":"SKIP","floor":22},{"not_picked":["Concentrate+1","PiercingWail+1","Deadly Poison+1"],"picked":"SKIP","floor":24},{"not_picked":["Predator+1","Endless Agony","Cloak And Dagger+1"],"picked":"SKIP","floor":31},{"not_picked":["Masterful Stab","Deadly Poison+1"],"picked":"Escape Plan+1","floor":35},{"not_picked":["Slice+1","Choke","Quick Slash"],"picked":"SKIP","floor":37},{"not_picked":["Dagger Spray","Dodge and Roll+1","Quick Slash"],"picked":"SKIP","floor":41},{"not_picked":["Deadly Poison+1","Tactician+1"],"picked":"Well Laid Plans","floor":48}],"player_experience":1013225,"relics_obtained":[{"floor":8.0,"key":"Strawberry"},{"floor":9.0,"key":"Letter Opener"},{"floor":24,"key":"Toxic Egg 2"},{"floor":26,"key":"Orichalcum"},{"floor":43,"key":"Centennial Puzzle"}],"event_choices":[{"damage_healed":0.0,"max_hp_gain":0.0,"max_hp_loss":0.0,"gold_gain":0.0,"event_name":"Scrap Ooze","player_choice":"Success","floor":10.0,"gold_loss":0.0,"damage_taken":12.0,"relics_obtained":["Potion Belt"]},{"damage_healed":0.0,"max_hp_gain":0.0,"max_hp_loss":0.0,"gold_gain":0.0,"event_name":"Lab","player_choice":"Got Potions","floor":12.0,"gold_loss":0.0,"damage_taken":0.0},{"damage_healed":0.0,"max_hp_gain":0.0,"max_hp_loss":0.0,"gold_gain":0.0,"event_name":"Addict","player_choice":"Obtained Relic","floor":20.0,"gold_loss":85.0,"damage_taken":0.0,"relics_obtained":["Mummified Hand"]},{"damage_healed":0,"gold_gain":0,"player_choice":"Fight","damage_taken":0,"max_hp_gain":0,"max_hp_loss":0,"event_name":"Colosseum","floor":21,"gold_loss":0},{"damage_healed":0,"gold_gain":0,"player_choice":"Fled From Nobs","damage_taken":0,"max_hp_gain":0,"max_hp_loss":0,"event_name":"Colosseum","floor":21,"gold_loss":0},{"damage_healed":0,"gold_gain":99,"player_choice":"Stole From Cult","damage_taken":0,"max_hp_gain":0,"max_hp_loss":0,"event_name":"Nest","floor":27,"gold_loss":0},{"cards_removed":["Defend_G"],"damage_healed":0,"gold_gain":0,"player_choice":"Elegance","damage_taken":0,"max_hp_gain":0,"max_hp_loss":0,"event_name":"Back to Basics","floor":29,"gold_loss":0},{"damage_healed":0,"gold_gain":0,"player_choice":"Trade","damage_taken":0,"relics_obtained":["FaceOfCleric"],"max_hp_gain":0,"max_hp_loss":0,"event_name":"FaceTrader","floor":36,"gold_loss":0},{"damage_healed":0,"gold_gain":0,"player_choice":"Max HP","damage_taken":0,"max_hp_gain":0,"max_hp_loss":4,"event_name":"Winding Halls","floor":39,"gold_loss":0},{"damage_healed":0,"gold_gain":0,"player_choice":"Paid","damage_taken":0,"relics_obtained":["Red Mask"],"max_hp_gain":0,"max_hp_loss":0,"event_name":"Tomb of Lord Red Mask","floor":46,"gold_loss":64},{"damage_healed":0,"gold_gain":0,"player_choice":"Ignored","damage_taken":0,"max_hp_gain":0,"max_hp_loss":0,"event_name":"Mysterious Sphere","floor":47,"gold_loss":0}],"is_beta":false,"boss_relics":[{"not_picked":["White Beast Statue","WristBlade"],"picked":"Orrery"},{"not_picked":["Eternal Feather","Philosopher\u0027s Stone"],"picked":"Empty Cage"}],"items_purged_floors":[13,19,30],"is_endless":false,"potions_floor_spawned":[3,7,8,14,22,24,35,41],"ascension_level":0}