{"gold_per_floor":[217,113,123,123,123,123,123,123,150,11,11,161,236,72,72,72],"floor_reached":16,"playtime":271,"items_purged":["Strike_R","Strike_R","Doubt"],"score":168,"play_id":"bfcef748-e058-41aa-912b-c44e297545b1","local_time":"20181220112153","is_ascension_mode":true,"campfire_choices":[{"data":"True Grit","floor":6.0,"key":"SMITH"},{"data":"Shockwave","floor":8,"key":"SMITH"},{"data":"Bash","floor":11,"key":"SMITH"},{"data":"Inflame","floor":15,"key":"SMITH"}],"neow_cost":"NONE","seed_source_timestamp":4456970594675,"circlet_count":0,"master_deck":["AscendersBane","Strike_R","Strike_R","Strike_R","Defend_R","Defend_R","Defend_R","Defend_R","Bash+1","Shockwave+1","True Grit+1","Power Through","Rage","Inflame+1"],"special_seed":0,"relics":["Burning Blood","Golden Idol"],"potions_floor_usage":[],"damage_taken":[{"damage":14.0,"enemies":"Jaw Worm","floor":1.0,"turns":4.0},{"damage":0.0,"enemies":"Small Slimes","floor":3.0,"turns":4.0},{"damage":73,"enemies":"The Guardian","floor":16,"turns":11}],"seed_played":"-5848083068448541057","potions_obtained":[],"is_trial":false,"path_per_floor":["M","$","M","?","?","R","?","R","T","$","R","?","?","$","R","B"],"character_chosen":"IRONCLAD","items_purchased":["True Grit","Rage","Inflame"],"campfire_rested":0,"item_purchase_floors":[2,10,14],"current_hp_per_floor":[60,60,66,71,71,71,71,71,71,71,71,71,60,60,60,0],"gold":72,"neow_bonus":"HUNDRED_GOLD","is_prod":false,"is_daily":false,"chose_seed":false,"campfire_upgraded":4,"win_rate":0,"timestamp":1545276113,"path_taken":["M","$","M","?","?","R","?","R","T","?","R","?","?","$","R","BOSS"],"build_version":"2018-12-13","purchased_purges":3,"victory":false,"max_hp_per_floor":[75,75,75,80,72,72,72,72,72,72,72,72,72,72,72,72],"card_choices":[{"not_picked":["Iron Wave","Shrug It Off"],"picked":"Shockwave","floor":1.0},{"not_picked":["Sword Boomerang","Sentinel"],"picked":"Power Through","floor":3.0}],"player_experience":1397880,"relics_obtained":[],"event_choices":[{"damage_healed":0.0,"max_hp_gain":5.0,"max_hp_loss":0.0,"gold_gain":0.0,"event_name":"Big Fish","player_choice":"Donut","floor":4.0,"gold_loss":0.0,"damage_taken":0.0},{"damage_healed":0.0,"max_hp_gain":0.0,"max_hp_loss":8.0,"gold_gain":0.0,"event_name":"Golden Idol","player_choice":"Lose Max HP","floor":5.0,"gold_loss":0.0,"damage_taken":0.0,"relics_obtained":["Golden Idol"]},{"damage_healed":0,"gold_gain":0,"player_choice":"Searched \u00270\u0027 times","damage_taken":0,"max_hp_gain":0,"max_hp_loss":0,"event_name":"Dead Adventurer","floor":7,"gold_loss":0},{"damage_healed":0,"gold_gain":150,"player_choice":"AGREE","damage_taken":0,"max_hp_gain":0,"max_hp_loss":0,"event_name":"Liars Game","floor":12,"gold_loss":0,"cards_obtained":["Doubt"]},{"damage_healed":0,"gold_gain":75,"player_choice":"Gather Gold","damage_taken":11,"max_hp_gain":0,"max_hp_loss":0,"event_name":"World of Goop","floor":13,"gold_loss":0}],"is_beta":false,"boss_relics":[],"items_purged_floors":[2,10,14],"is_endless":false,"potions_floor_spawned":[],"killed_by":"The Guardian","ascension_level":20}