{"gold_per_floor":[112,187,198,146,71,105,105,125,177,177,77,93,159,189,189,261,261,280,99,149,165,177,177,196,196,196,44,61,95,105,105],"floor_reached":31,"playtime":1166,"items_purged":["Strike_G","Strike_G","Strike_G"],"score":684,"play_id":"4d25790c-0a95-485b-ac2e-c85ead61383c","local_time":"20190131143822","is_ascension_mode":true,"campfire_choices":[{"data":"Deadly Poison","floor":7,"key":"SMITH"},{"data":"Neutralize","floor":15,"key":"SMITH"},{"data":"Acrobatics","floor":23,"key":"SMITH"},{"data":"Footwork","floor":25,"key":"SMITH"}],"neow_cost":"NONE","seed_source_timestamp":8414377216174,"circlet_count":0,"master_deck":["AscendersBane","Defend_G","Defend_G","Defend_G","Defend_G","Defend_G","Strike_G","Survivor","Neutralize+1","Deadly Poison+1","Acrobatics+1","Backflip","Outmaneuver","Footwork+1","Grand Finale","Prepared","Acrobatics","Grand Finale","Prepared+1","Tactician+1"],"relics":["Ring of the Snake","NeowsBlessing","Lantern","Strawberry","SsserpentHead","Ancient Tea Set","Runic Dome","Question Card","Toxic Egg 2"],"potions_floor_usage":[16,24,29,29,31],"damage_taken":[{"damage":0,"enemies":"2 Louse","floor":1,"turns":1},{"damage":0,"enemies":"Jaw Worm","floor":3,"turns":1},{"damage":0,"enemies":"Gremlin Nob","floor":6,"turns":1},{"damage":0,"enemies":"Cultist","floor":8,"turns":3},{"damage":0,"enemies":"3 Louse","floor":12,"turns":8},{"damage":0,"enemies":"Red Slaver","floor":13,"turns":5},{"damage":14,"enemies":"Lagavulin","floor":14,"turns":8},{"damage":0,"enemies":"The Guardian","floor":16,"turns":11},{"damage":22,"enemies":"3 Byrds","floor":18,"turns":4},{"damage":2,"enemies":"Spheric Guardian","floor":21,"turns":4},{"damage":13,"enemies":"Snecko","floor":22,"turns":7},{"damage":3,"enemies":"Shelled Parasite and Fungi","floor":24,"turns":4},{"damage":0,"enemies":"Snake Plant","floor":28,"turns":4},{"damage":9,"enemies":"Book of Stabbing","floor":29,"turns":7},{"damage":0,"enemies":"Cultist and Chosen","floor":30,"turns":1},{"damage":17,"enemies":"Slavers","floor":31,"turns":2}],"seed_played":"-8111941014061368643","potions_obtained":[{"floor":6,"key":"LiquidBronze"},{"floor":12,"key":"Fire Potion"},{"floor":18,"key":"Swift Potion"},{"floor":28,"key":"Poison Potion"},{"floor":30,"key":"PowerPotion"}],"is_trial":false,"path_per_floor":["M","?","M","$","$","E","R","M","T","?","$","M","M","E","R","B",null,"M","$","?","M","M","R","M","R","T","$","M","E","M","E"],"character_chosen":"THE_SILENT","items_purchased":["Acrobatics","Prepared","Grand Finale"],"campfire_rested":0,"item_purchase_floors":[4,19,27],"current_hp_per_floor":[59,48,48,48,48,48,48,48,55,55,55,55,55,41,41,41,65,43,43,43,41,28,28,25,25,25,25,25,16,16,0],"gold":105,"neow_bonus":"THREE_ENEMY_KILL","is_prod":false,"is_daily":false,"chose_seed":false,"campfire_upgraded":4,"win_rate":0,"timestamp":1548916702,"path_taken":["M","?","M","?","$","E","R","M","T","?","$","M","?","E","R","BOSS","M","$","?","M","M","R","M","R","T","$","M","E","M","E"],"build_version":"2019-01-23","purchased_purges":3,"victory":false,"max_hp_per_floor":[66,66,66,66,66,66,66,66,73,73,73,73,73,73,73,73,73,73,73,73,73,73,73,73,73,73,73,73,73,73,73],"card_choices":[{"not_picked":["Dagger Throw","Underhanded Strike"],"picked":"Deadly Poison","floor":1},{"not_picked":["Deadly Poison","All Out Attack","Concentrate"],"picked":"SKIP","floor":3},{"not_picked":["Dagger Spray","Blade Dance"],"picked":"Backflip","floor":6},{"not_picked":["Flying Knee","Quick Slash","Backflip"],"picked":"SKIP","floor":8},{"not_picked":["Prepared","Accuracy"],"picked":"Outmaneuver","floor":12},{"not_picked":["Expertise","Acrobatics"],"picked":"Footwork","floor":13},{"not_picked":["Acrobatics","Leg Sweep","Deadly Poison"],"picked":"SKIP","floor":14},{"not_picked":["Glass Knife","Burst"],"picked":"Grand Finale","floor":16},{"not_picked":["Slice","Caltrops","Flechettes"],"picked":"SKIP","floor":18},{"not_picked":["Infinite Blades","Quick Slash","Slice"],"picked":"SKIP","floor":21},{"not_picked":["Flying Knee","Dagger Throw","Underhanded Strike"],"picked":"SKIP","floor":22},{"not_picked":["All Out Attack+1","Bane+1","Outmaneuver+1"],"picked":"SKIP","floor":24},{"not_picked":["Cloak And Dagger","Flechettes","Underhanded Strike","Slice"],"picked":"SKIP","floor":28},{"not_picked":["Glass Knife","PiercingWail","Setup"],"picked":"Prepared+1","floor":29},{"not_picked":["Prepared+1","Poisoned Stab","Finisher"],"picked":"Tactician+1","floor":30}],"player_experience":1398843,"relics_obtained":[{"floor":6,"key":"Lantern"},{"floor":9,"key":"Strawberry"},{"floor":14,"key":"Ancient Tea Set"},{"floor":26,"key":"Question Card"},{"floor":29,"key":"Toxic Egg 2"}],"event_choices":[{"damage_healed":0,"gold_gain":75,"player_choice":"Gather Gold","damage_taken":11,"max_hp_gain":0,"max_hp_loss":0,"event_name":"World of Goop","floor":2,"gold_loss":0},{"damage_healed":0,"gold_gain":0,"player_choice":"Trade","damage_taken":0,"relics_obtained":["SsserpentHead"],"max_hp_gain":0,"max_hp_loss":0,"event_name":"FaceTrader","floor":10,"gold_loss":0},{"damage_healed":0,"gold_gain":0,"cards_transformed":["Strike_G"],"player_choice":"Transformed","damage_taken":0,"max_hp_gain":0,"max_hp_loss":0,"event_name":"Transmorgrifier","floor":20,"gold_loss":0,"cards_obtained":["Acrobatics"]}],"is_beta":true,"boss_relics":[{"not_picked":["White Beast Statue","Snecko Eye"],"picked":"Runic Dome"}],"items_purged_floors":[5,11,19],"is_endless":false,"potions_floor_spawned":[6,12,13,18,28,30],"killed_by":"Slavers","ascension_level":20}