{"gold_per_floor":[17,30,30,30,30,58,70,70,70,84,96,96,115,128,128,226,226,245,261,221,245,270,270,52,63,63,63],"floor_reached":27,"playtime":752,"items_purged":["Strike_R"],"score":290,"play_id":"3d46691e-e35c-4829-a227-1f6e3412b4d7","local_time":"20180920174114","is_ascension_mode":true,"campfire_choices":[{"data":"1","floor":8.0,"key":"LIFT"},{"data":"2","floor":12.0,"key":"LIFT"},{"data":"3","floor":15.0,"key":"LIFT"},{"data":"Feed","floor":23,"key":"SMITH"}],"neow_cost":"NO_GOLD","seed_source_timestamp":17339202753791,"circlet_count":0,"master_deck":["Strike_R","Strike_R","Strike_R+1","Strike_R+1","Defend_R","Defend_R+1","Defend_R","Defend_R","Bash","Carnage","Entrench","Metallicize","Battle Trance","Second Wind+1","Feed+1","Power Through"],"special_seed":0,"relics":["Burning Blood","Girya","Question Card","Bag of Marbles","Kunai","Eternal Feather","Bag of Preparation","War Paint","Blood Vial","Champion Belt"],"potions_floor_usage":[],"damage_taken":[{"damage":9.0,"enemies":"Jaw Worm","floor":1.0,"turns":4.0},{"damage":12.0,"enemies":"Small Slimes","floor":2.0,"turns":4.0},{"damage":32.0,"enemies":"Gremlin Nob","floor":6.0,"turns":4.0},{"damage":0.0,"enemies":"2 Louse","floor":7.0,"turns":2.0},{"damage":2.0,"enemies":"Exordium Thugs","floor":10.0,"turns":4.0},{"damage":9.0,"enemies":"2 Fungi Beasts","floor":11.0,"turns":4.0},{"damage":13.0,"enemies":"Large Slime","floor":13.0,"turns":5.0},{"damage":2.0,"enemies":"Gremlin Gang","floor":14.0,"turns":5.0},{"damage":15.0,"enemies":"Slime Boss","floor":16.0,"turns":7.0},{"damage":12,"enemies":"Chosen","floor":18,"turns":3},{"damage":48,"enemies":"2 Thieves","floor":19,"turns":5},{"damage":43,"enemies":"Shelled Parasite and Fungi","floor":25,"turns":6},{"damage":10,"enemies":"Gremlin Leader","floor":27,"turns":6}],"seed_played":"-4145768921918352282","potions_obtained":[{"floor":6.0,"key":"AttackPotion"},{"floor":7.0,"key":"Swift Potion"},{"floor":10.0,"key":"FearPotion"},{"floor":13.0,"key":"FairyPotion"},{"floor":18,"key":"Ancient Potion"}],"is_trial":false,"path_per_floor":["M","M","?","?","?","E","M","R","T","M","M","R","M","M","R","B",null,"M","M","?","T","T","R","$","M","T"],"character_chosen":"IRONCLAD","items_purchased":["Blood Vial"],"campfire_rested":0,"item_purchase_floors":[24],"current_hp_per_floor":[69,63,63,56,61,35,41,41,41,45,42,42,35,39,39,30,71,65,26,26,26,26,35,35,18,18,10],"gold":63,"neow_bonus":"ONE_RARE_RELIC","is_prod":false,"is_daily":false,"chose_seed":false,"campfire_upgraded":1,"win_rate":0,"timestamp":1537436474,"path_taken":["M","M","?","?","?","E","M","R","T","M","M","R","?","M","R","BOSS","M","M","?","?","?","R","$","?","T","E"],"build_version":"2018-09-06","purchased_purges":1,"victory":false,"max_hp_per_floor":[80,80,80,80,85,85,85,85,85,85,85,85,85,85,85,85,85,85,88,88,88,88,88,88,92,92,92],"card_choices":[{"not_picked":["Anger","Searing Blow","Warcry"],"picked":"SKIP","floor":1.0},{"not_picked":["Shrug It Off","Sentinel"],"picked":"Carnage","floor":2.0},{"not_picked":["Cleave","Rupture","Feel No Pain"],"picked":"Entrench","floor":6.0},{"not_picked":["Headbutt","Battle Trance","Armaments"],"picked":"Metallicize","floor":7.0},{"not_picked":["Rage","Hemokinesis","Rampage","Perfected Strike"],"picked":"SKIP","floor":10.0},{"not_picked":["Warcry","Corruption","Armaments","Thunderclap"],"picked":"SKIP","floor":11.0},{"not_picked":["Sword Boomerang","Clash","Blood for Blood"],"picked":"Battle Trance","floor":13.0},{"not_picked":["Armaments","Clash","Shrug It Off"],"picked":"Second Wind","floor":14.0},{"not_picked":["Brutality","Immolate","Fiend Fire"],"picked":"Feed","floor":16.0},{"not_picked":["Iron Wave","Flame Barrier","Second Wind","Clothesline+1"],"picked":"SKIP","floor":18},{"not_picked":["Flex","Heavy Blade+1","Sword Boomerang","Combust"],"picked":"SKIP","floor":19},{"not_picked":["Flex","Twin Strike","Pommel Strike+1"],"picked":"Power Through","floor":25}],"player_experience":49292,"relics_obtained":[{"floor":6.0,"key":"Bag of Marbles"},{"floor":9.0,"key":"Kunai"},{"floor":21,"key":"Bag of Preparation"},{"floor":22,"key":"War Paint"},{"floor":26,"key":"Champion Belt"}],"event_choices":[{"event_name":"The Cleric","player_choice":"Leave","floor":3.0,"damage_taken":0.0},{"event_name":"Scrap Ooze","player_choice":"success","floor":4.0,"damage_taken":7.0},{"event_name":"Big Fish","player_choice":"Donut","floor":5.0,"damage_taken":0.0},{"event_name":"Designer","player_choice":"Upgrade 2 Random Cards","floor":20,"damage_taken":0}],"is_beta":false,"boss_relics":[{"not_picked":["Pandora\u0027s Box","Runic Cube"],"picked":"Eternal Feather"}],"items_purged_floors":[24],"is_endless":false,"potions_floor_spawned":[6,7,10,13,18],"killed_by":"Gremlin Leader","ascension_level":7}