{"gold_per_floor":[114,125,57,57,57,86,86,113,113,136,136,167,186,35,35,134,134,152,52,52,52,52,80,80],"floor_reached":24,"playtime":802,"items_purged":["Pain","Pain"],"score":316,"play_id":"b77eca95-e947-4a3c-a1a8-4b9b3f9e68da","local_time":"20180920145933","is_ascension_mode":true,"campfire_choices":[{"data":"Juggernaut","floor":7.0,"key":"SMITH"},{"data":"Feel No Pain","floor":11.0,"key":"SMITH"},{"data":"True Grit","floor":15.0,"key":"SMITH"}],"neow_cost":"NONE","seed_source_timestamp":7702843373450,"circlet_count":0,"master_deck":["Strike_R","Strike_R","Strike_R","Strike_R","Strike_R","Defend_R","Defend_R","Defend_R","Defend_R","Bash","Second Wind","Ghostly Armor","Metallicize","Feel No Pain+1","Juggernaut+1","Purity","True Grit+1","Spot Weakness","Shrug It Off","Inflame+1","Immolate","Regret","Parasite","Shame","Body Slam"],"special_seed":0,"relics":["Sozu","WarpedTongs","Juzu Bracelet","Meat on the Bone","Frozen Egg 2","Odd Mushroom","Regal Pillow","Calling Bell","Bag of Marbles","Singing Bowl","Dead Branch","Question Card","Ancient Tea Set"],"potions_floor_usage":[],"damage_taken":[{"damage":0.0,"enemies":"Small Slimes","floor":1.0,"turns":3.0},{"damage":0.0,"enemies":"Cultist","floor":2.0,"turns":3.0},{"damage":22.0,"enemies":"Gremlin Nob","floor":6.0,"turns":5.0},{"damage":7.0,"enemies":"3 Sentries","floor":8.0,"turns":5.0},{"damage":7.0,"enemies":"The Mushroom Lair","floor":10.0,"turns":4.0},{"damage":3.0,"enemies":"Lagavulin","floor":12.0,"turns":6.0},{"damage":0.0,"enemies":"2 Louse","floor":13.0,"turns":2.0},{"damage":8.0,"enemies":"Hexaghost","floor":16.0,"turns":8.0},{"damage":18,"enemies":"Shell Parasite","floor":18,"turns":5},{"damage":35,"enemies":"Gremlin Leader","floor":23,"turns":7},{"damage":16,"enemies":"3 Byrds","floor":24,"turns":4}],"seed_played":"-6035510679774052931","potions_obtained":[],"is_trial":false,"path_per_floor":["M","M","$","?","?","E","R","E","T","?","R","E","M","$","R","B",null,"M","$","?","?","?","E"],"character_chosen":"IRONCLAD","items_purchased":["Metallicize","Inflame+1"],"campfire_rested":0,"item_purchase_floors":[3,14],"current_hp_per_floor":[80,80,80,80,80,58,58,51,51,44,44,41,41,41,41,45,71,55,55,39,39,39,16,0],"gold":80,"neow_bonus":"BOSS_RELIC","is_prod":false,"is_daily":false,"chose_seed":false,"campfire_upgraded":3,"win_rate":0,"timestamp":1537426773,"path_taken":["M","M","$","?","?","E","R","E","T","?","R","E","M","$","R","BOSS","M","$","?","?","?","E","M"],"build_version":"2018-09-06","purchased_purges":2,"victory":false,"max_hp_per_floor":[80,80,80,80,80,80,80,80,80,80,80,80,80,80,80,80,80,82,82,87,87,87,87,87],"card_choices":[{"not_picked":["Flex","Iron Wave"],"picked":"Second Wind","floor":1.0},{"not_picked":["Sentinel","Spot Weakness"],"picked":"Ghostly Armor","floor":2.0},{"not_picked":["Iron Wave","Flame Barrier","Infernal Blade"],"picked":"SKIP","floor":6.0},{"not_picked":["Armaments","Reckless Charge"],"picked":"True Grit","floor":8.0},{"not_picked":["Havoc","Dropkick"],"picked":"Spot Weakness","floor":12.0},{"not_picked":["Anger","Clothesline"],"picked":"Shrug It Off","floor":13.0},{"not_picked":["Double Tap","Brutality+1"],"picked":"Immolate","floor":16.0},{"not_picked":["Ghostly Armor","Havoc+1","Pommel Strike"],"picked":"Singing Bowl","floor":18},{"not_picked":["Armaments","Blood for Blood","Clash"],"picked":"Body Slam","floor":23}],"player_experience":40515,"relics_obtained":[{"floor":6.0,"key":"Juzu Bracelet"},{"floor":8.0,"key":"Meat on the Bone"},{"floor":9.0,"key":"Frozen Egg 2"},{"floor":10.0,"key":"Odd Mushroom"},{"floor":12.0,"key":"Regal Pillow"},{"floor":17,"key":"Bag of Marbles"},{"floor":17,"key":"Singing Bowl"},{"floor":17,"key":"Dead Branch"},{"floor":23,"key":"Ancient Tea Set"}],"event_choices":[{"event_name":"Accursed Blacksmith","player_choice":"Rummage","floor":4.0,"damage_taken":0.0},{"event_name":"Match and Keep!","player_choice":"3 cards matched","floor":5.0,"damage_taken":0.0},{"event_name":"Mushrooms","player_choice":"Fought Mushrooms","floor":10.0,"damage_taken":0.0},{"event_name":"Forgotten Altar","player_choice":"Shed Blood","floor":20,"damage_taken":0},{"event_name":"Addict","player_choice":"Stole Relic","floor":21,"damage_taken":0},{"event_name":"Cursed Tome","player_choice":"Ignored","floor":22,"damage_taken":0}],"is_beta":false,"boss_relics":[{"not_picked":["Black Star","Pandora\u0027s Box"],"picked":"Calling Bell"}],"items_purged_floors":[14,19],"is_endless":false,"potions_floor_spawned":[1,8,12,16,18],"killed_by":"3 Byrds","ascension_level":5}