{"gold_per_floor":[115,132,151,105,124,124,140,140,166,120,45,45,57,73,73,73],"floor_reached":16,"playtime":452,"items_purged":[],"score":165,"play_id":"aa7b085d-b26d-4662-9dbd-d39170ffebf0","local_time":"20180916222545","is_ascension_mode":true,"campfire_choices":[{"data":"Neutralize","floor":6,"key":"SMITH"},{"data":"Terror","floor":8,"key":"SMITH"},{"data":"Deadly Poison","floor":12,"key":"SMITH"},{"data":"Sucker Punch","floor":15,"key":"SMITH"}],"neow_cost":"","seed_source_timestamp":12979747648207,"circlet_count":0,"master_deck":["Defend_G","Defend_G","Defend_G","Defend_G","Defend_G","Strike_G","Strike_G","Strike_G","Strike_G","Strike_G","Survivor","Neutralize+1","AscendersBane","Dagger Throw","Terror+1","Heel Hook","Sucker Punch+1","Escape Plan","Dagger Spray","Deadly Poison+1","Well Laid Plans","Flying Knee"],"relics":["Ring of the Snake","Snake Skull"],"potions_floor_usage":[16,16],"damage_taken":[{"damage":0,"enemies":"Cultist","floor":1,"turns":4},{"damage":5,"enemies":"Jaw Worm","floor":2,"turns":5},{"damage":0,"enemies":"2 Louse","floor":3,"turns":3},{"damage":5,"enemies":"Gremlin Gang","floor":5,"turns":6},{"damage":3,"enemies":"Large Slime","floor":7,"turns":6},{"damage":4,"enemies":"Exordium Wildlife","floor":13,"turns":3},{"damage":2,"enemies":"Looter","floor":14,"turns":3},{"damage":41,"enemies":"Slime Boss","floor":16,"turns":11}],"seed_played":"6538266306016784363","potions_obtained":[{"floor":2,"key":"Swift Potion"},{"floor":3,"key":"SkillPotion"}],"is_trial":false,"path_per_floor":["M","M","M","$","M","R","M","R","T","$","$","R","M","M","R"],"character_chosen":"THE_SILENT","items_purchased":["Sucker Punch","Deadly Poison","Well Laid Plans"],"campfire_rested":0,"item_purchase_floors":[4,10,11],"current_hp_per_floor":[59,54,54,54,49,49,46,46,46,46,46,46,42,40,40,0],"gold":73,"neow_bonus":"","is_prod":false,"is_daily":false,"chose_seed":false,"campfire_upgraded":4,"win_rate":0,"timestamp":1537107945,"path_taken":["M","M","M","?","M","R","M","R","T","?","$","R","M","?","R","BOSS"],"build_version":"2018-09-12","purchased_purges":0,"victory":false,"max_hp_per_floor":[66,66,66,66,66,66,66,66,66,66,66,66,66,66,66,66],"card_choices":[{"not_picked":["Dagger Spray","Outmaneuver"],"picked":"Dagger Throw","floor":1},{"not_picked":["Backstab","Infinite Blades"],"picked":"Terror","floor":2},{"not_picked":["Doppelganger","Acrobatics"],"picked":"Heel Hook","floor":3},{"not_picked":["Underhanded Strike","Dash"],"picked":"Escape Plan","floor":5},{"not_picked":["Quick Slash","Infinite Blades"],"picked":"Dagger Spray","floor":7},{"not_picked":["Slice","Well Laid Plans","Dagger Throw"],"picked":"SKIP","floor":13},{"not_picked":["Sucker Punch","Deflect"],"picked":"Flying Knee","floor":14}],"player_experience":964387,"relics_obtained":[{"floor":9,"key":"Snake Skull"}],"event_choices":[],"is_beta":true,"boss_relics":[],"items_purged_floors":[],"is_endless":false,"potions_floor_spawned":[2,3,13,14],"killed_by":"Slime Boss","ascension_level":15}