{"gold_per_floor":[20,31,31,48,48,48,62,62,62,95,95,95,105,136,136,136],"floor_reached":16,"playtime":1264,"items_purged":[],"score":220,"play_id":"2696d4d7-91a7-4780-b6b2-db8e83adbbec","local_time":"20190327014018","is_ascension_mode":true,"campfire_choices":[{"data":"All Out Attack","floor":6,"key":"SMITH"},{"data":"Noxious Fumes","floor":8,"key":"SMITH"},{"data":"Neutralize","floor":12,"key":"SMITH"},{"data":"Wraith Form v2","floor":15,"key":"SMITH"}],"neow_cost":"NO_GOLD","seed_source_timestamp":52058333483035,"circlet_count":0,"master_deck":["AscendersBane","Defend_G","Defend_G","Defend_G","Defend_G","Strike_G","Strike_G","Strike_G","Survivor","Neutralize+1","All Out Attack+1","Noxious Fumes+1","Backflip","Tactician","Wraith Form v2+1"],"relics":["Ring of the Snake","Ancient Tea Set","Molten Egg 2","CultistMask","Lantern"],"potions_floor_usage":[10,14,16,16],"damage_taken":[{"damage":0,"enemies":"Small Slimes","floor":1,"turns":4},{"damage":1,"enemies":"Jaw Worm","floor":2,"turns":6},{"damage":0,"enemies":"Cultist","floor":4,"turns":5},{"damage":20,"enemies":"Exordium Wildlife","floor":7,"turns":6},{"damage":14,"enemies":"Gremlin Nob","floor":10,"turns":4},{"damage":1,"enemies":"Large Slime","floor":13,"turns":5},{"damage":13,"enemies":"Lagavulin","floor":14,"turns":7},{"damage":3,"enemies":"Hexaghost","floor":16,"turns":9}],"seed_played":"-7911697194712452700","potions_obtained":[{"floor":2,"key":"AttackPotion"},{"floor":4,"key":"Poison Potion"},{"floor":13,"key":"GamblersBrew"},{"floor":14,"key":"Energy Potion"}],"is_trial":false,"path_per_floor":["M","M","?","M","?","R","M","R","T","E","?","R","M","E","R","B"],"character_chosen":"THE_SILENT","items_purchased":[],"campfire_rested":0,"item_purchase_floors":[],"current_hp_per_floor":[59,58,51,51,51,51,31,31,31,17,17,17,16,3,3,0],"gold":136,"neow_bonus":"REMOVE_TWO","is_prod":false,"is_daily":false,"chose_seed":false,"campfire_upgraded":4,"win_rate":0,"timestamp":1553622018,"path_taken":["M","M","?","M","?","R","M","R","T","E","?","R","?","E","R","BOSS"],"build_version":"2019-01-23","purchased_purges":0,"victory":false,"max_hp_per_floor":[66,66,66,66,66,66,66,66,66,66,66,66,66,66,66,66],"card_choices":[{"not_picked":["Bane","Acrobatics","Eviscerate"],"picked":"SKIP","floor":1},{"not_picked":["Setup","Dagger Throw"],"picked":"All Out Attack","floor":2},{"not_picked":["Dodge and Roll","Acrobatics","Underhanded Strike"],"picked":"SKIP","floor":4},{"not_picked":["Outmaneuver","Caltrops"],"picked":"Noxious Fumes","floor":7},{"not_picked":["Eviscerate","Finisher"],"picked":"Backflip","floor":10},{"not_picked":["Bane+1","Leg Sweep"],"picked":"Tactician","floor":13},{"not_picked":["Dagger Spray+1","Choke+1"],"picked":"Wraith Form v2","floor":14}],"player_experience":3892233,"relics_obtained":[{"floor":9,"key":"Ancient Tea Set"},{"floor":10,"key":"Molten Egg 2"},{"floor":14,"key":"Lantern"}],"event_choices":[{"cards_removed":["Strike_G"],"damage_healed":0,"gold_gain":0,"player_choice":"Card Removal","damage_taken":7,"max_hp_gain":0,"max_hp_loss":0,"event_name":"Golden Wing","floor":3,"gold_loss":0},{"damage_healed":0,"gold_gain":0,"player_choice":"Ignored","damage_taken":0,"max_hp_gain":0,"max_hp_loss":0,"event_name":"Liars Game","floor":5,"gold_loss":0},{"damage_healed":0,"gold_gain":0,"player_choice":"Trade","damage_taken":0,"relics_obtained":["CultistMask"],"max_hp_gain":0,"max_hp_loss":0,"event_name":"FaceTrader","floor":11,"gold_loss":0}],"is_beta":false,"boss_relics":[],"items_purged_floors":[],"is_endless":false,"potions_floor_spawned":[2,4,13,14],"killed_by":"Hexaghost","ascension_level":20}