{"gold_per_floor":[117,130,130,147,68,68,93,93,116,131,131,131,163,181,181,254,254,266,216,232,242,242,242,267,267,293,311,311,325,353,365,365,439,439,456,476,493,82,82,82,107,122,122,136,183,213,35,35,35,35,35,35,12,45,45],"floor_reached":55,"playtime":2931,"items_purged":["Pain"],"score":1497,"play_id":"85c8c909-2cd4-4f3f-bd10-7f9eff3c8d7a","local_time":"20190523104325","is_ascension_mode":true,"campfire_choices":[{"data":"Juggernaut","floor":6.0,"key":"SMITH"},{"floor":11.0,"key":"REST"},{"floor":15.0,"key":"REST"},{"floor":23.0,"key":"REST"},{"floor":28.0,"key":"REST"},{"floor":32.0,"key":"REST"},{"floor":40.0,"key":"REST"},{"floor":49.0,"key":"RECALL"},{"floor":52,"key":"REST"}],"neow_cost":"TEN_PERCENT_HP_LOSS","seed_source_timestamp":3324556009938,"circlet_count":0,"master_deck":["AscendersBane","Strike_R","Strike_R","Defend_R","Defend_R","Defend_R","Defend_R","Bash","Juggernaut+1","Headbutt","True Grit","Shrug It Off","Corruption","Shrug It Off","Juggernaut","Shrug It Off","Iron Wave","Shrug It Off","Shrug It Off","Armaments","Shrug It Off","Feel No Pain","Offering","Shrug It Off","Flame Barrier+1","Disarm+1","Immolate","Evolve+1"],"special_seed":0,"relics":["Burning Blood","NlothsMask","PreservedInsect","Pear","Velvet Choker","Enchiridion","Blue Candle","WarpedTongs","Red Mask","Fusion Hammer","Gambling Chip","Strawberry","Juzu Bracelet","Pocketwatch","The Courier","Membership Card","Art of War"],"potions_floor_usage":[54,55,55],"damage_taken":[{"damage":4.0,"enemies":"2 Louse","floor":1.0,"turns":3.0},{"damage":13.0,"enemies":"Cultist","floor":2.0,"turns":5.0},{"damage":7.0,"enemies":"Small Slimes","floor":4.0,"turns":4.0},{"damage":51.0,"enemies":"Gremlin Nob","floor":7.0,"turns":6.0},{"damage":13.0,"enemies":"3 Louse","floor":10.0,"turns":5.0},{"damage":17.0,"enemies":"Lagavulin","floor":13.0,"turns":6.0},{"damage":5.0,"enemies":"Exordium Wildlife","floor":14.0,"turns":4.0},{"damage":31.0,"enemies":"The Guardian","floor":16.0,"turns":15.0},{"damage":19.0,"enemies":"Spheric Guardian","floor":18.0,"turns":5.0},{"damage":14.0,"enemies":"Shell Parasite","floor":20.0,"turns":5.0},{"damage":13.0,"enemies":"Snake Plant","floor":21.0,"turns":3.0},{"damage":13.0,"enemies":"Book of Stabbing","floor":24.0,"turns":4.0},{"damage":1.0,"enemies":"Centurion and Healer","floor":27.0,"turns":7.0},{"damage":25.0,"enemies":"Shelled Parasite and Fungi","floor":29.0,"turns":5.0},{"damage":21.0,"enemies":"Masked Bandits","floor":30.0,"turns":4.0},{"damage":8.0,"enemies":"Chosen and Byrds","floor":31.0,"turns":5.0},{"damage":1.0,"enemies":"Automaton","floor":33.0,"turns":11.0},{"damage":24.0,"enemies":"3 Shapes","floor":35.0,"turns":5.0},{"damage":6.0,"enemies":"Orb Walker","floor":36.0,"turns":2.0},{"damage":7.0,"enemies":"Sphere and 2 Shapes","floor":37.0,"turns":4.0},{"damage":14.0,"enemies":"Nemesis","floor":41.0,"turns":5.0},{"damage":0.0,"enemies":"4 Shapes","floor":42.0,"turns":5.0},{"damage":0.0,"enemies":"Spire Growth","floor":44.0,"turns":3.0},{"damage":30.0,"enemies":"2 Orb Walkers","floor":45.0,"turns":4.0},{"damage":6.0,"enemies":"Giant Head","floor":46.0,"turns":7.0},{"damage":36,"enemies":"Donu and Deca","floor":50,"turns":10},{"damage":21,"enemies":"Shield and Spear","floor":54,"turns":6},{"damage":72,"enemies":"The Heart","floor":55,"turns":6}],"seed_played":"-7252284719524077899","potions_obtained":[{"floor":2.0,"key":"Ancient Potion"},{"floor":16.0,"key":"Swift Potion"},{"floor":18.0,"key":"LiquidBronze"},{"floor":27.0,"key":"Dexterity Potion"},{"floor":29.0,"key":"PowerPotion"},{"floor":31.0,"key":"SpeedPotion"},{"floor":35.0,"key":"Strength Potion"},{"floor":37.0,"key":"AttackPotion"},{"floor":42.0,"key":"Block Potion"},{"floor":46.0,"key":"SteroidPotion"},{"floor":54,"key":"Explosive Potion"}],"is_trial":false,"path_per_floor":["M","M","?","M","$","R","E","?","T","M","R","?","E","M","R","B",null,"M","?","M","M","?","R","E","?","T","M","R","M","?","M","R","B",null,"M","M","M","$","?","R","E","M","T","M","?","E","$","?","R","B",null,"R","$","E","B"],"character_chosen":"IRONCLAD","items_purchased":["Corruption","Gambling Chip","Membership Card","Block Potion"],"campfire_rested":7,"item_purchase_floors":[5,38,47,53],"current_hp_per_floor":[68,61,61,60,60,60,15,15,15,8,28,21,20,21,44,19,63,50,50,42,35,14,37,30,30,30,35,58,39,24,22,45,50,71,53,53,52,52,52,75,74,80,80,85,61,61,61,61,61,31,72,85,85,70,0],"gold":45,"neow_bonus":"THREE_RARE_CARDS","is_prod":false,"is_daily":false,"chose_seed":false,"campfire_upgraded":1,"win_rate":0,"timestamp":1558601005,"path_taken":["M","M","?","M","?","R","E","?","T","M","R","?","E","?","R","BOSS","M","?","M","?","?","R","E","?","T","M","R","?","?","M","R","BOSS","M","M","M","$","?","R","E","M","T","M","?","E","?","?","R","BOSS","R","$","E","BOSS"],"build_version":"2019-01-23","purchased_purges":1,"victory":false,"max_hp_per_floor":[68,68,68,68,68,68,68,68,68,68,68,68,78,78,78,78,78,78,78,78,78,78,78,78,78,78,78,78,78,78,78,78,78,78,78,78,78,78,78,78,85,85,85,85,85,85,85,85,85,85,85,85,85,85,85],"card_choices":[{"not_picked":["Limit Break","Barricade"],"picked":"Juggernaut","floor":0.0},{"not_picked":["Havoc","Carnage"],"picked":"Headbutt","floor":1.0},{"not_picked":["Perfected Strike","Flex"],"picked":"True Grit","floor":2.0},{"not_picked":["Wild Strike","Ghostly Armor"],"picked":"Shrug It Off","floor":4.0},{"not_picked":["Infernal Blade","Barricade","Sword Boomerang"],"picked":"SKIP","floor":7.0},{"not_picked":["Rupture","True Grit","Body Slam"],"picked":"SKIP","floor":10.0},{"not_picked":["Infernal Blade","Bludgeon","Second Wind"],"picked":"SKIP","floor":13.0},{"not_picked":["Whirlwind","Searing Blow"],"picked":"Shrug It Off","floor":14.0},{"not_picked":["Bludgeon","Limit Break"],"picked":"Juggernaut","floor":16.0},{"not_picked":["Reckless Charge","Carnage+1"],"picked":"Shrug It Off","floor":18.0},{"not_picked":["True Grit","Wild Strike"],"picked":"Iron Wave","floor":20.0},{"not_picked":["Clash","Heavy Blade+1"],"picked":"Iron Wave","floor":21.0},{"not_picked":["Sentinel","Flame Barrier"],"picked":"Shrug It Off","floor":24.0},{"not_picked":["Clash","Inflame+1"],"picked":"Shrug It Off","floor":27.0},{"not_picked":["Ghostly Armor","Limit Break"],"picked":"Armaments","floor":29.0},{"not_picked":["Warcry","Spot Weakness"],"picked":"Shrug It Off","floor":30.0},{"not_picked":["Clothesline","Ghostly Armor"],"picked":"Feel No Pain","floor":31.0},{"not_picked":["Berserk","Fiend Fire"],"picked":"Offering","floor":33.0},{"not_picked":["Entrench","Twin Strike","Sever Soul"],"picked":"SKIP","floor":35.0},{"not_picked":["Clothesline","Flex"],"picked":"Shrug It Off","floor":36.0},{"not_picked":["Ghostly Armor","Infernal Blade","Twin Strike"],"picked":"SKIP","floor":37.0},{"not_picked":["Infernal Blade","Entrench","Rage+1"],"picked":"SKIP","floor":41.0},{"not_picked":["Headbutt","Searing Blow","Pommel Strike"],"picked":"SKIP","floor":42.0},{"not_picked":["Carnage","Perfected Strike","Burning Pact"],"picked":"SKIP","floor":44.0},{"not_picked":["Carnage","Perfected Strike","Burning Pact"],"picked":"SKIP","floor":44.0},{"not_picked":["Dual Wield","Headbutt"],"picked":"Flame Barrier+1","floor":45.0},{"not_picked":["Feel No Pain","Uppercut"],"picked":"Disarm+1","floor":46.0},{"not_picked":["Rage+1","Offering"],"picked":"Evolve+1","floor":54}],"player_experience":585535,"relics_obtained":[{"floor":7.0,"key":"PreservedInsect"},{"floor":13.0,"key":"Pear"},{"floor":22.0,"key":"Enchiridion"},{"floor":24.0,"key":"Blue Candle"},{"floor":30.0,"key":"Red Mask"},{"floor":41.0,"key":"Strawberry"},{"floor":43.0,"key":"Juzu Bracelet"},{"floor":45.0,"key":"Pocketwatch"},{"floor":46.0,"key":"The Courier"},{"floor":54,"key":"Art of War"}],"event_choices":[{"damage_healed":0.0,"max_hp_gain":0.0,"max_hp_loss":0.0,"gold_gain":0.0,"event_name":"FaceTrader","player_choice":"Trade","floor":3.0,"gold_loss":0.0,"damage_taken":0.0,"relics_obtained":["NlothsMask"]},{"cards_removed":["Strike_R"],"damage_healed":0.0,"max_hp_gain":0.0,"max_hp_loss":0.0,"gold_gain":0.0,"event_name":"Living Wall","player_choice":"Forget","floor":8.0,"gold_loss":0.0,"damage_taken":0.0},{"cards_removed":["Strike_R"],"damage_healed":0.0,"max_hp_gain":0.0,"max_hp_loss":0.0,"gold_gain":0.0,"event_name":"Golden Wing","player_choice":"Card Removal","floor":12.0,"gold_loss":0.0,"damage_taken":7.0},{"damage_healed":0.0,"max_hp_gain":0.0,"max_hp_loss":0.0,"gold_gain":0.0,"event_name":"The Joust","player_choice":"Bet on Murderer","floor":19.0,"gold_loss":50.0,"damage_taken":0.0},{"damage_healed":0.0,"max_hp_gain":0.0,"max_hp_loss":0.0,"gold_gain":0.0,"event_name":"Cursed Tome","player_choice":"Obtained Book","floor":22.0,"gold_loss":0.0,"damage_taken":21.0},{"damage_healed":0.0,"max_hp_gain":0.0,"max_hp_loss":0.0,"gold_gain":0.0,"event_name":"Accursed Blacksmith","player_choice":"Rummage","floor":25.0,"gold_loss":0.0,"damage_taken":0.0,"relics_obtained":["WarpedTongs"],"cards_obtained":["Pain"]},{"damage_healed":0.0,"max_hp_gain":0.0,"max_hp_loss":0.0,"gold_gain":0.0,"event_name":"Masked Bandits","player_choice":"Fought Bandits","floor":30.0,"gold_loss":0.0,"damage_taken":0.0},{"cards_removed":["Iron Wave"],"damage_healed":0.0,"max_hp_gain":0.0,"max_hp_loss":0.0,"gold_gain":0.0,"event_name":"Falling","player_choice":"Removed Attack","floor":39.0,"gold_loss":0.0,"damage_taken":0.0},{"damage_healed":0.0,"max_hp_gain":0.0,"max_hp_loss":0.0,"gold_gain":0.0,"event_name":"Mysterious Sphere","player_choice":"Fight","floor":45.0,"gold_loss":0.0,"damage_taken":0.0},{"damage_healed":0.0,"max_hp_gain":0.0,"max_hp_loss":0.0,"gold_gain":0.0,"cards_transformed":["Strike_R"],"event_name":"Transmorgrifier","player_choice":"Transformed","floor":48.0,"gold_loss":0.0,"damage_taken":0.0,"cards_obtained":["Immolate"]}],"is_beta":false,"boss_relics":[{"not_picked":["Eternal Feather","Mark of Pain"],"picked":"Velvet Choker"},{"not_picked":["Black Blood","Philosopher\u0027s Stone"],"picked":"Fusion Hammer"}],"items_purged_floors":[38],"is_endless":false,"potions_floor_spawned":[2,16,18,27,29,31,35,37,42,46,54],"killed_by":"The Heart","ascension_level":17}