{"gold_per_floor":[116,116,127,127,46,46,73,73,73,73,73,90,124,141,141,240,240,260,460,475,485,504,504,145,156,156,156,186,186,218,238,238,341,341,360,360,380,396,447,475,488,518,518,547,143,158,158,33,33,33,33,33,33,61,61],"floor_reached":56,"playtime":1905,"items_purged":["Strike_G","Strike_G","Strike_G"],"score":1414,"play_id":"db68a002-f20c-44a2-aabc-4be5d4a67958","local_time":"20181206143733","is_ascension_mode":false,"campfire_choices":[{"data":"Crippling Poison","floor":6.0,"key":"SMITH"},{"data":"Catalyst","floor":8.0,"key":"SMITH"},{"data":"Deadly Poison","floor":15.0,"key":"SMITH"},{"data":"Neutralize","floor":23.0,"key":"SMITH"},{"data":"Catalyst","floor":29.0,"key":"SMITH"},{"data":"Corpse Explosion","floor":32.0,"key":"SMITH"},{"floor":49,"key":"RECALL"},{"data":"Noxious Fumes","floor":52,"key":"SMITH"}],"neow_cost":"NONE","seed_source_timestamp":18992706889451,"circlet_count":0,"master_deck":["Defend_G","Defend_G","Defend_G","Defend_G","Strike_G+1","Survivor","Neutralize+1","Leg Sweep+1","Crippling Poison+1","Catalyst+1","Deadly Poison+1","After Image","Dodge and Roll+1","Corpse Explosion+1","Catalyst+1","Deadly Poison+1","Venomology","PiercingWail+1","Acrobatics+1","Noxious Fumes+1","Noxious Fumes+1"],"special_seed":0,"relics":["Cursed Key","Torii","Pear","Velvet Choker","Oddly Smooth Stone","Gambling Chip","Regal Pillow","Busted Crown","Spirit Poop","Calipers","Blood Vial","Mercury Hourglass","Centennial Puzzle","Medical Kit","Matryoshka"],"potions_floor_usage":[38,44,46,50,54,55,55,55,55],"damage_taken":[{"damage":2.0,"enemies":"Small Slimes","floor":1.0,"turns":4.0},{"damage":1.0,"enemies":"Cultist","floor":3.0,"turns":5.0},{"damage":17.0,"enemies":"Lagavulin","floor":7.0,"turns":10.0},{"damage":0.0,"enemies":"2 Louse","floor":12.0,"turns":3.0},{"damage":6.0,"enemies":"3 Sentries","floor":13.0,"turns":5.0},{"damage":1.0,"enemies":"Exordium Wildlife","floor":14.0,"turns":3.0},{"damage":2.0,"enemies":"Hexaghost","floor":16.0,"turns":10.0},{"damage":1.0,"enemies":"2 Thieves","floor":18.0,"turns":4.0},{"damage":0.0,"enemies":"3 Byrds","floor":20.0,"turns":4.0},{"damage":3.0,"enemies":"3 Cultists","floor":21.0,"turns":7.0},{"damage":2.0,"enemies":"Snecko","floor":22.0,"turns":6.0},{"damage":1.0,"enemies":"Snake Plant","floor":25.0,"turns":3.0},{"damage":0.0,"enemies":"Gremlin Leader","floor":28.0,"turns":6.0},{"damage":0.0,"enemies":"Book of Stabbing","floor":30.0,"turns":3.0},{"damage":0.0,"enemies":"Cultist and Chosen","floor":31.0,"turns":3.0},{"damage":1.0,"enemies":"Champ","floor":33.0,"turns":7.0},{"damage":0.0,"enemies":"3 Shapes","floor":35.0,"turns":3.0},{"damage":0.0,"enemies":"Orb Walker","floor":37.0,"turns":2.0},{"damage":0,"enemies":"Jaw Worm Horde","floor":38,"turns":3},{"damage":2,"enemies":"2 Orb Walkers","floor":39,"turns":2},{"damage":28,"enemies":"Nemesis","floor":40,"turns":3},{"damage":0,"enemies":"4 Shapes","floor":41,"turns":4},{"damage":11,"enemies":"Reptomancer","floor":42,"turns":7},{"damage":0,"enemies":"Giant Head","floor":44,"turns":6},{"damage":0,"enemies":"Maw","floor":46,"turns":4},{"damage":15,"enemies":"Awakened One","floor":50,"turns":11},{"damage":2,"enemies":"Shield and Spear","floor":54,"turns":3},{"damage":26,"enemies":"The Heart","floor":55,"turns":7}],"seed_played":"2208748302808028374","potions_obtained":[{"floor":7.0,"key":"SkillPotion"},{"floor":13.0,"key":"SkillPotion"},{"floor":16.0,"key":"SneckoOil"},{"floor":22.0,"key":"Fire Potion"},{"floor":25.0,"key":"Energy Potion"},{"floor":31.0,"key":"Ancient Potion"},{"floor":33.0,"key":"SpeedPotion"},{"floor":35.0,"key":"Ancient Potion"},{"floor":37.0,"key":"SpeedPotion"}],"is_trial":false,"path_per_floor":["M","?","M","?","$","R","E","R","T","?","$","M","E","M","R","B",null,"M","?","M","M","M","R","$","M","T","?","E","R","E","M","R","B",null,"M","?","M","M","?","E","M","E","T","E","$","M","?","$","R","B",null,"R","$","E","B",null],"character_chosen":"THE_SILENT","items_purchased":["Catalyst","Oddly Smooth Stone","Corpse Explosion","Medical Kit","GhostInAJar","Noxious Fumes"],"campfire_rested":0,"item_purchase_floors":[5,24,24,45,45,45],"current_hp_per_floor":[68,68,67,60,60,60,43,43,43,29,29,29,33,32,32,30,80,79,79,79,76,74,74,74,73,73,73,73,73,73,73,73,72,80,80,77,77,77,75,47,49,40,40,42,42,44,44,44,44,31,77,77,77,75,61],"gold":61,"neow_bonus":"BOSS_RELIC","is_prod":false,"is_daily":false,"chose_seed":false,"campfire_upgraded":7,"win_rate":0,"timestamp":1544078253,"path_taken":["M","?","?","?","$","R","E","R","T","?","?","?","E","M","R","BOSS","M","?","?","M","M","R","?","?","T","?","E","R","E","M","R","BOSS","M","?","M","?","?","E","M","E","T","E","$","M","?","$","R","BOSS","R","$","E","BOSS"],"build_version":"2018-11-15","purchased_purges":3,"victory":true,"max_hp_per_floor":[70,70,70,70,70,70,70,70,70,70,70,70,80,80,80,80,80,80,80,80,80,80,80,80,80,80,80,80,80,80,80,80,80,80,80,77,77,77,77,77,77,77,77,77,77,77,77,77,77,77,77,77,77,77,77],"card_choices":[{"not_picked":["Deflect","Cloak And Dagger"],"picked":"Leg Sweep","floor":1.0},{"not_picked":["Calculated Gamble","Masterful Stab"],"picked":"Crippling Poison","floor":3.0},{"not_picked":["Dagger Throw","Cloak And Dagger","Caltrops"],"picked":"SKIP","floor":7.0},{"not_picked":["Expertise","PiercingWail","Prepared"],"picked":"SKIP","floor":12.0},{"not_picked":["Tactician","Quick Slash","Acrobatics"],"picked":"SKIP","floor":13.0},{"not_picked":["Outmaneuver","Poisoned Stab"],"picked":"Deadly Poison","floor":14.0},{"not_picked":["Grand Finale","Tools of the Trade"],"picked":"After Image","floor":16.0},{"not_picked":["Predator","Blade Dance","Underhanded Strike"],"picked":"SKIP","floor":18.0},{"not_picked":["Choke","Eviscerate","Cloak And Dagger"],"picked":"SKIP","floor":20.0},{"not_picked":["Backstab","Flechettes"],"picked":"Dodge and Roll+1","floor":21.0},{"not_picked":["Acrobatics","Flechettes","Bane"],"picked":"SKIP","floor":22.0},{"not_picked":["Skewer+1","Poisoned Stab+1","Acrobatics"],"picked":"SKIP","floor":25.0},{"not_picked":["Blade Dance","Bane+1"],"picked":"Deadly Poison+1","floor":28.0},{"not_picked":["Reflex+1","Bane+1","Eviscerate"],"picked":"SKIP","floor":30.0},{"not_picked":["Underhanded Strike","Dodge and Roll","Unload"],"picked":"SKIP","floor":31.0},{"not_picked":["A Thousand Cuts","Phantasmal Killer"],"picked":"Venomology","floor":33.0},{"not_picked":["Prepared"],"picked":"SKIP","floor":35.0},{"not_picked":[],"picked":"PiercingWail+1","floor":37.0},{"not_picked":["Sucker Punch+1"],"picked":"SKIP","floor":38},{"not_picked":["Cloak And Dagger+1"],"picked":"SKIP","floor":40},{"not_picked":[],"picked":"Acrobatics+1","floor":41},{"not_picked":["Cloak And Dagger"],"picked":"SKIP","floor":42},{"not_picked":["Dash"],"picked":"SKIP","floor":44},{"not_picked":[],"picked":"Noxious Fumes+1","floor":46},{"not_picked":["Skewer+1"],"picked":"SKIP","floor":54},{"not_picked":["Skewer+1"],"picked":"SKIP","floor":54}],"player_experience":1163072,"relics_obtained":[{"floor":7.0,"key":"Torii"},{"floor":13.0,"key":"Pear"},{"floor":28.0,"key":"Gambling Chip"},{"floor":30.0,"key":"Regal Pillow"},{"floor":39,"key":"Calipers"},{"floor":40,"key":"Blood Vial"},{"floor":42,"key":"Mercury Hourglass"},{"floor":44,"key":"Centennial Puzzle"},{"floor":54,"key":"Matryoshka"}],"event_choices":[{"damage_healed":0.0,"max_hp_gain":0.0,"max_hp_loss":0.0,"gold_gain":0.0,"event_name":"The Woman in Blue","player_choice":"Bought 0 Potions","floor":2.0,"gold_loss":0.0,"damage_taken":0.0},{"cards_removed":["Defend_G"],"damage_healed":0.0,"max_hp_gain":0.0,"max_hp_loss":0.0,"gold_gain":0.0,"event_name":"Golden Wing","player_choice":"Card Removal","floor":4.0,"gold_loss":0.0,"damage_taken":7.0},{"damage_healed":0.0,"max_hp_gain":0.0,"max_hp_loss":0.0,"gold_gain":0.0,"event_name":"Shining Light","player_choice":"Entered Light","floor":10.0,"gold_loss":0.0,"damage_taken":14.0,"cards_upgraded":["Strike_G","Leg Sweep"]},{"damage_healed":0.0,"max_hp_gain":0.0,"max_hp_loss":0.0,"gold_gain":200.0,"event_name":"Wheel of Change","player_choice":"Gold","floor":19.0,"gold_loss":0.0,"damage_taken":0.0},{"damage_healed":0.0,"max_hp_gain":0.0,"max_hp_loss":0.0,"gold_gain":0.0,"event_name":"The Library","player_choice":"Read","floor":27.0,"gold_loss":0.0,"damage_taken":0.0,"cards_obtained":["Catalyst"]},{"cards_removed":["Parasite"],"damage_healed":0.0,"max_hp_gain":0.0,"max_hp_loss":0.0,"gold_gain":0.0,"event_name":"Bonfire Elementals","player_choice":"Offered Curse","floor":36.0,"gold_loss":0.0,"damage_taken":0.0,"relics_obtained":["Spirit Poop"]},{"damage_healed":0,"gold_gain":0,"player_choice":"Fight","damage_taken":0,"max_hp_gain":0,"max_hp_loss":0,"event_name":"Mysterious Sphere","floor":39,"gold_loss":0},{"cards_removed":["Strike_G"],"damage_healed":0,"gold_gain":0,"player_choice":"Removed Attack","damage_taken":0,"max_hp_gain":0,"max_hp_loss":0,"event_name":"Falling","floor":47,"gold_loss":0}],"is_beta":false,"boss_relics":[{"not_picked":["Fusion Hammer","Sozu"],"picked":"Velvet Choker"},{"not_picked":["Astrolabe","Runic Dome"],"picked":"Busted Crown"}],"items_purged_floors":[24,45,48],"is_endless":false,"potions_floor_spawned":[7,13,16,22,25,31,33,35,37,38,41,44],"ascension_level":0}