{"gold_per_floor":[12,12,23,23,23,23,36,36,59,88,101,101,116,25,25,25],"floor_reached":16,"playtime":483,"items_purged":[],"score":200,"play_id":"476bf4f0-7b49-45be-b0b0-0b87d42cfc86","local_time":"20190217125455","is_ascension_mode":true,"campfire_choices":[{"data":"Zap","floor":6.0,"key":"SMITH"},{"data":"Consume","floor":8.0,"key":"SMITH"},{"data":"Dualcast","floor":12.0,"key":"SMITH"},{"data":"Coolheaded","floor":15.0,"key":"SMITH"}],"neow_cost":"NO_GOLD","seed_source_timestamp":13714764351358,"circlet_count":0,"master_deck":["AscendersBane","Strike_B","Strike_B","Strike_B","Defend_B","Defend_B","Defend_B","Defend_B","Zap+1","Dualcast+1","Undo","Consume+1","Coolheaded+1","Enlightenment"],"special_seed":0,"relics":["Cracked Core","Ice Cream","Turnip","Ancient Tea Set","Pantograph"],"potions_floor_usage":[16],"damage_taken":[{"damage":2.0,"enemies":"Jaw Worm","floor":1.0,"turns":3.0},{"damage":5.0,"enemies":"2 Louse","floor":3.0,"turns":3.0},{"damage":0.0,"enemies":"Cultist","floor":7.0,"turns":3.0},{"damage":30.0,"enemies":"3 Sentries","floor":10.0,"turns":7.0},{"damage":15.0,"enemies":"Lots of Slimes","floor":11.0,"turns":5.0},{"damage":0.0,"enemies":"Blue Slaver","floor":13.0,"turns":4.0},{"damage":31,"enemies":"Hexaghost","floor":16,"turns":9}],"seed_played":"-2265033791153855906","potions_obtained":[{"floor":3.0,"key":"SkillPotion"},{"floor":7.0,"key":"SmokeBomb"},{"floor":11.0,"key":"LiquidBronze"}],"is_trial":false,"path_per_floor":["M","?","M","?","?","R","M","R","T","E","M","R","M","$","R","B"],"character_chosen":"DEFECT","items_purchased":["Enlightenment"],"campfire_rested":0,"item_purchase_floors":[14],"current_hp_per_floor":[62,62,57,57,46,46,46,46,46,16,1,1,1,1,1,0],"gold":25,"neow_bonus":"ONE_RARE_RELIC","is_prod":false,"is_daily":false,"chose_seed":false,"campfire_upgraded":4,"win_rate":0,"timestamp":1550379295,"path_taken":["M","?","M","?","?","R","M","R","T","E","M","R","M","$","R","BOSS"],"build_version":"2019-01-23","purchased_purges":0,"victory":false,"max_hp_per_floor":[71,71,71,71,71,71,71,71,71,71,71,71,71,71,71,71],"card_choices":[{"not_picked":["Barrage","Rebound","Hello World"],"picked":"SKIP","floor":1.0},{"not_picked":["Sweeping Beam","Compile Driver"],"picked":"Undo","floor":3.0},{"not_picked":["Conserve Battery","Leap"],"picked":"Consume","floor":7.0},{"not_picked":["Rebound","Beam Cell","Go for the Eyes"],"picked":"SKIP","floor":10.0},{"not_picked":["Steam","Rebound"],"picked":"Coolheaded","floor":11.0},{"not_picked":["Barrage","Rebound","Heatsinks"],"picked":"SKIP","floor":13.0}],"player_experience":2858869,"relics_obtained":[{"floor":9.0,"key":"Ancient Tea Set"},{"floor":10.0,"key":"Pantograph"}],"event_choices":[{"cards_removed":["Strike_B"],"damage_healed":0.0,"max_hp_gain":0.0,"max_hp_loss":0.0,"gold_gain":0.0,"event_name":"Living Wall","player_choice":"Forget","floor":2.0,"gold_loss":0.0,"damage_taken":0.0},{"damage_healed":0.0,"max_hp_gain":0.0,"max_hp_loss":0.0,"gold_gain":0.0,"event_name":"Liars Game","player_choice":"Ignored","floor":4.0,"gold_loss":0.0,"damage_taken":0.0},{"damage_healed":0.0,"max_hp_gain":0.0,"max_hp_loss":0.0,"gold_gain":0.0,"event_name":"Scrap Ooze","player_choice":"Success","floor":5.0,"gold_loss":0.0,"damage_taken":11.0,"relics_obtained":["Turnip"]}],"is_beta":false,"boss_relics":[],"items_purged_floors":[],"is_endless":false,"potions_floor_spawned":[3,7,11],"killed_by":"Hexaghost","ascension_level":20}