{"gold_per_floor":[116,136,9,26,26,26,43,43,69,69,82,7,7,38,38,115,115,135,60,70,19,19,19,19,19,42,68,68,68],"floor_reached":29,"playtime":1013,"items_purged":[],"score":438,"play_id":"b7251b0b-c82e-4e1d-a932-ed845a26d522","local_time":"20190222174259","is_ascension_mode":true,"campfire_choices":[{"data":"Coolheaded","floor":6.0,"key":"SMITH"},{"data":"Double Energy","floor":8.0,"key":"SMITH"},{"data":"Hologram","floor":10.0,"key":"SMITH"},{"data":"Defragment","floor":15.0,"key":"SMITH"},{"data":"Hologram","floor":23,"key":"SMITH"},{"data":"Turbo","floor":28,"key":"SMITH"}],"neow_cost":"NONE","seed_source_timestamp":423259375938068,"circlet_count":0,"master_deck":["AscendersBane","Strike_B+1","Defend_B+1","Defend_B+1","Defend_B+1","Defend_B+1","Zap","Dualcast","Stack+1","Double Energy+1","Defragment+1","Skim","Coolheaded+1","Hologram+1","Turbo+1","Defragment+1","Core Surge","Hologram+1","Loop","Cold Snap","Stack","Ghostly","Ghostly","Ghostly"],"special_seed":0,"relics":["Cracked Core","Boot","Regal Pillow","War Paint","Nuclear Battery","Centennial Puzzle","Red Mask"],"potions_floor_usage":[],"damage_taken":[{"damage":1.0,"enemies":"Cultist","floor":1.0,"turns":4.0},{"damage":2.0,"enemies":"Jaw Worm","floor":2.0,"turns":3.0},{"damage":0.0,"enemies":"2 Louse","floor":4.0,"turns":3.0},{"damage":14.0,"enemies":"Exordium Thugs","floor":7.0,"turns":8.0},{"damage":10.0,"enemies":"3 Louse","floor":11.0,"turns":5.0},{"damage":17.0,"enemies":"3 Sentries","floor":14.0,"turns":8.0},{"damage":23.0,"enemies":"Hexaghost","floor":16.0,"turns":16.0},{"damage":22,"enemies":"3 Byrds","floor":18,"turns":4},{"damage":0,"enemies":"Spheric Guardian","floor":20,"turns":4},{"damage":0,"enemies":"Masked Bandits","floor":27,"turns":9},{"damage":31,"enemies":"Gremlin Leader","floor":29,"turns":9}],"seed_played":"-4640055620085512375","potions_obtained":[{"floor":1.0,"key":"Block Potion"},{"floor":7.0,"key":"Energy Potion"},{"floor":14.0,"key":"Block Potion"},{"floor":16.0,"key":"Strength Potion"}],"is_trial":false,"path_per_floor":["M","M","$","M","?","R","M","R","T","R","M","?","?","E","R","B",null,"M","?","M","$","?","R","?","$","T","?","R","E"],"character_chosen":"DEFECT","items_purchased":["Defragment","Skim","Stack"],"campfire_rested":0,"item_purchase_floors":[3,3,21],"current_hp_per_floor":[63,61,61,61,61,61,47,47,47,47,37,37,42,25,25,2,58,36,36,36,36,36,36,36,36,36,36,36,5],"gold":68,"neow_bonus":"RANDOM_COMMON_RELIC","is_prod":false,"is_daily":false,"chose_seed":false,"campfire_upgraded":6,"win_rate":0,"timestamp":1550828579,"path_taken":["M","M","$","M","?","R","M","R","T","R","M","?","?","E","R","BOSS","M","?","M","$","?","R","?","$","T","?","R","E"],"build_version":"2019-01-23","purchased_purges":0,"victory":false,"max_hp_per_floor":[71,71,71,71,71,71,71,71,71,71,71,71,76,76,76,76,76,76,76,76,76,76,76,38,38,38,38,38,38],"card_choices":[{"not_picked":["Sweeping Beam","Leap"],"picked":"Stack","floor":1.0},{"not_picked":["Steam","Leap"],"picked":"Double Energy","floor":2.0},{"not_picked":["Rebound","Aggregate"],"picked":"Coolheaded","floor":4.0},{"not_picked":["Ball Lightning","Capacitor"],"picked":"Hologram","floor":7.0},{"not_picked":["Lockon","Streamline"],"picked":"Turbo","floor":11.0},{"not_picked":["Turbo","Steam Power"],"picked":"Defragment","floor":14.0},{"not_picked":["Creative AI","Thunder Strike"],"picked":"Core Surge","floor":16.0},{"not_picked":["Rebound","Storm","Fusion+1"],"picked":"SKIP","floor":18},{"not_picked":["BootSequence","Sweeping Beam"],"picked":"Cold Snap","floor":20}],"player_experience":908054,"relics_obtained":[{"floor":9.0,"key":"Regal Pillow"},{"floor":14.0,"key":"War Paint"},{"floor":26,"key":"Centennial Puzzle"},{"floor":27,"key":"Red Mask"}],"event_choices":[{"damage_healed":0.0,"max_hp_gain":0.0,"max_hp_loss":0.0,"gold_gain":0.0,"event_name":"Living Wall","player_choice":"Grow","floor":5.0,"gold_loss":0.0,"damage_taken":0.0,"cards_upgraded":["Defragment"]},{"cards_removed":["Strike_B"],"damage_healed":0.0,"max_hp_gain":0.0,"max_hp_loss":0.0,"gold_gain":0.0,"event_name":"The Cleric","player_choice":"Card Removal","floor":12.0,"gold_loss":75.0,"damage_taken":0.0},{"damage_healed":0.0,"max_hp_gain":5.0,"max_hp_loss":0.0,"gold_gain":0.0,"event_name":"Big Fish","player_choice":"Donut","floor":13.0,"gold_loss":0.0,"damage_taken":0.0},{"damage_healed":0,"gold_gain":0,"cards_transformed":["Strike_B","Strike_B"],"player_choice":"Transformed Cards","damage_taken":0,"max_hp_gain":0,"max_hp_loss":0,"event_name":"Designer","floor":19,"gold_loss":75,"cards_obtained":["Hologram","Loop"]},{"damage_healed":0,"gold_gain":0,"player_choice":"Simplicity","damage_taken":0,"max_hp_gain":0,"max_hp_loss":0,"event_name":"Back to Basics","floor":22,"gold_loss":0,"cards_upgraded":["Strike_B","Defend_B","Defend_B","Defend_B"]},{"damage_healed":0,"gold_gain":0,"player_choice":"Became a Ghost","damage_taken":0,"max_hp_gain":0,"max_hp_loss":38,"event_name":"Ghosts","floor":24,"gold_loss":0,"cards_obtained":["Ghostly","Ghostly","Ghostly"]},{"damage_healed":0,"gold_gain":0,"player_choice":"Fought Bandits","damage_taken":0,"max_hp_gain":0,"max_hp_loss":0,"event_name":"Masked Bandits","floor":27,"gold_loss":0}],"is_beta":false,"boss_relics":[{"not_picked":["Runic Dome","Calling Bell"],"picked":"Nuclear Battery"}],"items_purged_floors":[],"is_endless":false,"potions_floor_spawned":[1,7,14,16],"killed_by":"Gremlin Leader","ascension_level":20}