{"gold_per_floor":[111,111,34,34,49,49,81,81,81,101,26,41,41,71,71,71],"floor_reached":16,"playtime":447,"items_purged":["Strike_B"],"score":266,"play_id":"3a17b0e9-c8ee-4311-ad89-00c969cce8ac","local_time":"20190314114630","is_ascension_mode":true,"campfire_choices":[{"data":"Defragment","floor":6.0,"key":"SMITH"},{"data":"Loop","floor":8,"key":"SMITH"},{"data":"Hologram","floor":13,"key":"SMITH"},{"data":"Turbo","floor":15,"key":"SMITH"}],"neow_cost":"NONE","seed_source_timestamp":13678051242767,"circlet_count":0,"master_deck":["AscendersBane","Strike_B+1","Strike_B+1","Strike_B","Defend_B","Defend_B","Defend_B","Defend_B","Zap","Dualcast","Hyperbeam+1","Turbo+1","Defragment+1","Loop+1","Undo","Electrodynamics","Hologram+1","White Noise"],"special_seed":0,"relics":["Cracked Core","Centennial Puzzle","Shuriken","Letter Opener"],"potions_floor_usage":[7,14,14],"damage_taken":[{"damage":2.0,"enemies":"Jaw Worm","floor":1.0,"turns":4.0},{"damage":0.0,"enemies":"Cultist","floor":5.0,"turns":2.0},{"damage":25,"enemies":"Lagavulin","floor":7,"turns":7},{"damage":0,"enemies":"Small Slimes","floor":10,"turns":1},{"damage":3,"enemies":"Blue Slaver","floor":12,"turns":2},{"damage":0,"enemies":"Gremlin Nob","floor":14,"turns":3},{"damage":21,"enemies":"Hexaghost","floor":16,"turns":7}],"seed_played":"768879161382387468","potions_obtained":[{"floor":5.0,"key":"FocusPotion"},{"floor":10,"key":"GamblersBrew"},{"floor":12,"key":"Swift Potion"}],"is_trial":false,"path_per_floor":["M","?","$","?","M","R","E","R","T","M","$","M","R","E","R","B"],"character_chosen":"DEFECT","items_purchased":["Defragment"],"campfire_rested":0,"item_purchase_floors":[3],"current_hp_per_floor":[62,62,62,41,41,41,16,16,16,16,16,13,13,13,13,0],"gold":71,"neow_bonus":"ONE_RANDOM_RARE_CARD","is_prod":false,"is_daily":false,"chose_seed":false,"campfire_upgraded":4,"win_rate":0,"timestamp":1552535190,"path_taken":["M","?","?","?","M","R","E","R","T","M","?","?","R","E","R","BOSS"],"build_version":"2019-01-23","purchased_purges":1,"victory":false,"max_hp_per_floor":[71,71,71,71,71,71,71,71,71,71,71,71,71,71,71,71],"card_choices":[{"not_picked":["Leap","Gash"],"picked":"Turbo","floor":1.0},{"not_picked":["Sweeping Beam","Streamline"],"picked":"Loop","floor":5.0},{"not_picked":["Sweeping Beam","Darkness"],"picked":"Undo","floor":7},{"not_picked":["Streamline","Steam"],"picked":"Electrodynamics","floor":10},{"not_picked":["Barrage","Force Field"],"picked":"Hologram","floor":12},{"not_picked":["Cold Snap","Stack"],"picked":"White Noise","floor":14}],"player_experience":3576873,"relics_obtained":[{"floor":7,"key":"Centennial Puzzle"},{"floor":9,"key":"Shuriken"},{"floor":14,"key":"Letter Opener"}],"event_choices":[{"damage_healed":0.0,"max_hp_gain":0.0,"max_hp_loss":0.0,"gold_gain":0.0,"event_name":"Upgrade Shrine","player_choice":"Upgraded","floor":2.0,"gold_loss":0.0,"damage_taken":0.0,"cards_upgraded":["Hyperbeam"]},{"damage_healed":0.0,"max_hp_gain":0.0,"max_hp_loss":0.0,"gold_gain":0.0,"event_name":"Shining Light","player_choice":"Entered Light","floor":4.0,"gold_loss":0.0,"damage_taken":21.0,"cards_upgraded":["Strike_B","Strike_B"]}],"is_beta":false,"boss_relics":[],"items_purged_floors":[11],"is_endless":false,"potions_floor_spawned":[5,10,12],"killed_by":"Hexaghost","ascension_level":20}