{"gold_per_floor":[119,119,131,141,29,55,55,55,108,119,130,159,159,188,188,267,267,279,72,222,241,251,251,32,63,63,63,63,63,63,73,73,145,145,156,156,171,35,46,46,46,46,69,69,69,69,85,22,22,22],"floor_reached":50,"playtime":1346,"items_purged":["Pain","Strike_B","Strike_B"],"score":1077,"play_id":"c86546cf-096e-4709-a45e-6fd33343812d","local_time":"20190325235012","is_ascension_mode":true,"campfire_choices":[{"data":"Sunder","floor":7.0,"key":"SMITH"},{"data":"Loop","floor":15.0,"key":"SMITH"},{"floor":23.0,"key":"REST"},{"floor":30.0,"key":"REST"},{"floor":32.0,"key":"REST"},{"floor":40,"key":"REST"},{"floor":42,"key":"REST"},{"data":"Consume","floor":44,"key":"SMITH"},{"floor":46,"key":"RECALL"},{"floor":49,"key":"REST"}],"neow_cost":"NONE","seed_source_timestamp":44782169534092,"circlet_count":0,"master_deck":["AscendersBane","Strike_B","Strike_B","Defend_B","Defend_B","Defend_B","Defend_B","Zap+1","Dualcast","FTL","Rip and Tear","Sunder+1","Electrodynamics","Chaos","Ball Lightning","Loop+1","Core Surge","Defragment+1","Coolheaded+1","Capacitor","Self Repair","Consume+1","Creative AI+1","Defragment+1","Decay","Impatience","Secret Technique","Finesse","Undo"],"special_seed":0,"relics":["Cracked Core","NeowsBlessing","WarpedTongs","Bronze Scales","Art of War","WingedGreaves","Cursed Key","Membership Card","Pear","Frozen Egg 2","theJungle:BirthdayCake","Inserter","Runic Capacitor","War Paint"],"potions_floor_usage":[37,47],"damage_taken":[{"damage":0.0,"enemies":"2 Louse","floor":1.0,"turns":1.0},{"damage":1.0,"enemies":"Cultist","floor":3.0,"turns":1.0},{"damage":1.0,"enemies":"Small Slimes","floor":4.0,"turns":1.0},{"damage":10.0,"enemies":"3 Sentries","floor":6.0,"turns":4.0},{"damage":8.0,"enemies":"Exordium Wildlife","floor":10.0,"turns":3.0},{"damage":0.0,"enemies":"3 Louse","floor":11.0,"turns":1.0},{"damage":14.0,"enemies":"Lagavulin","floor":12.0,"turns":6.0},{"damage":8.0,"enemies":"Gremlin Nob","floor":14.0,"turns":3.0},{"damage":0.0,"enemies":"Hexaghost","floor":16.0,"turns":6.0},{"damage":15.0,"enemies":"theJungle:5_Spyders","floor":18.0,"turns":6.0},{"damage":14.0,"enemies":"theJungle:MUSHROOMGANG","floor":21.0,"turns":3.0},{"damage":10.0,"enemies":"theJungle:SlimyTreeVines","floor":22.0,"turns":4.0},{"damage":30.0,"enemies":"theJungle:2_Phrogs","floor":25.0,"turns":4.0},{"damage":35.0,"enemies":"theJungle:2_Snecko_Cultists","floor":31.0,"turns":3.0},{"damage":22.0,"enemies":"theJungle:QueenSpyder","floor":33.0,"turns":9.0},{"damage":35.0,"enemies":"Orb Walker","floor":35.0,"turns":4.0},{"damage":5,"enemies":"3 Darklings","floor":37,"turns":2},{"damage":29,"enemies":"4 Shapes","floor":39,"turns":3},{"damage":8,"enemies":"Transient","floor":47,"turns":6},{"damage":94,"enemies":"Time Eater","floor":50,"turns":6}],"seed_played":"6771245313892487313","potions_obtained":[{"floor":1.0,"key":"EssenceOfSteel"},{"floor":3.0,"key":"Regen Potion"},{"floor":11.0,"key":"PowerPotion"},{"floor":16.0,"key":"GamblersBrew"},{"floor":25.0,"key":"SkillPotion"},{"floor":37,"key":"PowerPotion"}],"is_trial":false,"path_per_floor":["M","?","M","M","$","E","R","$","T","M","M","E","?","E","R","B",null,"M","$","?","M","M","R","$","E","T","?","?","?","R","M","R","B",null,"M","?","M","$","M","R","?","R","T","R","?","R","M","$","R","B"],"character_chosen":"DEFECT","items_purchased":["Sunder","Coolheaded","Capacitor","Membership Card","Defragment+1","Runic Capacitor"],"campfire_rested":6,"item_purchase_floors":[5,19,19,24,38,38],"current_hp_per_floor":[64,64,63,62,62,64,64,64,64,56,56,42,16,8,8,8,55,40,40,40,26,26,47,47,34,34,19,19,39,68,33,62,47,85,57,57,52,52,23,52,52,79,79,79,69,69,68,68,93,0],"gold":22,"neow_bonus":"THREE_ENEMY_KILL","is_prod":false,"is_daily":false,"chose_seed":false,"campfire_upgraded":3,"win_rate":0,"timestamp":1553529012,"path_taken":["M","?","?","M","$","E","R","$","T","?","M","E","?","E","R","BOSS","M","$","?","M","M","R","$","E","T","?","?","?","R","M","R","BOSS","M","?","M","$","M","R","?","R","T","R","?","R","M","?","R","BOSS"],"build_version":"2019-01-23","purchased_purges":3,"victory":false,"max_hp_per_floor":[71,71,71,71,71,71,71,71,71,71,71,71,71,71,71,71,71,71,71,71,71,71,71,71,81,81,78,78,98,98,98,98,98,98,98,98,98,98,98,98,93,93,93,93,93,93,93,93,93,93],"card_choices":[{"not_picked":["Leap","Compile Driver"],"picked":"FTL","floor":1.0},{"not_picked":["Barrage","Leap"],"picked":"Rip and Tear","floor":3.0},{"not_picked":["Beam Cell","Streamline","Compile Driver"],"picked":"SKIP","floor":4.0},{"not_picked":["Conserve Battery","Barrage","Sweeping Beam"],"picked":"SKIP","floor":6.0},{"not_picked":["Conserve Battery","Sweeping Beam"],"picked":"Electrodynamics","floor":10.0},{"not_picked":["Leap","Go for the Eyes"],"picked":"Chaos","floor":11.0},{"not_picked":["Leap","Streamline"],"picked":"Ball Lightning","floor":12.0},{"not_picked":["Coolheaded","Hologram"],"picked":"Loop","floor":14.0},{"not_picked":["Electrodynamics","Hyperbeam"],"picked":"Core Surge","floor":16.0},{"not_picked":["Turbo","Auto Shields"],"picked":"Defragment+1","floor":18.0},{"not_picked":["Streamline","Genetic Algorithm"],"picked":"Self Repair","floor":21.0},{"not_picked":["Sweeping Beam","Rebound","Compile Driver"],"picked":"SKIP","floor":22.0},{"not_picked":["Darkness+1","Self Repair","Gash+1"],"picked":"SKIP","floor":25.0},{"not_picked":["Aggregate","Stack"],"picked":"Consume","floor":31.0},{"not_picked":["Electrodynamics+1","Hyperbeam"],"picked":"Creative AI+1","floor":33.0},{"not_picked":["Beam Cell+1","Sweeping Beam","Hologram"],"picked":"SKIP","floor":35.0},{"not_picked":["Gash+1","Steam","Lockon"],"picked":"SKIP","floor":37},{"not_picked":["FTL","Beam Cell","Turbo+1"],"picked":"SKIP","floor":39},{"not_picked":["Dramatic Entrance","Panacea"],"picked":"Impatience","floor":45},{"not_picked":["Finesse","Thinking Ahead"],"picked":"Secret Technique","floor":45},{"not_picked":["Good Instincts","Flash of Steel"],"picked":"Finesse","floor":45},{"not_picked":["Streamline","Turbo"],"picked":"Undo","floor":47}],"player_experience":3869588,"relics_obtained":[{"floor":6.0,"key":"Bronze Scales"},{"floor":12.0,"key":"Art of War"},{"floor":25.0,"key":"Pear"},{"floor":26.0,"key":"Frozen Egg 2"},{"floor":43,"key":"War Paint"}],"event_choices":[{"damage_healed":0.0,"max_hp_gain":0.0,"max_hp_loss":0.0,"gold_gain":0.0,"event_name":"Accursed Blacksmith","player_choice":"Rummage","floor":2.0,"gold_loss":0.0,"damage_taken":0.0,"relics_obtained":["WarpedTongs"],"cards_obtained":["Pain"]},{"damage_healed":0.0,"max_hp_gain":0.0,"max_hp_loss":0.0,"gold_gain":0.0,"event_name":"Scrap Ooze","player_choice":"Success","floor":13.0,"gold_loss":0.0,"damage_taken":26.0,"relics_obtained":["WingedGreaves"]},{"damage_healed":0.0,"max_hp_gain":0.0,"max_hp_loss":0.0,"gold_gain":0.0,"event_name":"Tomb of Lord Red Mask","player_choice":"Ignored","floor":36.0,"gold_loss":0.0,"damage_taken":0.0},{"damage_healed":0,"gold_gain":0,"player_choice":"Max HP","damage_taken":0,"max_hp_gain":0,"max_hp_loss":5,"event_name":"Winding Halls","floor":41,"gold_loss":0},{"damage_healed":0,"gold_gain":0,"player_choice":"Memory 3","damage_taken":10,"max_hp_gain":0,"max_hp_loss":0,"event_name":"SensoryStone","floor":45,"gold_loss":0}],"is_beta":false,"boss_relics":[{"not_picked":["Snecko Eye","FrozenCore"],"picked":"Cursed Key"},{"not_picked":["Eternal Feather","Calling Bell"],"picked":"Inserter"}],"items_purged_floors":[5,19,48],"is_endless":false,"potions_floor_spawned":[1,3,4,11,14,16,25,31,35,37],"killed_by":"Time Eater","ascension_level":20}