{"gold_per_floor":[116,41,58,58,58,86,161,161,161,161,174,174,208,221,221,293,293,303,303,0,50,68,95,95,95],"floor_reached":25,"playtime":542,"items_purged":[],"score":504,"play_id":"7dea41f1-199a-497d-b75a-16b2b77e2d12","local_time":"20181119152742","is_ascension_mode":true,"campfire_choices":[{"data":"Streamline","floor":8.0,"key":"SMITH"},{"data":"Loop","floor":15.0,"key":"SMITH"},{"data":"Defragment","floor":24.0,"key":"SMITH"}],"neow_cost":"NONE","seed_source_timestamp":1657828248869430,"circlet_count":0,"master_deck":["AscendersBane","Strike_B","Strike_B","Strike_B","Strike_B","Defend_B","Defend_B","Defend_B","Defend_B","Zap","Dualcast","Blizzard","Loop+1","Streamline+1","Loop","Coolheaded","Electrodynamics","Ball Lightning+1","Defragment+1","Conserve Battery"],"special_seed":0,"relics":["Cracked Core","NeowsBlessing","Letter Opener","Singing Bowl","WarpedTongs","Ginger","Busted Crown","DataDisk","Centennial Puzzle"],"potions_floor_usage":[25,25],"damage_taken":[{"damage":0.0,"enemies":"Jaw Worm","floor":1.0,"turns":1.0},{"damage":0.0,"enemies":"2 Louse","floor":3.0,"turns":1.0},{"damage":0.0,"enemies":"3 Sentries","floor":6.0,"turns":1.0},{"damage":2.0,"enemies":"Cultist","floor":11.0,"turns":3.0},{"damage":15.0,"enemies":"Lagavulin","floor":13.0,"turns":5.0},{"damage":11.0,"enemies":"Looter","floor":14.0,"turns":2.0},{"damage":3.0,"enemies":"The Guardian","floor":16.0,"turns":9.0},{"damage":3.0,"enemies":"Spheric Guardian","floor":18.0,"turns":3.0},{"damage":14.0,"enemies":"Chosen","floor":22.0,"turns":4.0},{"damage":12.0,"enemies":"Gremlin Leader","floor":23.0,"turns":7.0},{"damage":54,"enemies":"Slavers","floor":25,"turns":3}],"seed_played":"-5984665747338920859","potions_obtained":[{"floor":3.0,"key":"LiquidBronze"},{"floor":6.0,"key":"Dexterity Potion"},{"floor":11.0,"key":"Block Potion"},{"floor":13.0,"key":"FocusPotion"},{"floor":22.0,"key":"SkillPotion"},{"floor":23.0,"key":"Explosive Potion"}],"is_trial":false,"path_per_floor":["M","$","M","?","?","E","?","R","T","?","M","?","E","M","R","B",null,"M","?","$","?","M","E","R","E"],"character_chosen":"DEFECT","items_purchased":["Loop","Defragment","DataDisk","Conserve Battery"],"campfire_rested":0,"item_purchase_floors":[2,20,20,20],"current_hp_per_floor":[64,64,64,64,64,64,53,53,53,53,53,46,33,22,22,19,61,58,58,58,58,46,36,36,0],"gold":95,"neow_bonus":"THREE_ENEMY_KILL","is_prod":false,"is_daily":false,"chose_seed":false,"campfire_upgraded":3,"win_rate":0,"timestamp":1542612462,"path_taken":["M","$","M","?","?","E","?","R","T","?","?","?","E","M","R","BOSS","M","?","$","?","M","E","R","E"],"build_version":"2018-11-15","purchased_purges":0,"victory":false,"max_hp_per_floor":[71,71,71,71,71,71,71,71,71,71,73,73,75,75,75,75,75,75,75,75,75,77,79,79,79],"card_choices":[{"not_picked":["Beam Cell","Stack"],"picked":"Blizzard","floor":1.0},{"not_picked":["Sweeping Beam","Steam"],"picked":"Streamline","floor":3.0},{"not_picked":["Steam","Conserve Battery"],"picked":"Loop","floor":6.0},{"not_picked":["Redo","Go for the Eyes","Sweeping Beam"],"picked":"Singing Bowl","floor":11.0},{"not_picked":["Chaos","Hello World","Stack"],"picked":"Singing Bowl","floor":13.0},{"not_picked":["Biased Cognition","FTL"],"picked":"Coolheaded","floor":14.0},{"not_picked":["Seek","Core Surge"],"picked":"Electrodynamics","floor":16.0},{"not_picked":[],"picked":"Ball Lightning+1","floor":18.0},{"not_picked":["Melter+1"],"picked":"Singing Bowl","floor":22.0},{"not_picked":["FTL"],"picked":"Singing Bowl","floor":23.0}],"player_experience":550520,"relics_obtained":[{"floor":6.0,"key":"Letter Opener"},{"floor":9.0,"key":"Singing Bowl"},{"floor":13.0,"key":"Ginger"},{"floor":23.0,"key":"Centennial Puzzle"}],"event_choices":[{"damage_healed":0.0,"max_hp_gain":0.0,"max_hp_loss":0.0,"gold_gain":0.0,"event_name":"Liars Game","player_choice":"Ignored","floor":4.0,"gold_loss":0.0,"damage_taken":0.0},{"damage_healed":0.0,"max_hp_gain":0.0,"max_hp_loss":0.0,"gold_gain":0.0,"event_name":"The Cleric","player_choice":"Leave","floor":5.0,"gold_loss":0.0,"damage_taken":0.0},{"damage_healed":0.0,"max_hp_gain":0.0,"max_hp_loss":0.0,"gold_gain":75.0,"event_name":"World of Goop","player_choice":"Gather Gold","floor":7.0,"gold_loss":0.0,"damage_taken":11.0},{"damage_healed":0.0,"max_hp_gain":0.0,"max_hp_loss":0.0,"gold_gain":0.0,"event_name":"Accursed Blacksmith","player_choice":"Rummage","floor":10.0,"gold_loss":0.0,"damage_taken":0.0,"relics_obtained":["WarpedTongs"],"cards_obtained":["Pain"]},{"cards_removed":["Pain"],"damage_healed":0.0,"max_hp_gain":0.0,"max_hp_loss":0.0,"gold_gain":0.0,"event_name":"Golden Wing","player_choice":"Card Removal","floor":12.0,"gold_loss":0.0,"damage_taken":7.0},{"damage_healed":0.0,"max_hp_gain":0.0,"max_hp_loss":0.0,"gold_gain":0.0,"event_name":"Cursed Tome","player_choice":"Ignored","floor":19.0,"gold_loss":0.0,"damage_taken":0.0},{"damage_healed":0.0,"max_hp_gain":0.0,"max_hp_loss":0.0,"gold_gain":50.0,"event_name":"Nest","player_choice":"Stole From Cult","floor":21.0,"gold_loss":0.0,"damage_taken":0.0}],"is_beta":true,"boss_relics":[{"not_picked":["Calling Bell","Lizard Tail"],"picked":"Busted Crown"}],"items_purged_floors":[],"is_endless":false,"potions_floor_spawned":[3,6,11,13,22,23],"killed_by":"Slavers","ascension_level":20}