{"gold_per_floor":[111,111,111,136,211,211,242,256,279,319,319,333,374,394,394,493,493,509,533,533,533,533],"floor_reached":22,"playtime":567,"items_purged":[],"score":408,"play_id":"962387c2-ede8-4495-a1c2-fe4efc32d305","local_time":"20190116185719","is_ascension_mode":true,"campfire_choices":[{"data":"Streamline","floor":6.0,"key":"SMITH"},{"floor":11.0,"key":"REST"},{"floor":15.0,"key":"REST"}],"neow_cost":"NONE","seed_source_timestamp":28453670188503,"circlet_count":0,"master_deck":["AscendersBane","Strike_B","Strike_B","Strike_B","Strike_B","Defend_B","Defend_B","Defend_B","Defend_B","Zap","Dualcast","Streamline+1","Darkness","Echo Form+1","Hologram","Fission","Chill+1"],"special_seed":0,"relics":["Cracked Core","Regal Pillow","Bloody Idol","Oddly Smooth Stone","Potion Belt","Frozen Egg 2","Matryoshka","Black Star","FossilizedHelix"],"potions_floor_usage":[19,22],"damage_taken":[{"damage":4.0,"enemies":"Small Slimes","floor":1.0,"turns":3.0},{"damage":2.0,"enemies":"Jaw Worm","floor":4.0,"turns":3.0},{"damage":25.0,"enemies":"3 Sentries","floor":7.0,"turns":5.0},{"damage":0.0,"enemies":"Cultist","floor":8.0,"turns":2.0},{"damage":16.0,"enemies":"Lagavulin","floor":10.0,"turns":7.0},{"damage":5.0,"enemies":"Exordium Thugs","floor":12.0,"turns":4.0},{"damage":32.0,"enemies":"Gremlin Nob","floor":13.0,"turns":4.0},{"damage":0.0,"enemies":"Looter","floor":14.0,"turns":3.0},{"damage":24.0,"enemies":"Slime Boss","floor":16.0,"turns":7.0},{"damage":26,"enemies":"Chosen","floor":18,"turns":4},{"damage":18,"enemies":"Spheric Guardian","floor":19,"turns":5},{"damage":28,"enemies":"Centurion and Healer","floor":22,"turns":4}],"seed_played":"-6835657688478864401","potions_obtained":[{"floor":4.0,"key":"Explosive Potion"},{"floor":7.0,"key":"EssenceOfSteel"},{"floor":10.0,"key":"LiquidBronze"},{"floor":13.0,"key":"Swift Potion"},{"floor":14.0,"key":"SteroidPotion"},{"floor":19,"key":"Swift Potion"}],"is_trial":false,"path_per_floor":["M","?","?","M","?","R","E","M","T","E","R","M","E","M","R","B",null,"M","M","?","?","M"],"character_chosen":"DEFECT","items_purchased":[],"campfire_rested":2,"item_purchase_floors":[],"current_hp_per_floor":[60,60,60,58,47,47,22,22,22,6,40,35,3,3,37,13,51,25,7,7,7,0],"gold":533,"neow_bonus":"RANDOM_COMMON_RELIC","is_prod":false,"is_daily":false,"chose_seed":false,"campfire_upgraded":1,"win_rate":0,"timestamp":1547636239,"path_taken":["M","?","?","M","?","R","E","?","T","E","R","M","E","M","R","BOSS","M","M","?","?","?"],"build_version":"2019-01-10","purchased_purges":0,"victory":false,"max_hp_per_floor":[71,64,64,64,64,64,64,64,64,64,64,64,64,64,64,64,64,64,64,64,64,64],"card_choices":[{"not_picked":["Force Field","White Noise"],"picked":"Ball Lightning","floor":1.0},{"not_picked":["Barrage","Cold Snap"],"picked":"Streamline","floor":4.0},{"not_picked":["Conserve Battery","Chill"],"picked":"Darkness","floor":7.0},{"not_picked":["Streamline","Conserve Battery","Fusion"],"picked":"SKIP","floor":8.0},{"not_picked":["Beam Cell","Go for the Eyes"],"picked":"Echo Form","floor":10.0},{"not_picked":["Rebound","Steam","Beam Cell"],"picked":"SKIP","floor":12.0},{"not_picked":["Stack","Rebound","Consume"],"picked":"SKIP","floor":13.0},{"not_picked":["Blizzard","Cold Snap"],"picked":"Hologram","floor":14.0},{"not_picked":["Amplify","Rainbow"],"picked":"Fission","floor":16.0},{"not_picked":["Lockon","Hologram"],"picked":"Chill+1","floor":18},{"not_picked":["Barrage","Steam","Cold Snap"],"picked":"SKIP","floor":19},{"not_picked":["Barrage","Steam","Cold Snap"],"picked":"SKIP","floor":19}],"player_experience":1952636,"relics_obtained":[{"floor":7.0,"key":"Oddly Smooth Stone"},{"floor":9.0,"key":"Potion Belt"},{"floor":10.0,"key":"Frozen Egg 2"},{"floor":13.0,"key":"Matryoshka"}],"event_choices":[{"damage_healed":0.0,"max_hp_gain":0.0,"max_hp_loss":7.0,"gold_gain":0.0,"event_name":"Golden Idol","player_choice":"Lose Max HP","floor":2.0,"gold_loss":0.0,"damage_taken":0.0,"relics_obtained":["Golden Idol"]},{"damage_healed":0.0,"max_hp_gain":0.0,"max_hp_loss":0.0,"gold_gain":0.0,"event_name":"Liars Game","player_choice":"Ignored","floor":3.0,"gold_loss":0.0,"damage_taken":0.0},{"damage_healed":0.0,"max_hp_gain":0.0,"max_hp_loss":0.0,"gold_gain":75.0,"event_name":"World of Goop","player_choice":"Gather Gold","floor":5.0,"gold_loss":0.0,"damage_taken":11.0},{"damage_healed":0,"gold_gain":0,"player_choice":"Gave Idol","damage_taken":0,"relics_obtained":["Bloody Idol"],"max_hp_gain":0,"max_hp_loss":0,"event_name":"Forgotten Altar","floor":20,"relics_lost":["Golden Idol"],"gold_loss":0},{"cards_removed":["Ball Lightning"],"damage_healed":0,"gold_gain":0,"player_choice":"Gave Card","damage_taken":0,"relics_obtained":["FossilizedHelix"],"max_hp_gain":0,"max_hp_loss":0,"event_name":"WeMeetAgain","floor":21,"gold_loss":0}],"is_beta":false,"boss_relics":[{"not_picked":["Lizard Tail","Calling Bell"],"picked":"Black Star"}],"items_purged_floors":[],"is_endless":false,"potions_floor_spawned":[4,7,10,13,14,19],"killed_by":"Centurion and Healer","ascension_level":20}