{"gold_per_floor":[12,24,24,39,19,19,51,51,51,63,63,76,87,27,27,104,104,124,44,44,44,62,62,73,83,83,93,109,124,124,124,124,199,199,217,317,329,329,344,0,0,17,17,17],"floor_reached":44,"playtime":2057,"items_purged":["Defend_R","Strike_R"],"score":772,"play_id":"6cdc067d-43df-4b29-836b-e621fc2cc14e","local_time":"20181109233726","is_ascension_mode":true,"campfire_choices":[{"data":"Armaments","floor":6.0,"key":"SMITH"},{"data":"Metallicize","floor":8.0,"key":"SMITH"},{"data":"Metallicize","floor":15,"key":"SMITH"},{"data":"Entrench","floor":23,"key":"SMITH"},{"data":"Entrench","floor":30,"key":"SMITH"},{"data":"Limit Break","floor":32,"key":"SMITH"},{"floor":41,"key":"REST"}],"neow_cost":"NO_GOLD","seed_source_timestamp":5522439412388,"circlet_count":0,"master_deck":["AscendersBane","Strike_R","Strike_R","Defend_R","Defend_R","Defend_R","Metallicize+1","Metallicize+1","Armaments+1","Bludgeon","Barricade","Ghostly Armor","Entrench+1","True Grit","Dual Wield","Entrench+1","Limit Break+1","J.A.X.","Offering","True Grit+1"],"special_seed":0,"relics":["Burning Blood","Lantern","The Courier","Sozu","Question Card","Philosopher\u0027s Stone","Du-Vu Doll","Red Mask","Bag of Preparation"],"potions_floor_usage":[13,39],"damage_taken":[{"damage":11.0,"enemies":"Jaw Worm","floor":1.0,"turns":6.0},{"damage":8.0,"enemies":"Cultist","floor":2.0,"turns":5.0},{"damage":4.0,"enemies":"2 Louse","floor":4.0,"turns":5.0},{"damage":13.0,"enemies":"Exordium Thugs","floor":5.0,"turns":5.0},{"damage":22.0,"enemies":"Lagavulin","floor":7.0,"turns":10.0},{"damage":0.0,"enemies":"2 Fungi Beasts","floor":10.0,"turns":5.0},{"damage":0,"enemies":"Exordium Wildlife","floor":12,"turns":8},{"damage":4,"enemies":"Looter","floor":13,"turns":4},{"damage":34,"enemies":"The Guardian","floor":16,"turns":11},{"damage":11,"enemies":"Spheric Guardian","floor":18,"turns":4},{"damage":5,"enemies":"Shell Parasite","floor":22,"turns":10},{"damage":0,"enemies":"3 Cultists","floor":24,"turns":10},{"damage":8,"enemies":"Shelled Parasite and Fungi","floor":25,"turns":10},{"damage":10,"enemies":"Snake Plant","floor":27,"turns":8},{"damage":6,"enemies":"Chosen and Byrds","floor":28,"turns":15},{"damage":11,"enemies":"Snecko","floor":29,"turns":9},{"damage":29,"enemies":"Automaton","floor":33,"turns":15},{"damage":21,"enemies":"3 Darklings","floor":35,"turns":14},{"damage":21,"enemies":"Mind Bloom Boss Battle","floor":36,"turns":11},{"damage":25,"enemies":"Orb Walker","floor":37,"turns":5},{"damage":12,"enemies":"4 Shapes","floor":39,"turns":14},{"damage":18,"enemies":"Maw","floor":42,"turns":16},{"damage":26,"enemies":"Jaw Worm Horde","floor":44,"turns":2}],"seed_played":"4074491788920993589","potions_obtained":[{"floor":4.0,"key":"FearPotion"},{"floor":5.0,"key":"SkillPotion"},{"floor":7.0,"key":"SteroidPotion"}],"is_trial":false,"path_per_floor":["M","M","?","M","M","R","E","R","T","M","?","M","M","$","R","B",null,"M","$","?","?","M","R","M","M","T","M","M","M","R","?","R","B",null,"M","?","M","?","M","?","R","M","T","M"],"character_chosen":"IRONCLAD","items_purchased":[],"campfire_rested":1,"item_purchase_floors":[],"current_hp_per_floor":[63,61,75,75,68,68,52,52,52,58,58,64,66,66,66,38,66,61,61,61,61,62,62,68,66,66,62,62,57,57,57,57,34,65,50,35,16,16,10,10,32,20,20,0],"gold":17,"neow_bonus":"REMOVE_TWO","is_prod":false,"is_daily":false,"chose_seed":false,"campfire_upgraded":6,"win_rate":0,"timestamp":1541777846,"path_taken":["M","M","?","M","M","R","E","R","T","?","?","M","?","$","R","BOSS","M","$","?","?","M","R","M","M","T","?","M","M","R","?","R","BOSS","M","?","M","?","M","?","R","M","T","M"],"build_version":"2018-11-08","purchased_purges":2,"victory":false,"max_hp_per_floor":[75,75,75,75,75,75,75,75,75,75,75,75,75,75,75,75,75,75,75,75,75,75,75,75,75,75,75,75,75,75,75,75,75,75,75,75,75,75,75,75,75,75,75,75],"card_choices":[{"not_picked":["Anger","Thunderclap"],"picked":"Metallicize","floor":1.0},{"not_picked":["Dropkick","Iron Wave"],"picked":"Metallicize","floor":2.0},{"not_picked":["Intimidate","Headbutt"],"picked":"Armaments","floor":4.0},{"not_picked":["Whirlwind","Anger","Flex"],"picked":"SKIP","floor":5.0},{"not_picked":["Corruption","Perfected Strike","Reckless Charge"],"picked":"SKIP","floor":7.0},{"not_picked":["Thunderclap","Clothesline","Armaments"],"picked":"SKIP","floor":10.0},{"not_picked":["Heavy Blade","Corruption","Headbutt"],"picked":"SKIP","floor":12},{"not_picked":["Carnage","Blood for Blood"],"picked":"Bludgeon","floor":13},{"not_picked":["Double Tap","Brutality"],"picked":"Barricade","floor":16},{"not_picked":["Twin Strike","Clash"],"picked":"Ghostly Armor","floor":18},{"not_picked":["Rampage","Anger","Clash"],"picked":"SKIP","floor":22},{"not_picked":["Iron Wave","Flex"],"picked":"True Grit","floor":24},{"not_picked":["Wild Strike","Clash"],"picked":"Dual Wield","floor":25},{"not_picked":["True Grit","Sword Boomerang+1","Pommel Strike"],"picked":"Entrench","floor":27},{"not_picked":["Thunderclap","Sever Soul","Twin Strike","Reckless Charge+1"],"picked":"SKIP","floor":28},{"not_picked":["Sever Soul","Burning Pact","Blood for Blood"],"picked":"Limit Break","floor":29},{"not_picked":["Berserk","Immolate","Demon Form"],"picked":"Offering","floor":33},{"not_picked":["Evolve","Searing Blow","Armaments"],"picked":"Body Slam+1","floor":35},{"not_picked":["Perfected Strike","Rampage","True Grit","Thunderclap"],"picked":"SKIP","floor":37},{"not_picked":["Cleave","Clash","Flame Barrier"],"picked":"True Grit+1","floor":39},{"not_picked":["Clash","Havoc+1","Rage","Clothesline"],"picked":"SKIP","floor":42}],"player_experience":953607,"relics_obtained":[{"floor":7.0,"key":"Lantern"},{"floor":9.0,"key":"The Courier"},{"floor":26,"key":"Question Card"},{"floor":36,"key":"Du-Vu Doll"},{"floor":43,"key":"Bag of Preparation"}],"event_choices":[{"damage_healed":14.0,"max_hp_gain":0.0,"max_hp_loss":0.0,"gold_gain":0.0,"event_name":"Wheel of Change","player_choice":"Full Heal","floor":3.0,"gold_loss":0.0,"damage_taken":0.0},{"damage_healed":0,"gold_gain":0,"player_choice":"0 cards matched","damage_taken":0,"max_hp_gain":0,"max_hp_loss":0,"event_name":"Match and Keep!","floor":11,"gold_loss":0,"cards_obtained":[]},{"damage_healed":0,"gold_gain":0,"player_choice":"Read","damage_taken":0,"max_hp_gain":0,"max_hp_loss":0,"event_name":"The Library","floor":20,"gold_loss":0,"cards_obtained":["Entrench"]},{"cards_removed":["Bash"],"damage_healed":0,"gold_gain":0,"player_choice":"Offered Basic","damage_taken":0,"max_hp_gain":0,"max_hp_loss":0,"event_name":"Bonfire Elementals","floor":21,"gold_loss":0},{"damage_healed":0,"gold_gain":0,"player_choice":"Obtain J.A.X.","damage_taken":0,"max_hp_gain":0,"max_hp_loss":0,"event_name":"Drug Dealer","floor":31,"gold_loss":0,"cards_obtained":["J.A.X."]},{"damage_healed":0,"gold_gain":0,"player_choice":"Fight","damage_taken":0,"max_hp_gain":0,"max_hp_loss":0,"event_name":"MindBloom","floor":36,"gold_loss":0},{"cards_removed":["Body Slam"],"damage_healed":0,"gold_gain":0,"player_choice":"Removed Attack","damage_taken":0,"max_hp_gain":0,"max_hp_loss":0,"event_name":"Falling","floor":38,"gold_loss":0},{"damage_healed":0,"gold_gain":0,"player_choice":"Paid","damage_taken":0,"relics_obtained":["Red Mask"],"max_hp_gain":0,"max_hp_loss":0,"event_name":"Tomb of Lord Red Mask","floor":40,"gold_loss":344}],"is_beta":false,"boss_relics":[{"not_picked":["Tiny House","Calling Bell"],"picked":"Sozu"},{"not_picked":["Snecko Eye","Orrery"],"picked":"Philosopher\u0027s Stone"}],"items_purged_floors":[14,19],"is_endless":false,"potions_floor_spawned":[4,5,7,12,27,29,36,39],"killed_by":"Jaw Worm Horde","ascension_level":15}