{"gold_per_floor":[116,116,116,60,74,74,102,102,126,126,126,141,66,66],"floor_reached":14,"playtime":127,"items_purged":["Strike_B"],"score":222,"play_id":"d4f51445-28fd-4731-9aa6-1ba542a0bd13","local_time":"20190301160553","is_ascension_mode":true,"campfire_choices":[{"data":"Zap","floor":6,"key":"SMITH"},{"data":"Recycle","floor":11,"key":"SMITH"}],"neow_cost":"NONE","seed_source_timestamp":88711644993616,"circlet_count":0,"master_deck":["AscendersBane","Strike_B","Strike_B","Defend_B","Defend_B+1","Defend_B","Defend_B","Zap+1","Dualcast+1","Hello World","Turbo","Ball Lightning","Recycle+1"],"relics":["Cracked Core","NeowsBlessing","PreservedInsect","Frozen Egg 2","Omamori","Letter Opener"],"potions_floor_usage":[],"damage_taken":[{"damage":0,"enemies":"Cultist","floor":1,"turns":1},{"damage":0,"enemies":"2 Louse","floor":5,"turns":1},{"damage":0,"enemies":"3 Sentries","floor":7,"turns":1},{"damage":4,"enemies":"Jaw Worm","floor":12,"turns":3},{"damage":11,"enemies":"Gremlin Nob","floor":14,"turns":2}],"seed_played":"4560963579572498780","potions_obtained":[{"floor":7,"key":"Weak Potion"}],"is_trial":false,"path_per_floor":["M","?","?","$","M","R","E","?","T","T","R","M","$","E"],"character_chosen":"DEFECT","items_purchased":["Turbo"],"campfire_rested":0,"item_purchase_floors":[4],"current_hp_per_floor":[64,38,17,17,17,17,17,10,10,10,10,6,6,0],"gold":66,"neow_bonus":"THREE_ENEMY_KILL","is_prod":false,"is_daily":false,"chose_seed":false,"campfire_upgraded":2,"win_rate":0,"timestamp":1551427553,"path_taken":["M","?","?","$","M","R","E","?","T","?","R","M","$","E"],"build_version":"2019-01-23","purchased_purges":1,"victory":false,"max_hp_per_floor":[71,71,71,71,71,71,71,71,71,71,71,71,71,71],"card_choices":[{"not_picked":["Compile Driver","Redo"],"picked":"Hello World","floor":1},{"not_picked":["Compile Driver","Streamline"],"picked":"Ball Lightning","floor":5},{"not_picked":["Undo","Hologram"],"picked":"Recycle","floor":7},{"not_picked":["Turbo","Rip and Tear","Gash"],"picked":"SKIP","floor":12}],"player_experience":1053214,"relics_obtained":[{"floor":7,"key":"Frozen Egg 2"},{"floor":9,"key":"Omamori"},{"floor":10,"key":"Letter Opener"}],"event_choices":[{"damage_healed":0,"gold_gain":0,"player_choice":"Success","damage_taken":26,"relics_obtained":["PreservedInsect"],"max_hp_gain":0,"max_hp_loss":0,"event_name":"Scrap Ooze","floor":2,"gold_loss":0},{"damage_healed":0,"gold_gain":0,"player_choice":"Entered Light","damage_taken":21,"max_hp_gain":0,"max_hp_loss":0,"event_name":"Shining Light","floor":3,"gold_loss":0,"cards_upgraded":["Defend_B","Dualcast"]},{"cards_removed":["Strike_B"],"damage_healed":0,"gold_gain":0,"player_choice":"Card Removal","damage_taken":7,"max_hp_gain":0,"max_hp_loss":0,"event_name":"Golden Wing","floor":8,"gold_loss":0}],"is_beta":false,"boss_relics":[],"items_purged_floors":[13],"is_endless":false,"potions_floor_spawned":[7],"killed_by":"Gremlin Nob","ascension_level":20}