{"gold_per_floor":[359,371,75,89,17,17,17,28,28,48,48,68,68,85,85,162,162,174,111,161,44,64,64,64,75,75,75,106,106,116,28,28,106,106,124,124,173,73,84,84,110,110,137,151,183,201,229,243,243,243,243,243,243,21,50,50],"floor_reached":57,"playtime":2279,"items_purged":["Normality","Strike_R","Strike_R","Strike_R","Strike_R","Defend_R","Defend_R"],"score":3029,"play_id":"f5a96261-6a57-4840-beab-a14017894cc6","local_time":"20190312022947","is_ascension_mode":true,"campfire_choices":[{"data":"True Grit","floor":6.0,"key":"SMITH"},{"data":"Flex","floor":11.0,"key":"SMITH"},{"data":"Bludgeon","floor":13.0,"key":"SMITH"},{"data":"Battle Trance","floor":15.0,"key":"SMITH"},{"data":"Limit Break","floor":23.0,"key":"SMITH"},{"data":"Second Wind","floor":29.0,"key":"SMITH"},{"data":"Sword Boomerang","floor":32.0,"key":"SMITH"},{"data":"Offering","floor":40.0,"key":"SMITH"},{"floor":49.0,"key":"RECALL"},{"data":"Exhume","floor":53.0,"key":"SMITH"}],"neow_cost":"CURSE","seed_source_timestamp":53026157703739,"circlet_count":0,"master_deck":["AscendersBane","Defend_R","Defend_R","Flex+1","Battle Trance+1","True Grit+1","Evolve","Spot Weakness","Shrug It Off","Limit Break+1","Shrug It Off","Second Wind+1","Exhume+1","Body Slam+1","Sword Boomerang+1","Offering+1","Shrug It Off+1","Fiend Fire","Shrug It Off","Offering"],"special_seed":0,"relics":["Burning Blood","Membership Card","Gambling Chip","Coffee Dripper","Bottled Tornado","Empty Cage","Incense Burner","Whetstone","Potion Belt","Red Skull","Ancient Tea Set","Ornamental Fan"],"potions_floor_usage":[56,56,56,56],"damage_taken":[{"damage":10.0,"enemies":"2 Louse","floor":1.0,"turns":3.0},{"damage":12.0,"enemies":"Jaw Worm","floor":2.0,"turns":4.0},{"damage":0.0,"enemies":"Small Slimes","floor":4.0,"turns":4.0},{"damage":12.0,"enemies":"Looter","floor":8.0,"turns":4.0},{"damage":6.0,"enemies":"3 Louse","floor":10.0,"turns":6.0},{"damage":5.0,"enemies":"Gremlin Gang","floor":12.0,"turns":6.0},{"damage":3.0,"enemies":"Blue Slaver","floor":14.0,"turns":3.0},{"damage":10.0,"enemies":"Slime Boss","floor":16.0,"turns":8.0},{"damage":2.0,"enemies":"3 Byrds","floor":18.0,"turns":5.0},{"damage":11.0,"enemies":"2 Thieves","floor":22.0,"turns":3.0},{"damage":6.0,"enemies":"Snake Plant","floor":25.0,"turns":3.0},{"damage":42.0,"enemies":"Slavers","floor":28.0,"turns":6.0},{"damage":12.0,"enemies":"Shelled Parasite and Fungi","floor":30.0,"turns":5.0},{"damage":11.0,"enemies":"Automaton","floor":33.0,"turns":6.0},{"damage":11.0,"enemies":"3 Shapes","floor":35.0,"turns":6.0},{"damage":25.0,"enemies":"2 Orb Walkers","floor":37.0,"turns":4.0},{"damage":0.0,"enemies":"Orb Walker","floor":39.0,"turns":3.0},{"damage":6.0,"enemies":"Reptomancer","floor":41.0,"turns":4.0},{"damage":6.0,"enemies":"Writhing Mass","floor":44.0,"turns":3.0},{"damage":6.0,"enemies":"Giant Head","floor":45.0,"turns":5.0},{"damage":6.0,"enemies":"4 Shapes","floor":46.0,"turns":7.0},{"damage":1.0,"enemies":"Reptomancer","floor":47.0,"turns":4.0},{"damage":10.0,"enemies":"Maw","floor":48.0,"turns":6.0},{"damage":15.0,"enemies":"Time Eater","floor":50.0,"turns":6.0},{"damage":6.0,"enemies":"Awakened One","floor":51.0,"turns":5.0},{"damage":18.0,"enemies":"Shield and Spear","floor":55.0,"turns":2.0},{"damage":47,"enemies":"The Heart","floor":56,"turns":6}],"seed_played":"-358354470808474291","potions_obtained":[{"floor":4.0,"key":"Block Potion"},{"floor":12.0,"key":"Strength Potion"},{"floor":14.0,"key":"Fire Potion"},{"floor":16.0,"key":"Poison Potion"},{"floor":22.0,"key":"Ancient Potion"},{"floor":28.0,"key":"BloodPotion"},{"floor":33.0,"key":"Weak Potion"},{"floor":39.0,"key":"Energy Potion"},{"floor":44.0,"key":"Dexterity Potion"},{"floor":45.0,"key":"Swift Potion"}],"is_trial":false,"path_per_floor":["M","M","$","M","$","R","?","M","T","M","R","M","R","M","R","B",null,"M","$","?","$","M","R","?","M","T","?","E","R","M","$","R","B",null,"M","?","?","$","M","R","E","$","T","M","E","M","E","M","R","B","B",null,"R","$","E","B",null],"character_chosen":"IRONCLAD","items_purchased":["Membership Card","True Grit","Evolve","Second Wind","Offering","Energy Potion"],"campfire_rested":0,"item_purchase_floors":[3,3,5,21,54,54],"current_hp_per_floor":[64,58,58,64,64,64,57,51,51,51,51,52,52,55,55,51,69,73,73,73,73,68,68,68,68,68,75,39,39,40,40,40,35,65,60,60,41,41,47,47,47,47,47,47,47,47,52,48,48,39,39,66,66,66,54,13],"gold":50,"neow_bonus":"TWO_FIFTY_GOLD","is_prod":false,"is_daily":false,"chose_seed":false,"campfire_upgraded":9,"win_rate":0,"timestamp":1552328987,"path_taken":["M","M","$","M","$","R","?","M","T","M","R","M","R","M","R","BOSS","M","$","?","$","M","R","?","M","T","?","E","R","M","$","R","BOSS","M","?","?","$","M","R","E","$","T","M","E","M","E","M","R","BOSS","BOSS","R","$","E","BOSS"],"build_version":"2019-01-23","purchased_purges":7,"victory":true,"max_hp_per_floor":[75,75,75,75,75,75,75,75,75,75,75,75,75,75,75,75,75,75,75,75,75,75,75,75,75,75,75,75,75,75,75,75,75,75,75,75,75,75,75,75,75,75,75,75,75,75,75,75,75,75,75,75,75,75,75,75],"card_choices":[{"not_picked":["Havoc","Headbutt"],"picked":"Flex","floor":1.0},{"not_picked":["Sword Boomerang","Twin Strike"],"picked":"Battle Trance","floor":2.0},{"not_picked":["Flame Barrier","Iron Wave","Thunderclap"],"picked":"SKIP","floor":4.0},{"not_picked":["Sentinel","Body Slam"],"picked":"Spot Weakness","floor":8.0},{"not_picked":["Pommel Strike","Perfected Strike","Fire Breathing"],"picked":"SKIP","floor":10.0},{"not_picked":["Sentinel","Shockwave"],"picked":"Bludgeon","floor":12.0},{"not_picked":["Perfected Strike","Twin Strike"],"picked":"Shrug It Off","floor":14.0},{"not_picked":["Fiend Fire","Offering"],"picked":"Limit Break","floor":16.0},{"not_picked":["Heavy Blade","Searing Blow+1"],"picked":"Shrug It Off","floor":18.0},{"not_picked":["Clash","Shrug It Off","Twin Strike"],"picked":"SKIP","floor":22.0},{"not_picked":["Clothesline","Clash"],"picked":"Exhume","floor":25.0},{"not_picked":["Armaments","Sever Soul"],"picked":"Body Slam+1","floor":28.0},{"not_picked":["Sword Boomerang","Twin Strike","Dropkick"],"picked":"SKIP","floor":30.0},{"not_picked":["Twin Strike","Dropkick"],"picked":"Sword Boomerang","floor":30.0},{"not_picked":["Demon Form","Berserk"],"picked":"Offering","floor":33.0},{"not_picked":["Iron Wave","Fire Breathing+1"],"picked":"Shrug It Off+1","floor":35.0},{"not_picked":["Sword Boomerang","Flex","Headbutt"],"picked":"SKIP","floor":39.0},{"not_picked":["Rage+1","Havoc","Anger"],"picked":"SKIP","floor":41.0},{"not_picked":["Clothesline","Thunderclap","Warcry"],"picked":"SKIP","floor":44.0},{"not_picked":["Flex","Heavy Blade"],"picked":"Fiend Fire","floor":45.0},{"not_picked":["Perfected Strike+1","Second Wind+1"],"picked":"Shrug It Off","floor":46.0},{"not_picked":["Spot Weakness","Pommel Strike+1","Sword Boomerang"],"picked":"SKIP","floor":47.0},{"not_picked":["Sentinel","Armaments","Perfected Strike"],"picked":"SKIP","floor":48.0},{"not_picked":["Clothesline","Feed","Anger"],"picked":"SKIP","floor":55.0}],"player_experience":3506283,"relics_obtained":[{"floor":9.0,"key":"Gambling Chip"},{"floor":28.0,"key":"Bottled Tornado"},{"floor":37.0,"key":"Incense Burner"},{"floor":41.0,"key":"Whetstone"},{"floor":43.0,"key":"Potion Belt"},{"floor":45.0,"key":"Red Skull"},{"floor":47.0,"key":"Ancient Tea Set"},{"floor":55.0,"key":"Ornamental Fan"}],"event_choices":[{"cards_removed":["Strike_R"],"damage_healed":0.0,"max_hp_gain":0.0,"max_hp_loss":0.0,"gold_gain":0.0,"event_name":"Golden Wing","player_choice":"Card Removal","floor":7.0,"gold_loss":0.0,"damage_taken":7.0},{"damage_healed":0.0,"max_hp_gain":0.0,"max_hp_loss":0.0,"gold_gain":50.0,"event_name":"Nest","player_choice":"Stole From Cult","floor":20.0,"gold_loss":0.0,"damage_taken":0.0},{"damage_healed":0.0,"max_hp_gain":0.0,"max_hp_loss":0.0,"gold_gain":0.0,"event_name":"Vampires","player_choice":"Ignored","floor":24.0,"gold_loss":0.0,"damage_taken":0.0},{"damage_healed":15.0,"max_hp_gain":0.0,"max_hp_loss":0.0,"gold_gain":0.0,"event_name":"The Library","player_choice":"Heal","floor":27.0,"gold_loss":0.0,"damage_taken":0.0},{"damage_healed":0.0,"max_hp_gain":0.0,"max_hp_loss":0.0,"gold_gain":0.0,"event_name":"SensoryStone","player_choice":"Memory 1","floor":36.0,"gold_loss":0.0,"damage_taken":0.0},{"damage_healed":0.0,"max_hp_gain":0.0,"max_hp_loss":0.0,"gold_gain":0.0,"event_name":"Mysterious Sphere","player_choice":"Fight","floor":37.0,"gold_loss":0.0,"damage_taken":0.0}],"is_beta":false,"boss_relics":[{"not_picked":["Ectoplasm","Eternal Feather"],"picked":"Coffee Dripper"},{"not_picked":["Cursed Key","Philosopher\u0027s Stone"],"picked":"Empty Cage"}],"items_purged_floors":[3,5,19,21,31,38,54],"is_endless":false,"potions_floor_spawned":[4,12,14,16,22,28,33,39,44,45,46],"ascension_level":20}