{"gold_per_floor":[111,111,127,143,68,103,103,83,134,163,176,192,192,97,97,97],"floor_reached":16,"playtime":429,"items_purged":["Strike_R"],"score":220,"play_id":"54cfd7a5-25b8-4b8e-8945-4420e7d1f87f","local_time":"20181022003334","is_ascension_mode":true,"campfire_choices":[{"data":"Armaments","floor":7,"key":"SMITH"},{"data":"Feed","floor":13,"key":"SMITH"},{"data":"LimitFlipper","floor":15,"key":"SMITH"}],"neow_cost":"NONE","seed_source_timestamp":142247725283478,"circlet_count":0,"master_deck":["Strike_R","Strike_R","Strike_R","Defend_R","Defend_R","Defend_R","Defend_R","Bash","AscendersBane","PerfectCombo","Armaments+1","Cleave","Battle Trance","Feed+1","LimitFlipper+1"],"special_seed":0,"relics":["Burning Blood","Lantern","Art of War","Centennial Puzzle","Boot"],"potions_floor_usage":[16,16],"damage_taken":[{"damage":2.0,"enemies":"2 Louse","floor":1.0,"turns":2.0},{"damage":0,"enemies":"Jaw Worm","floor":3,"turns":1},{"damage":0,"enemies":"Cultist","floor":4,"turns":2},{"damage":34,"enemies":"Gremlin Nob","floor":6,"turns":4},{"damage":15,"enemies":"3 Sentries","floor":10,"turns":4},{"damage":0,"enemies":"Looter","floor":11,"turns":1},{"damage":5,"enemies":"Lots of Slimes","floor":12,"turns":3},{"damage":48,"enemies":"Hexaghost","floor":16,"turns":9}],"seed_played":"-1802329408368342995","potions_obtained":[{"floor":3,"key":"SpeedPotion"},{"floor":4,"key":"Energy Potion"}],"is_trial":false,"path_per_floor":["M","?","M","M","$","E","R","?","T","E","M","M","R","$","R"],"character_chosen":"IRONCLAD","items_purchased":["LimitFlipper"],"campfire_rested":0,"item_purchase_floors":[14],"current_hp_per_floor":[72,72,75,75,75,47,47,47,47,38,44,45,45,45,45,0],"gold":97,"neow_bonus":"RANDOM_COMMON_RELIC","is_prod":false,"is_daily":false,"chose_seed":false,"campfire_upgraded":3,"win_rate":0,"timestamp":1540139614,"path_taken":["M","?","M","?","$","E","R","?","T","E","M","M","R","$","R","BOSS"],"build_version":"2018-10-18","purchased_purges":1,"victory":false,"max_hp_per_floor":[75,75,75,75,75,75,75,75,75,75,75,75,75,75,75,75],"card_choices":[{"not_picked":["Twin Strike","True Grit"],"picked":"Armaments","floor":1.0},{"not_picked":["Wild Strike","Heavy Blade","Iron Wave"],"picked":"SKIP","floor":3},{"not_picked":["Clash","True Grit"],"picked":"Cleave","floor":4},{"not_picked":["Sword Boomerang","Shrug It Off"],"picked":"Battle Trance","floor":6},{"not_picked":["Headbutt","Battle Trance","Iron Wave"],"picked":"SKIP","floor":10},{"not_picked":["Feel No Pain","Ghostly Armor","Rupture"],"picked":"SKIP","floor":11},{"not_picked":["Iron Wave","Cleave"],"picked":"Feed","floor":12}],"player_experience":356266,"relics_obtained":[{"floor":6,"key":"Art of War"},{"floor":9,"key":"Centennial Puzzle"},{"floor":10,"key":"Boot"}],"event_choices":[{"cards_removed":["Strike_R"],"damage_healed":0,"gold_gain":0,"player_choice":"Forget","damage_taken":0,"max_hp_gain":0,"max_hp_loss":0,"event_name":"Living Wall","floor":2,"gold_loss":0},{"damage_healed":0,"gold_gain":0,"player_choice":"Bought 1 Potion","damage_taken":0,"max_hp_gain":0,"max_hp_loss":0,"event_name":"The Woman in Blue","floor":8,"gold_loss":0}],"is_beta":false,"boss_relics":[],"items_purged_floors":[5],"is_endless":false,"potions_floor_spawned":[3,4,11],"killed_by":"Hexaghost","ascension_level":20}