{"gold_per_floor":[114,27,27,102,102,102,129,54,101,111,122,122,133,133,133,226,226,226],"floor_reached":18,"playtime":494,"items_purged":[],"score":366,"play_id":"871921a8-055b-4c30-be75-8c0660f98b32","local_time":"20190219191122","is_ascension_mode":true,"campfire_choices":[{"data":"Deadly Poison","floor":6.0,"key":"SMITH"},{"data":"Corpse Explosion","floor":12.0,"key":"SMITH"},{"data":"Neutralize","floor":15.0,"key":"SMITH"}],"neow_cost":"NONE","seed_source_timestamp":39137141893524,"circlet_count":0,"master_deck":["AscendersBane","Defend_G+1","Defend_G","Defend_G","Defend_G","Defend_G","Strike_G","Strike_G","Strike_G","Strike_G","Survivor","Neutralize+1","Deadly Poison+1","Well Laid Plans+1","Well Laid Plans","Corpse Explosion+1","Blur","Tools of the Trade","Backflip"],"special_seed":0,"relics":["Ring of the Snake","NeowsBlessing","Sundial","Snake Skull","Bronze Scales","Golden Idol","Orrery"],"potions_floor_usage":[],"damage_taken":[{"damage":0.0,"enemies":"2 Louse","floor":1.0,"turns":1.0},{"damage":0.0,"enemies":"Lagavulin","floor":7.0,"turns":1.0},{"damage":0.0,"enemies":"Jaw Worm","floor":10.0,"turns":1.0},{"damage":0.0,"enemies":"Small Slimes","floor":11.0,"turns":4.0},{"damage":0.0,"enemies":"Red Slaver","floor":13.0,"turns":5.0},{"damage":6.0,"enemies":"Slime Boss","floor":16.0,"turns":8.0},{"damage":0,"enemies":"3 Byrds","floor":18,"turns":2}],"seed_played":"1634886659843186139","potions_obtained":[{"floor":1.0,"key":"GhostInAJar"},{"floor":7.0,"key":"Swift Potion"}],"is_trial":false,"path_per_floor":["M","$","?","?","T","R","E","?","T","M","M","R","M","?","R","B",null,"M"],"character_chosen":"THE_SILENT","items_purchased":["Well Laid Plans"],"campfire_rested":0,"item_purchase_floors":[2],"current_hp_per_floor":[59,59,39,28,28,28,28,28,28,28,28,28,28,28,28,22,51,51],"gold":226,"neow_bonus":"THREE_ENEMY_KILL","is_prod":false,"is_daily":false,"chose_seed":false,"campfire_upgraded":3,"win_rate":0,"timestamp":1550574682,"path_taken":["M","$","?","?","?","R","E","?","T","M","M","R","M","?","R","BOSS","M"],"build_version":"2019-01-23","purchased_purges":0,"victory":false,"max_hp_per_floor":[66,66,66,66,66,66,66,66,66,66,66,66,66,60,60,60,60,60],"card_choices":[{"not_picked":["Masterful Stab","Dagger Spray"],"picked":"Deadly Poison","floor":1.0},{"not_picked":["Crippling Poison","Endless Agony"],"picked":"Well Laid Plans","floor":7.0},{"not_picked":["PiercingWail","Accuracy"],"picked":"Corpse Explosion","floor":10.0},{"not_picked":["Blur","Dagger Throw","Dash"],"picked":"SKIP","floor":11.0},{"not_picked":["Dagger Throw","Dash"],"picked":"Blur","floor":11.0},{"not_picked":["Concentrate","Blade Dance","Dagger Spray"],"picked":"SKIP","floor":13.0},{"not_picked":["Concentrate","Blade Dance","Dagger Spray"],"picked":"SKIP","floor":13.0},{"not_picked":["Night Terror","Doppelganger"],"picked":"Tools of the Trade","floor":16.0},{"not_picked":["Outmaneuver","Bane"],"picked":"Backflip","floor":17.0}],"player_experience":2965366,"relics_obtained":[{"floor":5.0,"key":"Sundial"},{"floor":7.0,"key":"Snake Skull"},{"floor":9.0,"key":"Bronze Scales"}],"event_choices":[{"damage_healed":0.0,"max_hp_gain":0.0,"max_hp_loss":0.0,"gold_gain":0.0,"event_name":"Shining Light","player_choice":"Entered Light","floor":3.0,"gold_loss":0.0,"damage_taken":20.0,"cards_upgraded":["Well Laid Plans","Defend_G"]},{"damage_healed":0.0,"max_hp_gain":0.0,"max_hp_loss":0.0,"gold_gain":75.0,"event_name":"World of Goop","player_choice":"Gather Gold","floor":4.0,"gold_loss":0.0,"damage_taken":11.0},{"cards_removed":["Strike_G"],"damage_healed":0.0,"max_hp_gain":0.0,"max_hp_loss":0.0,"gold_gain":0.0,"event_name":"The Cleric","player_choice":"Card Removal","floor":8.0,"gold_loss":75.0,"damage_taken":0.0},{"damage_healed":0.0,"max_hp_gain":0.0,"max_hp_loss":6.0,"gold_gain":0.0,"event_name":"Golden Idol","player_choice":"Lose Max HP","floor":14.0,"gold_loss":0.0,"damage_taken":0.0,"relics_obtained":["Golden Idol"]}],"is_beta":false,"boss_relics":[{"not_picked":["WristBlade","Snecko Eye"],"picked":"Orrery"}],"items_purged_floors":[],"is_endless":false,"potions_floor_spawned":[1,7,13],"killed_by":"3 Byrds","ascension_level":20}