{"gold_per_floor":[111,9,26,26,38,38,64,64,64,95,35,100,112,142,142,240,240,258,269,269,153,353,353,371,386,386,23,23,41,59,73,73,178,178,195,195,195,195,207,207,207,226,226,226,253,16,66,81,81,81],"floor_reached":51,"playtime":1665,"items_purged":["Strike_B"],"score":785,"play_id":"d5799eac-2d6c-413f-b9f8-b4357b1d3699","local_time":"20190613215329","is_ascension_mode":false,"campfire_choices":[{"data":"Dualcast","floor":6.0,"key":"SMITH"},{"data":"Hologram","floor":8.0,"key":"SMITH"},{"data":"Zap","floor":15.0,"key":"SMITH"},{"data":"Turbo","floor":23.0,"key":"SMITH"},{"data":"Hologram","floor":28.0,"key":"SMITH"},{"data":"Glacier","floor":32.0,"key":"SMITH"},{"data":"Impatience","floor":40.0,"key":"SMITH"},{"data":"Reboot","floor":44.0,"key":"SMITH"},{"data":"Glacier","floor":49.0,"key":"SMITH"}],"neow_cost":"PERCENT_DAMAGE","seed_source_timestamp":35790362728647,"circlet_count":0,"master_deck":["Defend_B","Defend_B","Defend_B","Defend_B","Zap+1","Dualcast+1","Hologram+1","Ball Lightning","Cold Snap","Turbo+1","Ball Lightning","Glacier+1","Glacier+1","Loop+1","Self Repair+1","Hologram+1","Creative AI+1","Loop+1","Capacitor+1","Electrodynamics+1","Storm+1","Defragment+1","Defragment+1","Capacitor+1","Storm+1","Reboot+1","Impatience+1","Double Energy+1","Hello World+1","Defragment+1","Storm+1","Heatsinks+1","Storm+1","White Noise+1"],"special_seed":0,"relics":["Cracked Core","Matryoshka","Darkstone Periapt","The Courier","Frozen Egg 2","Dream Catcher","Odd Mushroom","Sozu","Bronze Scales","Sundial","Coffee Dripper","Gremlin Horn","Centennial Puzzle","Emotion Chip"],"potions_floor_usage":[50],"damage_taken":[{"damage":0.0,"enemies":"Small Slimes","floor":1.0,"turns":3.0},{"damage":0.0,"enemies":"Jaw Worm","floor":3.0,"turns":4.0},{"damage":0.0,"enemies":"2 Louse","floor":5.0,"turns":2.0},{"damage":1.0,"enemies":"Gremlin Nob","floor":7.0,"turns":3.0},{"damage":19.0,"enemies":"Lagavulin","floor":10.0,"turns":7.0},{"damage":0.0,"enemies":"3 Sentries","floor":12.0,"turns":6.0},{"damage":0.0,"enemies":"Looter","floor":13.0,"turns":4.0},{"damage":15.0,"enemies":"The Mushroom Lair","floor":14.0,"turns":5.0},{"damage":7.0,"enemies":"The Guardian","floor":16.0,"turns":11.0},{"damage":10.0,"enemies":"Shell Parasite","floor":18.0,"turns":6.0},{"damage":19.0,"enemies":"3 Byrds","floor":19.0,"turns":4.0},{"damage":1.0,"enemies":"Centurion and Healer","floor":24.0,"turns":8.0},{"damage":33.0,"enemies":"3 Cultists","floor":25.0,"turns":5.0},{"damage":0.0,"enemies":"Snake Plant","floor":29.0,"turns":2.0},{"damage":7.0,"enemies":"Centurion and Healer","floor":30.0,"turns":5.0},{"damage":0.0,"enemies":"Cultist and Chosen","floor":31.0,"turns":3.0},{"damage":0.0,"enemies":"Collector","floor":33.0,"turns":5.0},{"damage":0.0,"enemies":"3 Shapes","floor":35.0,"turns":3.0},{"damage":4.0,"enemies":"Orb Walker","floor":39.0,"turns":2.0},{"damage":14.0,"enemies":"4 Shapes","floor":42.0,"turns":3.0},{"damage":0.0,"enemies":"Giant Head","floor":45.0,"turns":5.0},{"damage":18.0,"enemies":"2 Orb Walkers","floor":47.0,"turns":2.0},{"damage":0.0,"enemies":"Spire Growth","floor":48.0,"turns":2.0},{"damage":46,"enemies":"Awakened One","floor":50,"turns":5}],"seed_played":"-4418113768129341260","potions_obtained":[{"floor":3.0,"key":"Poison Potion"},{"floor":13.0,"key":"FearPotion"},{"floor":14.0,"key":"PowerPotion"}],"is_trial":false,"path_per_floor":["M","$","M","?","M","R","E","R","T","E","$","?","M","?","R","B",null,"M","M","?","$","?","R","M","M","T","$","R","M","M","M","R","B",null,"M","$","?","?","M","R","?","M","T","R","E","$","?","M","R","B",null],"character_chosen":"DEFECT","items_purchased":["Ball Lightning","Cold Snap","Loop+1","Loop+1","Electrodynamics+1","Storm+1","Defragment+1","Defragment+1","Capacitor+1","Hello World+1","Defragment+1","Storm+1","Heatsinks+1"],"campfire_rested":0,"item_purchase_floors":[2,2,11,21,27,27,27,27,27,46,46,46,46],"current_hp_per_floor":[54,54,54,54,54,54,53,53,53,34,34,34,44,39,39,42,75,75,66,66,66,66,66,75,52,52,52,52,62,65,65,65,75,75,75,75,75,75,75,75,68,64,64,64,74,74,56,56,56,20],"gold":81,"neow_bonus":"REMOVE_TWO","is_prod":false,"is_daily":false,"chose_seed":false,"campfire_upgraded":9,"win_rate":0,"timestamp":1560434009,"path_taken":["M","$","M","?","M","R","E","R","T","E","$","?","M","?","R","BOSS","M","M","?","$","?","R","M","?","T","$","R","M","M","M","R","BOSS","M","$","?","?","M","R","?","?","T","R","E","$","?","M","R","BOSS"],"build_version":"2019-01-23","purchased_purges":1,"victory":true,"max_hp_per_floor":[75,75,75,75,75,75,75,75,75,75,75,75,75,75,75,75,75,75,75,75,75,75,75,75,75,75,75,75,75,75,75,75,75,75,75,75,75,75,75,75,75,75,75,75,75,75,75,75,75,75],"card_choices":[{"not_picked":["Beam Cell","Sweeping Beam"],"picked":"Hologram","floor":1.0},{"not_picked":["Streamline","Leap"],"picked":"Turbo","floor":3.0},{"not_picked":["Genetic Algorithm","BootSequence"],"picked":"Ball Lightning","floor":5.0},{"not_picked":["Sweeping Beam","Barrage"],"picked":"Glacier","floor":7.0},{"not_picked":["Fusion","Reprogram"],"picked":"Glacier","floor":10.0},{"not_picked":["Gash","Barrage"],"picked":"Self Repair+1","floor":12.0},{"not_picked":["Coolheaded","Redo","Rebound"],"picked":"SKIP","floor":13.0},{"not_picked":["Redo","Reprogram"],"picked":"Hologram","floor":14.0},{"not_picked":["Core Surge","All For One"],"picked":"Creative AI+1","floor":16.0},{"not_picked":["Barrage+1","Hologram","Beam Cell"],"picked":"SKIP","floor":18.0},{"not_picked":["Hologram","Leap","Reprogram"],"picked":"SKIP","floor":19.0},{"not_picked":["Hologram","Beam Cell+1"],"picked":"Capacitor+1","floor":24.0},{"not_picked":["Aggregate","Gash","Genetic Algorithm+1"],"picked":"SKIP","floor":25.0},{"not_picked":["Undo","Streamline+1","Blizzard"],"picked":"SKIP","floor":29.0},{"not_picked":["Barrage+1","Leap","Steam"],"picked":"SKIP","floor":30.0},{"not_picked":["Ball Lightning+1","Defragment+1"],"picked":"Storm+1","floor":31.0},{"not_picked":["Meteor Strike","Multi-Cast"],"picked":"Reboot","floor":33.0},{"not_picked":["Stack","Reprogram+1","Go for the Eyes"],"picked":"SKIP","floor":35.0},{"not_picked":["Discovery","The Bomb"],"picked":"Impatience","floor":37.0},{"not_picked":["Tempest","Steam+1","Sweeping Beam"],"picked":"SKIP","floor":39.0},{"not_picked":["Beam Cell+1","Chaos+1","Sweeping Beam"],"picked":"SKIP","floor":42.0},{"not_picked":["Compile Driver","Hello World+1"],"picked":"Double Energy+1","floor":45.0},{"not_picked":["Melter","Coolheaded"],"picked":"Storm+1","floor":47.0},{"not_picked":["Compile Driver+1","Cold Snap"],"picked":"White Noise+1","floor":48.0}],"player_experience":5165559,"relics_obtained":[{"floor":7.0,"key":"Matryoshka"},{"floor":9.0,"key":"Darkstone Periapt"},{"floor":9.0,"key":"The Courier"},{"floor":10.0,"key":"Frozen Egg 2"},{"floor":12.0,"key":"Dream Catcher"},{"floor":14.0,"key":"Odd Mushroom"},{"floor":26.0,"key":"Bronze Scales"},{"floor":26.0,"key":"Sundial"},{"floor":43.0,"key":"Gremlin Horn"},{"floor":45.0,"key":"Centennial Puzzle"},{"floor":47.0,"key":"Emotion Chip"}],"event_choices":[{"damage_healed":0.0,"max_hp_gain":0.0,"max_hp_loss":0.0,"gold_gain":0.0,"event_name":"The Cleric","player_choice":"Leave","floor":4.0,"gold_loss":0.0,"damage_taken":0.0},{"damage_healed":0.0,"max_hp_gain":0.0,"max_hp_loss":0.0,"gold_gain":0.0,"event_name":"Dead Adventurer","player_choice":"Searched \u00271\u0027 times","floor":12.0,"gold_loss":0.0,"damage_taken":0.0},{"damage_healed":0.0,"max_hp_gain":0.0,"max_hp_loss":0.0,"gold_gain":0.0,"event_name":"Mushrooms","player_choice":"Fought Mushrooms","floor":14.0,"gold_loss":0.0,"damage_taken":0.0},{"cards_removed":["Strike_B"],"damage_healed":0.0,"max_hp_gain":0.0,"max_hp_loss":0.0,"gold_gain":0.0,"event_name":"Back to Basics","player_choice":"Elegance","floor":20.0,"gold_loss":0.0,"damage_taken":0.0},{"damage_healed":0.0,"max_hp_gain":0.0,"max_hp_loss":0.0,"gold_gain":250.0,"event_name":"The Joust","player_choice":"Bet on Owner","floor":22.0,"gold_loss":50.0,"damage_taken":0.0},{"damage_healed":0.0,"max_hp_gain":0.0,"max_hp_loss":0.0,"gold_gain":0.0,"event_name":"SensoryStone","player_choice":"Memory 1","floor":37.0,"gold_loss":0.0,"damage_taken":0.0},{"damage_healed":0.0,"max_hp_gain":0.0,"max_hp_loss":0.0,"gold_gain":0.0,"event_name":"Tomb of Lord Red Mask","player_choice":"Ignored","floor":38.0,"gold_loss":0.0,"damage_taken":0.0},{"damage_healed":0.0,"max_hp_gain":0.0,"max_hp_loss":0.0,"gold_gain":0.0,"event_name":"Wheel of Change","player_choice":"Damaged","floor":41.0,"gold_loss":0.0,"damage_taken":7.0},{"damage_healed":0.0,"max_hp_gain":0.0,"max_hp_loss":0.0,"gold_gain":0.0,"event_name":"Mysterious Sphere","player_choice":"Fight","floor":47.0,"gold_loss":0.0,"damage_taken":0.0}],"is_beta":false,"boss_relics":[{"not_picked":["Philosopher\u0027s Stone","Tiny House"],"picked":"Sozu"},{"not_picked":["Nuclear Battery","Inserter"],"picked":"Coffee Dripper"}],"items_purged_floors":[21],"is_endless":false,"potions_floor_spawned":[3,13,14,29,31,33,39,42,48],"ascension_level":0}