{"gold_per_floor":[114,128,128,143,143,168,168,196,251,269,194,194],"floor_reached":12,"playtime":766,"items_purged":["Strike_R"],"score":154,"play_id":"a6c283e9-5dcb-4603-b63f-2a3f4a2771d8","local_time":"20190803230151","is_ascension_mode":true,"campfire_choices":[{"data":"Bash","floor":7,"key":"SMITH"}],"neow_cost":"NONE","seed_source_timestamp":14844293890007,"circlet_count":0,"master_deck":["AscendersBane","Strike_R","Strike_R","Strike_R","Strike_R","Defend_R","Defend_R","Defend_R","Defend_R","Bash+1","Twin Strike","Perfected Strike","Rage","Battle Trance","Fiend Fire","Headbutt","Ghostly Armor"],"special_seed":0,"relics":["Burning Blood","Bag of Preparation","Pen Nib","Tiny Chest"],"potions_floor_usage":[6,8,10],"damage_taken":[{"damage":4.0,"enemies":"Small Slimes","floor":1.0,"turns":4.0},{"damage":4.0,"enemies":"Jaw Worm","floor":2.0,"turns":4.0},{"damage":0.0,"enemies":"Cultist","floor":4.0,"turns":3.0},{"damage":32,"enemies":"Gremlin Nob","floor":6,"turns":4},{"damage":40,"enemies":"Lagavulin","floor":8,"turns":4},{"damage":0,"enemies":"Looter","floor":10,"turns":1},{"damage":23,"enemies":"3 Sentries","floor":12,"turns":5}],"seed_played":"1423920139196546274","potions_obtained":[{"floor":2.0,"key":"Strength Potion"},{"floor":6,"key":"SteroidPotion"},{"floor":8,"key":"Poison Potion"}],"is_trial":false,"path_per_floor":["M","M","?","M","?","E","R","E","T","M","$","E"],"character_chosen":"IRONCLAD","items_purchased":[],"campfire_rested":0,"item_purchase_floors":[],"current_hp_per_floor":[70,72,72,75,75,49,49,15,15,21,21,0],"gold":194,"neow_bonus":"THREE_CARDS","is_prod":false,"is_daily":false,"chose_seed":false,"campfire_upgraded":1,"win_rate":0,"timestamp":1564887711,"path_taken":["M","M","?","M","?","E","R","E","T","M","$","E"],"build_version":"2019-07-17","purchased_purges":1,"victory":false,"max_hp_per_floor":[75,75,75,75,75,75,75,75,75,75,75,75],"card_choices":[{"not_picked":["Uppercut","Spot Weakness"],"picked":"Twin Strike","floor":0.0},{"not_picked":["Heavy Blade","Havoc"],"picked":"Perfected Strike","floor":1.0},{"not_picked":["Armaments","Body Slam"],"picked":"Rage","floor":2.0},{"not_picked":["Hemokinesis","Clash"],"picked":"Battle Trance","floor":4.0},{"not_picked":["Evolve","Pommel Strike"],"picked":"Fiend Fire","floor":6},{"not_picked":["Infernal Blade","Perfected Strike"],"picked":"Headbutt","floor":8},{"not_picked":["Havoc","Sword Boomerang"],"picked":"Ghostly Armor","floor":10}],"player_experience":463196,"relics_obtained":[{"floor":6,"key":"Bag of Preparation"},{"floor":8,"key":"Pen Nib"},{"floor":9,"key":"Tiny Chest"}],"event_choices":[{"damage_healed":0.0,"max_hp_gain":0.0,"max_hp_loss":0.0,"gold_gain":0.0,"event_name":"Liars Game","player_choice":"Ignored","floor":3.0,"gold_loss":0.0,"damage_taken":0.0},{"damage_healed":0.0,"max_hp_gain":0.0,"max_hp_loss":0.0,"gold_gain":0.0,"event_name":"Golden Idol","player_choice":"Ignored","floor":5.0,"gold_loss":0.0,"damage_taken":0.0}],"is_beta":false,"boss_relics":[],"items_purged_floors":[11],"is_endless":false,"potions_floor_spawned":[2,6,8],"killed_by":"3 Sentries","ascension_level":15}