{"gold_per_floor":[113,38,52,15,35,35,51,201,252,252,264,289,289,299,299,371,371,388,338,338,348,364,364,399,413,437,437,455,455,467,467,467,540,540,558,573,573,590,590,590],"floor_reached":40,"playtime":1775,"items_purged":["Pain","Doubt"],"score":950,"play_id":"1b6052c6-cece-425b-9ddf-e805780f7d41","local_time":"20181210194124","is_ascension_mode":true,"campfire_choices":[{"data":"Catalyst","floor":6.0,"key":"SMITH"},{"data":"Bouncing Flask","floor":13.0,"key":"SMITH"},{"data":"Deadly Poison","floor":15.0,"key":"SMITH"},{"data":"Wraith Form v2","floor":23.0,"key":"SMITH"},{"data":"Tools of the Trade","floor":27.0,"key":"SMITH"},{"data":"Neutralize","floor":29.0,"key":"SMITH"},{"data":"Setup","floor":32.0,"key":"SMITH"}],"neow_cost":"CURSE","seed_source_timestamp":574386268619,"circlet_count":0,"master_deck":["AscendersBane","Defend_G","Defend_G","Defend_G","Defend_G","Defend_G","Strike_G","Strike_G","Strike_G","Strike_G","Strike_G","Survivor","Neutralize+1","Tools of the Trade+1","Deadly Poison+1","Catalyst+1","Concentrate","Bouncing Flask+1","Leg Sweep","Backflip","Wraith Form v2+1","Escape Plan","Setup+1","Bullet Time","Reflex"],"special_seed":0,"relics":["Ring of the Snake","Smiling Mask","Lantern","Odd Mushroom","Runic Pyramid","Bronze Scales","Busted Crown"],"potions_floor_usage":[40],"damage_taken":[{"damage":1.0,"enemies":"Cultist","floor":1.0,"turns":5.0},{"damage":3.0,"enemies":"Jaw Worm","floor":3.0,"turns":4.0},{"damage":6.0,"enemies":"Small Slimes","floor":5.0,"turns":5.0},{"damage":1.0,"enemies":"Looter","floor":7.0,"turns":4.0},{"damage":6.0,"enemies":"Red Slaver","floor":11.0,"turns":3.0},{"damage":27.0,"enemies":"The Mushroom Lair","floor":12.0,"turns":6.0},{"damage":1.0,"enemies":"Large Slime","floor":14.0,"turns":6.0},{"damage":8.0,"enemies":"Hexaghost","floor":16.0,"turns":8.0},{"damage":0.0,"enemies":"Chosen","floor":18.0,"turns":3.0},{"damage":1.0,"enemies":"3 Byrds","floor":21.0,"turns":5.0},{"damage":0.0,"enemies":"Snecko","floor":22.0,"turns":5.0},{"damage":7.0,"enemies":"Gremlin Leader","floor":24.0,"turns":7.0},{"damage":7.0,"enemies":"Shelled Parasite and Fungi","floor":25.0,"turns":5.0},{"damage":4.0,"enemies":"Snake Plant","floor":28.0,"turns":4.0},{"damage":2.0,"enemies":"3 Cultists","floor":30.0,"turns":6.0},{"damage":3.0,"enemies":"Colosseum Slavers","floor":31.0,"turns":5.0},{"damage":0.0,"enemies":"Champ","floor":33.0,"turns":10.0},{"damage":0.0,"enemies":"3 Darklings","floor":35.0,"turns":6.0},{"damage":0.0,"enemies":"3 Shapes","floor":36.0,"turns":9.0},{"damage":14.0,"enemies":"3 Darklings","floor":38.0,"turns":6.0},{"damage":48,"enemies":"Reptomancer","floor":40,"turns":2}],"seed_played":"-2793371339323698058","potions_obtained":[{"floor":1.0,"key":"Regen Potion"},{"floor":3.0,"key":"FearPotion"},{"floor":7.0,"key":"Energy Potion"},{"floor":11.0,"key":"GhostInAJar"},{"floor":12.0,"key":"FearPotion"},{"floor":16.0,"key":"SteroidPotion"},{"floor":20.0,"key":"Fire Potion"},{"floor":21.0,"key":"Regen Potion"},{"floor":24.0,"key":"Swift Potion"},{"floor":33.0,"key":"Dexterity Potion"},{"floor":36.0,"key":"AttackPotion"},{"floor":38.0,"key":"Weak Potion"}],"is_trial":false,"path_per_floor":["M","$","M","$","M","R","M","?","T","?","M","?","R","M","R","B",null,"M","$","?","M","M","R","E","M","T","R","M","R","M","?","R","B",null,"M","M","?","M","?","E"],"character_chosen":"THE_SILENT","items_purchased":["Concentrate"],"campfire_rested":0,"item_purchase_floors":[4],"current_hp_per_floor":[58,58,55,55,49,49,48,48,48,43,37,10,10,9,9,1,50,50,50,50,49,64,64,57,50,50,50,46,46,44,41,41,41,60,60,60,60,46,46,0],"gold":590,"neow_bonus":"THREE_RARE_CARDS","is_prod":false,"is_daily":false,"chose_seed":true,"campfire_upgraded":7,"win_rate":0,"timestamp":1544442084,"path_taken":["M","$","M","$","M","R","?","?","T","?","M","?","R","M","R","BOSS","M","$","?","?","M","R","E","M","T","R","M","R","M","?","R","BOSS","M","M","?","M","?","E"],"build_version":"2018-12-06","purchased_purges":2,"victory":false,"max_hp_per_floor":[66,66,66,66,66,66,66,66,66,66,66,66,66,66,66,66,66,66,66,66,66,66,66,66,66,66,66,66,66,66,66,66,66,66,66,66,66,66,63,63],"card_choices":[{"not_picked":["Storm of Steel","Phantasmal Killer"],"picked":"Tools of the Trade","floor":0.0},{"not_picked":["Sucker Punch","Bouncing Flask"],"picked":"Deadly Poison","floor":1.0},{"not_picked":["Acrobatics","Leg Sweep"],"picked":"Catalyst","floor":3.0},{"not_picked":["Bane","Acrobatics"],"picked":"Bouncing Flask","floor":5.0},{"not_picked":["Dagger Throw","Accuracy"],"picked":"Leg Sweep","floor":7.0},{"not_picked":["Sucker Punch","Flying Knee","Poisoned Stab"],"picked":"SKIP","floor":11.0},{"not_picked":["Poisoned Stab","Die Die Die"],"picked":"Backflip","floor":14.0},{"not_picked":["Glass Knife","After Image"],"picked":"Wraith Form v2","floor":16.0},{"not_picked":["Flechettes","Deflect"],"picked":"Escape Plan","floor":18.0},{"not_picked":["Underhanded Strike","Deadly Poison","Bane"],"picked":"SKIP","floor":21.0},{"not_picked":["Infinite Blades+1","Backstab+1","Poisoned Stab"],"picked":"SKIP","floor":22.0},{"not_picked":["Underhanded Strike","Backflip","Leg Sweep"],"picked":"SKIP","floor":24.0},{"not_picked":["Outmaneuver","Leg Sweep","Dagger Throw+1"],"picked":"SKIP","floor":25.0},{"not_picked":["Deadly Poison","Underhanded Strike","Quick Slash+1"],"picked":"SKIP","floor":28.0},{"not_picked":["Setup","Terror","Bouncing Flask"],"picked":"SKIP","floor":30.0},{"not_picked":["Terror","Bouncing Flask"],"picked":"Setup","floor":30.0},{"not_picked":["Die Die Die","Envenom"],"picked":"Bullet Time","floor":33.0},{"not_picked":["Dagger Spray"],"picked":"SKIP","floor":35.0},{"not_picked":[],"picked":"Reflex","floor":36.0},{"not_picked":["Bane+1"],"picked":"SKIP","floor":38.0}],"player_experience":1197243,"relics_obtained":[{"floor":9.0,"key":"Smiling Mask"},{"floor":12.0,"key":"Odd Mushroom"},{"floor":24.0,"key":"Bronze Scales"}],"event_choices":[{"damage_healed":0.0,"max_hp_gain":0.0,"max_hp_loss":0.0,"gold_gain":150.0,"event_name":"Liars Game","player_choice":"AGREE","floor":8.0,"gold_loss":0.0,"damage_taken":0.0,"cards_obtained":["Doubt"]},{"damage_healed":0.0,"max_hp_gain":0.0,"max_hp_loss":0.0,"gold_gain":0.0,"event_name":"Scrap Ooze","player_choice":"Success","floor":10.0,"gold_loss":0.0,"damage_taken":5.0,"relics_obtained":["Lantern"]},{"damage_healed":0.0,"max_hp_gain":0.0,"max_hp_loss":0.0,"gold_gain":0.0,"event_name":"Mushrooms","player_choice":"Fought Mushrooms","floor":12.0,"gold_loss":0.0,"damage_taken":0.0},{"damage_healed":0.0,"max_hp_gain":0.0,"max_hp_loss":0.0,"gold_gain":0.0,"event_name":"Lab","player_choice":"Got Potions","floor":20.0,"gold_loss":0.0,"damage_taken":0.0},{"damage_healed":0.0,"max_hp_gain":0.0,"max_hp_loss":0.0,"gold_gain":0.0,"event_name":"Colosseum","player_choice":"Fight","floor":31.0,"gold_loss":0.0,"damage_taken":0.0},{"damage_healed":0.0,"max_hp_gain":0.0,"max_hp_loss":0.0,"gold_gain":0.0,"event_name":"Colosseum","player_choice":"Fled From Nobs","floor":31.0,"gold_loss":0.0,"damage_taken":0.0},{"damage_healed":0.0,"max_hp_gain":0.0,"max_hp_loss":0.0,"gold_gain":0.0,"event_name":"Mysterious Sphere","player_choice":"Ignored","floor":37.0,"gold_loss":0.0,"damage_taken":0.0},{"damage_healed":0.0,"max_hp_gain":0.0,"max_hp_loss":3.0,"gold_gain":0.0,"event_name":"Winding Halls","player_choice":"Max HP","floor":39.0,"gold_loss":0.0,"damage_taken":0.0}],"is_beta":false,"boss_relics":[{"not_picked":["Velvet Choker","Philosopher\u0027s Stone"],"picked":"Runic Pyramid"},{"not_picked":["Tiny House","Black Star"],"picked":"Busted Crown"}],"items_purged_floors":[2,19],"is_endless":false,"potions_floor_spawned":[1,3,7,11,12,16,21,24,31,33,36,38],"killed_by":"Reptomancer","ascension_level":20}