{"gold_per_floor":[111,129,129,147,164,190,136,136,204,224,234,234],"floor_reached":12,"playtime":3074,"items_purged":[],"score":82,"play_id":"74dce68f-b39a-4593-8a29-bfc4d3cbc95a","local_time":"20190709202339","is_ascension_mode":false,"campfire_choices":[{"data":"Body Slam","floor":8,"key":"SMITH"}],"neow_cost":"TEN_PERCENT_HP_LOSS","seed_source_timestamp":1458635880526967,"circlet_count":0,"master_deck":["Strike_R","Strike_R","Strike_R","Strike_R","Defend_R","Defend_R","Defend_R","Bash","Body Slam+1","Demon Form","Twin Strike","Pummel","Iron Wave","Uppercut","Armaments","Shrug It Off","Cleave"],"relics":["Burning Blood","Du-Vu Doll","Pantograph"],"potions_floor_usage":[6,10,12,12],"damage_taken":[{"damage":4,"enemies":"Cultist","floor":1,"turns":4},{"damage":13,"enemies":"Jaw Worm","floor":2,"turns":3},{"damage":0,"enemies":"Small Slimes","floor":4,"turns":4},{"damage":10,"enemies":"Exordium Wildlife","floor":5,"turns":5},{"damage":24,"enemies":"Gremlin Nob","floor":6,"turns":5},{"damage":24,"enemies":"Gremlin Gang","floor":10,"turns":4},{"damage":22,"enemies":"Exordium Thugs","floor":11,"turns":6},{"damage":16,"enemies":"Large Slime","floor":12,"turns":4}],"seed_played":"-6635288428039777402","potions_obtained":[{"floor":2,"key":"Swift Potion"},{"floor":4,"key":"LiquidBronze"},{"floor":6,"key":"LiquidBronze"},{"floor":11,"key":"AttackPotion"}],"is_trial":false,"path_per_floor":["M","M","?","M","M","E","$","R","T","M","M","M"],"character_chosen":"IRONCLAD","items_purchased":["Armaments"],"campfire_rested":0,"item_purchase_floors":[7],"current_hp_per_floor":[72,65,70,72,68,50,50,50,50,32,16,0],"gold":234,"neow_bonus":"TRANSFORM_TWO_CARDS","is_prod":false,"is_daily":false,"chose_seed":false,"campfire_upgraded":1,"win_rate":0.0,"timestamp":1562693019,"path_taken":["M","?","?","M","M","E","$","R","T","M","?","M"],"build_version":"2019-07-05","purchased_purges":0,"victory":false,"max_hp_per_floor":[72,72,72,72,72,72,72,72,72,72,72,72],"card_choices":[{"not_picked":["Burning Pact","Combust"],"picked":"Headbutt","floor":1},{"not_picked":["Hemokinesis","Clash"],"picked":"Twin Strike","floor":2},{"not_picked":["Flex","Blood for Blood"],"picked":"Pummel","floor":4},{"not_picked":["Clothesline","Offering"],"picked":"Iron Wave","floor":5},{"not_picked":["Anger","Searing Blow"],"picked":"Uppercut","floor":6},{"not_picked":["Whirlwind","Heavy Blade"],"picked":"Shrug It Off","floor":10},{"not_picked":["Anger","Blood for Blood"],"picked":"Cleave","floor":11}],"player_experience":42683,"relics_obtained":[{"floor":6,"key":"Du-Vu Doll"},{"floor":9,"key":"Pantograph"}],"event_choices":[{"cards_removed":["Headbutt"],"damage_healed":5,"gold_gain":0,"player_choice":"Offered Common","damage_taken":0,"max_hp_gain":0,"max_hp_loss":0,"event_name":"Bonfire Elementals","floor":3,"gold_loss":0},{"cards_removed":["Headbutt"],"damage_healed":5,"gold_gain":0,"player_choice":"Offered Special","damage_taken":0,"max_hp_gain":0,"max_hp_loss":0,"event_name":"Bonfire Elementals","floor":3,"gold_loss":0}],"is_beta":false,"boss_relics":[],"items_purged_floors":[],"is_endless":false,"potions_floor_spawned":[2,4,6,11],"killed_by":"Large Slime","ascension_level":0}