{"gold_per_floor":[117,42,62,80,80,80,106,106,152,170,170,31,31,106,106,183,183,200,217,142,42,42,42,42,42,117,117,129,164,164,181,181,252,252,271,287,162,180,190,190,190,40,117,117,147,147,147,166,166,166],"floor_reached":51,"playtime":2290,"items_purged":["Strike_R","Strike_R","Strike_R","Defend_R+1"],"score":1395,"play_id":"1f56e639-7fa7-42d4-b3ef-566f6fa008cf","local_time":"20181109225756","is_ascension_mode":true,"campfire_choices":[{"data":"Bash","floor":6,"key":"SMITH"},{"data":"Evolve","floor":8,"key":"SMITH"},{"data":"Battle Trance","floor":11,"key":"SMITH"},{"data":"True Grit","floor":13,"key":"SMITH"},{"data":"Impatience","floor":15,"key":"SMITH"},{"data":"Burning Pact","floor":23,"key":"SMITH"},{"data":"Dropkick","floor":27,"key":"SMITH"},{"data":"Limit Break","floor":30,"key":"SMITH"},{"data":"Flex","floor":32,"key":"SMITH"},{"data":"Strike_R","floor":40,"key":"PURGE"},{"data":"Defend_R+1","floor":44,"key":"PURGE"},{"data":"Defend_R+1","floor":49,"key":"PURGE"}],"neow_cost":"NONE","seed_source_timestamp":2924818966345,"circlet_count":0,"master_deck":["AscendersBane","Ghostly Armor+1","Evolve+1","Dropkick+1","Impervious+1","Battle Trance+1","Impatience+1","True Grit+1","Limit Break+1","Flex+1","Burning Pact+1","Impatience+1","Shrug It Off+1","Limit Break+1","Regret","True Grit+1","True Grit+1","Sentinel+1","Whirlwind+1"],"relics":["Coffee Dripper","Happy Flower","Omamori","Mark of Pain","Blue Candle","Mummified Hand","Bronze Scales","Calling Bell","Lantern","Toxic Egg 2","Peace Pipe","Mark of the Bloom","Molten Egg 2","Ancient Tea Set"],"potions_floor_usage":[19,38,50],"damage_taken":[{"damage":2,"enemies":"Jaw Worm","floor":1,"turns":4},{"damage":0,"enemies":"Small Slimes","floor":3,"turns":3},{"damage":0,"enemies":"2 Louse","floor":4,"turns":2},{"damage":22,"enemies":"Lagavulin","floor":7,"turns":7},{"damage":0,"enemies":"2 Fungi Beasts","floor":10,"turns":4},{"damage":16,"enemies":"The Guardian","floor":16,"turns":9},{"damage":3,"enemies":"3 Byrds","floor":18,"turns":5},{"damage":0,"enemies":"Shell Parasite","floor":19,"turns":6},{"damage":0,"enemies":"Centurion and Healer","floor":28,"turns":5},{"damage":0,"enemies":"Book of Stabbing","floor":29,"turns":5},{"damage":0,"enemies":"Snecko","floor":31,"turns":4},{"damage":16,"enemies":"Collector","floor":33,"turns":5},{"damage":6,"enemies":"Orb Walker","floor":35,"turns":4},{"damage":1,"enemies":"3 Shapes","floor":36,"turns":8},{"damage":1,"enemies":"Jaw Worm Horde","floor":38,"turns":4},{"damage":0,"enemies":"Maw","floor":39,"turns":5},{"damage":1,"enemies":"Giant Head","floor":45,"turns":5},{"damage":2,"enemies":"4 Shapes","floor":48,"turns":6},{"damage":1,"enemies":"Donu and Deca","floor":50,"turns":4}],"seed_played":"-6703487849496654108","potions_obtained":[{"floor":1,"key":"SteroidPotion"},{"floor":3,"key":"Energy Potion"},{"floor":18,"key":"Regen Potion"},{"floor":29,"key":"Weak Potion"},{"floor":33,"key":"Ancient Potion"},{"floor":45,"key":"Fire Potion"}],"is_trial":false,"path_per_floor":["M","$","M","M","?","R","E","R","T","M","R","$","R","?","R","B",null,"M","M","?","$","?","R","?","?","T","R","M","E","R","M","R","B",null,"M","M","$","M","M","R","?","$","T","R","E","?","?","M","R","B",null],"character_chosen":"IRONCLAD","items_purchased":["Impatience","True Grit"],"campfire_rested":0,"item_purchase_floors":[12,12],"current_hp_per_floor":[66,66,66,66,59,59,37,37,37,37,37,37,37,26,26,10,59,56,71,71,71,71,71,71,71,71,71,71,71,71,71,71,55,70,64,63,63,62,62,62,62,62,62,62,61,61,61,59,59,58],"gold":166,"neow_bonus":"BOSS_RELIC","is_prod":false,"is_daily":false,"chose_seed":false,"campfire_upgraded":9,"win_rate":0,"timestamp":1541775476,"path_taken":["M","$","M","M","?","R","E","R","T","M","R","$","R","?","R","BOSS","M","M","?","$","?","R","?","?","T","R","M","E","R","M","R","BOSS","M","M","$","?","M","R","?","$","T","R","E","?","?","M","R","BOSS"],"build_version":"2018-11-08","purchased_purges":4,"victory":true,"max_hp_per_floor":[75,75,75,75,75,75,75,75,75,75,75,75,75,75,75,75,75,75,75,75,75,75,75,75,75,75,75,75,75,75,75,75,75,75,75,75,75,75,75,75,75,75,75,75,75,75,71,71,71,71],"card_choices":[{"not_picked":["Havoc","Body Slam"],"picked":"Ghostly Armor","floor":1},{"not_picked":["Body Slam","Warcry"],"picked":"Evolve","floor":3},{"not_picked":["Cleave","Infernal Blade"],"picked":"Dropkick","floor":4},{"not_picked":["Inflame","Iron Wave"],"picked":"Impervious","floor":7},{"not_picked":["Warcry","Wild Strike"],"picked":"Battle Trance","floor":10},{"not_picked":["Offering","Juggernaut"],"picked":"Limit Break","floor":16},{"not_picked":["Havoc+1","Pummel","Twin Strike"],"picked":"SKIP","floor":18},{"not_picked":["Ghostly Armor","Pommel Strike"],"picked":"Flex","floor":19},{"not_picked":["Anger","Wild Strike","Shrug It Off+1"],"picked":"SKIP","floor":28},{"not_picked":["Anger","Wild Strike"],"picked":"Shrug It Off+1","floor":28},{"not_picked":["Twin Strike","Entrench","Thunderclap"],"picked":"SKIP","floor":29},{"not_picked":["Headbutt","Havoc","Armaments"],"picked":"SKIP","floor":31},{"not_picked":["Brutality","Berserk"],"picked":"Limit Break","floor":33},{"not_picked":["Bloodletting+1","Body Slam","Combust"],"picked":"SKIP","floor":35},{"not_picked":["Reckless Charge","Wild Strike"],"picked":"True Grit+1","floor":36},{"not_picked":["Carnage","Battle Trance+1"],"picked":"True Grit+1","floor":38},{"not_picked":["Berserk","Seeing Red+1"],"picked":"Sentinel+1","floor":39},{"not_picked":["Anger+1","Clothesline+1","Thunderclap+1"],"picked":"SKIP","floor":45},{"not_picked":["Perfected Strike+1","Cleave+1"],"picked":"Whirlwind+1","floor":48}],"player_experience":951317,"relics_obtained":[{"floor":7,"key":"Happy Flower"},{"floor":9,"key":"Omamori"},{"floor":26,"key":"Mummified Hand"},{"floor":29,"key":"Bronze Scales"},{"floor":34,"key":"Lantern"},{"floor":34,"key":"Toxic Egg 2"},{"floor":34,"key":"Peace Pipe"},{"floor":43,"key":"Molten Egg 2"},{"floor":45,"key":"Ancient Tea Set"}],"event_choices":[{"cards_removed":["Defend_R"],"damage_healed":0,"gold_gain":0,"player_choice":"Card Removal","damage_taken":7,"max_hp_gain":0,"max_hp_loss":0,"event_name":"Golden Wing","floor":5,"gold_loss":0},{"damage_healed":0,"gold_gain":75,"player_choice":"Gather Gold","damage_taken":11,"max_hp_gain":0,"max_hp_loss":0,"event_name":"World of Goop","floor":14,"gold_loss":0},{"cards_removed":["Strike_R"],"damage_healed":0,"gold_gain":0,"player_choice":"Gave Gold","damage_taken":0,"max_hp_gain":0,"max_hp_loss":0,"event_name":"Beggar","floor":20,"gold_loss":75},{"damage_healed":0,"gold_gain":0,"player_choice":"Read","damage_taken":0,"max_hp_gain":0,"max_hp_loss":0,"event_name":"The Library","floor":22,"gold_loss":0,"cards_obtained":["Burning Pact"]},{"damage_healed":0,"gold_gain":0,"player_choice":"Opened","damage_taken":0,"relics_obtained":["Blue Candle"],"max_hp_gain":0,"max_hp_loss":0,"event_name":"The Mausoleum","floor":24,"gold_loss":0},{"damage_healed":0,"gold_gain":0,"player_choice":"Copied","damage_taken":0,"max_hp_gain":0,"max_hp_loss":0,"event_name":"Duplicator","floor":25,"gold_loss":0,"cards_obtained":["Impatience"]},{"damage_healed":0,"gold_gain":0,"player_choice":"Upgrade","damage_taken":0,"relics_obtained":["Mark of the Bloom"],"max_hp_gain":0,"max_hp_loss":0,"event_name":"MindBloom","floor":41,"gold_loss":0,"cards_upgraded":["Defend_R","Defend_R","Defend_R","Ghostly Armor","Impervious","Limit Break"]},{"cards_removed":["Bash"],"damage_healed":0,"gold_gain":0,"player_choice":"Removed Attack","damage_taken":0,"max_hp_gain":0,"max_hp_loss":0,"event_name":"Falling","floor":46,"gold_loss":0},{"damage_healed":0,"gold_gain":0,"player_choice":"Max HP","damage_taken":0,"max_hp_gain":0,"max_hp_loss":4,"event_name":"Winding Halls","floor":47,"gold_loss":0}],"is_beta":false,"boss_relics":[{"not_picked":["Cursed Key","Busted Crown"],"picked":"Mark of Pain"},{"not_picked":["Orrery","Runic Dome"],"picked":"Calling Bell"}],"items_purged_floors":[2,21,37,42],"is_endless":false,"potions_floor_spawned":[1,3,16,18,29,31,33,36,45],"ascension_level":14}