{"gold_per_floor":[117,117,117,131,146,146,178,178,178,178,208,219,232,245,245,319,319,330,330,343,77,77,109,20,20,47,47,63,83,93,120,120,198,198,208,208,218,232,251,251,281,281,281,309,321,365,388,400,412,424,436,448,35,70,70],"floor_reached":55,"playtime":4362,"items_purged":["Gash","Defend_B+1"],"score":1628,"play_id":"7afa976d-e93f-4cbe-bc39-2c3cea46947e","local_time":"20190527214735","is_ascension_mode":true,"campfire_choices":[{"data":"Zap","floor":6.0,"key":"SMITH"},{"data":"Dualcast","floor":8.0,"key":"SMITH"},{"floor":10.0,"key":"REST"},{"floor":15.0,"key":"REST"},{"floor":27,"key":"REST"},{"data":"Consume","floor":32,"key":"SMITH"},{"floor":40,"key":"RECALL"},{"data":"The Bomb","floor":45,"key":"SMITH"},{"data":"Glacier","floor":49,"key":"SMITH"},{"floor":52,"key":"REST"}],"neow_cost":"NONE","seed_source_timestamp":111915827569444,"circlet_count":0,"master_deck":["AscendersBane","Strike_B+1","Defend_B+1","Defend_B+1","Defend_B+1","Zap+1","Dualcast+1","Core Surge","Leap","All For One","Cold Snap","Echo Form+1","Glacier+1","Self Repair+1","Electrodynamics+1","Leap","Loop+1","Consume+1","Chaos+1","Loop+1","Buffer+1","Undo","Recycle","Reinforced Body+1","Defragment+1","The Bomb+1","Skim"],"special_seed":0,"relics":["Cracked Core","Frozen Egg 2","Anchor","Smiling Mask","Snecko Eye","Medical Kit","Enchiridion","Shuriken","Gambling Chip","Velvet Choker","Omamori","Cables","MawBank","Bottled Flame","Bronze Scales","Art of War","Strawberry"],"potions_floor_usage":[50,55,55],"damage_taken":[{"damage":6.0,"enemies":"2 Louse","floor":1.0,"turns":2.0},{"damage":8.0,"enemies":"Small Slimes","floor":4.0,"turns":5.0},{"damage":1.0,"enemies":"Cultist","floor":5.0,"turns":3.0},{"damage":24.0,"enemies":"Gremlin Nob","floor":7.0,"turns":4.0},{"damage":36.0,"enemies":"3 Sentries","floor":11.0,"turns":12.0},{"damage":2.0,"enemies":"Large Slime","floor":12.0,"turns":5.0},{"damage":3.0,"enemies":"Exordium Wildlife","floor":13.0,"turns":5.0},{"damage":3.0,"enemies":"2 Fungi Beasts","floor":14.0,"turns":4.0},{"damage":22.0,"enemies":"Hexaghost","floor":16.0,"turns":15.0},{"damage":2.0,"enemies":"Chosen","floor":18.0,"turns":6.0},{"damage":0.0,"enemies":"3 Byrds","floor":20.0,"turns":2.0},{"damage":32,"enemies":"Book of Stabbing","floor":23,"turns":7},{"damage":4,"enemies":"Cultist and Chosen","floor":28,"turns":5},{"damage":7,"enemies":"Shelled Parasite and Fungi","floor":29,"turns":5},{"damage":0,"enemies":"3 Cultists","floor":30,"turns":3},{"damage":0,"enemies":"Slavers","floor":31,"turns":2},{"damage":8,"enemies":"Automaton","floor":33,"turns":7},{"damage":0,"enemies":"3 Shapes","floor":35,"turns":1},{"damage":0,"enemies":"Orb Walker","floor":37,"turns":4},{"damage":16,"enemies":"Transient","floor":38,"turns":6},{"damage":0,"enemies":"Maw","floor":39,"turns":10},{"damage":0,"enemies":"Nemesis","floor":41,"turns":5},{"damage":2,"enemies":"Reptomancer","floor":44,"turns":5},{"damage":0,"enemies":"Nemesis","floor":46,"turns":9},{"damage":2,"enemies":"Spire Growth","floor":47,"turns":5},{"damage":42,"enemies":"Awakened One","floor":50,"turns":12},{"damage":56,"enemies":"Shield and Spear","floor":54,"turns":6},{"damage":32,"enemies":"The Heart","floor":55,"turns":6}],"seed_played":"4071265503400361366","potions_obtained":[{"floor":1.0,"key":"AttackPotion"},{"floor":3.0,"key":"FairyPotion"},{"floor":3.0,"key":"Block Potion"},{"floor":11.0,"key":"FocusPotion"},{"floor":18.0,"key":"EssenceOfSteel"},{"floor":23,"key":"Poison Potion"},{"floor":30,"key":"AttackPotion"},{"floor":41,"key":"PowerPotion"}],"is_trial":false,"path_per_floor":["M","?","?","M","M","R","E","R","T","R","E","M","M","M","R","B",null,"M","?","M","$","?","E","$","$","T","R","M","M","M","E","R","B",null,"M","?","M","M","M","R","E","?","T","E","R","E","M","?","R","B",null,"R","$","E","B"],"character_chosen":"DEFECT","items_purchased":["Medical Kit","Loop+1","Bronze Scales","Art of War","Dexterity Potion"],"campfire_rested":4,"item_purchase_floors":[21,24,53,53,53],"current_hp_per_floor":[58,58,58,50,49,49,25,25,25,46,10,8,5,12,33,21,59,71,71,71,71,50,18,18,18,18,39,45,58,68,71,71,71,71,71,71,71,65,71,71,71,61,61,71,71,71,71,71,71,39,63,71,71,32,0],"gold":70,"neow_bonus":"ONE_RANDOM_RARE_CARD","is_prod":false,"is_daily":false,"chose_seed":false,"campfire_upgraded":5,"win_rate":0,"timestamp":1558986455,"path_taken":["M","?","?","M","M","R","E","R","T","R","E","M","M","M","R","BOSS","M","?","M","$","?","E","?","$","T","R","M","M","M","E","R","BOSS","M","?","M","?","M","R","E","?","T","E","R","E","M","?","R","BOSS","R","$","E","BOSS"],"build_version":"2019-01-23","purchased_purges":2,"victory":false,"max_hp_per_floor":[71,71,71,71,71,71,71,71,71,71,71,71,71,71,71,71,71,71,71,71,71,71,71,71,71,71,71,71,71,71,71,71,71,71,71,71,71,71,71,71,71,71,71,71,71,71,71,71,71,71,71,71,71,78,78],"card_choices":[{"not_picked":["Redo","Skim"],"picked":"Leap","floor":1.0},{"not_picked":["Steam","Redo"],"picked":"Cold Snap","floor":4.0},{"not_picked":["Consume","Multi-Cast","Barrage"],"picked":"SKIP","floor":5.0},{"not_picked":["Skim","Sweeping Beam"],"picked":"Gash","floor":7.0},{"not_picked":["Rebound","Gash"],"picked":"Echo Form+1","floor":11.0},{"not_picked":["Tempest","Streamline"],"picked":"Glacier","floor":12.0},{"not_picked":["Steam Power","Compile Driver"],"picked":"Self Repair+1","floor":13.0},{"not_picked":["Consume","Stack","Rebound"],"picked":"SKIP","floor":14.0},{"not_picked":["Thunder Strike","Creative AI+1"],"picked":"Electrodynamics+1","floor":16.0},{"not_picked":["Redo","FTL"],"picked":"Leap","floor":18.0},{"not_picked":["Reprogram","Auto Shields","Rebound"],"picked":"SKIP","floor":20.0},{"not_picked":["Auto Shields","Blizzard","BootSequence"],"picked":"SKIP","floor":23},{"not_picked":["Tempest","Gash"],"picked":"Consume","floor":28},{"not_picked":["Genetic Algorithm","Leap"],"picked":"Chaos+1","floor":29},{"not_picked":["Cold Snap","BootSequence"],"picked":"Loop+1","floor":30},{"not_picked":["Turbo","Melter","White Noise"],"picked":"SKIP","floor":31},{"not_picked":["Turbo","Melter","White Noise"],"picked":"SKIP","floor":31},{"not_picked":["Fission","Electrodynamics+1"],"picked":"Buffer+1","floor":33},{"not_picked":["Darkness","Cold Snap"],"picked":"Undo","floor":35},{"not_picked":["Steam","Stack"],"picked":"Reinforced Body+1","floor":37},{"not_picked":["Chill","Hologram"],"picked":"Defragment+1","floor":38},{"not_picked":["Barrage","Fission","Force Field"],"picked":"SKIP","floor":39},{"not_picked":["Barrage","Rebound","Chaos"],"picked":"SKIP","floor":41},{"not_picked":["Forethought","Dramatic Entrance"],"picked":"The Bomb","floor":42},{"not_picked":["BootSequence+1","Consume+1","Go for the Eyes+1"],"picked":"SKIP","floor":44},{"not_picked":["Compile Driver","Redo","Self Repair+1"],"picked":"SKIP","floor":46},{"not_picked":["Beam Cell+1","Redo","Steam+1"],"picked":"SKIP","floor":47},{"not_picked":["Compile Driver","Undo"],"picked":"Skim","floor":54}],"player_experience":590932,"relics_obtained":[{"floor":7.0,"key":"Frozen Egg 2"},{"floor":9.0,"key":"Anchor"},{"floor":11.0,"key":"Smiling Mask"},{"floor":22.0,"key":"Enchiridion"},{"floor":23,"key":"Shuriken"},{"floor":31,"key":"Gambling Chip"},{"floor":41,"key":"Omamori"},{"floor":43,"key":"Cables"},{"floor":44,"key":"MawBank"},{"floor":46,"key":"Bottled Flame"},{"floor":54,"key":"Strawberry"}],"event_choices":[{"damage_healed":0.0,"max_hp_gain":0.0,"max_hp_loss":0.0,"gold_gain":0.0,"cards_transformed":["Strike_B"],"event_name":"Living Wall","player_choice":"Change","floor":2.0,"gold_loss":0.0,"damage_taken":0.0,"cards_obtained":["All For One"]},{"damage_healed":0.0,"max_hp_gain":0.0,"max_hp_loss":0.0,"gold_gain":0.0,"event_name":"Lab","player_choice":"Got Potions","floor":3.0,"gold_loss":0.0,"damage_taken":0.0},{"damage_healed":0.0,"max_hp_gain":0.0,"max_hp_loss":0.0,"gold_gain":0.0,"event_name":"Back to Basics","player_choice":"Simplicity","floor":19.0,"gold_loss":0.0,"damage_taken":0.0,"cards_upgraded":["Strike_B","Strike_B","Strike_B","Defend_B","Defend_B","Defend_B","Defend_B"]},{"damage_healed":0.0,"max_hp_gain":0.0,"max_hp_loss":0.0,"gold_gain":0.0,"event_name":"Cursed Tome","player_choice":"Obtained Book","floor":22.0,"gold_loss":0.0,"damage_taken":21.0},{"damage_healed":0,"gold_gain":0,"cards_transformed":["Strike_B"],"player_choice":"Transformed","damage_taken":0,"max_hp_gain":0,"max_hp_loss":0,"event_name":"Transmorgrifier","floor":36,"gold_loss":0,"cards_obtained":["Recycle"]},{"damage_healed":0,"gold_gain":0,"player_choice":"Memory 3","damage_taken":10,"max_hp_gain":0,"max_hp_loss":0,"event_name":"SensoryStone","floor":42,"gold_loss":0},{"cards_removed":["Strike_B"],"damage_healed":0,"gold_gain":0,"player_choice":"Purged","damage_taken":0,"max_hp_gain":0,"max_hp_loss":0,"event_name":"Purifier","floor":48,"gold_loss":0}],"is_beta":false,"boss_relics":[{"not_picked":["Pandora\u0027s Box","Calling Bell"],"picked":"Snecko Eye"},{"not_picked":["White Beast Statue","Runic Pyramid"],"picked":"Velvet Choker"}],"items_purged_floors":[21,53],"is_endless":false,"potions_floor_spawned":[1,5,11,18,23,30,31,38,41,44,47],"killed_by":"The Heart","ascension_level":18}