{"gold_per_floor":[13,13,13,25,37,37,47,47,71,133,143,143,143,157,157,157],"floor_reached":16,"playtime":317,"items_purged":[],"score":204,"play_id":"ca80ae64-750c-44e6-a337-9653af260256","local_time":"20190223233638","is_ascension_mode":true,"campfire_choices":[{"data":"Sunder","floor":6.0,"key":"SMITH"},{"data":"Zap","floor":8.0,"key":"SMITH"},{"data":"Defragment","floor":12.0,"key":"SMITH"},{"data":"Coolheaded","floor":15.0,"key":"SMITH"}],"neow_cost":"NO_GOLD","seed_source_timestamp":531742934228029,"circlet_count":0,"master_deck":["AscendersBane","Strike_B","Strike_B","Strike_B","Defend_B","Defend_B","Defend_B","Defend_B","Zap+1","Dualcast","Sunder+1","BootSequence","Ball Lightning","Leap","Coolheaded+1","Defragment+1","Turbo","Stack"],"special_seed":0,"relics":["Cracked Core","Torii","Lantern","Tiny Chest","Du-Vu Doll"],"potions_floor_usage":[16,16],"damage_taken":[{"damage":1.0,"enemies":"2 Louse","floor":1.0,"turns":4.0},{"damage":0.0,"enemies":"Cultist","floor":4.0,"turns":3.0},{"damage":1.0,"enemies":"Jaw Worm","floor":5.0,"turns":3.0},{"damage":15.0,"enemies":"Exordium Thugs","floor":7.0,"turns":5.0},{"damage":27.0,"enemies":"Gremlin Nob","floor":10.0,"turns":4.0},{"damage":7.0,"enemies":"Exordium Wildlife","floor":11.0,"turns":3.0},{"damage":6.0,"enemies":"3 Louse","floor":14.0,"turns":3.0},{"damage":14,"enemies":"Slime Boss","floor":16,"turns":4}],"seed_played":"-4510576369777022378","potions_obtained":[{"floor":11.0,"key":"Explosive Potion"},{"floor":14.0,"key":"Poison Potion"}],"is_trial":false,"path_per_floor":["M","$","?","M","M","R","M","R","T","E","M","R","T","M","R","B"],"character_chosen":"DEFECT","items_purchased":[],"campfire_rested":0,"item_purchase_floors":[],"current_hp_per_floor":[63,63,63,63,62,62,47,47,47,20,13,13,13,7,7,0],"gold":157,"neow_bonus":"ONE_RARE_RELIC","is_prod":false,"is_daily":false,"chose_seed":false,"campfire_upgraded":4,"win_rate":0,"timestamp":1550936198,"path_taken":["M","$","?","M","M","R","?","R","T","E","M","R","?","M","R","BOSS"],"build_version":"2019-01-23","purchased_purges":0,"victory":false,"max_hp_per_floor":[71,71,71,71,71,71,71,71,71,71,71,71,71,71,71,71],"card_choices":[{"not_picked":["Hologram","Rebound"],"picked":"Sunder","floor":1.0},{"not_picked":["Sweeping Beam","Machine Learning"],"picked":"Ball Lightning","floor":4.0},{"not_picked":["Rebound","Sweeping Beam"],"picked":"Leap","floor":5.0},{"not_picked":["Go for the Eyes","Storm"],"picked":"Coolheaded","floor":7.0},{"not_picked":["Compile Driver","Skim"],"picked":"Defragment","floor":10.0},{"not_picked":["Sweeping Beam","Double Energy"],"picked":"Turbo","floor":11.0},{"not_picked":["Barrage","Reprogram"],"picked":"Stack","floor":14.0}],"player_experience":954420,"relics_obtained":[{"floor":9.0,"key":"Lantern"},{"floor":10.0,"key":"Tiny Chest"},{"floor":13.0,"key":"Du-Vu Doll"}],"event_choices":[{"damage_healed":0.0,"max_hp_gain":0.0,"max_hp_loss":0.0,"gold_gain":0.0,"cards_transformed":["Strike_B"],"event_name":"Transmorgrifier","player_choice":"Transformed","floor":3.0,"gold_loss":0.0,"damage_taken":0.0,"cards_obtained":["BootSequence"]}],"is_beta":false,"boss_relics":[],"items_purged_floors":[],"is_endless":false,"potions_floor_spawned":[11,14],"killed_by":"Slime Boss","ascension_level":20}