{"path_per_floor":["M","?","?","M","M","E","M","?","T","R","M","E","R","M","R","B",null,"M","M","?","?","M","E","T","M","T","E","M","M","$","M","R","B",null,"M","$","?","M","$","R","M","M","T","E","M","?","M","E","R","B"],"character_chosen":"IRONCLAD","items_purchased":["Meat on the Bone","Strawberry","Apotheosis"],"gold_per_floor":[110,110,110,130,149,175,189,189,213,213,229,255,255,265,265,370,370,390,407,407,322,334,366,366,380,380,408,424,438,48,67,67,167,167,177,25,25,43,43,43,53,64,64,90,105,105,123,158,158,158],"floor_reached":51,"campfire_rested":1,"playtime":2013,"current_hp_per_floor":[75,75,75,66,63,39,33,26,26,51,50,45,45,40,40,48,86,86,86,86,86,69,41,41,41,41,10,12,18,25,39,39,46,93,92,92,80,82,82,82,84,90,90,75,77,77,81,76,76,75],"items_purged":["Regret"],"gold":158,"score":789,"play_id":"5861ce22-2f67-4342-b32b-006b41b4de3b","local_time":"20180317201237","is_prod":false,"is_daily":false,"is_ascension_mode":false,"campfire_upgraded":2,"timestamp":1521313957,"path_taken":["M","?","?","M","M","E","M","?","T","R","M","E","R","M","R","BOSS","M","M","?","?","?","E","?","M","T","E","M","M","$","M","R","BOSS","M","$","?","M","?","R","M","?","T","E","M","?","M","E","R","BOSS"],"build_version":"2018-03-15v2","purchased_purges":2,"victory":true,"master_deck":["Strike_R+1","Strike_R+1","Strike_R+1","Strike_R+1","Strike_R+1","Defend_R+1","Defend_R+1","Bash","Sentinel","Blood for Blood","Perfected Strike+1","Sever Soul","Impervious","Thunderclap","Wild Strike+1","Perfected Strike","Offering","Twin Strike+1","Inflame","Clash+1","Battle Trance+1","Wild Strike+1","Perfected Strike","Perfected Strike+1","Armaments+1","Fiend Fire","Apotheosis","Madness","Madness","Perfected Strike+1","Metallicize+1","Flex+1","Berserk"],"max_hp_per_floor":[86,86,86,86,86,86,86,86,86,86,86,86,86,86,86,86,86,86,86,86,86,86,86,86,86,86,86,86,86,93,93,93,93,93,93,93,93,93,93,93,93,93,93,93,93,93,93,93,93,93],"relics":["Burning Blood","Mango","Centennial Puzzle","Pantograph","Omamori","Bottled Flame","Philosopher\u0027s Stone","Orichalcum","Anchor","The Courier","Girya","Mercury Hourglass","Meat on the Bone","Strawberry","Runic Dome","Sundial","Red Skull","Lantern"],"card_choices":[{"not_picked":["Cleave","Armaments"],"picked":"Sentinel"},{"not_picked":["Dual Wield","True Grit"],"picked":"Shrug It Off"},{"not_picked":["Havoc","Shockwave"],"picked":"Perfected Strike"},{"not_picked":["Rupture","Headbutt"],"picked":"Sever Soul"},{"not_picked":["Warcry","Armaments"],"picked":"Impervious"},{"not_picked":["Blood for Blood","Power Through"],"picked":"Thunderclap"},{"not_picked":["Blood for Blood","Pummel"],"picked":"Wild Strike"},{"not_picked":["Iron Wave","True Grit"],"picked":"Perfected Strike"},{"not_picked":["Exhume","Impervious"],"picked":"Offering"},{"not_picked":["Armaments","Blood for Blood"],"picked":"Twin Strike"},{"not_picked":["Anger","Exhume"],"picked":"Inflame"},{"not_picked":["Iron Wave","Anger"],"picked":"Clash"},{"not_picked":["Warcry","Clash"],"picked":"Battle Trance"},{"not_picked":["Impervious","Clothesline"],"picked":"Wild Strike"},{"not_picked":["Combust","Dropkick"],"picked":"Perfected Strike"},{"not_picked":["Havoc","Thunderclap"],"picked":"Perfected Strike"},{"not_picked":["Searing Blow","Uppercut"],"picked":"Armaments"},{"not_picked":["Immolate","Reaper"],"picked":"Fiend Fire"},{"not_picked":["Anger","Cleave"],"picked":"Perfected Strike"},{"not_picked":["Rage","Spot Weakness"],"picked":"Metallicize"},{"not_picked":["Uppercut","Pommel Strike"],"picked":"Flex"},{"not_picked":["Inflame","Ghostly Armor"],"picked":"Berserk"}],"player_experience":165791,"potions_floor_usage":[14,27,33,50,50],"damage_taken":[{"damage":17,"enemies":"Jaw Worm","floor":1,"turns":5},{"damage":15,"enemies":"Cultist","floor":4,"turns":4},{"damage":9,"enemies":"Small Slimes","floor":5,"turns":3},{"damage":30,"enemies":"Gremlin Nob","floor":6,"turns":4},{"damage":12,"enemies":"Looter","floor":7,"turns":3},{"damage":7,"enemies":"Blue Slaver","floor":11,"turns":2},{"damage":11,"enemies":"3 Sentries","floor":12,"turns":7},{"damage":11,"enemies":"Large Slime","floor":14,"turns":4},{"damage":23,"enemies":"Slime Boss","floor":16,"turns":6},{"damage":3,"enemies":"Chosen","floor":18,"turns":4},{"damage":0,"enemies":"Spheric Guardian","floor":19,"turns":2},{"damage":23,"enemies":"Snake Plant","floor":22,"turns":3},{"damage":34,"enemies":"Book of Stabbing","floor":23,"turns":3},{"damage":6,"enemies":"3 Cultists","floor":25,"turns":4},{"damage":37,"enemies":"Gremlin Leader","floor":27,"turns":4},{"damage":4,"enemies":"Centurion and Healer","floor":28,"turns":2},{"damage":0,"enemies":"Cultist and Chosen","floor":29,"turns":2},{"damage":4,"enemies":"Chosen and Byrds","floor":31,"turns":3},{"damage":36,"enemies":"Collector","floor":33,"turns":3},{"damage":7,"enemies":"Orb Walker","floor":35,"turns":2},{"damage":4,"enemies":"3 Darklings","floor":38,"turns":3},{"damage":4,"enemies":"Sphere and 2 Shapes","floor":41,"turns":3},{"damage":0,"enemies":"4 Shapes","floor":42,"turns":3},{"damage":21,"enemies":"Nemesis","floor":44,"turns":3},{"damage":4,"enemies":"Maw","floor":45,"turns":4},{"damage":2,"enemies":"3 Darklings","floor":47,"turns":3},{"damage":11,"enemies":"2 Orb Walkers","floor":48,"turns":2},{"damage":24,"enemies":"Time Eater","floor":50,"turns":4}],"event_choices":[{"event_name":"Transmorgrifier","player_choice":"Transform","floor":2,"damage_taken":0},{"event_name":"Big Fish","player_choice":"Box","floor":3,"damage_taken":0},{"event_name":"Golden Wing","player_choice":"Card Removal","floor":8,"damage_taken":0},{"event_name":"Back to Basics","player_choice":"Simplicity","floor":20,"damage_taken":0},{"event_name":"Addict","player_choice":"Obtained Relic","floor":21,"damage_taken":0},{"event_name":"Winding Halls","player_choice":"Embrace Madness","floor":37,"damage_taken":0}],"boss_relics":[{"not_picked":["Black Star","Pandora\u0027s Box"],"picked":"Philosopher\u0027s Stone"},{"not_picked":["Eternal Feather","Runic Cube"],"picked":"Runic Dome"}],"potions_floor_spawned":[1,12,14,18,25,27,29,31,41,44,45,48],"seed_played":"-8695028930100099823","ascension_level":0,"is_trial":false}