{"gold_per_floor":[15,15,15,15,31,31,50,50,50,350,393,414,414,432,432,563,563,586,511,436,460,559,316,316,339,339,339,360,360,235,85,85,213,213,238,256,281,295,120,120,140,140,163,184,184,110,125,146,146,146],"floor_reached":51,"playtime":1120,"items_purged":["Strike_R","Strike_R","Strike_R","Warcry","Defend_R+1"],"score":674,"play_id":"5768cc66-acdb-4d63-8990-f0ad07b5c9e5","local_time":"20190808030451","is_ascension_mode":false,"campfire_choices":[{"data":"Bash","floor":6.0,"key":"SMITH"},{"data":"Spot Weakness","floor":8.0,"key":"SMITH"},{"data":"Heavy Blade","floor":15.0,"key":"SMITH"},{"data":"Double Tap","floor":24.0,"key":"SMITH"},{"data":"Sword Boomerang","floor":29.0,"key":"SMITH"},{"floor":32.0,"key":"REST"},{"floor":40.0,"key":"REST"},{"floor":42.0,"key":"REST"},{"floor":49,"key":"REST"}],"neow_cost":"NO_GOLD","seed_source_timestamp":14877131595519,"circlet_count":0,"master_deck":["Defend_R+1","Bash+1","Spot Weakness+1","Sword Boomerang+1","Heavy Blade+1","Double Tap+1","Heavy Blade+1"],"special_seed":0,"relics":["Burning Blood","Golden Idol","War Paint","Old Coin","Champion Belt","Runic Dome","Red Skull","Strawberry","MutagenicStrength","White Beast Statue","Potion Belt"],"potions_floor_usage":[48,50,50,50,50],"damage_taken":[{"damage":0.0,"enemies":"Small Slimes","floor":1.0,"turns":3.0},{"damage":1.0,"enemies":"2 Louse","floor":5.0,"turns":4.0},{"damage":1.0,"enemies":"Jaw Worm","floor":7.0,"turns":3.0},{"damage":20.0,"enemies":"3 Sentries","floor":11.0,"turns":8.0},{"damage":15.0,"enemies":"Large Slime","floor":12.0,"turns":5.0},{"damage":21.0,"enemies":"Lots of Slimes","floor":14.0,"turns":5.0},{"damage":17.0,"enemies":"Hexaghost","floor":16.0,"turns":6.0},{"damage":15.0,"enemies":"3 Byrds","floor":18.0,"turns":4.0},{"damage":10.0,"enemies":"2 Thieves","floor":21.0,"turns":3.0},{"damage":9.0,"enemies":"Centurion and Healer","floor":25.0,"turns":4.0},{"damage":2.0,"enemies":"Sentry and Sphere","floor":28.0,"turns":3.0},{"damage":5.0,"enemies":"Collector","floor":33.0,"turns":4.0},{"damage":16.0,"enemies":"3 Darklings","floor":35.0,"turns":3.0},{"damage":16.0,"enemies":"3 Shapes","floor":36.0,"turns":3.0},{"damage":41.0,"enemies":"Sphere and 2 Shapes","floor":37.0,"turns":4.0},{"damage":1.0,"enemies":"Spire Growth","floor":38.0,"turns":2.0},{"damage":16.0,"enemies":"Jaw Worm Horde","floor":41.0,"turns":2.0},{"damage":33.0,"enemies":"Sphere and 2 Shapes","floor":44.0,"turns":5.0},{"damage":16.0,"enemies":"Spire Growth","floor":47.0,"turns":2.0},{"damage":10,"enemies":"4 Shapes","floor":48,"turns":2},{"damage":56,"enemies":"Donu and Deca","floor":50,"turns":5}],"seed_played":"-3216055023105248794","potions_obtained":[{"floor":1.0,"key":"Weak Potion"},{"floor":11.0,"key":"FearPotion"},{"floor":14.0,"key":"Fire Potion"},{"floor":25.0,"key":"Fire Potion"},{"floor":28.0,"key":"Energy Potion"},{"floor":35.0,"key":"Poison Potion"},{"floor":36.0,"key":"PowerPotion"},{"floor":37.0,"key":"FearPotion"},{"floor":38.0,"key":"FairyPotion"},{"floor":41.0,"key":"LiquidBronze"},{"floor":44.0,"key":"Block Potion"},{"floor":48,"key":"Regen Potion"}],"is_trial":false,"path_per_floor":["M","?","?","$","M","R","M","R","T","T","E","M","?","M","R","B",null,"M","$","?","M","?","$","R","M","T","?","M","R","$","$","R","B",null,"M","M","M","M","$","R","M","R","T","M","?","$","M","M","R","B",null],"character_chosen":"IRONCLAD","items_purchased":["Red Skull","Ancient Potion"],"campfire_rested":4,"item_purchase_floors":[23,46],"current_hp_per_floor":[80,80,74,74,74,74,74,74,74,74,60,51,51,36,36,25,74,65,65,65,61,61,61,61,58,65,65,69,69,69,69,81,81,81,71,61,26,31,31,55,45,69,69,42,42,42,32,28,52,16],"gold":146,"neow_bonus":"REMOVE_TWO","is_prod":false,"is_daily":false,"chose_seed":false,"campfire_upgraded":5,"win_rate":0,"timestamp":1565255091,"path_taken":["M","?","?","$","M","R","M","R","T","?","E","M","?","M","R","BOSS","M","?","?","M","?","$","R","M","T","?","M","R","?","$","R","BOSS","M","M","M","M","$","R","M","R","T","M","?","$","M","?","R","BOSS"],"build_version":"2019-07-17","purchased_purges":5,"victory":true,"max_hp_per_floor":[80,80,74,74,74,74,74,74,74,74,74,74,74,74,74,74,74,74,74,74,74,74,74,74,74,81,81,81,81,81,81,81,81,81,81,81,81,81,81,81,81,81,81,81,81,81,81,81,81,81],"card_choices":[{"not_picked":["Pummel","Shrug It Off"],"picked":"Spot Weakness","floor":1.0},{"not_picked":["Sentinel","Cleave","Headbutt"],"picked":"SKIP","floor":5.0},{"not_picked":["True Grit","Sever Soul"],"picked":"Sword Boomerang","floor":7.0},{"not_picked":["Entrench","Sever Soul","Clothesline"],"picked":"SKIP","floor":11.0},{"not_picked":["Corruption","Twin Strike"],"picked":"Heavy Blade","floor":12.0},{"not_picked":["Disarm","Body Slam","Bloodletting"],"picked":"SKIP","floor":14.0},{"not_picked":["Demon Form","Fiend Fire"],"picked":"Double Tap","floor":16.0},{"not_picked":["Seeing Red","Wild Strike","Evolve+1"],"picked":"SKIP","floor":18.0},{"not_picked":["Entrench","Carnage","Anger"],"picked":"SKIP","floor":21.0},{"not_picked":["Reckless Charge+1","Armaments+1","Entrench+1"],"picked":"SKIP","floor":25.0},{"not_picked":["Clothesline","True Grit","Dual Wield"],"picked":"SKIP","floor":28.0},{"not_picked":["Anger","Sentinel","Spot Weakness+1"],"picked":"SKIP","floor":35.0},{"not_picked":["Thunderclap+1","Rupture","Havoc"],"picked":"SKIP","floor":36.0},{"not_picked":["Twin Strike","Rupture","Ghostly Armor+1"],"picked":"SKIP","floor":37.0},{"not_picked":["Headbutt+1","Sword Boomerang+1","Perfected Strike"],"picked":"SKIP","floor":38.0},{"not_picked":["Warcry+1","Iron Wave","Exhume"],"picked":"SKIP","floor":41.0},{"not_picked":["Thunderclap+1","Warcry+1","Cleave+1"],"picked":"SKIP","floor":44.0},{"not_picked":["Wild Strike+1","Intimidate+1","Anger+1"],"picked":"SKIP","floor":47.0},{"not_picked":["Sentinel","Twin Strike+1"],"picked":"Heavy Blade+1","floor":48}],"player_experience":1662398,"relics_obtained":[{"floor":9.0,"key":"War Paint"},{"floor":10.0,"key":"Old Coin"},{"floor":11.0,"key":"Champion Belt"},{"floor":26.0,"key":"Strawberry"},{"floor":43.0,"key":"Potion Belt"}],"event_choices":[{"damage_healed":0.0,"max_hp_gain":0.0,"max_hp_loss":0.0,"gold_gain":0.0,"cards_transformed":["Strike_R"],"event_name":"Living Wall","player_choice":"Change","floor":2.0,"gold_loss":0.0,"damage_taken":0.0,"cards_obtained":["Warcry"]},{"damage_healed":0.0,"max_hp_gain":0.0,"max_hp_loss":6.0,"gold_gain":0.0,"event_name":"Golden Idol","player_choice":"Lose Max HP","floor":3.0,"gold_loss":0.0,"damage_taken":0.0,"relics_obtained":["Golden Idol"]},{"damage_healed":0.0,"max_hp_gain":0.0,"max_hp_loss":0.0,"gold_gain":0.0,"event_name":"NoteForYourself","player_choice":"Ignored","floor":13.0,"gold_loss":0.0,"damage_taken":0.0},{"cards_removed":["Defend_R"],"damage_healed":0.0,"max_hp_gain":0.0,"max_hp_loss":0.0,"gold_gain":0.0,"event_name":"Beggar","player_choice":"Gave Gold","floor":20.0,"gold_loss":75.0,"damage_taken":0.0},{"damage_healed":0.0,"max_hp_gain":0.0,"max_hp_loss":0.0,"gold_gain":99.0,"event_name":"Nest","player_choice":"Stole From Cult","floor":22.0,"gold_loss":0.0,"damage_taken":0.0},{"damage_healed":0.0,"max_hp_gain":0.0,"max_hp_loss":0.0,"gold_gain":0.0,"event_name":"Drug Dealer","player_choice":"Inject Mutagens","floor":27.0,"gold_loss":0.0,"damage_taken":0.0,"relics_obtained":["MutagenicStrength"]},{"damage_healed":0.0,"max_hp_gain":0.0,"max_hp_loss":0.0,"gold_gain":0.0,"event_name":"SecretPortal","player_choice":"Ignored","floor":45.0,"gold_loss":0.0,"damage_taken":0.0}],"is_beta":false,"boss_relics":[{"not_picked":["Pandora\u0027s Box","Eternal Feather"],"picked":"Runic Dome"},{"not_picked":["Black Blood","Calling Bell"],"picked":"White Beast Statue"}],"items_purged_floors":[19,23,30,31,39],"is_endless":false,"potions_floor_spawned":[1,11,14,25,28,35,36,37,38,41,44,47,48],"ascension_level":0}