{"gold_per_floor":[110,110,128,278,118,144,144,223,223,252,272,285,300,332,332,404,404,424,324,336,366,380,380,405,405,429,429,446,472,347,375,375,453,453,472,482,482,498,293,293,311,311],"floor_reached":42,"playtime":2973,"items_purged":["Doubt","Strike_G","Tools of the Trade+1","Defend_G"],"score":1102,"play_id":"07d7833c-5b2c-4482-b148-b4d5d0ce9053","local_time":"20190319160154","is_ascension_mode":true,"campfire_choices":[{"data":"Bouncing Flask","floor":7.0,"key":"SMITH"},{"data":"Well Laid Plans","floor":15.0,"key":"SMITH"},{"data":"Tactician","floor":23.0,"key":"SMITH"},{"data":"Tools of the Trade","floor":25.0,"key":"SMITH"},{"data":"Reflex","floor":32.0,"key":"SMITH"},{"data":"Acrobatics","floor":40,"key":"SMITH"}],"neow_cost":"NONE","seed_source_timestamp":16023511130414,"circlet_count":0,"master_deck":["AscendersBane","Defend_G","Defend_G","Defend_G","Survivor","Neutralize","Leg Sweep","Bouncing Flask+1","Well Laid Plans+1","Tactician+1","Malaise+1","Bane+1","Escape Plan","Reflex+1","Acrobatics+1","Prepared"],"special_seed":0,"relics":["Ring of the Snake","NeowsBlessing","Omamori","Kunai","Bronze Scales","Boot","Sundial","Astrolabe","Red Mask","Pen Nib","Blood Vial","Bag of Marbles","Empty Cage"],"potions_floor_usage":[38,42],"damage_taken":[{"damage":0.0,"enemies":"Jaw Worm","floor":1.0,"turns":1.0},{"damage":0.0,"enemies":"Cultist","floor":3.0,"turns":1.0},{"damage":0.0,"enemies":"3 Sentries","floor":6.0,"turns":2.0},{"damage":11.0,"enemies":"Lagavulin","floor":10.0,"turns":6.0},{"damage":3.0,"enemies":"Small Slimes","floor":11.0,"turns":4.0},{"damage":13.0,"enemies":"Exordium Wildlife","floor":12.0,"turns":5.0},{"damage":0.0,"enemies":"Large Slime","floor":13.0,"turns":5.0},{"damage":7.0,"enemies":"3 Sentries","floor":14.0,"turns":10.0},{"damage":3.0,"enemies":"The Guardian","floor":16.0,"turns":10.0},{"damage":3.0,"enemies":"Spheric Guardian","floor":18.0,"turns":3.0},{"damage":0.0,"enemies":"3 Byrds","floor":20.0,"turns":2.0},{"damage":9.0,"enemies":"Masked Bandits","floor":21.0,"turns":2.0},{"damage":0.0,"enemies":"Centurion and Healer","floor":22.0,"turns":5.0},{"damage":23.0,"enemies":"Slavers","floor":24.0,"turns":4.0},{"damage":8.0,"enemies":"Chosen and Byrds","floor":28.0,"turns":5.0},{"damage":7.0,"enemies":"Book of Stabbing","floor":29.0,"turns":7.0},{"damage":0.0,"enemies":"Gremlin Leader","floor":31.0,"turns":6.0},{"damage":17.0,"enemies":"Collector","floor":33.0,"turns":9.0},{"damage":25.0,"enemies":"3 Shapes","floor":35.0,"turns":6.0},{"damage":6.0,"enemies":"Orb Walker","floor":36.0,"turns":5.0},{"damage":16,"enemies":"Spire Growth","floor":38,"turns":6},{"damage":0,"enemies":"Sphere and 2 Shapes","floor":41,"turns":4},{"damage":18,"enemies":"Reptomancer","floor":42,"turns":6}],"seed_played":"-4254109930129947228","potions_obtained":[{"floor":1.0,"key":"GhostInAJar"},{"floor":6.0,"key":"Weak Potion"},{"floor":11.0,"key":"Ancient Potion"},{"floor":18.0,"key":"Explosive Potion"},{"floor":31.0,"key":"Regen Potion"}],"is_trial":false,"path_per_floor":["M","?","M","?","$","E","R","T","T","E","M","M","M","E","R","B",null,"M","$","M","?","M","R","E","R","T","?","M","E","$","E","R","B",null,"M","M","?","M","$","R","M","E"],"character_chosen":"THE_SILENT","items_purchased":["Well Laid Plans","Energy Potion"],"campfire_rested":0,"item_purchase_floors":[5,39],"current_hp_per_floor":[59,59,59,59,59,59,59,59,59,48,45,32,32,25,25,22,55,52,52,52,43,43,43,20,20,20,20,12,5,5,7,7,7,51,28,24,24,10,10,10,12,0],"gold":311,"neow_bonus":"THREE_ENEMY_KILL","is_prod":false,"is_daily":false,"chose_seed":false,"campfire_upgraded":6,"win_rate":0,"timestamp":1552982514,"path_taken":["M","?","?","?","$","E","R","?","T","E","M","M","M","E","R","BOSS","M","$","M","?","M","R","E","R","T","?","M","E","$","E","R","BOSS","M","M","?","M","$","R","M","E"],"build_version":"2019-01-23","purchased_purges":4,"victory":false,"max_hp_per_floor":[66,66,66,66,66,66,66,66,66,66,66,66,66,66,66,66,66,66,66,66,66,66,66,66,66,66,66,66,66,66,66,66,66,66,66,66,66,66,66,66,66,66],"card_choices":[{"not_picked":["Distraction","Dagger Spray"],"picked":"Leg Sweep","floor":1.0},{"not_picked":["Flying Knee","Cloak And Dagger"],"picked":"Bouncing Flask","floor":3.0},{"not_picked":["Deadly Poison","Outmaneuver","Blur"],"picked":"SKIP","floor":6.0},{"not_picked":["Outmaneuver","Flechettes","Dodge and Roll"],"picked":"SKIP","floor":10.0},{"not_picked":["Expertise","Deflect"],"picked":"Tactician","floor":11.0},{"not_picked":["Outmaneuver","Flying Knee","Quick Slash"],"picked":"SKIP","floor":12.0},{"not_picked":["Predator","Sucker Punch","Slice"],"picked":"SKIP","floor":13.0},{"not_picked":["Dagger Throw","Underhanded Strike"],"picked":"Tools of the Trade","floor":14.0},{"not_picked":["Cloak And Dagger","Blur+1","Blade Dance"],"picked":"SKIP","floor":18.0},{"not_picked":["Bane","Terror","Infinite Blades"],"picked":"SKIP","floor":20.0},{"not_picked":["Riddle With Holes","Heel Hook"],"picked":"Escape Plan","floor":21.0},{"not_picked":["Sucker Punch+1","Dagger Spray+1","Expertise"],"picked":"SKIP","floor":22.0},{"not_picked":["Sucker Punch+1","Dagger Spray+1","Expertise"],"picked":"SKIP","floor":22.0},{"not_picked":["Slice","Deadly Poison"],"picked":"Reflex","floor":24.0},{"not_picked":["Tactician","Doppelganger","Dagger Spray"],"picked":"SKIP","floor":28.0},{"not_picked":["Leg Sweep","Escape Plan"],"picked":"Acrobatics","floor":29.0},{"not_picked":["Dagger Throw","Flying Knee"],"picked":"Prepared","floor":31.0},{"not_picked":["Dodge and Roll+1","Underhanded Strike","Well Laid Plans"],"picked":"SKIP","floor":35.0},{"not_picked":["Distraction","Eviscerate","Prepared"],"picked":"SKIP","floor":36.0},{"not_picked":["Distraction","Eviscerate","Prepared"],"picked":"SKIP","floor":36.0},{"not_picked":["Acrobatics+1","Deadly Poison","Noxious Fumes+1"],"picked":"SKIP","floor":38},{"not_picked":["Cloak And Dagger","Deadly Poison","PiercingWail"],"picked":"SKIP","floor":41}],"player_experience":3720079,"relics_obtained":[{"floor":6.0,"key":"Omamori"},{"floor":8.0,"key":"Kunai"},{"floor":9.0,"key":"Bronze Scales"},{"floor":10.0,"key":"Boot"},{"floor":14.0,"key":"Sundial"},{"floor":21.0,"key":"Red Mask"},{"floor":24.0,"key":"Pen Nib"},{"floor":29.0,"key":"Blood Vial"},{"floor":31.0,"key":"Bag of Marbles"}],"event_choices":[{"cards_removed":["Defend_G"],"damage_healed":0.0,"max_hp_gain":0.0,"max_hp_loss":0.0,"gold_gain":0.0,"event_name":"Purifier","player_choice":"Purged","floor":2.0,"gold_loss":0.0,"damage_taken":0.0},{"damage_healed":0.0,"max_hp_gain":0.0,"max_hp_loss":0.0,"gold_gain":150.0,"event_name":"Liars Game","player_choice":"AGREE","floor":4.0,"gold_loss":0.0,"damage_taken":0.0,"cards_obtained":["Doubt"]},{"damage_healed":0.0,"max_hp_gain":0.0,"max_hp_loss":0.0,"gold_gain":0.0,"event_name":"Masked Bandits","player_choice":"Fought Bandits","floor":21.0,"gold_loss":0.0,"damage_taken":0.0},{"damage_healed":0.0,"max_hp_gain":0.0,"max_hp_loss":0.0,"gold_gain":0.0,"event_name":"Ghosts","player_choice":"Ignored","floor":27.0,"gold_loss":0.0,"damage_taken":0.0},{"damage_healed":0.0,"max_hp_gain":0.0,"max_hp_loss":0.0,"gold_gain":0.0,"event_name":"SensoryStone","player_choice":"Memory 1","floor":37.0,"gold_loss":0.0,"damage_taken":0.0}],"is_beta":false,"boss_relics":[{"not_picked":["Cursed Key","Runic Pyramid"],"picked":"Astrolabe"},{"not_picked":["Black Star","Velvet Choker"],"picked":"Empty Cage"}],"items_purged_floors":[5,19,30,39],"is_endless":false,"potions_floor_spawned":[1,6,10,11,18,22,31],"killed_by":"Reptomancer","ascension_level":20}