{"gold_per_floor":[118,138,71,171,171,171,186,206,206,206,221,221,235,235,235,330,330,348,348,365,365,385,385,396,410,464,181,181,197,207,221,221,319,319,337,237,256,276,81,81,93,93,93,93,112,22,22,40,40,40],"floor_reached":51,"playtime":1796,"items_purged":["Bane","Bane","Blade Dance"],"score":745,"play_id":"4a2ad461-6698-4477-a92b-0790a964678f","local_time":"20181016153153","is_ascension_mode":false,"campfire_choices":[{"data":"Noxious Fumes","floor":6.0,"key":"SMITH"},{"data":"Well Laid Plans","floor":10.0,"key":"SMITH"},{"data":"Deadly Poison","floor":12.0,"key":"SMITH"},{"data":"Neutralize","floor":15.0,"key":"SMITH"},{"data":"Footwork","floor":23,"key":"SMITH"},{"data":"Burst","floor":28,"key":"SMITH"},{"data":"Enlightenment","floor":32,"key":"SMITH"},{"data":"Well Laid Plans","floor":40,"key":"SMITH"},{"data":"Adrenaline","floor":42,"key":"SMITH"},{"data":"Adrenaline","floor":44,"key":"SMITH"},{"data":"Leg Sweep","floor":47,"key":"SMITH"},{"data":"Bouncing Flask","floor":49,"key":"SMITH"}],"neow_cost":"NONE","seed_source_timestamp":26397816563273,"circlet_count":0,"master_deck":["Survivor","Neutralize+1","Adrenaline+1","Backflip","Well Laid Plans+1","Noxious Fumes+1","Deadly Poison+1","Catalyst+1","Burst+1","Backflip","Bouncing Flask+1","Deflect","Quick Slash","Slice","Backstab+1","Footwork+1","Enlightenment+1","Backflip","Backflip+1","Noxious Fumes+1","Leg Sweep+1","Catalyst+1","Deflect+1","Dash","Adrenaline+1","Die Die Die","Well Laid Plans+1"],"special_seed":0,"relics":["Ring of the Snake","Pear","Snake Skull","Pandora\u0027s Box","Blood Vial","DollysMirror","Sozu","Kunai"],"potions_floor_usage":[50,50],"damage_taken":[{"damage":0.0,"enemies":"Jaw Worm","floor":1.0,"turns":4.0},{"damage":0.0,"enemies":"Cultist","floor":2.0,"turns":3.0},{"damage":0.0,"enemies":"Small Slimes","floor":7.0,"turns":4.0},{"damage":3.0,"enemies":"Red Slaver","floor":8.0,"turns":4.0},{"damage":1.0,"enemies":"Exordium Wildlife","floor":11.0,"turns":4.0},{"damage":9.0,"enemies":"Exordium Thugs","floor":13.0,"turns":5.0},{"damage":17.0,"enemies":"Slime Boss","floor":16.0,"turns":5.0},{"damage":0.0,"enemies":"Chosen","floor":18.0,"turns":3.0},{"damage":10,"enemies":"2 Thieves","floor":20,"turns":3},{"damage":0,"enemies":"Sentry and Sphere","floor":22,"turns":4},{"damage":10,"enemies":"Centurion and Healer","floor":24,"turns":5},{"damage":5,"enemies":"Cultist and Chosen","floor":25,"turns":5},{"damage":2,"enemies":"3 Cultists","floor":29,"turns":5},{"damage":7,"enemies":"Chosen and Byrds","floor":30,"turns":3},{"damage":0,"enemies":"Snecko","floor":31,"turns":3},{"damage":0,"enemies":"Champ","floor":33,"turns":6},{"damage":3,"enemies":"3 Darklings","floor":35,"turns":4},{"damage":0,"enemies":"3 Shapes","floor":37,"turns":4},{"damage":13,"enemies":"Maw","floor":38,"turns":4},{"damage":0,"enemies":"4 Shapes","floor":41,"turns":3},{"damage":11,"enemies":"Sphere and 2 Shapes","floor":45,"turns":4},{"damage":0,"enemies":"Spire Growth","floor":48,"turns":2},{"damage":3,"enemies":"Time Eater","floor":50,"turns":5}],"seed_played":"-5062148452626970803","potions_obtained":[{"floor":2.0,"key":"PowerPotion"},{"floor":8.0,"key":"Swift Potion"},{"floor":18.0,"key":"Strength Potion"}],"is_trial":false,"path_per_floor":["M","M","$","?","?","R","M","M","T","R","M","R","M","?","R","B",null,"M","?","M","?","M","R","M","M","T","$","R","M","M","M","R","B",null,"M","$","M","M","$","R","M","R","T","R","M","?","R","M","R","B"],"character_chosen":"THE_SILENT","items_purchased":["Noxious Fumes","DollysMirror","Well Laid Plans"],"campfire_rested":0,"item_purchase_floors":[3,27,39],"current_hp_per_floor":[70,70,70,70,80,80,80,77,77,77,76,76,67,67,67,50,80,80,80,70,70,70,70,60,55,55,55,55,55,50,52,52,54,80,77,77,79,67,67,67,69,69,69,69,60,60,60,62,62,61],"gold":40,"neow_bonus":"ONE_RANDOM_RARE_CARD","is_prod":false,"is_daily":false,"chose_seed":false,"campfire_upgraded":12,"win_rate":0,"timestamp":1539675113,"path_taken":["M","M","$","?","?","R","M","?","T","R","M","R","M","?","R","BOSS","M","?","M","?","M","R","?","M","T","?","R","M","?","M","R","BOSS","M","$","M","M","$","R","M","R","T","R","M","?","R","M","R","BOSS"],"build_version":"2018-10-11","purchased_purges":3,"victory":true,"max_hp_per_floor":[70,70,70,70,80,80,80,80,80,80,80,80,80,80,80,80,80,80,80,80,80,80,80,80,80,80,80,80,80,80,80,80,80,80,80,80,80,80,80,80,80,80,80,80,80,80,80,80,80,80],"card_choices":[{"not_picked":["Quick Slash","Outmaneuver"],"picked":"Backflip","floor":1.0},{"not_picked":["Cloak And Dagger","Deflect"],"picked":"Well Laid Plans","floor":2.0},{"not_picked":["Deflect","PiercingWail"],"picked":"Deadly Poison","floor":7.0},{"not_picked":["Prepared","Bane","Blur"],"picked":"SKIP","floor":8.0},{"not_picked":["Bane","Reflex","Underhanded Strike"],"picked":"SKIP","floor":11.0},{"not_picked":["Acrobatics","Distraction"],"picked":"Catalyst","floor":13.0},{"not_picked":["Bullet Time","After Image"],"picked":"Burst","floor":16.0},{"not_picked":["Blade Dance","Flying Knee"],"picked":"Backstab+1","floor":18.0},{"not_picked":["Dodge and Roll","Caltrops"],"picked":"Backflip","floor":20},{"not_picked":["Blade Dance","Bullet Time"],"picked":"Backflip+1","floor":22},{"not_picked":["Bane+1","Flechettes"],"picked":"Noxious Fumes+1","floor":24},{"not_picked":["Dodge and Roll+1","Predator"],"picked":"Leg Sweep","floor":25},{"not_picked":["PiercingWail+1","Dagger Throw"],"picked":"Deflect","floor":29},{"not_picked":["Dagger Throw","Distraction","Dagger Spray"],"picked":"SKIP","floor":30},{"not_picked":["Underhanded Strike+1","Infinite Blades"],"picked":"Dash","floor":31},{"not_picked":["Wraith Form v2","A Thousand Cuts"],"picked":"Adrenaline","floor":33},{"not_picked":["Riddle With Holes+1","Finisher","Quick Slash"],"picked":"SKIP","floor":35},{"not_picked":["Bane+1","Finisher","Cloak And Dagger"],"picked":"SKIP","floor":37},{"not_picked":["Flying Knee","Backstab"],"picked":"Die Die Die","floor":38},{"not_picked":["Concentrate","Skewer","Sucker Punch+1"],"picked":"SKIP","floor":41},{"not_picked":["Finisher+1","Underhanded Strike","Distraction+1"],"picked":"SKIP","floor":45},{"not_picked":["Prepared+1","Blade Dance+1","Dagger Throw"],"picked":"SKIP","floor":48}],"player_experience":247786,"relics_obtained":[{"floor":5.0,"key":"Pear"},{"floor":9.0,"key":"Snake Skull"},{"floor":26,"key":"Blood Vial"},{"floor":43,"key":"Kunai"}],"event_choices":[{"event_name":"Golden Shrine","player_choice":"Pray","floor":4.0,"damage_taken":0.0},{"event_name":"Wheel of Change","player_choice":"Relic","floor":5.0,"damage_taken":0.0},{"event_name":"Living Wall","player_choice":"Grow","floor":14.0,"damage_taken":0.0},{"event_name":"Match and Keep!","player_choice":"2 cards matched","floor":19,"damage_taken":0},{"event_name":"Back to Basics","player_choice":"Elegance","floor":21,"damage_taken":0},{"event_name":"Designer","player_choice":"Full Service","floor":46,"damage_taken":0}],"is_beta":false,"boss_relics":[{"not_picked":["White Beast Statue","Calling Bell"],"picked":"Pandora\u0027s Box"},{"not_picked":["Velvet Choker","WristBlade"],"picked":"Sozu"}],"items_purged_floors":[27,36,39],"is_endless":false,"potions_floor_spawned":[2,8,18,20,25,31,37,41,45],"ascension_level":0}