{"gold_per_floor":[218,218,218,168,12,12,29,29,53,68,68,80,80,95,95,198,198,211,231,246,346,167,181,181,280,303,303,178,194,224,234,234,333,333,352,368,368,218,228,228,238,238,238,63,63,79,79,104,104,104],"floor_reached":51,"playtime":1137,"items_purged":["Strike_G","Defend_G","Defend_G","Defend_G","Strike_G"],"score":712,"play_id":"f10f64d1-5bf4-4184-b355-befcbf06dd2a","local_time":"20181123234116","is_ascension_mode":false,"campfire_choices":[{"data":"Corpse Explosion","floor":6.0,"key":"SMITH"},{"data":"Neutralize","floor":8.0,"key":"SMITH"},{"data":"Catalyst","floor":11.0,"key":"SMITH"},{"data":"Backstab","floor":15.0,"key":"SMITH"},{"data":"Wraith Form v2","floor":24.0,"key":"SMITH"},{"data":"Well Laid Plans","floor":27.0,"key":"SMITH"},{"data":"Deadly Poison","floor":32.0,"key":"SMITH"},{"data":"Apotheosis","floor":40,"key":"SMITH"},{"data":"Wraith Form v2","floor":42,"key":"SMITH"},{"data":"Bandage Up","floor":47,"key":"SMITH"},{"data":"Trip","floor":49,"key":"SMITH"}],"neow_cost":"NONE","seed_source_timestamp":26508010175839,"circlet_count":0,"master_deck":["Strike_G","Survivor","Neutralize+1","Backstab+1","Corpse Explosion+1","Catalyst+1","Wraith Form v2+1","Deadly Poison","Deadly Poison+1","Well Laid Plans+1","Tools of the Trade","Wraith Form v2+1","Bandage Up+1","Trip+1","Apotheosis+1"],"special_seed":0,"relics":["Ring of the Snake","Potion Belt","Orrery","Pocketwatch","Sundial","Pen Nib","Darkstone Periapt","WristBlade","Turnip","Blood Vial"],"potions_floor_usage":[50,50,50,50],"damage_taken":[{"damage":0.0,"enemies":"Small Slimes","floor":1.0,"turns":5.0},{"damage":0.0,"enemies":"Jaw Worm","floor":7.0,"turns":2.0},{"damage":0.0,"enemies":"Cultist","floor":10.0,"turns":3.0},{"damage":5.0,"enemies":"Looter","floor":12.0,"turns":3.0},{"damage":0.0,"enemies":"Gremlin Gang","floor":14.0,"turns":1.0},{"damage":23.0,"enemies":"The Guardian","floor":16.0,"turns":7.0},{"damage":0.0,"enemies":"Chosen","floor":18.0,"turns":4.0},{"damage":2.0,"enemies":"Shell Parasite","floor":19.0,"turns":5.0},{"damage":3.0,"enemies":"Snake Plant","floor":20.0,"turns":3.0},{"damage":16.0,"enemies":"Colosseum Slavers","floor":21.0,"turns":5.0},{"damage":2.0,"enemies":"Colosseum Nobs","floor":21.0,"turns":3.0},{"damage":0.0,"enemies":"Centurion and Healer","floor":23.0,"turns":2.0},{"damage":1.0,"enemies":"Cultist and Chosen","floor":29.0,"turns":3.0},{"damage":23.0,"enemies":"Slavers","floor":30.0,"turns":2.0},{"damage":0.0,"enemies":"Snecko","floor":31.0,"turns":4.0},{"damage":22.0,"enemies":"Collector","floor":33.0,"turns":5.0},{"damage":2,"enemies":"Orb Walker","floor":35,"turns":3},{"damage":6,"enemies":"3 Darklings","floor":36,"turns":3},{"damage":0,"enemies":"Transient","floor":39,"turns":5},{"damage":7,"enemies":"4 Shapes","floor":41,"turns":3},{"damage":1,"enemies":"Spire Growth","floor":46,"turns":5},{"damage":6,"enemies":"Reptomancer","floor":48,"turns":5},{"damage":50,"enemies":"Donu and Deca","floor":50,"turns":5}],"seed_played":"-6009979130879108205","potions_obtained":[{"floor":7.0,"key":"SteroidPotion"},{"floor":12.0,"key":"FearPotion"},{"floor":14.0,"key":"Fire Potion"},{"floor":19.0,"key":"EssenceOfSteel"},{"floor":30.0,"key":"SteroidPotion"},{"floor":31.0,"key":"Regen Potion"},{"floor":33.0,"key":"Dexterity Potion"}],"is_trial":false,"path_per_floor":["M","?","?","?","$","R","M","R","T","M","R","M","?","M","R","B",null,"M","M","M","?","$","M","R","?","T","R","$","M","E","M","R","B",null,"M","M","?","$","M","R","M","R","T","$","$","M","R","E","R","B",null],"character_chosen":"THE_SILENT","items_purchased":["Corpse Explosion","Well Laid Plans"],"campfire_rested":0,"item_purchase_floors":[5,22],"current_hp_per_floor":[70,63,63,63,63,63,63,63,63,63,63,58,58,58,58,35,70,70,68,65,47,47,47,47,47,47,47,47,46,23,23,23,1,70,68,62,52,52,58,58,55,55,55,55,55,58,58,58,58,31],"gold":104,"neow_bonus":"HUNDRED_GOLD","is_prod":false,"is_daily":false,"chose_seed":false,"campfire_upgraded":11,"win_rate":0,"timestamp":1542987676,"path_taken":["M","?","?","?","?","R","?","R","T","M","R","M","?","M","R","BOSS","M","M","?","?","?","M","R","?","T","R","$","?","E","M","R","BOSS","M","M","?","$","M","R","M","R","T","?","$","M","R","E","R","BOSS"],"build_version":"2018-11-15","purchased_purges":5,"victory":true,"max_hp_per_floor":[70,70,70,70,70,70,70,70,70,70,70,70,70,70,70,70,70,70,70,70,70,70,70,70,70,70,70,70,70,70,70,70,70,70,70,70,70,70,70,70,70,70,70,70,70,70,70,70,70,70],"card_choices":[{"not_picked":["Underhanded Strike","Blade Dance","Choke"],"picked":"SKIP","floor":1.0},{"not_picked":["Reflex","Quick Slash","Underhanded Strike"],"picked":"SKIP","floor":7.0},{"not_picked":["Prepared","Heel Hook"],"picked":"Catalyst","floor":10.0},{"not_picked":["Reflex","PiercingWail","All Out Attack"],"picked":"SKIP","floor":12.0},{"not_picked":["Outmaneuver","Flying Knee","Concentrate"],"picked":"SKIP","floor":14.0},{"not_picked":["Die Die Die","A Thousand Cuts"],"picked":"Wraith Form v2","floor":16.0},{"not_picked":["Escape Plan","Heel Hook"],"picked":"Deadly Poison","floor":17.0},{"not_picked":["Dodge and Roll","Dash+1","Heel Hook"],"picked":"SKIP","floor":18.0},{"not_picked":["Reflex","Poisoned Stab","Flying Knee+1"],"picked":"SKIP","floor":19.0},{"not_picked":["Backflip","Prepared","Acrobatics+1"],"picked":"SKIP","floor":20.0},{"not_picked":["Cloak And Dagger+1","Caltrops"],"picked":"Deadly Poison","floor":21.0},{"not_picked":["Deflect+1","Masterful Stab+1","Infinite Blades"],"picked":"SKIP","floor":23.0},{"not_picked":["Backstab","Sucker Punch","Predator"],"picked":"SKIP","floor":29.0},{"not_picked":["Outmaneuver+1","Poisoned Stab+1"],"picked":"Tools of the Trade","floor":30.0},{"not_picked":["Deflect","Quick Slash+1","Expertise"],"picked":"SKIP","floor":31.0},{"not_picked":["Malaise","Doppelganger"],"picked":"Wraith Form v2","floor":33.0},{"not_picked":["Quick Slash+1","Cloak And Dagger","Poisoned Stab+1"],"picked":"SKIP","floor":35},{"not_picked":["Deflect+1","Slice+1","Choke"],"picked":"SKIP","floor":36},{"not_picked":["Mind Blast","Blind"],"picked":"Bandage Up","floor":37},{"not_picked":["Dramatic Entrance","Madness"],"picked":"Trip","floor":37},{"not_picked":["Trip","Finesse"],"picked":"Apotheosis","floor":37},{"not_picked":["Slice","Heel Hook","Deflect+1"],"picked":"SKIP","floor":39},{"not_picked":["Eviscerate","Dodge and Roll+1","Choke"],"picked":"SKIP","floor":41},{"not_picked":["Poisoned Stab+1","Crippling Poison+1","Dagger Spray+1"],"picked":"SKIP","floor":46},{"not_picked":["Infinite Blades","Choke+1","Backflip+1"],"picked":"SKIP","floor":48}],"player_experience":1127669,"relics_obtained":[{"floor":9.0,"key":"Potion Belt"},{"floor":21.0,"key":"Pocketwatch"},{"floor":21.0,"key":"Sundial"},{"floor":26.0,"key":"Pen Nib"},{"floor":30.0,"key":"Darkstone Periapt"},{"floor":43,"key":"Turnip"},{"floor":48,"key":"Blood Vial"}],"event_choices":[{"cards_removed":["Strike_G"],"damage_healed":0.0,"max_hp_gain":0.0,"max_hp_loss":0.0,"gold_gain":0.0,"event_name":"Golden Wing","player_choice":"Card Removal","floor":2.0,"gold_loss":0.0,"damage_taken":7.0},{"damage_healed":0.0,"max_hp_gain":0.0,"max_hp_loss":0.0,"gold_gain":0.0,"cards_transformed":["Defend_G"],"event_name":"Living Wall","player_choice":"Change","floor":3.0,"gold_loss":0.0,"damage_taken":0.0,"cards_obtained":["Backstab"]},{"cards_removed":["Strike_G"],"damage_healed":0.0,"max_hp_gain":0.0,"max_hp_loss":0.0,"gold_gain":0.0,"event_name":"The Cleric","player_choice":"Card Removal","floor":4.0,"gold_loss":50.0,"damage_taken":0.0},{"cards_removed":["Defend_G"],"damage_healed":0.0,"max_hp_gain":0.0,"max_hp_loss":0.0,"gold_gain":0.0,"event_name":"Wheel of Change","player_choice":"Card Removal","floor":13.0,"gold_loss":0.0,"damage_taken":0.0},{"damage_healed":0.0,"max_hp_gain":0.0,"max_hp_loss":0.0,"gold_gain":0.0,"event_name":"Colosseum","player_choice":"Fight","floor":21.0,"gold_loss":0.0,"damage_taken":0.0},{"damage_healed":0.0,"max_hp_gain":0.0,"max_hp_loss":0.0,"gold_gain":0.0,"event_name":"Colosseum","player_choice":"Fought Nobs","floor":21.0,"gold_loss":0.0,"damage_taken":0.0},{"damage_healed":0.0,"max_hp_gain":0.0,"max_hp_loss":0.0,"gold_gain":99.0,"event_name":"Nest","player_choice":"Stole From Cult","floor":25.0,"gold_loss":0.0,"damage_taken":0.0},{"damage_healed":0,"gold_gain":0,"player_choice":"Memory 3","damage_taken":10,"max_hp_gain":0,"max_hp_loss":0,"event_name":"SensoryStone","floor":37,"gold_loss":0}],"is_beta":false,"boss_relics":[{"not_picked":["Sozu","Busted Crown"],"picked":"Orrery"},{"not_picked":["Snecko Eye","Calling Bell"],"picked":"WristBlade"}],"items_purged_floors":[5,22,28,38,44],"is_endless":false,"potions_floor_spawned":[7,12,14,19,21,30,31,33,35,39,46],"ascension_level":0}