{"gold_per_floor":[360,373,45,64,79,112,112,112,112,12,23,36,36,36,36,132,132,148,88,103,103,103,103,121,121,121,121,133,8,27,39,39,140,140,153,153,153,3,3,3,19,19,19,30,30,30,43,60,60,60],"floor_reached":50,"playtime":1285,"items_purged":["Shame","Defend_R","Defend_R","Defend_R"],"score":469,"play_id":"1e396d21-0fe8-437d-8eac-e53725e763f8","local_time":"20181123185433","is_ascension_mode":false,"campfire_choices":[{"data":"Apotheosis","floor":7.0,"key":"SMITH"},{"data":"Searing Blow","floor":13.0,"key":"SMITH"},{"data":"Searing Blow+1","floor":15.0,"key":"SMITH"},{"data":"Searing Blow+2","floor":23.0,"key":"SMITH"},{"floor":25.0,"key":"REST"},{"floor":32.0,"key":"REST"},{"data":"Feed","floor":40.0,"key":"SMITH"},{"data":"Perfected Strike","floor":42.0,"key":"SMITH"},{"floor":45,"key":"REST"},{"floor":49,"key":"REST"}],"neow_cost":"CURSE","seed_source_timestamp":9246318998476,"circlet_count":0,"master_deck":["Strike_R","Strike_R","Strike_R","Strike_R","Strike_R","Bash","Perfected Strike+1","Twin Strike","Apotheosis+1","Perfected Strike","Twin Strike","Twin Strike","Armaments+1","Exhume+1","Dual Wield+1","Clash+1","Feed+1","Perfected Strike","Panacea+1","Deep Breath+1","Twin Strike+1","Evolve","Twin Strike","Pommel Strike+1"],"special_seed":0,"relics":["Burning Blood","Centennial Puzzle","Calipers","Toxic Egg 2","Velvet Choker","Girya","Philosopher\u0027s Stone","Unceasing Top"],"potions_floor_usage":[],"damage_taken":[{"damage":13.0,"enemies":"Small Slimes","floor":1.0,"turns":5.0},{"damage":4.0,"enemies":"Cultist","floor":2.0,"turns":4.0},{"damage":0.0,"enemies":"2 Louse","floor":4.0,"turns":2.0},{"damage":5.0,"enemies":"2 Fungi Beasts","floor":5.0,"turns":3.0},{"damage":27.0,"enemies":"3 Sentries","floor":6.0,"turns":6.0},{"damage":6.0,"enemies":"Exordium Wildlife","floor":11.0,"turns":3.0},{"damage":12.0,"enemies":"Exordium Thugs","floor":12.0,"turns":3.0},{"damage":33.0,"enemies":"The Guardian","floor":16.0,"turns":7.0},{"damage":9.0,"enemies":"Shell Parasite","floor":18.0,"turns":3.0},{"damage":20.0,"enemies":"3 Byrds","floor":20.0,"turns":4.0},{"damage":24.0,"enemies":"Colosseum Slavers","floor":22.0,"turns":4.0},{"damage":21.0,"enemies":"Snake Plant","floor":24.0,"turns":2.0},{"damage":16.0,"enemies":"Shelled Parasite and Fungi","floor":28.0,"turns":3.0},{"damage":17.0,"enemies":"3 Cultists","floor":30.0,"turns":4.0},{"damage":9.0,"enemies":"Sentry and Sphere","floor":31.0,"turns":3.0},{"damage":35.0,"enemies":"Champ","floor":33.0,"turns":7.0},{"damage":19.0,"enemies":"3 Shapes","floor":35.0,"turns":3.0},{"damage":18.0,"enemies":"3 Darklings","floor":41.0,"turns":4.0},{"damage":37.0,"enemies":"Writhing Mass","floor":44.0,"turns":4.0},{"damage":21,"enemies":"Maw","floor":47,"turns":6},{"damage":17,"enemies":"Transient","floor":48,"turns":5},{"damage":78,"enemies":"Donu and Deca","floor":50,"turns":3}],"seed_played":"-1298774703630863552","potions_obtained":[{"floor":1.0,"key":"Swift Potion"},{"floor":4.0,"key":"Regen Potion"},{"floor":5.0,"key":"PowerPotion"},{"floor":24.0,"key":"Swift Potion"},{"floor":30.0,"key":"SpeedPotion"},{"floor":44,"key":"FearPotion"},{"floor":48,"key":"GamblersBrew"}],"is_trial":false,"path_per_floor":["M","M","$","M","M","E","R","?","T","$","M","M","R","?","R","B",null,"M","?","M","?","?","R","M","R","T","$","M","$","M","M","R","B",null,"M","?","?","$","?","R","M","R","T","M","M","R","$","M","M","R","B"],"character_chosen":"IRONCLAD","items_purchased":["Searing Blow","Apotheosis"],"campfire_rested":4,"item_purchase_floors":[3,3],"current_hp_per_floor":[73,75,75,80,80,59,59,56,56,56,56,50,50,50,50,23,80,77,77,63,48,30,30,15,40,40,40,30,30,19,16,41,27,85,76,76,76,76,76,76,68,68,68,37,63,63,52,41,68,0],"gold":60,"neow_bonus":"TWO_FIFTY_GOLD","is_prod":false,"is_daily":false,"chose_seed":false,"campfire_upgraded":6,"win_rate":0,"timestamp":1542970473,"path_taken":["M","M","$","M","M","E","R","?","T","$","M","M","R","?","R","BOSS","M","?","?","?","?","R","M","R","T","?","?","$","?","M","R","BOSS","M","?","?","$","?","R","M","R","T","M","R","$","?","M","R","BOSS"],"build_version":"2018-11-15","purchased_purges":4,"victory":false,"max_hp_per_floor":[80,80,80,80,80,80,80,80,80,80,80,80,80,80,80,80,80,80,80,80,85,85,85,85,85,85,85,85,85,85,85,85,85,85,89,85,85,85,85,85,89,89,89,89,89,89,93,93,93,93],"card_choices":[{"not_picked":["Anger","Shrug It Off"],"picked":"Perfected Strike","floor":1.0},{"not_picked":["Armaments","Warcry"],"picked":"Twin Strike","floor":2.0},{"not_picked":["Sentinel","Heavy Blade"],"picked":"Perfected Strike","floor":4.0},{"not_picked":["Carnage","Body Slam","Anger"],"picked":"SKIP","floor":5.0},{"not_picked":["Anger","True Grit"],"picked":"Twin Strike","floor":6.0},{"not_picked":["Sword Boomerang","Warcry+1"],"picked":"Twin Strike","floor":11.0},{"not_picked":["Sever Soul","Clothesline"],"picked":"Armaments+1","floor":12.0},{"not_picked":["Demon Form","Dark Embrace"],"picked":"Exhume+1","floor":16.0},{"not_picked":["Cleave","Shrug It Off+1"],"picked":"Dual Wield+1","floor":18.0},{"not_picked":["Anger","Headbutt","Flame Barrier+1"],"picked":"SKIP","floor":20.0},{"not_picked":["Anger","Headbutt+1","Havoc+1"],"picked":"SKIP","floor":24.0},{"not_picked":["Iron Wave","Pummel+1"],"picked":"Clash+1","floor":28.0},{"not_picked":["Body Slam","Cleave","Anger"],"picked":"SKIP","floor":30.0},{"not_picked":["Havoc+1","True Grit+1","Cleave"],"picked":"SKIP","floor":31.0},{"not_picked":["Juggernaut","Dark Embrace"],"picked":"Feed","floor":33.0},{"not_picked":["Armaments+1","Battle Trance+1"],"picked":"Perfected Strike","floor":35.0},{"not_picked":["Jack Of All Trades+1","Panache"],"picked":"Panacea+1","floor":37.0},{"not_picked":["Rampage+1","Fire Breathing"],"picked":"Twin Strike+1","floor":41.0},{"not_picked":["Hemokinesis+1","Headbutt"],"picked":"Evolve","floor":44},{"not_picked":["Sever Soul+1","Pummel+1"],"picked":"Twin Strike","floor":47},{"not_picked":["Heavy Blade","Shockwave+1"],"picked":"Pommel Strike+1","floor":48}],"player_experience":1115811,"relics_obtained":[{"floor":6.0,"key":"Centennial Puzzle"},{"floor":9.0,"key":"Toxic Egg 2"},{"floor":26.0,"key":"Girya"},{"floor":43.0,"key":"Unceasing Top"}],"event_choices":[{"damage_healed":0.0,"max_hp_gain":0.0,"max_hp_loss":0.0,"gold_gain":0.0,"event_name":"Scrap Ooze","player_choice":"Success","floor":8.0,"gold_loss":0.0,"damage_taken":3.0,"relics_obtained":["Calipers"]},{"damage_healed":0.0,"max_hp_gain":0.0,"max_hp_loss":0.0,"gold_gain":0.0,"event_name":"The Cleric","player_choice":"Leave","floor":14.0,"gold_loss":0.0,"damage_taken":0.0},{"cards_removed":["Defend_R"],"damage_healed":0.0,"max_hp_gain":0.0,"max_hp_loss":0.0,"gold_gain":0.0,"event_name":"Designer","player_choice":"Single Remove","floor":19.0,"gold_loss":60.0,"damage_taken":0.0},{"damage_healed":0.0,"max_hp_gain":5.0,"max_hp_loss":0.0,"gold_gain":0.0,"event_name":"Forgotten Altar","player_choice":"Shed Blood","floor":21.0,"gold_loss":0.0,"damage_taken":20.0},{"damage_healed":0.0,"max_hp_gain":0.0,"max_hp_loss":0.0,"gold_gain":0.0,"event_name":"Colosseum","player_choice":"Fight","floor":22.0,"gold_loss":0.0,"damage_taken":0.0},{"damage_healed":0.0,"max_hp_gain":0.0,"max_hp_loss":0.0,"gold_gain":0.0,"event_name":"Colosseum","player_choice":"Fled From Nobs","floor":22.0,"gold_loss":0.0,"damage_taken":0.0},{"damage_healed":0.0,"max_hp_gain":0.0,"max_hp_loss":4.0,"gold_gain":0.0,"event_name":"Winding Halls","player_choice":"Max HP","floor":36.0,"gold_loss":0.0,"damage_taken":0.0},{"damage_healed":0.0,"max_hp_gain":0.0,"max_hp_loss":0.0,"gold_gain":0.0,"event_name":"SensoryStone","player_choice":"Memory 1","floor":37.0,"gold_loss":0.0,"damage_taken":0.0},{"cards_removed":["Searing Blow"],"damage_healed":0.0,"max_hp_gain":0.0,"max_hp_loss":0.0,"gold_gain":0.0,"event_name":"NoteForYourself","player_choice":"Took Card","floor":39.0,"gold_loss":0.0,"damage_taken":0.0,"cards_obtained":["Deep Breath"]}],"is_beta":false,"boss_relics":[{"not_picked":["Runic Dome","Calling Bell"],"picked":"Velvet Choker"},{"not_picked":["Lizard Tail","White Beast Statue"],"picked":"Philosopher\u0027s Stone"}],"items_purged_floors":[3,10,29,38],"is_endless":false,"potions_floor_spawned":[1,4,5,11,24,30,44,48],"killed_by":"Donu and Deca","ascension_level":0}