{"gold_per_floor":[112,124,45,64,64,64,97,97,145,157,157,82,108,138,138,239,239,258,271,271,541,556,556,572,282,282,312,312,324,324,341,341,439,439,456,356,367,367,247,273,273,284,309,309,335,352,352,363,363,363],"floor_reached":51,"playtime":3432,"items_purged":["Strike_G","Strike_G","Defend_G","Strike_G"],"score":885,"play_id":"9e470149-465f-443f-b7ba-7b5951f4f8f2","local_time":"20181106181606","is_ascension_mode":false,"campfire_choices":[{"data":"Poisoned Stab","floor":6.0,"key":"SMITH"},{"data":"Bouncing Flask","floor":8.0,"key":"SMITH"},{"data":"Footwork","floor":15.0,"key":"SMITH"},{"data":"Well Laid Plans","floor":23,"key":"SMITH"},{"data":"Grand Finale","floor":28,"key":"SMITH"},{"data":"Forethought","floor":30,"key":"SMITH"},{"data":"Footwork","floor":32,"key":"SMITH"},{"data":"Neutralize","floor":41,"key":"SMITH"},{"data":"Well Laid Plans","floor":47,"key":"SMITH"},{"data":"Survivor","floor":49,"key":"SMITH"}],"neow_cost":"NONE","seed_source_timestamp":338017398630,"circlet_count":0,"master_deck":["Defend_G+1","Defend_G+1","Defend_G+1","Defend_G+1","Strike_G+1","Survivor+1","Neutralize+1","Forethought+1","Footwork+1","Backflip","Footwork+1","Poisoned Stab+1","Bouncing Flask+1","Backflip","Grand Finale+1","Well Laid Plans+1","Backflip+1","Acrobatics+1","Well Laid Plans+1","Night Terror+1","Backflip+1","Acrobatics+1","Tactician+1","Backflip+1"],"special_seed":0,"relics":["Ring of the Snake","Blood Vial","War Paint","Orichalcum","The Courier","Black Star","Boot","Toxic Egg 2","Shuriken","Paper Crane","Meat on the Bone","Velvet Choker","Potion Belt","Strawberry","Centennial Puzzle","Whetstone","Prayer Wheel","Incense Burner"],"potions_floor_usage":[22,27,50,50,50],"damage_taken":[{"damage":0.0,"enemies":"2 Louse","floor":1.0,"turns":3.0},{"damage":0.0,"enemies":"Jaw Worm","floor":2.0,"turns":4.0},{"damage":0.0,"enemies":"Small Slimes","floor":4.0,"turns":4.0},{"damage":12.0,"enemies":"Lagavulin","floor":7.0,"turns":9.0},{"damage":12.0,"enemies":"Blue Slaver","floor":10.0,"turns":3.0},{"damage":7.0,"enemies":"3 Sentries","floor":13.0,"turns":11.0},{"damage":2.0,"enemies":"3 Sentries","floor":14.0,"turns":13.0},{"damage":0.0,"enemies":"The Guardian","floor":16.0,"turns":12.0},{"damage":0,"enemies":"Spheric Guardian","floor":18,"turns":3},{"damage":0,"enemies":"3 Byrds","floor":19,"turns":3},{"damage":7,"enemies":"3 Cultists","floor":22,"turns":7},{"damage":0,"enemies":"Sentry and Sphere","floor":24,"turns":4},{"damage":5,"enemies":"Book of Stabbing","floor":27,"turns":8},{"damage":0,"enemies":"Snake Plant","floor":29,"turns":6},{"damage":13,"enemies":"Centurion and Healer","floor":31,"turns":3},{"damage":10,"enemies":"Champ","floor":33,"turns":13},{"damage":0,"enemies":"Orb Walker","floor":35,"turns":3},{"damage":0,"enemies":"3 Darklings","floor":37,"turns":2},{"damage":0,"enemies":"Giant Head","floor":40,"turns":7},{"damage":0,"enemies":"Sphere and 2 Shapes","floor":42,"turns":3},{"damage":0,"enemies":"Nemesis","floor":45,"turns":9},{"damage":0,"enemies":"Jaw Worm Horde","floor":46,"turns":2},{"damage":0,"enemies":"Maw","floor":48,"turns":5},{"damage":0,"enemies":"Time Eater","floor":50,"turns":7}],"seed_played":"1051397320229186284","potions_obtained":[{"floor":4.0,"key":"Explosive Potion"},{"floor":7.0,"key":"EssenceOfSteel"},{"floor":10.0,"key":"Strength Potion"},{"floor":22,"key":"Strength Potion"},{"floor":27,"key":"PowerPotion"},{"floor":35,"key":"GamblersBrew"},{"floor":40,"key":"Swift Potion"},{"floor":48,"key":"SpeedPotion"}],"is_trial":false,"path_per_floor":["M","M","$","M","?","R","E","R","T","M","?","$","?","E","R","B",null,"M","M","?","?","M","R","M","$","T","E","R","M","R","M","R","B",null,"M","$","M","?","$","E","R","M","T","T","E","M","R","M","R","B",null],"character_chosen":"THE_SILENT","items_purchased":["Footwork","Toxic Egg 2"],"campfire_rested":0,"item_purchase_floors":[3,25],"current_hp_per_floor":[70,70,70,70,56,56,44,44,44,34,27,27,22,22,22,24,70,70,70,70,42,37,37,39,39,39,36,36,38,38,39,39,43,70,70,70,70,70,70,77,77,77,77,77,77,77,77,77,77,77],"gold":363,"neow_bonus":"RANDOM_COLORLESS","is_prod":false,"is_daily":false,"chose_seed":false,"campfire_upgraded":10,"win_rate":0,"timestamp":1541499366,"path_taken":["M","M","$","M","?","R","E","R","T","M","?","$","?","E","R","BOSS","M","M","?","?","M","R","M","$","T","E","R","M","R","M","R","BOSS","M","$","M","?","$","E","R","M","T","?","E","?","R","M","R","BOSS"],"build_version":"2018-11-01","purchased_purges":4,"victory":true,"max_hp_per_floor":[70,70,70,70,70,70,70,70,70,70,70,70,70,70,70,70,70,70,70,70,70,70,70,70,70,70,70,70,70,70,70,70,70,70,70,70,70,70,70,77,77,77,77,77,77,77,77,77,77,77],"card_choices":[{"not_picked":["Acrobatics","Setup"],"picked":"Footwork","floor":1.0},{"not_picked":["Terror","Quick Slash"],"picked":"Backflip","floor":2.0},{"not_picked":["Finisher","PiercingWail"],"picked":"Poisoned Stab","floor":4.0},{"not_picked":["Dash","Expertise"],"picked":"Bouncing Flask","floor":7.0},{"not_picked":["Dagger Throw","Dodge and Roll"],"picked":"Backflip","floor":10.0},{"not_picked":["Escape Plan","Heel Hook","Prepared"],"picked":"SKIP","floor":14.0},{"not_picked":["Envenom","Wraith Form v2"],"picked":"Grand Finale","floor":16.0},{"not_picked":["Underhanded Strike","Deflect","Distraction+1"],"picked":"SKIP","floor":18},{"not_picked":["Outmaneuver","Bane","Sucker Punch"],"picked":"SKIP","floor":19},{"not_picked":["Slice","Bullet Time"],"picked":"Well Laid Plans","floor":22},{"not_picked":["Prepared","Concentrate+1","Backstab"],"picked":"SKIP","floor":24},{"not_picked":["Blur+1","Setup+1","Underhanded Strike"],"picked":"SKIP","floor":27},{"not_picked":["Caltrops","Cloak And Dagger+1"],"picked":"Backflip+1","floor":29},{"not_picked":["Backstab","Sucker Punch"],"picked":"Acrobatics+1","floor":31},{"not_picked":["Dodge and Roll+1","Concentrate+1","Sucker Punch+1"],"picked":"SKIP","floor":35},{"not_picked":["PiercingWail+1","Predator","Endless Agony+1"],"picked":"SKIP","floor":37},{"not_picked":["Dagger Spray+1","Deadly Poison+1","Predator+1"],"picked":"SKIP","floor":40},{"not_picked":["Distraction+1","Blade Dance+1"],"picked":"Well Laid Plans","floor":42},{"not_picked":["Poisoned Stab+1","Quick Slash"],"picked":"Night Terror+1","floor":45},{"not_picked":["Sucker Punch","Deadly Poison+1"],"picked":"Backflip+1","floor":46},{"not_picked":["Deadly Poison+1","Sucker Punch"],"picked":"Acrobatics+1","floor":46},{"not_picked":["Dash+1","Prepared+1"],"picked":"Tactician+1","floor":48},{"not_picked":["Deadly Poison+1","Slice"],"picked":"Backflip+1","floor":48}],"player_experience":911033,"relics_obtained":[{"floor":7.0,"key":"Blood Vial"},{"floor":9.0,"key":"War Paint"},{"floor":13.0,"key":"Orichalcum"},{"floor":14.0,"key":"The Courier"},{"floor":26,"key":"Shuriken"},{"floor":27,"key":"Paper Crane"},{"floor":27,"key":"Meat on the Bone"},{"floor":40,"key":"Potion Belt"},{"floor":40,"key":"Strawberry"},{"floor":43,"key":"Centennial Puzzle"},{"floor":44,"key":"Whetstone"},{"floor":45,"key":"Prayer Wheel"},{"floor":45,"key":"Incense Burner"}],"event_choices":[{"damage_healed":0.0,"max_hp_gain":0.0,"max_hp_loss":0.0,"gold_gain":0.0,"event_name":"Shining Light","player_choice":"Entered Light","floor":5.0,"gold_loss":0.0,"damage_taken":14.0,"cards_upgraded":["Defend_G","Defend_G"]},{"cards_removed":["Strike_G"],"damage_healed":0.0,"max_hp_gain":0.0,"max_hp_loss":0.0,"gold_gain":0.0,"event_name":"Golden Wing","player_choice":"Card Removal","floor":11.0,"gold_loss":0.0,"damage_taken":7.0},{"damage_healed":0.0,"max_hp_gain":0.0,"max_hp_loss":0.0,"gold_gain":30.0,"event_name":"Dead Adventurer","player_choice":"Searched \u00272\u0027 times","floor":13.0,"gold_loss":0.0,"damage_taken":0.0},{"damage_healed":0,"gold_gain":0,"player_choice":"Opened","damage_taken":0,"relics_obtained":["Boot"],"max_hp_gain":0,"max_hp_loss":0,"event_name":"The Mausoleum","floor":20,"gold_loss":0},{"damage_healed":0,"gold_gain":270,"player_choice":"GOLD GOLD GOLD ","damage_taken":28,"max_hp_gain":0,"max_hp_loss":0,"event_name":"Knowing Skull","floor":21,"potions_obtained":[],"gold_loss":0,"cards_obtained":[]},{"damage_healed":0,"gold_gain":0,"player_choice":"Ignored","damage_taken":0,"max_hp_gain":0,"max_hp_loss":0,"event_name":"Tomb of Lord Red Mask","floor":38,"gold_loss":0}],"is_beta":false,"boss_relics":[{"not_picked":["Pandora\u0027s Box","Calling Bell"],"picked":"Black Star"},{"not_picked":["Busted Crown","Fusion Hammer"],"picked":"Velvet Choker"}],"items_purged_floors":[12,25,36,39],"is_endless":false,"potions_floor_spawned":[4,7,10,19,22,27,31,35,40,48],"ascension_level":0}