{"gold_per_floor":[110,35,35,35,35,35,64,81,81,81,81],"floor_reached":11,"playtime":94,"items_purged":["Strike_G"],"score":188,"play_id":"e58f0031-fb23-4ec7-b55a-a96f924664d5","local_time":"20190118154050","is_ascension_mode":true,"campfire_choices":[{"data":"Flechettes","floor":6,"key":"SMITH"},{"data":"Neutralize","floor":10,"key":"SMITH"}],"neow_cost":"NONE","seed_source_timestamp":13809991612767,"circlet_count":0,"master_deck":["AscendersBane","Defend_G","Defend_G","Defend_G","Defend_G","Defend_G","Strike_G","Strike_G","Strike_G","Strike_G","Survivor","Neutralize+1","Flechettes+1","Decay","Tactician"],"relics":["Ring of the Snake","NeowsBlessing","Regal Pillow","Mercury Hourglass"],"potions_floor_usage":[],"damage_taken":[{"damage":0,"enemies":"2 Louse","floor":1,"turns":1},{"damage":0,"enemies":"Lagavulin","floor":7,"turns":1},{"damage":0,"enemies":"Small Slimes","floor":8,"turns":1},{"damage":0,"enemies":"Cultist","floor":11,"turns":1}],"seed_played":"-702820549601235283","potions_obtained":[{"floor":1,"key":"LiquidBronze"},{"floor":7,"key":"SkillPotion"}],"is_trial":false,"path_per_floor":["M","$","?","?","?","R","E","M","T","R","M"],"character_chosen":"THE_SILENT","items_purchased":[],"campfire_rested":0,"item_purchase_floors":[],"current_hp_per_floor":[59,59,59,64,64,64,64,64,64,64,64],"gold":81,"neow_bonus":"THREE_ENEMY_KILL","is_prod":false,"is_daily":false,"chose_seed":false,"campfire_upgraded":2,"win_rate":0,"timestamp":1547797250,"path_taken":["M","$","?","?","?","R","E","M","T","R","?"],"build_version":"2019-01-17","purchased_purges":1,"victory":false,"max_hp_per_floor":[66,66,66,71,71,71,71,71,71,71,71],"card_choices":[{"not_picked":["Deflect","Flying Knee"],"picked":"Flechettes","floor":1},{"not_picked":["Deadly Poison","Poisoned Stab","Cloak And Dagger"],"picked":"SKIP","floor":7},{"not_picked":["Underhanded Strike","Blade Dance"],"picked":"Tactician","floor":8}],"player_experience":2002185,"relics_obtained":[{"floor":7,"key":"Regal Pillow"},{"floor":9,"key":"Mercury Hourglass"}],"event_choices":[{"damage_healed":0,"gold_gain":0,"player_choice":"Ignored","damage_taken":0,"max_hp_gain":0,"max_hp_loss":0,"event_name":"Liars Game","floor":3,"gold_loss":0},{"damage_healed":0,"gold_gain":0,"player_choice":"Donut","damage_taken":0,"max_hp_gain":5,"max_hp_loss":0,"event_name":"Big Fish","floor":4,"gold_loss":0},{"damage_healed":0,"gold_gain":0,"player_choice":"Cursed","damage_taken":0,"max_hp_gain":0,"max_hp_loss":0,"event_name":"Wheel of Change","floor":5,"gold_loss":0,"cards_obtained":["Decay"]}],"is_beta":false,"boss_relics":[],"items_purged_floors":[2],"is_endless":false,"potions_floor_spawned":[1,7],"killed_by":"Cultist","ascension_level":20}