{"gold_per_floor":[112,187,187,187,22,52,66,66,93,93,111,111,143,162,162,239,239,250,300,61,61,8,8,38,38,120,120,148,158,158,176,176,253,253,264,315,315,334,182,182,51,151,151,183,199,210,236,248,248,248,248,248,248,32,65,65],"floor_reached":57,"playtime":3912,"items_purged":["Strike_B"],"score":2708,"play_id":"1f3d9617-6ab5-423f-87c9-c13307f20fe8","local_time":"20190313164924","is_ascension_mode":true,"campfire_choices":[{"data":"Zap","floor":8.0,"key":"SMITH"},{"data":"Rip and Tear","floor":10.0,"key":"SMITH"},{"data":"Chaos","floor":15.0,"key":"SMITH"},{"floor":23.0,"key":"REST"},{"data":"Coolheaded","floor":25.0,"key":"SMITH"},{"data":"Dualcast","floor":27.0,"key":"SMITH"},{"floor":32.0,"key":"REST"},{"data":"Defragment","floor":40.0,"key":"SMITH"},{"floor":49.0,"key":"RECALL"},{"data":"Discovery","floor":53.0,"key":"SMITH"}],"neow_cost":"CURSE","seed_source_timestamp":140957695218,"circlet_count":0,"master_deck":["AscendersBane","Strike_B","Strike_B","Strike_B+1","Defend_B","Defend_B","Defend_B","Defend_B","Zap+1","Dualcast+1","Core Surge+1","Rip and Tear+1","Cold Snap","Hologram","FTL","Chaos+1","Coolheaded+1","Electrodynamics","Undo","Capacitor","Ball Lightning","Self Repair","Defragment+1","Reboot","Redo+1","Hologram+1","Echo Form","Discovery+1","Glacier","Glacier+1","Compile Driver+1","Loop+1","Creative AI","Loop+1","Capacitor"],"special_seed":0,"relics":["Cracked Core","Whetstone","Strawberry","Bag of Marbles","DataDisk","Runic Dome","Nilry\u0027s Codex","Mango","Omamori","Sundial","Nuclear Battery","Bird Faced Urn","StoneCalendar","Pocketwatch","Orichalcum","Bronze Scales","OrangePellets","Nunchaku"],"potions_floor_usage":[],"damage_taken":[{"damage":7.0,"enemies":"Small Slimes","floor":1.0,"turns":3.0},{"damage":32.0,"enemies":"3 Sentries","floor":6.0,"turns":7.0},{"damage":5.0,"enemies":"Jaw Worm","floor":7.0,"turns":2.0},{"damage":0.0,"enemies":"Cultist","floor":11.0,"turns":2.0},{"damage":12.0,"enemies":"Lagavulin","floor":13.0,"turns":7.0},{"damage":0.0,"enemies":"Blue Slaver","floor":14.0,"turns":3.0},{"damage":22.0,"enemies":"Slime Boss","floor":16.0,"turns":7.0},{"damage":0.0,"enemies":"Chosen","floor":18.0,"turns":3.0},{"damage":18.0,"enemies":"Gremlin Leader","floor":24.0,"turns":6.0},{"damage":22.0,"enemies":"Book of Stabbing","floor":28.0,"turns":5.0},{"damage":0.0,"enemies":"Spheric Guardian","floor":29.0,"turns":4.0},{"damage":36.0,"enemies":"Shelled Parasite and Fungi","floor":31.0,"turns":7.0},{"damage":22.0,"enemies":"Champ","floor":33.0,"turns":13.0},{"damage":0.0,"enemies":"Orb Walker","floor":35.0,"turns":2.0},{"damage":37.0,"enemies":"2 Orb Walkers","floor":36.0,"turns":3.0},{"damage":4.0,"enemies":"3 Shapes","floor":38.0,"turns":3.0},{"damage":21.0,"enemies":"Mind Bloom Boss Battle","floor":42.0,"turns":6.0},{"damage":15.0,"enemies":"Nemesis","floor":44.0,"turns":7.0},{"damage":7.0,"enemies":"Sphere and 2 Shapes","floor":45.0,"turns":7.0},{"damage":20.0,"enemies":"Transient","floor":46.0,"turns":6.0},{"damage":68.0,"enemies":"Reptomancer","floor":47.0,"turns":6.0},{"damage":0.0,"enemies":"Maw","floor":48.0,"turns":6.0},{"damage":19.0,"enemies":"Time Eater","floor":50.0,"turns":12.0},{"damage":83.0,"enemies":"Awakened One","floor":51.0,"turns":17.0},{"damage":65,"enemies":"Shield and Spear","floor":55,"turns":12},{"damage":105,"enemies":"The Heart","floor":56,"turns":11}],"seed_played":"932603075041630099","potions_obtained":[{"floor":4.0,"key":"Poison Potion"},{"floor":4.0,"key":"Dexterity Potion"},{"floor":6.0,"key":"FocusPotion"},{"floor":11.0,"key":"Explosive Potion"},{"floor":44.0,"key":"Poison Potion"},{"floor":46.0,"key":"PowerPotion"},{"floor":47.0,"key":"EssenceOfSteel"},{"floor":55,"key":"Fire Potion"}],"is_trial":false,"path_per_floor":["M","?","?","?","$","E","M","R","T","R","M","?","E","M","R","B",null,"M","?","$","?","$","R","E","R","T","R","E","M","T","M","R","B",null,"M","?","?","M","$","R","$","?","T","E","M","M","E","M","R","B","B",null,"R","$","E","B",null],"character_chosen":"DEFECT","items_purchased":["Whetstone","Undo","Capacitor","Ball Lightning","Echo Form","Discovery","Glacier","OrangePellets"],"campfire_rested":2,"item_purchase_floors":[5,20,20,22,39,41,41,54],"current_hp_per_floor":[57,46,39,39,39,14,9,9,9,9,9,35,23,23,23,1,59,59,59,59,38,38,61,57,57,57,57,35,42,42,13,40,25,75,75,45,63,74,74,74,74,78,78,88,92,83,36,66,66,92,92,92,92,92,90,56],"gold":65,"neow_bonus":"THREE_RARE_CARDS","is_prod":false,"is_daily":false,"chose_seed":false,"campfire_upgraded":7,"win_rate":0,"timestamp":1552466964,"path_taken":["M","?","?","?","$","E","M","R","T","R","?","?","E","M","R","BOSS","M","?","$","?","?","R","E","R","T","R","E","M","?","M","R","BOSS","M","?","?","M","$","R","$","?","T","E","M","?","E","M","R","BOSS","BOSS","R","$","E","BOSS"],"build_version":"2019-01-23","purchased_purges":1,"victory":true,"max_hp_per_floor":[71,71,71,71,71,78,78,78,78,78,78,78,78,78,78,78,78,78,78,78,78,78,78,92,92,92,92,92,92,92,92,92,92,92,92,92,92,92,92,92,92,92,92,92,92,92,92,92,92,92,92,92,92,92,92,92],"card_choices":[{"not_picked":["All For One","Hyperbeam"],"picked":"Core Surge","floor":0.0},{"not_picked":["Blizzard","Storm"],"picked":"Rip and Tear","floor":1.0},{"not_picked":["Leap","Barrage"],"picked":"Cold Snap","floor":6.0},{"not_picked":["Steam","Go for the Eyes"],"picked":"Hologram","floor":7.0},{"not_picked":["Turbo","Fission"],"picked":"FTL","floor":11.0},{"not_picked":["Ball Lightning","Force Field"],"picked":"Chaos","floor":13.0},{"not_picked":["Streamline","Stack"],"picked":"Coolheaded","floor":14.0},{"not_picked":["Thunder Strike","Core Surge"],"picked":"Electrodynamics","floor":16.0},{"not_picked":["Reprogram","Aggregate","Steam"],"picked":"SKIP","floor":18.0},{"not_picked":["Compile Driver","Auto Shields","Cold Snap"],"picked":"SKIP","floor":24.0},{"not_picked":["Compile Driver","Auto Shields","Cold Snap"],"picked":"SKIP","floor":24.0},{"not_picked":["Steam","Darkness"],"picked":"Self Repair","floor":28.0},{"not_picked":["Redo","Melter"],"picked":"Defragment","floor":29.0},{"not_picked":["Blizzard","Steam","Gash"],"picked":"SKIP","floor":31.0},{"not_picked":["Multi-Cast","Electrodynamics"],"picked":"Reboot","floor":33.0},{"not_picked":["Stack","Cold Snap"],"picked":"Redo+1","floor":35.0},{"not_picked":["Barrage","Gash"],"picked":"Hologram+1","floor":36.0},{"not_picked":["Steam","Conserve Battery","Darkness+1"],"picked":"SKIP","floor":38.0},{"not_picked":["Go for the Eyes+1","Reprogram"],"picked":"Glacier+1","floor":42.0},{"not_picked":["Redo+1","Auto Shields"],"picked":"Compile Driver+1","floor":44.0},{"not_picked":["Ball Lightning","Steam+1"],"picked":"Loop+1","floor":45.0},{"not_picked":["Conserve Battery","Rebound","Redo"],"picked":"SKIP","floor":46.0},{"not_picked":["Coolheaded","Scrape+1"],"picked":"Creative AI","floor":47.0},{"not_picked":["Tempest+1","Barrage"],"picked":"Loop+1","floor":48.0},{"not_picked":["Barrage","Rebound"],"picked":"Capacitor","floor":55}],"player_experience":3543498,"relics_obtained":[{"floor":6.0,"key":"Strawberry"},{"floor":9.0,"key":"Bag of Marbles"},{"floor":13.0,"key":"DataDisk"},{"floor":21.0,"key":"Nilry\u0027s Codex"},{"floor":24.0,"key":"Mango"},{"floor":28.0,"key":"Omamori"},{"floor":30.0,"key":"Sundial"},{"floor":36.0,"key":"Bird Faced Urn"},{"floor":42.0,"key":"StoneCalendar"},{"floor":43.0,"key":"Pocketwatch"},{"floor":44.0,"key":"Orichalcum"},{"floor":47.0,"key":"Bronze Scales"},{"floor":55,"key":"Nunchaku"}],"event_choices":[{"damage_healed":0.0,"max_hp_gain":0.0,"max_hp_loss":0.0,"gold_gain":75.0,"event_name":"World of Goop","player_choice":"Gather Gold","floor":2.0,"gold_loss":0.0,"damage_taken":11.0},{"cards_removed":["Regret"],"damage_healed":0.0,"max_hp_gain":0.0,"max_hp_loss":0.0,"gold_gain":0.0,"event_name":"Golden Wing","player_choice":"Card Removal","floor":3.0,"gold_loss":0.0,"damage_taken":7.0},{"damage_healed":0.0,"max_hp_gain":0.0,"max_hp_loss":0.0,"gold_gain":0.0,"event_name":"Lab","player_choice":"Got Potions","floor":4.0,"gold_loss":0.0,"damage_taken":0.0},{"damage_healed":26.0,"max_hp_gain":0.0,"max_hp_loss":0.0,"gold_gain":0.0,"event_name":"Big Fish","player_choice":"Banana","floor":12.0,"gold_loss":0.0,"damage_taken":0.0},{"damage_healed":0.0,"max_hp_gain":0.0,"max_hp_loss":0.0,"gold_gain":50.0,"event_name":"Nest","player_choice":"Stole From Cult","floor":19.0,"gold_loss":0.0,"damage_taken":0.0},{"damage_healed":0.0,"max_hp_gain":0.0,"max_hp_loss":0.0,"gold_gain":0.0,"event_name":"Cursed Tome","player_choice":"Obtained Book","floor":21.0,"gold_loss":0.0,"damage_taken":21.0},{"damage_healed":0.0,"max_hp_gain":0.0,"max_hp_loss":0.0,"gold_gain":0.0,"event_name":"Mysterious Sphere","player_choice":"Fight","floor":36.0,"gold_loss":0.0,"damage_taken":0.0},{"damage_healed":18.0,"max_hp_gain":0.0,"max_hp_loss":0.0,"gold_gain":0.0,"event_name":"Winding Halls","player_choice":"Writhe","floor":37.0,"gold_loss":0.0,"damage_taken":0.0,"cards_obtained":["Writhe"]},{"damage_healed":0.0,"max_hp_gain":0.0,"max_hp_loss":0.0,"gold_gain":0.0,"event_name":"MindBloom","player_choice":"Fight","floor":42.0,"gold_loss":0.0,"damage_taken":0.0}],"is_beta":false,"boss_relics":[{"not_picked":["FrozenCore","Empty Cage"],"picked":"Runic Dome"},{"not_picked":["Orrery","White Beast Statue"],"picked":"Nuclear Battery"}],"items_purged_floors":[20],"is_endless":false,"potions_floor_spawned":[6,11,16,28,31,44,46,47,55],"ascension_level":20}