{"gold_per_floor":[118,43,43,43,56,84,84,96,96,126,49,49,63,3,3,3],"floor_reached":16,"playtime":317,"items_purged":["Strike_G"],"score":246,"play_id":"2ff73796-e51c-4c0f-b23d-28b08e8ae8ba","local_time":"20190117205929","is_ascension_mode":true,"campfire_choices":[{"data":"Concentrate","floor":7.0,"key":"SMITH"},{"data":"Flechettes","floor":15,"key":"SMITH"}],"neow_cost":"NONE","seed_source_timestamp":41622392469792,"circlet_count":0,"master_deck":["AscendersBane","Defend_G","Defend_G","Defend_G","Defend_G","Defend_G","Strike_G","Strike_G","Strike_G","Survivor","Neutralize","Tactician","Concentrate+1","Flechettes+1","Leg Sweep"],"special_seed":0,"relics":["Ring of the Snake","NeowsBlessing","Gremlin Horn","Smiling Mask","Dodecahedron"],"potions_floor_usage":[16],"damage_taken":[{"damage":0.0,"enemies":"Small Slimes","floor":1.0,"turns":1.0},{"damage":0.0,"enemies":"Cultist","floor":5.0,"turns":1.0},{"damage":0.0,"enemies":"Gremlin Nob","floor":6.0,"turns":1.0},{"damage":0.0,"enemies":"2 Louse","floor":8.0,"turns":4.0},{"damage":0,"enemies":"Exordium Wildlife","floor":13,"turns":5},{"damage":1,"enemies":"Looter","floor":14,"turns":5},{"damage":75,"enemies":"The Guardian","floor":16,"turns":17}],"seed_played":"2688872624323151892","potions_obtained":[{"floor":1.0,"key":"Energy Potion"},{"floor":8.0,"key":"LiquidBronze"}],"is_trial":false,"path_per_floor":["M","$","?","$","M","E","R","M","T","?","$","?","M","M","R","B"],"character_chosen":"THE_SILENT","items_purchased":["Flechettes"],"campfire_rested":0,"item_purchase_floors":[11],"current_hp_per_floor":[59,59,59,59,59,59,59,59,59,59,59,41,41,40,40,0],"gold":3,"neow_bonus":"THREE_ENEMY_KILL","is_prod":false,"is_daily":false,"chose_seed":false,"campfire_upgraded":2,"win_rate":0,"timestamp":1547729969,"path_taken":["M","$","?","$","?","E","R","M","T","?","?","?","M","M","R","BOSS"],"build_version":"2019-01-16","purchased_purges":1,"victory":false,"max_hp_per_floor":[66,66,66,66,66,66,66,66,66,66,66,66,66,66,66,66],"card_choices":[{"not_picked":["Concentrate","Underhanded Strike","Noxious Fumes"],"picked":"SKIP","floor":1.0},{"not_picked":["Outmaneuver","Sucker Punch"],"picked":"Tactician","floor":5.0},{"not_picked":["Bane","Deflect"],"picked":"Concentrate","floor":6.0},{"not_picked":["Quick Slash","Cloak And Dagger","Skewer"],"picked":"SKIP","floor":8.0},{"not_picked":["Quick Slash","Cloak And Dagger","Skewer"],"picked":"SKIP","floor":8.0},{"not_picked":["Dash","Dagger Throw","Eviscerate"],"picked":"SKIP","floor":13},{"not_picked":["Slice","Concentrate"],"picked":"Leg Sweep","floor":14}],"player_experience":1290750,"relics_obtained":[{"floor":6.0,"key":"Gremlin Horn"},{"floor":9.0,"key":"Smiling Mask"}],"event_choices":[{"cards_removed":["Strike_G"],"damage_healed":0.0,"max_hp_gain":0.0,"max_hp_loss":0.0,"gold_gain":0.0,"event_name":"Purifier","player_choice":"Purged","floor":3.0,"gold_loss":0.0,"damage_taken":0.0},{"damage_healed":0,"gold_gain":30,"player_choice":"Searched \u00271\u0027 times","damage_taken":0,"max_hp_gain":0,"max_hp_loss":0,"event_name":"Dead Adventurer","floor":10,"gold_loss":0},{"damage_healed":0,"gold_gain":0,"player_choice":"Success","damage_taken":18,"relics_obtained":["Dodecahedron"],"max_hp_gain":0,"max_hp_loss":0,"event_name":"Scrap Ooze","floor":12,"gold_loss":0}],"is_beta":true,"boss_relics":[],"items_purged_floors":[2],"is_endless":false,"potions_floor_spawned":[1,8],"killed_by":"The Guardian","ascension_level":20}