{"gold_per_floor":[113,133,133,146,146,146,146,146,146,164,174,188,201,232,244,330,342,311,343,355,383,411,423,435],"floor_reached":24,"playtime":1007,"items_purged":[],"score":404,"play_id":"266582b6-47ea-469d-b152-5c669488d352","local_time":"20190213185255","is_ascension_mode":true,"campfire_choices":[{"data":"Neutralize","floor":6.0,"key":"SMITH"},{"data":"Footwork","floor":8.0,"key":"SMITH"},{"data":"Catalyst","floor":15.0,"key":"SMITH"},{"data":"Bouncing Flask","floor":23,"key":"SMITH"}],"neow_cost":"NONE","seed_source_timestamp":38152676778496,"circlet_count":0,"master_deck":["AscendersBane","Defend_G","Defend_G","Defend_G","Defend_G","Defend_G","Strike_G","Strike_G","Strike_G","Strike_G","Survivor","Neutralize+1","Footwork+1","Footwork","Catalyst+1","Bouncing Flask+1","Leg Sweep","Cloak And Dagger","Calculated Gamble+1","Escape Plan","Dodge and Roll+1","Acrobatics"],"special_seed":0,"relics":["Ring of the Snake","NeowsBlessing","Dodecahedron","Torii","MawBank","Coffee Dripper"],"potions_floor_usage":[],"damage_taken":[{"damage":0.0,"enemies":"Cultist","floor":1.0,"turns":1.0},{"damage":0.0,"enemies":"Small Slimes","floor":2.0,"turns":1.0},{"damage":0.0,"enemies":"2 Louse","floor":4.0,"turns":1.0},{"damage":12.0,"enemies":"Exordium Thugs","floor":10.0,"turns":8.0},{"damage":1.0,"enemies":"2 Fungi Beasts","floor":11.0,"turns":7.0},{"damage":8.0,"enemies":"Red Slaver","floor":12.0,"turns":6.0},{"damage":1.0,"enemies":"Blue Slaver","floor":13.0,"turns":7.0},{"damage":31.0,"enemies":"Gremlin Nob","floor":14.0,"turns":4.0},{"damage":9.0,"enemies":"The Guardian","floor":16.0,"turns":12.0},{"damage":16.0,"enemies":"2 Thieves","floor":18.0,"turns":5.0},{"damage":13.0,"enemies":"Spheric Guardian","floor":19.0,"turns":4.0},{"damage":1,"enemies":"Snake Plant","floor":21,"turns":3},{"damage":25,"enemies":"Sentry and Sphere","floor":22,"turns":13},{"damage":1,"enemies":"Book of Stabbing","floor":24,"turns":4}],"seed_played":"-2911340517726856138","potions_obtained":[{"floor":1.0,"key":"Weak Potion"},{"floor":11.0,"key":"SteroidPotion"},{"floor":12.0,"key":"AttackPotion"},{"floor":16.0,"key":"PowerPotion"},{"floor":21,"key":"Weak Potion"}],"is_trial":false,"path_per_floor":["M","M","?","M","?","R","?","R","T","M","M","M","M","E","R","B",null,"M","M","?","M","M","R","E"],"character_chosen":"THE_SILENT","items_purchased":[],"campfire_rested":0,"item_purchase_floors":[],"current_hp_per_floor":[59,59,66,66,71,71,71,71,71,59,58,50,49,18,18,9,56,40,27,27,26,1,1,0],"gold":435,"neow_bonus":"THREE_ENEMY_KILL","is_prod":false,"is_daily":false,"chose_seed":false,"campfire_upgraded":4,"win_rate":0,"timestamp":1550055175,"path_taken":["M","?","?","?","?","R","?","R","T","M","M","M","?","E","R","BOSS","M","M","?","M","M","R","E"],"build_version":"2019-01-23","purchased_purges":0,"victory":false,"max_hp_per_floor":[66,66,66,66,71,71,71,71,71,71,71,71,71,71,71,71,71,71,71,71,71,71,71,71],"card_choices":[{"not_picked":["Eviscerate","Underhanded Strike"],"picked":"Footwork","floor":1.0},{"not_picked":["Cloak And Dagger","Poisoned Stab"],"picked":"Footwork","floor":2.0},{"not_picked":["Bane","Flying Knee","Heel Hook"],"picked":"SKIP","floor":4.0},{"not_picked":["Flying Knee","Underhanded Strike","Bane"],"picked":"SKIP","floor":10.0},{"not_picked":["Bane","Dagger Throw","Dodge and Roll"],"picked":"SKIP","floor":11.0},{"not_picked":["Dodge and Roll","Storm of Steel"],"picked":"Catalyst","floor":12.0},{"not_picked":["Deflect","Slice"],"picked":"Bouncing Flask","floor":13.0},{"not_picked":["Heel Hook","Glass Knife"],"picked":"Leg Sweep","floor":14.0},{"not_picked":["Prepared","Terror"],"picked":"Cloak And Dagger","floor":18.0},{"not_picked":["Prepared","Outmaneuver"],"picked":"Calculated Gamble+1","floor":19.0},{"not_picked":["Slice","Quick Slash+1"],"picked":"Dodge and Roll+1","floor":21},{"not_picked":["Noxious Fumes","Terror"],"picked":"Acrobatics","floor":22}],"player_experience":2691015,"relics_obtained":[{"floor":9.0,"key":"Torii"},{"floor":14.0,"key":"MawBank"}],"event_choices":[{"damage_healed":7.0,"max_hp_gain":0.0,"max_hp_loss":0.0,"gold_gain":0.0,"event_name":"Wheel of Change","player_choice":"Full Heal","floor":3.0,"gold_loss":0.0,"damage_taken":0.0},{"damage_healed":0.0,"max_hp_gain":5.0,"max_hp_loss":0.0,"gold_gain":0.0,"event_name":"Big Fish","player_choice":"Donut","floor":5.0,"gold_loss":0.0,"damage_taken":0.0},{"damage_healed":0.0,"max_hp_gain":0.0,"max_hp_loss":0.0,"gold_gain":0.0,"event_name":"WeMeetAgain","player_choice":"Gave Potion","floor":7.0,"gold_loss":0.0,"damage_taken":0.0,"relics_obtained":["Dodecahedron"]},{"damage_healed":0,"gold_gain":0,"cards_transformed":["Strike_G"],"player_choice":"Transformed","damage_taken":0,"max_hp_gain":0,"max_hp_loss":0,"event_name":"Transmorgrifier","floor":20,"gold_loss":0,"cards_obtained":["Escape Plan"]}],"is_beta":false,"boss_relics":[{"not_picked":["Astrolabe","Velvet Choker"],"picked":"Coffee Dripper"}],"items_purged_floors":[],"is_endless":false,"potions_floor_spawned":[1,11,12,16,21],"killed_by":"Book of Stabbing","ascension_level":20}