{"gold_per_floor":[112,112,130,148,323,348,365,392,417,436,454,472,472,487,487,588,588,605,622,253,253,253,253,153,153,178,211,211,225,100,100,100,202,202,220,320,395,90,90,90,116,116,143,143,143,143,177,194,194,194],"floor_reached":51,"playtime":3425,"items_purged":["Doubt","Ball Lightning","Go for the Eyes","Streamline"],"score":1133,"play_id":"180505cc-ca9f-4ac8-8cf8-15ef718c44ec","local_time":"20190808001434","is_ascension_mode":true,"campfire_choices":[{"floor":13.0,"key":"REST"},{"data":"Zap","floor":15.0,"key":"SMITH"},{"data":"Hologram","floor":23.0,"key":"SMITH"},{"data":"Skim","floor":25.0,"key":"SMITH"},{"data":"Buffer","floor":32.0,"key":"SMITH"},{"data":"Finesse","floor":40.0,"key":"SMITH"},{"data":"Dualcast","floor":42.0,"key":"PURGE"},{"data":"Chill","floor":44.0,"key":"PURGE"},{"data":"Electrodynamics","floor":46.0,"key":"PURGE"},{"data":"Turbo","floor":49,"key":"SMITH"}],"neow_cost":"NONE","seed_source_timestamp":0,"circlet_count":0,"master_deck":["Zap+1","Gash","Gash","Beam Cell","Buffer+1","Glacier","Gash","Hologram+1","Core Surge","Skim+1","Genetic Algorithm+1","Self Repair","Genetic Algorithm+1","Rebound+1","Turbo+1","All For One","Finesse+1"],"special_seed":0,"relics":["Cracked Core","Turnip","Anchor","Centennial Puzzle","Pandora\u0027s Box","Mango","Happy Flower","Vajra","Coffee Dripper","Peace Pipe","War Paint","Meat on the Bone","Pen Nib","Juzu Bracelet"],"potions_floor_usage":[47],"damage_taken":[{"damage":0.0,"enemies":"2 Louse","floor":1.0,"turns":4.0},{"damage":0.0,"enemies":"Cultist","floor":3.0,"turns":4.0},{"damage":0.0,"enemies":"Small Slimes","floor":4.0,"turns":3.0},{"damage":35.0,"enemies":"Gremlin Nob","floor":6.0,"turns":4.0},{"damage":6.0,"enemies":"Looter","floor":7.0,"turns":2.0},{"damage":27.0,"enemies":"Lagavulin","floor":8.0,"turns":8.0},{"damage":0.0,"enemies":"3 Louse","floor":10.0,"turns":1.0},{"damage":2.0,"enemies":"Lots of Slimes","floor":11.0,"turns":2.0},{"damage":0.0,"enemies":"Exordium Wildlife","floor":12.0,"turns":5.0},{"damage":0.0,"enemies":"Looter","floor":14.0,"turns":3.0},{"damage":10.0,"enemies":"The Guardian","floor":16.0,"turns":13.0},{"damage":19.0,"enemies":"Shell Parasite","floor":18.0,"turns":6.0},{"damage":8.0,"enemies":"Spheric Guardian","floor":19.0,"turns":3.0},{"damage":0.0,"enemies":"Gremlin Leader","floor":27.0,"turns":6.0},{"damage":2.0,"enemies":"Shelled Parasite and Fungi","floor":29.0,"turns":5.0},{"damage":5.0,"enemies":"Automaton","floor":33.0,"turns":8.0},{"damage":8.0,"enemies":"3 Darklings","floor":35.0,"turns":5.0},{"damage":0.0,"enemies":"Mind Bloom Boss Battle","floor":36.0,"turns":6.0},{"damage":0.0,"enemies":"Giant Head","floor":41.0,"turns":6.0},{"damage":0,"enemies":"Nemesis","floor":47,"turns":3},{"damage":0,"enemies":"3 Shapes","floor":48,"turns":2},{"damage":87,"enemies":"Time Eater","floor":50,"turns":9}],"seed_played":"-2970956147578781920","potions_obtained":[{"floor":0.0,"key":"Explosive Potion"},{"floor":0.0,"key":"EntropicBrew"},{"floor":0.0,"key":"Fruit Juice"},{"floor":6.0,"key":"Energy Potion"},{"floor":7.0,"key":"Regen Potion"},{"floor":10.0,"key":"FearPotion"},{"floor":11.0,"key":"SpeedPotion"},{"floor":12.0,"key":"FocusPotion"},{"floor":16.0,"key":"Explosive Potion"},{"floor":33.0,"key":"Swift Potion"},{"floor":47,"key":"Strength Potion"}],"is_trial":false,"path_per_floor":["M","?","M","M","?","E","M","E","T","M","M","M","R","M","R","B",null,"M","M","$","?","?","R","$","R","T","E","?","M","$","?","R","B",null,"M","?","T","$","?","R","E","R","T","R","$","R","E","M","R","B",null],"character_chosen":"DEFECT","items_purchased":["Mango","War Paint"],"campfire_rested":1,"item_purchase_floors":[20,38],"current_hp_per_floor":[73,73,73,73,73,38,32,19,19,19,17,17,41,41,41,31,68,56,55,69,69,94,94,94,94,94,94,94,94,94,94,94,94,94,93,94,94,94,94,94,94,94,94,94,94,94,94,94,94,26],"gold":194,"neow_bonus":"THREE_SMALL_POTIONS","is_prod":false,"is_daily":false,"chose_seed":false,"campfire_upgraded":6,"win_rate":0,"timestamp":1565237674,"path_taken":["M","?","?","M","?","E","M","E","T","M","M","M","R","M","R","BOSS","M","M","$","?","?","R","$","R","T","E","?","?","$","?","R","BOSS","M","?","?","$","?","R","E","R","T","R","$","R","E","M","R","BOSS"],"build_version":"2019-07-17","purchased_purges":4,"victory":true,"max_hp_per_floor":[80,80,80,80,80,80,80,80,80,80,80,80,80,80,80,80,80,80,80,94,94,94,94,94,94,94,94,94,94,94,94,94,94,94,94,94,94,94,94,94,94,94,94,94,94,94,94,94,94,94],"card_choices":[{"not_picked":["Ball Lightning","Beam Cell"],"picked":"Gash","floor":1.0},{"not_picked":["Hologram","Redo"],"picked":"Gash","floor":3.0},{"not_picked":["Rip and Tear","Cold Snap"],"picked":"Electrodynamics","floor":4.0},{"not_picked":["Redo","Stack"],"picked":"Beam Cell","floor":6.0},{"not_picked":["Streamline","Chill"],"picked":"Buffer","floor":7.0},{"not_picked":["Barrage","Beam Cell"],"picked":"Glacier","floor":8.0},{"not_picked":["Skim","Sweeping Beam"],"picked":"Gash","floor":10.0},{"not_picked":["Steam","Coolheaded"],"picked":"Hologram","floor":11.0},{"not_picked":["Compile Driver","Genetic Algorithm","Stack"],"picked":"SKIP","floor":12.0},{"not_picked":["Sweeping Beam","Compile Driver"],"picked":"Streamline","floor":14.0},{"not_picked":["Amplify","Electrodynamics"],"picked":"Core Surge","floor":16.0},{"not_picked":["Steam","Lockon"],"picked":"Rebound+1","floor":18.0},{"not_picked":["Redo","Defragment"],"picked":"Turbo","floor":19.0},{"not_picked":["Stack","Beam Cell","Gash"],"picked":"SKIP","floor":27.0},{"not_picked":["Turbo","Leap","Redo"],"picked":"SKIP","floor":29.0},{"not_picked":["Machine Learning","Echo Form"],"picked":"All For One","floor":33.0},{"not_picked":["Compile Driver+1","Double Energy","Beam Cell"],"picked":"SKIP","floor":35.0},{"not_picked":["Violence","Purity"],"picked":"Finesse","floor":39.0},{"not_picked":["Rebound+1","Barrage+1","Tempest"],"picked":"SKIP","floor":41.0},{"not_picked":["Blizzard","Rebound+1","Loop+1"],"picked":"SKIP","floor":47},{"not_picked":["Skim","Steam","White Noise+1"],"picked":"SKIP","floor":48}],"player_experience":492088,"relics_obtained":[{"floor":6.0,"key":"Turnip"},{"floor":8.0,"key":"Anchor"},{"floor":9.0,"key":"Centennial Puzzle"},{"floor":26.0,"key":"Happy Flower"},{"floor":27.0,"key":"Vajra"},{"floor":36.0,"key":"Peace Pipe"},{"floor":41.0,"key":"Meat on the Bone"},{"floor":43.0,"key":"Pen Nib"},{"floor":47,"key":"Juzu Bracelet"}],"event_choices":[{"cards_removed":["Strike_B"],"damage_healed":0.0,"max_hp_gain":0.0,"max_hp_loss":0.0,"gold_gain":0.0,"event_name":"Purifier","player_choice":"Purged","floor":2.0,"gold_loss":0.0,"damage_taken":0.0},{"damage_healed":0.0,"max_hp_gain":0.0,"max_hp_loss":0.0,"gold_gain":175.0,"event_name":"Liars Game","player_choice":"AGREE","floor":5.0,"gold_loss":0.0,"damage_taken":0.0,"cards_obtained":["Doubt"]},{"damage_healed":0.0,"max_hp_gain":0.0,"max_hp_loss":0.0,"gold_gain":0.0,"event_name":"Cursed Tome","player_choice":"Ignored","floor":21.0,"gold_loss":0.0,"damage_taken":0.0},{"damage_healed":31.0,"max_hp_gain":0.0,"max_hp_loss":0.0,"gold_gain":0.0,"event_name":"The Library","player_choice":"Heal","floor":22.0,"gold_loss":0.0,"damage_taken":0.0},{"damage_healed":0.0,"max_hp_gain":0.0,"max_hp_loss":0.0,"gold_gain":0.0,"event_name":"Wheel of Change","player_choice":"Full Heal","floor":28.0,"gold_loss":0.0,"damage_taken":0.0},{"damage_healed":0.0,"max_hp_gain":0.0,"max_hp_loss":0.0,"gold_gain":0.0,"event_name":"The Mausoleum","player_choice":"Ignored","floor":31.0,"gold_loss":0.0,"damage_taken":0.0},{"damage_healed":0.0,"max_hp_gain":0.0,"max_hp_loss":0.0,"gold_gain":0.0,"event_name":"MindBloom","player_choice":"Fight","floor":36.0,"gold_loss":0.0,"damage_taken":0.0},{"damage_healed":0.0,"max_hp_gain":0.0,"max_hp_loss":0.0,"gold_gain":0.0,"event_name":"SensoryStone","player_choice":"Memory 1","floor":39.0,"gold_loss":0.0,"damage_taken":0.0}],"is_beta":false,"boss_relics":[{"not_picked":["Empty Cage","FrozenCore"],"picked":"Pandora\u0027s Box"},{"not_picked":["Runic Pyramid","Velvet Choker"],"picked":"Coffee Dripper"}],"items_purged_floors":[20,24,30,38],"is_endless":false,"potions_floor_spawned":[6,7,10,11,12,16,29,33,41,47],"ascension_level":8}