{"gold_per_floor":[110,121,10,29,29,60,60,79,102,177,187,187,187,198,198,302,302,316,316,334,352,364,364,364,364,364,364,364,364,381,400,400,495,495,510,510,294,314,72,105,105,105,151,165,184,184,59,76,76,76],"floor_reached":51,"playtime":2810,"items_purged":["Strike_B","Strike_B","Defend_B"],"score":679,"play_id":"2e2a4538-40ae-48d6-8ebf-bbaf0b0e3144","local_time":"20181025130020","is_ascension_mode":false,"campfire_choices":[{"data":"Loop","floor":7.0,"key":"SMITH"},{"data":"Consume","floor":12.0,"key":"SMITH"},{"data":"Capacitor","floor":15.0,"key":"SMITH"},{"data":"Dualcast","floor":23.0,"key":"SMITH"},{"data":"Biased Cognition","floor":25.0,"key":"SMITH"},{"data":"Biased Cognition","floor":27.0,"key":"SMITH"},{"data":"Zap","floor":29.0,"key":"SMITH"},{"data":"Conserve Battery","floor":32.0,"key":"SMITH"},{"data":"Fission","floor":41.0,"key":"SMITH"},{"data":"Seek","floor":46.0,"key":"SMITH"},{"data":"Echo Form","floor":49.0,"key":"SMITH"}],"neow_cost":"NONE","seed_source_timestamp":8570064532512,"circlet_count":0,"master_deck":["Strike_B","Strike_B","Defend_B","Defend_B+1","Defend_B+1","Zap+1","Dualcast+1","Leap","Defragment+1","Capacitor+1","Melter","Ball Lightning","Loop+1","Biased Cognition+1","Consume+1","Conserve Battery","Biased Cognition+1","Leap+1","BootSequence+1","Conserve Battery+1","Capacitor+1","Redo+1","Self Repair+1","Echo Form+1","Coolheaded+1","Fission+1","Coolheaded+1","Seek+1","Consume+1","Capacitor+1","Conserve Battery"],"special_seed":0,"relics":["FrozenCore","NeowsBlessing","Bronze Scales","Happy Flower","War Paint","Gremlin Horn","Symbiotic Virus","Inserter","Frozen Egg 2","Strawberry"],"potions_floor_usage":[50,50],"damage_taken":[{"damage":0.0,"enemies":"Cultist","floor":1.0,"turns":1.0},{"damage":0.0,"enemies":"Jaw Worm","floor":2.0,"turns":1.0},{"damage":0.0,"enemies":"2 Louse","floor":4.0,"turns":1.0},{"damage":18.0,"enemies":"Gremlin Nob","floor":6.0,"turns":4.0},{"damage":10.0,"enemies":"Large Slime","floor":8.0,"turns":4.0},{"damage":5.0,"enemies":"Exordium Thugs","floor":11.0,"turns":3.0},{"damage":8.0,"enemies":"Gremlin Gang","floor":14.0,"turns":3.0},{"damage":5.0,"enemies":"The Guardian","floor":16.0,"turns":6.0},{"damage":0.0,"enemies":"Spheric Guardian","floor":18.0,"turns":4.0},{"damage":0.0,"enemies":"Chosen","floor":20.0,"turns":4.0},{"damage":1.0,"enemies":"3 Cultists","floor":21.0,"turns":6.0},{"damage":0.0,"enemies":"Snake Plant","floor":22.0,"turns":6.0},{"damage":0.0,"enemies":"Centurion and Healer","floor":30.0,"turns":5.0},{"damage":0.0,"enemies":"Snecko","floor":31.0,"turns":7.0},{"damage":28.0,"enemies":"Collector","floor":33.0,"turns":11.0},{"damage":0.0,"enemies":"3 Shapes","floor":35.0,"turns":5.0},{"damage":0.0,"enemies":"3 Darklings","floor":38.0,"turns":5.0},{"damage":3.0,"enemies":"Reptomancer","floor":40.0,"turns":4.0},{"damage":0.0,"enemies":"Sphere and 2 Shapes","floor":44.0,"turns":5.0},{"damage":1.0,"enemies":"Jaw Worm Horde","floor":45.0,"turns":6.0},{"damage":0.0,"enemies":"Maw","floor":48.0,"turns":6.0},{"damage":19,"enemies":"Awakened One","floor":50,"turns":60}],"seed_played":"-790229258722805767","potions_obtained":[{"floor":2.0,"key":"SteroidPotion"},{"floor":4.0,"key":"FocusPotion"},{"floor":11.0,"key":"LiquidBronze"},{"floor":16.0,"key":"Dexterity Potion"},{"floor":31.0,"key":"PowerPotion"},{"floor":44.0,"key":"LiquidBronze"}],"is_trial":false,"path_per_floor":["M","M","$","M","?","E","R","M","T","?","M","R","?","M","R","B",null,"M","?","M","M","M","R","T","R","T","R","?","R","M","M","R","B",null,"M","?","$","M","$","E","R","?","T","M","M","R","$","M","R","B"],"character_chosen":"DEFECT","items_purchased":["Capacitor","Melter","Fission","Seek"],"campfire_rested":0,"item_purchase_floors":[3,3,37,39],"current_hp_per_floor":[75,75,75,75,75,57,57,47,47,47,42,42,39,31,31,26,75,75,75,75,74,74,74,74,74,74,74,74,74,74,74,74,56,75,75,75,75,75,75,75,75,75,82,82,82,82,82,82,82,73],"gold":76,"neow_bonus":"THREE_ENEMY_KILL","is_prod":false,"is_daily":false,"chose_seed":false,"campfire_upgraded":11,"win_rate":0,"timestamp":1540443620,"path_taken":["M","?","$","M","?","E","R","M","T","?","M","R","?","?","R","BOSS","M","?","?","M","M","R","?","R","T","R","?","R","M","M","R","BOSS","M","?","$","M","$","E","R","?","T","?","M","R","$","M","R","BOSS"],"build_version":"2018-10-18","purchased_purges":3,"victory":true,"max_hp_per_floor":[75,75,75,75,75,75,75,75,75,75,75,75,75,75,75,75,75,75,75,75,75,75,75,75,75,75,75,75,75,75,75,75,75,75,75,75,75,75,75,75,75,75,82,82,82,82,82,82,82,82],"card_choices":[{"not_picked":["Cold Snap","Stack"],"picked":"Leap","floor":1.0},{"not_picked":["Rebound","Skim"],"picked":"Defragment","floor":2.0},{"not_picked":["Conserve Battery","Hologram"],"picked":"Ball Lightning","floor":4.0},{"not_picked":["Redo","Tempest"],"picked":"Loop","floor":6.0},{"not_picked":["Go for the Eyes","Double Energy"],"picked":"Biased Cognition","floor":8.0},{"not_picked":["Fusion","Steam"],"picked":"Consume","floor":11.0},{"not_picked":["Rebound","Sweeping Beam"],"picked":"Conserve Battery","floor":14.0},{"not_picked":["Meteor Strike","Machine Learning"],"picked":"Biased Cognition","floor":16.0},{"not_picked":["Redo","Beam Cell"],"picked":"Leap+1","floor":18.0},{"not_picked":["Heatsinks","Streamline"],"picked":"BootSequence+1","floor":20.0},{"not_picked":["Lockon","Streamline+1"],"picked":"Conserve Battery","floor":21.0},{"not_picked":["Steam","Scrape","Lockon"],"picked":"SKIP","floor":22.0},{"not_picked":["Conserve Battery+1","Tempest"],"picked":"Redo+1","floor":30.0},{"not_picked":["Sweeping Beam+1","Hello World"],"picked":"Self Repair+1","floor":31.0},{"not_picked":["Seek","Rainbow"],"picked":"Echo Form","floor":33.0},{"not_picked":["Gash","Ball Lightning"],"picked":"Coolheaded+1","floor":35.0},{"not_picked":["Chaos+1","Leap+1"],"picked":"Coolheaded+1","floor":38.0},{"not_picked":["Hello World","Rainbow"],"picked":"Consume+1","floor":40.0},{"not_picked":["Cold Snap+1","Undo+1"],"picked":"Capacitor+1","floor":44.0},{"not_picked":["Barrage","Storm+1"],"picked":"Conserve Battery","floor":45.0},{"not_picked":["Streamline+1","Aggregate","Rebound+1"],"picked":"SKIP","floor":48.0}],"player_experience":629140,"relics_obtained":[{"floor":6.0,"key":"Bronze Scales"},{"floor":9.0,"key":"Happy Flower"},{"floor":24.0,"key":"Gremlin Horn"},{"floor":26.0,"key":"Symbiotic Virus"},{"floor":40.0,"key":"Frozen Egg 2"},{"floor":43.0,"key":"Strawberry"}],"event_choices":[{"damage_healed":0.0,"max_hp_gain":0.0,"max_hp_loss":0.0,"gold_gain":0.0,"event_name":"Living Wall","player_choice":"Grow","floor":5.0,"gold_loss":0.0,"damage_taken":0.0,"cards_upgraded":["Defragment"]},{"damage_healed":0.0,"max_hp_gain":0.0,"max_hp_loss":0.0,"gold_gain":75.0,"event_name":"Golden Wing","player_choice":"Gained Gold","floor":10.0,"gold_loss":0.0,"damage_taken":0.0},{"damage_healed":0.0,"max_hp_gain":0.0,"max_hp_loss":0.0,"gold_gain":0.0,"event_name":"Scrap Ooze","player_choice":"Success","floor":13.0,"gold_loss":0.0,"damage_taken":3.0,"relics_obtained":["War Paint"]},{"damage_healed":0.0,"max_hp_gain":0.0,"max_hp_loss":0.0,"gold_gain":0.0,"event_name":"Vampires","player_choice":"Ignored","floor":19.0,"gold_loss":0.0,"damage_taken":0.0},{"damage_healed":0.0,"max_hp_gain":0.0,"max_hp_loss":0.0,"gold_gain":0.0,"event_name":"Duplicator","player_choice":"Copied","floor":28.0,"gold_loss":0.0,"damage_taken":0.0,"cards_obtained":["Capacitor"]},{"damage_healed":0.0,"max_hp_gain":0.0,"max_hp_loss":0.0,"gold_gain":0.0,"event_name":"SensoryStone","player_choice":"Memory 1","floor":36.0,"gold_loss":0.0,"damage_taken":0.0},{"damage_healed":0.0,"max_hp_gain":0.0,"max_hp_loss":0.0,"gold_gain":0.0,"event_name":"Mysterious Sphere","player_choice":"Ignored","floor":42.0,"gold_loss":0.0,"damage_taken":0.0}],"is_beta":false,"boss_relics":[{"not_picked":["Astrolabe","Ectoplasm"],"picked":"FrozenCore"},{"not_picked":["Sozu","Fusion Hammer"],"picked":"Inserter"}],"items_purged_floors":[37,39,47],"is_endless":false,"potions_floor_spawned":[2,4,11,16,22,31,33,35,44],"ascension_level":0}