{"gold_per_floor":[112,29,80,155,155,187,187,219,273,273,198,263,263,273,273,350,400,320],"floor_reached":18,"playtime":454,"items_purged":[],"score":498,"play_id":"25c59f08-6603-4349-b04d-9a92ff141f00","local_time":"20190407091120","is_ascension_mode":true,"campfire_choices":[{"data":"Deadly Poison","floor":7.0,"key":"SMITH"},{"data":"Noxious Fumes","floor":13.0,"key":"SMITH"},{"data":"Corpse Explosion","floor":15.0,"key":"SMITH"}],"neow_cost":"NONE","seed_source_timestamp":14473503508111,"circlet_count":0,"master_deck":["AscendersBane","Defend_G","Defend_G","Defend_G","Defend_G","Defend_G","Strike_G","Strike_G","Strike_G","Strike_G+1","Survivor","Neutralize","Deadly Poison+1","Corpse Explosion+1","Noxious Fumes+1","Acrobatics"],"special_seed":0,"relics":["Ring of the Snake","NeowsBlessing","Bronze Scales","Gremlin Horn","Ornamental Fan","Anchor","Tiny Chest","Tiny House"],"potions_floor_usage":[18,18],"damage_taken":[{"damage":0.0,"enemies":"Cultist","floor":1.0,"turns":1.0},{"damage":0.0,"enemies":"Gremlin Nob","floor":6.0,"turns":1.0},{"damage":0.0,"enemies":"Lagavulin","floor":8.0,"turns":1.0},{"damage":2.0,"enemies":"3 Sentries","floor":12.0,"turns":3.0},{"damage":0.0,"enemies":"Small Slimes","floor":14.0,"turns":3.0},{"damage":7.0,"enemies":"The Guardian","floor":16.0,"turns":8.0},{"damage":0,"enemies":"2 Thieves","floor":18,"turns":3}],"seed_played":"3068411497899787096","potions_obtained":[{"floor":14.0,"key":"SkillPotion"},{"floor":17,"key":"PowerPotion"}],"is_trial":false,"path_per_floor":["M","$","T","?","?","E","R","E","T","?","?","E","R","M","R","B",null,"M"],"character_chosen":"THE_SILENT","items_purchased":["Corpse Explosion"],"campfire_rested":0,"item_purchase_floors":[2],"current_hp_per_floor":[59,59,59,48,48,48,48,48,48,53,53,51,51,51,51,44,69,69],"gold":320,"neow_bonus":"THREE_ENEMY_KILL","is_prod":false,"is_daily":false,"chose_seed":false,"campfire_upgraded":3,"win_rate":0,"timestamp":1554599480,"path_taken":["M","$","?","?","?","E","R","E","T","?","?","E","R","M","R","BOSS","M"],"build_version":"2019-01-23","purchased_purges":0,"victory":false,"max_hp_per_floor":[66,66,66,66,66,66,66,66,66,71,71,71,71,71,71,71,76,76],"card_choices":[{"not_picked":["Blur","Backflip"],"picked":"Deadly Poison","floor":1.0},{"not_picked":["Cloak And Dagger","Outmaneuver","Sucker Punch"],"picked":"SKIP","floor":6.0},{"not_picked":["Deflect","Bouncing Flask"],"picked":"Noxious Fumes","floor":8.0},{"not_picked":["Prepared","Phantasmal Killer"],"picked":"Acrobatics","floor":12.0},{"not_picked":["Sucker Punch","Quick Slash","Skewer"],"picked":"SKIP","floor":14.0}],"player_experience":4114096,"relics_obtained":[{"floor":3.0,"key":"Bronze Scales"},{"floor":6.0,"key":"Gremlin Horn"},{"floor":8.0,"key":"Ornamental Fan"},{"floor":9.0,"key":"Anchor"},{"floor":12.0,"key":"Tiny Chest"}],"event_choices":[{"damage_healed":0.0,"max_hp_gain":0.0,"max_hp_loss":0.0,"gold_gain":75.0,"event_name":"World of Goop","player_choice":"Gather Gold","floor":4.0,"gold_loss":0.0,"damage_taken":11.0},{"damage_healed":0.0,"max_hp_gain":0.0,"max_hp_loss":0.0,"gold_gain":0.0,"event_name":"Liars Game","player_choice":"Ignored","floor":5.0,"gold_loss":0.0,"damage_taken":0.0},{"damage_healed":0.0,"max_hp_gain":5.0,"max_hp_loss":0.0,"gold_gain":0.0,"event_name":"Big Fish","player_choice":"Donut","floor":10.0,"gold_loss":0.0,"damage_taken":0.0},{"cards_removed":["Strike_G"],"damage_healed":0.0,"max_hp_gain":0.0,"max_hp_loss":0.0,"gold_gain":0.0,"event_name":"The Cleric","player_choice":"Card Removal","floor":11.0,"gold_loss":75.0,"damage_taken":0.0}],"is_beta":false,"boss_relics":[{"not_picked":["Orrery","White Beast Statue"],"picked":"Tiny House"}],"items_purged_floors":[],"is_endless":false,"potions_floor_spawned":[14],"killed_by":"2 Thieves","ascension_level":20}