{"gold_per_floor":[118,11,31,48,48,48,62,62,62,76,76,91,107,107,107,179,179,195,175,0,10,10,10,23,23,47,63,63],"floor_reached":28,"playtime":909,"items_purged":[],"score":428,"play_id":"b990b628-b9fa-4e16-a3c8-b757846d658d","local_time":"20190116100746","is_ascension_mode":true,"campfire_choices":[{"data":"Impatience","floor":6.0,"key":"SMITH"},{"data":"Neutralize","floor":8.0,"key":"SMITH"},{"floor":11.0,"key":"RECALL"},{"data":"Deadly Poison","floor":15.0,"key":"SMITH"},{"data":"Calculated Gamble","floor":23,"key":"SMITH"}],"neow_cost":"NONE","seed_source_timestamp":1580710453836,"circlet_count":0,"master_deck":["AscendersBane","Defend_G","Defend_G","Defend_G","Defend_G","Defend_G","Strike_G","Strike_G","Strike_G","Strike_G","Survivor","Neutralize+1","Impatience+1","Backflip","Deadly Poison+1","Malaise","Calculated Gamble+1","Ghostly","Ghostly","Ghostly","After Image"],"special_seed":0,"relics":["Ring of the Snake","NeowsBlessing","Ginger","Sozu","Boot"],"potions_floor_usage":[],"damage_taken":[{"damage":0.0,"enemies":"2 Louse","floor":1.0,"turns":1.0},{"damage":0.0,"enemies":"Cultist","floor":3.0,"turns":1.0},{"damage":0.0,"enemies":"Small Slimes","floor":4.0,"turns":1.0},{"damage":2.0,"enemies":"2 Fungi Beasts","floor":7.0,"turns":5.0},{"damage":10.0,"enemies":"3 Louse","floor":10.0,"turns":5.0},{"damage":10.0,"enemies":"Large Slime","floor":12.0,"turns":10.0},{"damage":15.0,"enemies":"Lots of Slimes","floor":13.0,"turns":5.0},{"damage":12.0,"enemies":"The Guardian","floor":16.0,"turns":12.0},{"damage":8.0,"enemies":"Shell Parasite","floor":18.0,"turns":7.0},{"damage":24.0,"enemies":"2 Thieves","floor":19.0,"turns":4.0},{"damage":0.0,"enemies":"Snake Plant","floor":21.0,"turns":6.0},{"damage":11,"enemies":"Centurion and Healer","floor":24,"turns":10},{"damage":7,"enemies":"Snecko","floor":27,"turns":9},{"damage":3,"enemies":"Chosen and Byrds","floor":28,"turns":4}],"seed_played":"2061790318469879163","potions_obtained":[{"floor":3.0,"key":"SteroidPotion"},{"floor":4.0,"key":"Poison Potion"},{"floor":10.0,"key":"FearPotion"},{"floor":13.0,"key":"FearPotion"},{"floor":14.0,"key":"Fire Potion"}],"is_trial":false,"path_per_floor":["M","$","M","M","?","R","M","R","T","M","R","M","M","?","R","B",null,"M","M","?","M","?","R","M","?","T","M","M"],"character_chosen":"THE_SILENT","items_purchased":["Impatience"],"campfire_rested":0,"item_purchase_floors":[2],"current_hp_per_floor":[59,59,59,59,59,59,57,57,57,47,47,37,22,22,22,10,52,44,20,20,20,20,20,9,9,9,2,0],"gold":63,"neow_bonus":"THREE_ENEMY_KILL","is_prod":false,"is_daily":false,"chose_seed":false,"campfire_upgraded":4,"win_rate":0,"timestamp":1547604466,"path_taken":["M","$","M","M","?","R","M","R","T","?","R","M","M","?","R","BOSS","M","?","?","M","?","R","M","?","T","M","M"],"build_version":"2019-01-14v2","purchased_purges":0,"victory":false,"max_hp_per_floor":[66,66,66,66,66,66,66,66,66,66,66,66,66,66,66,66,66,66,66,66,66,66,66,66,33,33,33,33],"card_choices":[{"not_picked":["Underhanded Strike","Cloak And Dagger","Outmaneuver"],"picked":"SKIP","floor":1.0},{"not_picked":["Flying Knee","Terror"],"picked":"Backflip","floor":3.0},{"not_picked":["Flying Knee","Predator","Bane"],"picked":"SKIP","floor":4.0},{"not_picked":["Dagger Spray","PiercingWail","Flying Knee"],"picked":"SKIP","floor":7.0},{"not_picked":["Dash","Dodge and Roll","Infinite Blades"],"picked":"SKIP","floor":10.0},{"not_picked":["Dash","Dodge and Roll","Infinite Blades"],"picked":"SKIP","floor":10.0},{"not_picked":["Burst","Poisoned Stab","Endless Agony"],"picked":"SKIP","floor":12.0},{"not_picked":["Poisoned Stab","Outmaneuver"],"picked":"Deadly Poison","floor":13.0},{"not_picked":["Bullet Time","A Thousand Cuts"],"picked":"Malaise","floor":16.0},{"not_picked":["Sucker Punch","Backstab","Blade Dance"],"picked":"SKIP","floor":18.0},{"not_picked":["Underhanded Strike+1","Eviscerate","Dodge and Roll"],"picked":"SKIP","floor":19.0},{"not_picked":["Masterful Stab","Sucker Punch"],"picked":"Calculated Gamble","floor":21.0},{"not_picked":["Flechettes","Distraction","Calculated Gamble"],"picked":"SKIP","floor":24},{"not_picked":["Dodge and Roll","Distraction","After Image"],"picked":"SKIP","floor":27},{"not_picked":["Dodge and Roll","Distraction"],"picked":"After Image","floor":27}],"player_experience":1287265,"relics_obtained":[{"floor":9.0,"key":"Ginger"},{"floor":26,"key":"Boot"}],"event_choices":[{"cards_removed":["Strike_G"],"damage_healed":0.0,"max_hp_gain":0.0,"max_hp_loss":0.0,"gold_gain":0.0,"event_name":"Bonfire Elementals","player_choice":"Offered Basic","floor":5.0,"gold_loss":0.0,"damage_taken":0.0},{"damage_healed":0.0,"max_hp_gain":0.0,"max_hp_loss":0.0,"gold_gain":0.0,"event_name":"Lab","player_choice":"Got Potions","floor":14.0,"gold_loss":0.0,"damage_taken":0.0},{"damage_healed":0.0,"max_hp_gain":0.0,"max_hp_loss":0.0,"gold_gain":0.0,"event_name":"Masked Bandits","player_choice":"Paid Fearfully","floor":20.0,"gold_loss":175.0,"damage_taken":0.0},{"damage_healed":0,"gold_gain":0,"player_choice":"Became a Ghost","damage_taken":0,"max_hp_gain":0,"max_hp_loss":33,"event_name":"Ghosts","floor":25,"gold_loss":0,"cards_obtained":["Ghostly","Ghostly","Ghostly"]}],"is_beta":true,"boss_relics":[{"not_picked":["Ectoplasm","Lizard Tail"],"picked":"Sozu"}],"items_purged_floors":[],"is_endless":false,"potions_floor_spawned":[3,4,10,13,24,27],"killed_by":"Chosen and Byrds","ascension_level":20}