{"gold_per_floor":[117,134,134,209,224,224,237,247,272,288,314,20,20,20,20,96,96,110,160,4,4,4,32,32,59,59,159,64,81,101,114,114,188,188,199,13,32,50,50,50,50,50,50,81,81,181,232,232,232,232,232],"floor_reached":52,"playtime":2885,"items_purged":["Defend_G","Strike_G"],"score":2192,"play_id":"c83d6fb9-bad2-4409-a820-2e19c665ae20","local_time":"20190509151635","is_ascension_mode":true,"campfire_choices":[{"data":"Crippling Poison","floor":6.0,"key":"SMITH"},{"data":"Glass Knife","floor":13.0,"key":"SMITH"},{"data":"Well Laid Plans","floor":15.0,"key":"SMITH"},{"data":"Catalyst","floor":24.0,"key":"SMITH"},{"data":"Purity","floor":32.0,"key":"SMITH"},{"data":"Apotheosis","floor":40.0,"key":"SMITH"},{"floor":42.0,"key":"RECALL"},{"data":"Calculated Gamble","floor":49,"key":"SMITH"}],"neow_cost":"TEN_PERCENT_HP_LOSS","seed_source_timestamp":97016323380150,"circlet_count":0,"master_deck":["AscendersBane","Defend_G","Defend_G","Defend_G","Defend_G","Strike_G","Strike_G","Strike_G","Survivor+1","Neutralize","Thinking Ahead+1","Panacea","Calculated Gamble+1","Crippling Poison+1","Dash","Glass Knife+1","Well Laid Plans+1","Dark Embrace","Rage","Catalyst+1","Ghostly","Ghostly","Ghostly","Deadly Poison+1","Trip+1","Purity+1","Impatience","Jack Of All Trades","Auto Shields","Apotheosis+1","Footwork","Grand Finale","White Noise","Hologram","White Noise","Escape Plan","Coolheaded","Corruption+1"],"special_seed":0,"relics":["Ring of the Snake","Boot","Juzu Bracelet","PrismaticShard","Ninja Scroll","Runic Pyramid","War Paint","Bronze Scales","Mango","Pantograph","Cursed Key","Lantern","Nunchaku","Frozen Egg 2","Turnip"],"potions_floor_usage":[],"damage_taken":[{"damage":4.0,"enemies":"Cultist","floor":1.0,"turns":5.0},{"damage":2.0,"enemies":"2 Louse","floor":2.0,"turns":4.0},{"damage":2.0,"enemies":"Small Slimes","floor":5.0,"turns":3.0},{"damage":5.0,"enemies":"Blue Slaver","floor":7.0,"turns":5.0},{"damage":1.0,"enemies":"Exordium Thugs","floor":8.0,"turns":4.0},{"damage":0.0,"enemies":"Looter","floor":10.0,"turns":3.0},{"damage":12.0,"enemies":"Lagavulin","floor":11.0,"turns":5.0},{"damage":22.0,"enemies":"Slime Boss","floor":16.0,"turns":7.0},{"damage":1.0,"enemies":"Spheric Guardian","floor":18.0,"turns":3.0},{"damage":0.0,"enemies":"Gremlin Leader","floor":23.0,"turns":5.0},{"damage":19.0,"enemies":"Slavers","floor":25.0,"turns":6.0},{"damage":2.0,"enemies":"Colosseum Slavers","floor":27.0,"turns":5.0},{"damage":12.0,"enemies":"Colosseum Nobs","floor":27.0,"turns":5.0},{"damage":0.0,"enemies":"Chosen","floor":29.0,"turns":3.0},{"damage":4.0,"enemies":"Snecko","floor":30.0,"turns":5.0},{"damage":0.0,"enemies":"Snake Plant","floor":31.0,"turns":3.0},{"damage":0.0,"enemies":"Collector","floor":33.0,"turns":6.0},{"damage":0.0,"enemies":"Orb Walker","floor":35.0,"turns":4.0},{"damage":0.0,"enemies":"3 Darklings","floor":37.0,"turns":4.0},{"damage":1.0,"enemies":"4 Shapes","floor":38.0,"turns":5.0},{"damage":0.0,"enemies":"Nemesis","floor":44.0,"turns":8.0},{"damage":0,"enemies":"Mind Bloom Boss Battle","floor":46,"turns":4},{"damage":1,"enemies":"Reptomancer","floor":47,"turns":5},{"damage":0,"enemies":"Donu and Deca","floor":50,"turns":7},{"damage":4,"enemies":"Awakened One","floor":51,"turns":7}],"seed_played":"-1059062623512663187","potions_obtained":[{"floor":5.0,"key":"FairyPotion"},{"floor":7.0,"key":"SteroidPotion"},{"floor":16.0,"key":"SkillPotion"},{"floor":25.0,"key":"FearPotion"},{"floor":29.0,"key":"Swift Potion"},{"floor":30.0,"key":"GhostInAJar"},{"floor":33.0,"key":"Energy Potion"},{"floor":38.0,"key":"SteroidPotion"},{"floor":47,"key":"GamblersBrew"}],"is_trial":false,"path_per_floor":["M","M","?","?","M","R","M","M","T","M","E","$","R","T","R","B",null,"M","?","$","?","?","E","R","E","T","?","$","M","M","M","R","B",null,"M","$","M","M","?","R","?","R","T","E","?","?","E","?","R","B","B",null],"character_chosen":"THE_SILENT","items_purchased":["PrismaticShard","Well Laid Plans","Catalyst","Purity","Grand Finale"],"campfire_rested":0,"item_purchase_floors":[12,12,20,28,36],"current_hp_per_floor":[55,53,58,47,45,45,40,39,39,39,27,27,27,27,27,5,50,49,49,49,32,26,26,26,7,7,17,17,17,13,13,13,38,48,48,48,48,47,47,47,47,47,47,47,47,48,47,47,47,48,44],"gold":232,"neow_bonus":"RANDOM_COLORLESS_2","is_prod":false,"is_daily":false,"chose_seed":false,"campfire_upgraded":7,"win_rate":0,"timestamp":1557386195,"path_taken":["M","?","?","?","M","R","M","M","T","M","E","$","R","?","R","BOSS","M","?","$","?","?","E","R","E","T","?","$","M","M","M","R","BOSS","M","$","M","M","?","R","?","R","T","E","?","?","E","?","R","BOSS","BOSS"],"build_version":"2019-01-23","purchased_purges":2,"victory":true,"max_hp_per_floor":[60,60,65,65,65,65,65,65,65,65,65,65,65,65,65,65,65,65,65,65,32,37,37,37,37,37,51,51,51,51,51,51,51,51,51,51,51,51,51,51,48,48,48,48,48,48,48,48,48,48,48],"card_choices":[{"not_picked":["Skewer","Accuracy"],"picked":"Calculated Gamble","floor":1.0},{"not_picked":["Prepared","Acrobatics"],"picked":"Crippling Poison","floor":2.0},{"not_picked":["Acrobatics","Poisoned Stab"],"picked":"Dash","floor":5.0},{"not_picked":["Blade Dance","Poisoned Stab","Prepared"],"picked":"SKIP","floor":7.0},{"not_picked":["Choke","Acrobatics","Dagger Throw"],"picked":"SKIP","floor":8.0},{"not_picked":["Choke","Acrobatics"],"picked":"Dagger Throw","floor":8.0},{"not_picked":["Setup","Acrobatics"],"picked":"Glass Knife","floor":10.0},{"not_picked":["Leg Sweep","Setup","Endless Agony"],"picked":"SKIP","floor":11.0},{"not_picked":["Glass Knife","Core Surge"],"picked":"Dark Embrace","floor":16.0},{"not_picked":["Force Field","Rampage"],"picked":"Rage","floor":18.0},{"not_picked":["Ball Lightning","Conserve Battery"],"picked":"Deadly Poison+1","floor":23.0},{"not_picked":["Backstab","Redo","Endless Agony+1"],"picked":"SKIP","floor":25.0},{"not_picked":["Slice","PiercingWail"],"picked":"Trip+1","floor":27.0},{"not_picked":["Warcry+1","Undo"],"picked":"Impatience","floor":29.0},{"not_picked":["Inflame","Eviscerate"],"picked":"Jack Of All Trades","floor":30.0},{"not_picked":["Quick Slash","Headbutt"],"picked":"Auto Shields","floor":31.0},{"not_picked":["Doppelganger","Reboot"],"picked":"Apotheosis","floor":33.0},{"not_picked":["Dash+1","Endless Agony+1"],"picked":"Footwork","floor":35.0},{"not_picked":["Slice+1","Cold Snap"],"picked":"White Noise","floor":37.0},{"not_picked":["All Out Attack","Havoc"],"picked":"Hologram","floor":38.0},{"not_picked":["Force Field+1","Noxious Fumes+1"],"picked":"White Noise","floor":44.0},{"not_picked":["Backflip","Chaos"],"picked":"Coolheaded","floor":46},{"not_picked":["Cloak And Dagger","Heavy Blade"],"picked":"Corruption","floor":47}],"player_experience":4660391,"relics_obtained":[{"floor":9.0,"key":"Boot"},{"floor":11.0,"key":"Juzu Bracelet"},{"floor":14.0,"key":"Ninja Scroll"},{"floor":23.0,"key":"War Paint"},{"floor":25.0,"key":"Bronze Scales"},{"floor":27.0,"key":"Mango"},{"floor":27.0,"key":"Pantograph"},{"floor":44.0,"key":"Lantern"},{"floor":46,"key":"Nunchaku"},{"floor":47,"key":"Frozen Egg 2"}],"event_choices":[{"damage_healed":0.0,"max_hp_gain":5.0,"max_hp_loss":0.0,"gold_gain":0.0,"event_name":"Big Fish","player_choice":"Donut","floor":3.0,"gold_loss":0.0,"damage_taken":0.0},{"damage_healed":0.0,"max_hp_gain":0.0,"max_hp_loss":0.0,"gold_gain":75.0,"event_name":"World of Goop","player_choice":"Gather Gold","floor":4.0,"gold_loss":0.0,"damage_taken":11.0},{"damage_healed":0.0,"max_hp_gain":0.0,"max_hp_loss":0.0,"gold_gain":50.0,"event_name":"Nest","player_choice":"Stole From Cult","floor":19.0,"gold_loss":0.0,"damage_taken":0.0},{"damage_healed":0.0,"max_hp_gain":0.0,"max_hp_loss":33.0,"gold_gain":0.0,"event_name":"Ghosts","player_choice":"Became a Ghost","floor":21.0,"gold_loss":0.0,"damage_taken":0.0,"cards_obtained":["Ghostly","Ghostly","Ghostly"]},{"damage_healed":0.0,"max_hp_gain":5.0,"max_hp_loss":0.0,"gold_gain":0.0,"event_name":"Forgotten Altar","player_choice":"Shed Blood","floor":22.0,"gold_loss":0.0,"damage_taken":11.0},{"damage_healed":0.0,"max_hp_gain":0.0,"max_hp_loss":0.0,"gold_gain":0.0,"event_name":"Colosseum","player_choice":"Fight","floor":27.0,"gold_loss":0.0,"damage_taken":0.0},{"damage_healed":0.0,"max_hp_gain":0.0,"max_hp_loss":0.0,"gold_gain":0.0,"event_name":"Colosseum","player_choice":"Fought Nobs","floor":27.0,"gold_loss":0.0,"damage_taken":0.0},{"damage_healed":0.0,"max_hp_gain":0.0,"max_hp_loss":0.0,"gold_gain":0.0,"event_name":"Mysterious Sphere","player_choice":"Ignored","floor":39.0,"gold_loss":0.0,"damage_taken":0.0},{"damage_healed":0.0,"max_hp_gain":0.0,"max_hp_loss":3.0,"gold_gain":0.0,"event_name":"Winding Halls","player_choice":"Max HP","floor":41.0,"gold_loss":0.0,"damage_taken":0.0},{"damage_healed":0.0,"max_hp_gain":0.0,"max_hp_loss":0.0,"gold_gain":0.0,"cards_transformed":["Strike_G"],"event_name":"Transmorgrifier","player_choice":"Transformed","floor":45.0,"gold_loss":0.0,"damage_taken":0.0,"cards_obtained":["Escape Plan"]},{"damage_healed":0,"gold_gain":0,"player_choice":"Fight","damage_taken":0,"max_hp_gain":0,"max_hp_loss":0,"event_name":"MindBloom","floor":46,"gold_loss":0},{"cards_removed":["Dagger Throw"],"damage_healed":0,"gold_gain":0,"player_choice":"Gave Card","damage_taken":0,"relics_obtained":["Turnip"],"max_hp_gain":0,"max_hp_loss":0,"event_name":"WeMeetAgain","floor":48,"gold_loss":0}],"is_beta":false,"boss_relics":[{"not_picked":["Calling Bell","Lizard Tail"],"picked":"Runic Pyramid"},{"not_picked":["WristBlade","Philosopher\u0027s Stone"],"picked":"Cursed Key"}],"items_purged_floors":[20,36],"is_endless":false,"potions_floor_spawned":[5,7,16,25,29,30,31,33,37,38,47],"ascension_level":20}