{"gold_per_floor":[109,73,90,90,90,90,123,138,209,209,248,273,273,296,296,389,389,413,48,48,61,61,61,100,100,125,125,141,141,166,166,166,265,265,286,346,346,396,94,94,108,108,108,123,23,57,78,78,78,78,78,78,78,25,58,58],"floor_reached":57,"playtime":3875,"items_purged":["Bane","Bane"],"score":2862,"play_id":"02235f03-bef1-4d6a-9bed-d9aab36fdddf","local_time":"20190418171344","is_ascension_mode":true,"campfire_choices":[{"data":"Deadly Poison","floor":6.0,"key":"SMITH"},{"data":"Well Laid Plans","floor":10.0,"key":"SMITH"},{"data":"Night Terror","floor":13.0,"key":"SMITH"},{"data":"Cloak And Dagger","floor":15.0,"key":"SMITH"},{"data":"Calculated Gamble","floor":23.0,"key":"SMITH"},{"data":"Burst","floor":25.0,"key":"SMITH"},{"data":"Neutralize","floor":27.0,"key":"SMITH"},{"data":"Blur","floor":29.0,"key":"SMITH"},{"data":"Survivor","floor":32.0,"key":"SMITH"},{"data":"Acrobatics","floor":40.0,"key":"SMITH"},{"data":"Concentrate","floor":42.0,"key":"SMITH"},{"floor":49.0,"key":"RECALL"},{"data":"Tactician","floor":53.0,"key":"SMITH"}],"neow_cost":"NONE","seed_source_timestamp":14369207042182,"circlet_count":0,"master_deck":["AscendersBane","Survivor+1","Neutralize+1","Well Laid Plans+1","Night Terror+1","Blur+1","After Image","Endless Agony","Cloak And Dagger+1","After Image","Leg Sweep+1","Calculated Gamble+1","Burst+1","A Thousand Cuts","Bouncing Flask","Burst","Backstab","Tactician+1","Acrobatics+1","Envenom","Noxious Fumes","Concentrate+1","Calculated Gamble","Infinite Blades","Noxious Fumes+1"],"special_seed":0,"relics":["Ring of the Snake","NeowsBlessing","Golden Idol","Bag of Marbles","Bird Faced Urn","Pantograph","Nunchaku","Runic Pyramid","Mummified Hand","Potion Belt","Bag of Preparation","Pandora\u0027s Box","WingedGreaves","TheAbacus","Mango","Anchor"],"potions_floor_usage":[56,56,56,56],"damage_taken":[{"damage":0.0,"enemies":"Cultist","floor":1.0,"turns":1.0},{"damage":0.0,"enemies":"2 Louse","floor":3.0,"turns":1.0},{"damage":0.0,"enemies":"Gremlin Nob","floor":7.0,"turns":1.0},{"damage":2.0,"enemies":"Jaw Worm","floor":8.0,"turns":4.0},{"damage":41.0,"enemies":"3 Sentries","floor":11.0,"turns":18.0},{"damage":5.0,"enemies":"Gremlin Gang","floor":12.0,"turns":6.0},{"damage":0.0,"enemies":"Exordium Wildlife","floor":14.0,"turns":7.0},{"damage":36.0,"enemies":"Slime Boss","floor":16.0,"turns":19.0},{"damage":9.0,"enemies":"Shell Parasite","floor":18.0,"turns":11.0},{"damage":21.0,"enemies":"Colosseum Slavers","floor":20.0,"turns":8.0},{"damage":3.0,"enemies":"Chosen","floor":21.0,"turns":10.0},{"damage":24.0,"enemies":"Gremlin Leader","floor":24.0,"turns":11.0},{"damage":0.0,"enemies":"Snecko","floor":28.0,"turns":7.0},{"damage":0.0,"enemies":"Snake Plant","floor":30.0,"turns":7.0},{"damage":32.0,"enemies":"Collector","floor":33.0,"turns":14.0},{"damage":1.0,"enemies":"3 Shapes","floor":35.0,"turns":5.0},{"damage":25.0,"enemies":"2 Orb Walkers","floor":36.0,"turns":6.0},{"damage":15.0,"enemies":"3 Darklings","floor":41.0,"turns":5.0},{"damage":0.0,"enemies":"Transient","floor":44.0,"turns":6.0},{"damage":0.0,"enemies":"Reptomancer","floor":46.0,"turns":5.0},{"damage":7.0,"enemies":"Writhing Mass","floor":47.0,"turns":6.0},{"damage":45.0,"enemies":"Awakened One","floor":50.0,"turns":11.0},{"damage":41.0,"enemies":"Time Eater","floor":51.0,"turns":17.0},{"damage":0,"enemies":"Shield and Spear","floor":55,"turns":8},{"damage":0,"enemies":"The Heart","floor":56,"turns":11}],"seed_played":"5829122402946538854","potions_obtained":[{"floor":3.0,"key":"Dexterity Potion"},{"floor":8.0,"key":"GamblersBrew"},{"floor":16.0,"key":"LiquidBronze"},{"floor":21.0,"key":"FearPotion"},{"floor":28.0,"key":"Fire Potion"},{"floor":30.0,"key":"Poison Potion"},{"floor":33.0,"key":"Explosive Potion"},{"floor":35.0,"key":"GhostInAJar"},{"floor":46.0,"key":"FearPotion"}],"is_trial":false,"path_per_floor":["M","$","M","?","?","R","E","M","T","R","E","M","R","M","R","B",null,"M","$","?","M","$","R","E","R","T","R","M","R","M","?","R","B",null,"M","?","?","?","$","R","M","R","T","M","$","E","M","?","R","B","B",null,"R","$","E","B",null],"character_chosen":"THE_SILENT","items_purchased":["Well Laid Plans","Mummified Hand","Calculated Gamble","TheAbacus","Weak Potion"],"campfire_rested":0,"item_purchase_floors":[2,19,19,39,54],"current_hp_per_floor":[59,59,59,59,54,54,54,54,54,54,15,14,14,24,24,23,51,54,54,39,46,46,46,34,34,34,34,46,46,52,52,52,44,56,60,41,41,41,41,41,38,38,38,50,50,74,73,73,73,47,33,64,64,64,74,74],"gold":58,"neow_bonus":"THREE_ENEMY_KILL","is_prod":false,"is_daily":false,"chose_seed":false,"campfire_upgraded":12,"win_rate":0,"timestamp":1555578824,"path_taken":["M","?","M","?","?","R","E","M","T","R","E","?","R","?","R","BOSS","M","$","?","M","?","R","E","R","T","R","M","R","M","?","R","BOSS","M","?","?","?","$","R","?","R","T","M","$","E","?","?","R","BOSS","BOSS","R","$","E","BOSS"],"build_version":"2019-01-23","purchased_purges":2,"victory":true,"max_hp_per_floor":[66,66,66,60,60,60,60,60,60,60,60,60,60,60,60,60,60,60,60,60,60,60,60,60,60,60,60,60,60,60,60,60,60,60,60,60,60,60,60,60,60,60,60,60,60,74,74,74,74,74,74,74,74,74,74,74],"card_choices":[{"not_picked":["Slice","Deflect","Underhanded Strike"],"picked":"SKIP","floor":1.0},{"not_picked":["Flying Knee","Outmaneuver"],"picked":"Deadly Poison","floor":3.0},{"not_picked":["Quick Slash","Slice"],"picked":"Night Terror","floor":7.0},{"not_picked":["Cloak And Dagger","Finisher"],"picked":"Blur","floor":8.0},{"not_picked":["Masterful Stab","Slice"],"picked":"After Image","floor":11.0},{"not_picked":["Deadly Poison","Deflect"],"picked":"Endless Agony","floor":12.0},{"not_picked":["Deadly Poison","Prepared"],"picked":"Cloak And Dagger","floor":14.0},{"not_picked":["A Thousand Cuts","Burst"],"picked":"After Image","floor":16.0},{"not_picked":["PiercingWail","Dagger Throw"],"picked":"Leg Sweep+1","floor":18.0},{"not_picked":["Dagger Spray","Slice"],"picked":"Burst","floor":21.0},{"not_picked":["Dagger Throw","Slice+1","Poisoned Stab"],"picked":"SKIP","floor":24.0},{"not_picked":["Bouncing Flask","Dodge and Roll","Flechettes"],"picked":"SKIP","floor":28.0},{"not_picked":["PiercingWail","Dash","Poisoned Stab"],"picked":"SKIP","floor":30.0},{"not_picked":["Doppelganger","Malaise"],"picked":"A Thousand Cuts","floor":33.0},{"not_picked":["Concentrate","Underhanded Strike","Deadly Poison"],"picked":"SKIP","floor":35.0},{"not_picked":["Bane","Blade Dance"],"picked":"Calculated Gamble","floor":41.0},{"not_picked":["Dodge and Roll","Accuracy+1","Quick Slash"],"picked":"SKIP","floor":44.0},{"not_picked":["Eviscerate","Blade Dance"],"picked":"Infinite Blades","floor":46.0},{"not_picked":["Flying Knee","Outmaneuver","Concentrate"],"picked":"SKIP","floor":47.0},{"not_picked":["Crippling Poison","Riddle With Holes"],"picked":"Noxious Fumes+1","floor":55}],"player_experience":4377856,"relics_obtained":[{"floor":7.0,"key":"Bird Faced Urn"},{"floor":9.0,"key":"Pantograph"},{"floor":11.0,"key":"Nunchaku"},{"floor":24.0,"key":"Potion Belt"},{"floor":26.0,"key":"Bag of Preparation"},{"floor":36.0,"key":"WingedGreaves"},{"floor":46.0,"key":"Mango"},{"floor":55,"key":"Anchor"}],"event_choices":[{"damage_healed":0.0,"max_hp_gain":0.0,"max_hp_loss":6.0,"gold_gain":0.0,"event_name":"Golden Idol","player_choice":"Lose Max HP","floor":4.0,"gold_loss":0.0,"damage_taken":0.0,"relics_obtained":["Golden Idol"]},{"damage_healed":0.0,"max_hp_gain":0.0,"max_hp_loss":0.0,"gold_gain":0.0,"event_name":"Scrap Ooze","player_choice":"Success","floor":5.0,"gold_loss":0.0,"damage_taken":5.0,"relics_obtained":["Bag of Marbles"]},{"damage_healed":0.0,"max_hp_gain":0.0,"max_hp_loss":0.0,"gold_gain":0.0,"event_name":"Colosseum","player_choice":"Fight","floor":20.0,"gold_loss":0.0,"damage_taken":0.0},{"damage_healed":0.0,"max_hp_gain":0.0,"max_hp_loss":0.0,"gold_gain":0.0,"event_name":"Colosseum","player_choice":"Fled From Nobs","floor":20.0,"gold_loss":0.0,"damage_taken":0.0},{"damage_healed":0.0,"max_hp_gain":0.0,"max_hp_loss":0.0,"gold_gain":0.0,"event_name":"Ghosts","player_choice":"Ignored","floor":31.0,"gold_loss":0.0,"damage_taken":0.0},{"damage_healed":0.0,"max_hp_gain":0.0,"max_hp_loss":0.0,"gold_gain":0.0,"event_name":"Mysterious Sphere","player_choice":"Fight","floor":36.0,"gold_loss":0.0,"damage_taken":0.0},{"damage_healed":0.0,"max_hp_gain":0.0,"max_hp_loss":0.0,"gold_gain":0.0,"event_name":"Tomb of Lord Red Mask","player_choice":"Ignored","floor":37.0,"gold_loss":0.0,"damage_taken":0.0},{"damage_healed":0.0,"max_hp_gain":0.0,"max_hp_loss":0.0,"gold_gain":50.0,"event_name":"Golden Shrine","player_choice":"Pray","floor":38.0,"gold_loss":0.0,"damage_taken":0.0},{"cards_removed":["Deadly Poison"],"damage_healed":0.0,"max_hp_gain":0.0,"max_hp_loss":0.0,"gold_gain":0.0,"event_name":"Falling","player_choice":"Removed Skill","floor":48.0,"gold_loss":0.0,"damage_taken":0.0}],"is_beta":false,"boss_relics":[{"not_picked":["Velvet Choker","Calling Bell"],"picked":"Runic Pyramid"},{"not_picked":["Lizard Tail","Snecko Eye"],"picked":"Pandora\u0027s Box"}],"items_purged_floors":[39,45],"is_endless":false,"potions_floor_spawned":[3,8,16,21,28,30,33,35,46],"ascension_level":20}