{"gold_per_floor":[118,168,180,196,168,168,200,210,255,283,283,298,311,311,311,384,384,395,406,424,442,44,57,67,96,96,96,11,11,26,36,36,107,107,119,119,1118,1118,620,654,654,654,654,673,673,291,311,311,311,311,311],"floor_reached":52,"playtime":2057,"items_purged":["Normality","Normality"],"score":1853,"play_id":"3415b695-a9e3-4851-8cf2-f1082f87f542","local_time":"20190222222709","is_ascension_mode":true,"campfire_choices":[{"data":"Streamline","floor":6.0,"key":"SMITH"},{"data":"Hologram","floor":11.0,"key":"SMITH"},{"data":"Consume","floor":15.0,"key":"SMITH"},{"data":"Coolheaded","floor":27.0,"key":"SMITH"},{"data":"Loop","floor":29.0,"key":"SMITH"},{"data":"Defragment","floor":32.0,"key":"SMITH"},{"data":"Secret Technique","floor":49,"key":"SMITH"}],"neow_cost":"NONE","seed_source_timestamp":439337467071621,"circlet_count":0,"master_deck":["AscendersBane","Strike_B","Strike_B","Strike_B","Strike_B","Defend_B","Defend_B","Defend_B","Defend_B","Zap","Dualcast","Hologram+1","Streamline+1","Ball Lightning","Go for the Eyes","Beam Cell+1","Glacier","Conserve Battery","Blizzard+1","Core Surge+1","Cold Snap+1","Consume+1","Biased Cognition","Stack","Cold Snap+1","Coolheaded+1","Loop+1","Compile Driver+1","Defragment+1","Capacitor+1","Hologram+1","Turbo","Master of Strategy","Undo+1","Secret Technique+1","Parasite","Self Repair+1"],"special_seed":0,"relics":["Cracked Core","NeowsBlessing","Molten Egg 2","Bronze Scales","Orichalcum","Coffee Dripper","FossilizedHelix","Regal Pillow","Sundial","Runic Dome","Membership Card","PreservedInsect","Frozen Egg 2","Bag of Preparation","Calipers","DataDisk","Bottled Lightning"],"potions_floor_usage":[50],"damage_taken":[{"damage":0.0,"enemies":"2 Louse","floor":1.0,"turns":1.0},{"damage":0.0,"enemies":"Cultist","floor":3.0,"turns":1.0},{"damage":0.0,"enemies":"Jaw Worm","floor":4.0,"turns":1.0},{"damage":31.0,"enemies":"Gremlin Nob","floor":7.0,"turns":4.0},{"damage":0.0,"enemies":"Large Slime","floor":8.0,"turns":4.0},{"damage":20.0,"enemies":"Lagavulin","floor":10.0,"turns":6.0},{"damage":0.0,"enemies":"3 Louse","floor":12.0,"turns":2.0},{"damage":0.0,"enemies":"2 Fungi Beasts","floor":13.0,"turns":2.0},{"damage":1.0,"enemies":"Slime Boss","floor":16.0,"turns":9.0},{"damage":0.0,"enemies":"Spheric Guardian","floor":18.0,"turns":3.0},{"damage":11.0,"enemies":"Shell Parasite","floor":19.0,"turns":5.0},{"damage":6.0,"enemies":"Centurion and Healer","floor":20.0,"turns":5.0},{"damage":0.0,"enemies":"3 Cultists","floor":21.0,"turns":5.0},{"damage":0.0,"enemies":"Sentry and Sphere","floor":23.0,"turns":6.0},{"damage":0.0,"enemies":"Cultist and Chosen","floor":24.0,"turns":6.0},{"damage":27.0,"enemies":"Book of Stabbing","floor":25.0,"turns":5.0},{"damage":0.0,"enemies":"Centurion and Healer","floor":30.0,"turns":6.0},{"damage":8.0,"enemies":"Snake Plant","floor":31.0,"turns":4.0},{"damage":16.0,"enemies":"Automaton","floor":33.0,"turns":11.0},{"damage":5.0,"enemies":"3 Shapes","floor":35.0,"turns":7.0},{"damage":7.0,"enemies":"Nemesis","floor":40.0,"turns":6.0},{"damage":11.0,"enemies":"3 Darklings","floor":44.0,"turns":7.0},{"damage":6,"enemies":"Writhing Mass","floor":47,"turns":6},{"damage":15,"enemies":"Donu and Deca","floor":50,"turns":16},{"damage":15,"enemies":"Time Eater","floor":51,"turns":14}],"seed_played":"5970703874295735309","potions_obtained":[{"floor":4.0,"key":"Fruit Juice"},{"floor":10.0,"key":"Explosive Potion"},{"floor":13.0,"key":"SkillPotion"},{"floor":16.0,"key":"Regen Potion"},{"floor":18.0,"key":"EntropicBrew"},{"floor":25.0,"key":"SkillPotion"},{"floor":33.0,"key":"SkillPotion"},{"floor":44.0,"key":"GamblersBrew"}],"is_trial":false,"path_per_floor":["M","?","M","M","$","R","E","M","T","E","R","M","M","?","R","B",null,"M","M","M","M","$","M","M","E","T","R","$","R","M","M","R","B",null,"M","?","?","?","$","E","?","T","T","M","?","$","M","?","R","B","B",null],"character_chosen":"DEFECT","items_purchased":["Go for the Eyes","FossilizedHelix","Loop","Defragment","Turbo","Membership Card","PreservedInsect","Master of Strategy","DataDisk","Secret Technique","Bottled Lightning"],"campfire_rested":0,"item_purchase_floors":[5,22,22,28,39,39,39,39,46,46,46],"current_hp_per_floor":[64,57,57,62,62,62,31,31,31,11,11,11,11,11,11,10,60,60,49,43,43,43,43,43,28,28,28,28,28,28,20,20,4,58,53,53,53,53,53,46,46,46,46,35,35,35,29,59,59,54,49],"gold":311,"neow_bonus":"THREE_ENEMY_KILL","is_prod":false,"is_daily":false,"chose_seed":false,"campfire_upgraded":7,"win_rate":0,"timestamp":1550845629,"path_taken":["M","?","?","M","$","R","E","M","T","E","R","M","M","?","R","BOSS","M","M","?","?","?","?","?","E","T","R","$","R","M","M","R","BOSS","M","?","?","?","$","E","?","?","T","M","?","?","?","?","R","BOSS","BOSS"],"build_version":"2019-01-23","purchased_purges":2,"victory":true,"max_hp_per_floor":[71,71,71,76,76,76,76,76,76,76,76,76,76,76,76,76,76,76,76,76,76,76,76,76,76,76,76,76,76,76,76,76,76,76,76,76,76,76,76,76,72,72,72,72,72,72,72,59,59,59,59],"card_choices":[{"not_picked":["Conserve Battery","Darkness"],"picked":"Hologram","floor":1.0},{"not_picked":["FTL","Conserve Battery"],"picked":"Streamline","floor":3.0},{"not_picked":["Genetic Algorithm","Redo"],"picked":"Ball Lightning","floor":4.0},{"not_picked":["Gash","Tempest"],"picked":"Beam Cell","floor":7.0},{"not_picked":["Conserve Battery","Streamline+1"],"picked":"Glacier","floor":8.0},{"not_picked":["Streamline+1","Beam Cell+1"],"picked":"Conserve Battery","floor":10.0},{"not_picked":["Force Field","Redo","Streamline+1"],"picked":"SKIP","floor":12.0},{"not_picked":["Redo","Static Discharge"],"picked":"Blizzard+1","floor":13.0},{"not_picked":["Meteor Strike+1","Seek"],"picked":"Biased Cognition","floor":16.0},{"not_picked":["Redo","Sweeping Beam+1","Darkness"],"picked":"SKIP","floor":18.0},{"not_picked":["Ball Lightning+1","Auto Shields"],"picked":"Stack","floor":19.0},{"not_picked":["Reprogram","Hologram"],"picked":"Cold Snap+1","floor":20.0},{"not_picked":["Aggregate","Barrage+1"],"picked":"Coolheaded","floor":21.0},{"not_picked":["Ball Lightning+1","Hello World","Scrape+1"],"picked":"SKIP","floor":23.0},{"not_picked":["Go for the Eyes+1","Ball Lightning+1","Steam"],"picked":"SKIP","floor":24.0},{"not_picked":["Hologram","Consume+1"],"picked":"Compile Driver+1","floor":25.0},{"not_picked":["Rebound+1","Compile Driver+1","White Noise"],"picked":"SKIP","floor":30.0},{"not_picked":["Blizzard+1","Gash+1"],"picked":"Capacitor+1","floor":31.0},{"not_picked":["Biased Cognition","Creative AI"],"picked":"Reboot","floor":33.0},{"not_picked":["Leap+1","Cold Snap+1"],"picked":"Hologram+1","floor":35.0},{"not_picked":["Sunder+1","Buffer"],"picked":"Undo+1","floor":40.0},{"not_picked":["Capacitor+1","Hello World+1","Streamline+1"],"picked":"SKIP","floor":44.0},{"not_picked":["Hello World+1","Storm+1"],"picked":"Self Repair+1","floor":47}],"player_experience":914493,"relics_obtained":[{"floor":7.0,"key":"Molten Egg 2"},{"floor":9.0,"key":"Bronze Scales"},{"floor":10.0,"key":"Orichalcum"},{"floor":25.0,"key":"Regal Pillow"},{"floor":26.0,"key":"Sundial"},{"floor":40.0,"key":"Frozen Egg 2"},{"floor":42.0,"key":"Bag of Preparation"},{"floor":43.0,"key":"Calipers"}],"event_choices":[{"damage_healed":0.0,"max_hp_gain":0.0,"max_hp_loss":0.0,"gold_gain":50.0,"event_name":"FaceTrader","player_choice":"Touch","floor":2.0,"gold_loss":0.0,"damage_taken":7.0},{"damage_healed":0.0,"max_hp_gain":0.0,"max_hp_loss":0.0,"gold_gain":0.0,"event_name":"Match and Keep!","player_choice":"3 cards matched","floor":14.0,"gold_loss":0.0,"damage_taken":0.0,"cards_obtained":["Core Surge","Cold Snap","Consume"]},{"damage_healed":0.0,"max_hp_gain":0.0,"max_hp_loss":0.0,"gold_gain":0.0,"event_name":"SensoryStone","player_choice":"Memory 1","floor":36.0,"gold_loss":0.0,"damage_taken":0.0},{"damage_healed":0.0,"max_hp_gain":0.0,"max_hp_loss":0.0,"gold_gain":999.0,"event_name":"MindBloom","player_choice":"Gold","floor":37.0,"gold_loss":0.0,"damage_taken":0.0,"cards_obtained":["Normality","Normality"]},{"cards_removed":["Reboot"],"damage_healed":0.0,"max_hp_gain":0.0,"max_hp_loss":0.0,"gold_gain":0.0,"event_name":"Falling","player_choice":"Removed Skill","floor":38.0,"gold_loss":0.0,"damage_taken":0.0},{"damage_healed":0.0,"max_hp_gain":0.0,"max_hp_loss":4.0,"gold_gain":0.0,"event_name":"Winding Halls","player_choice":"Max HP","floor":41.0,"gold_loss":0.0,"damage_taken":0.0},{"damage_healed":0.0,"max_hp_gain":0.0,"max_hp_loss":0.0,"gold_gain":0.0,"event_name":"Mysterious Sphere","player_choice":"Ignored","floor":45.0,"gold_loss":0.0,"damage_taken":0.0},{"damage_healed":59,"gold_gain":0,"player_choice":"Heal","damage_taken":0,"max_hp_gain":0,"max_hp_loss":13,"event_name":"The Moai Head","floor":48,"gold_loss":0}],"is_beta":false,"boss_relics":[{"not_picked":["Fusion Hammer","Lizard Tail"],"picked":"Coffee Dripper"},{"not_picked":["Calling Bell","Velvet Choker"],"picked":"Runic Dome"}],"items_purged_floors":[39,46],"is_endless":false,"potions_floor_spawned":[4,10,13,16,18,19,23,25,33,40,44],"ascension_level":20}