{"gold_per_floor":[114,114,130,130,144,144,69,69,69,69,89,122,135,166,166,243,293,310,310,260,275,275,309,309,40,64,64,14,24,35,65,65,138,138,148,159,169,179,129,164,183,183,208,208,236,252,202,214,214,214,214,214,214,108,140,140],"floor_reached":57,"playtime":2090,"items_purged":["Strike_G","Strike_G","Defend_G","Defend_G","Defend_G","Acrobatics+1","Grand Finale"],"score":3674,"play_id":"116d5447-2243-4c7f-909d-be4e4bfa265d","local_time":"20190403020120","is_ascension_mode":true,"campfire_choices":[{"data":"Acrobatics","floor":6.0,"key":"SMITH"},{"data":"Tactician","floor":8.0,"key":"SMITH"},{"data":"Impatience","floor":10.0,"key":"SMITH"},{"data":"Purity","floor":15.0,"key":"SMITH"},{"data":"Acrobatics","floor":24.0,"key":"SMITH"},{"data":"Prepared","floor":32.0,"key":"SMITH"},{"floor":49.0,"key":"RECALL"},{"data":"Backflip","floor":53.0,"key":"SMITH"}],"neow_cost":"TEN_PERCENT_HP_LOSS","seed_source_timestamp":66907005898774,"circlet_count":0,"master_deck":["AscendersBane","Defend_G+1","Defend_G+1","Survivor+1","Neutralize","Purity+1","Impatience+1","Tactician+1","Acrobatics+1","Flechettes","Prepared+1","Backflip+1"],"special_seed":0,"relics":["Ring of the Snake","Letter Opener","Smiling Mask","Lantern","Tiny House","Omamori","Medical Kit","Pocketwatch","Eternal Feather","Gremlin Horn","Bag of Preparation","Singing Bowl","War Paint"],"potions_floor_usage":[56,56],"damage_taken":[{"damage":20.0,"enemies":"Jaw Worm","floor":1.0,"turns":9.0},{"damage":1.0,"enemies":"Small Slimes","floor":3.0,"turns":3.0},{"damage":0.0,"enemies":"Cultist","floor":5.0,"turns":4.0},{"damage":0.0,"enemies":"Looter","floor":11.0,"turns":3.0},{"damage":0.0,"enemies":"3 Sentries","floor":12.0,"turns":3.0},{"damage":0.0,"enemies":"Large Slime","floor":13.0,"turns":2.0},{"damage":0.0,"enemies":"Lagavulin","floor":14.0,"turns":1.0},{"damage":3.0,"enemies":"Slime Boss","floor":16.0,"turns":6.0},{"damage":0.0,"enemies":"Chosen","floor":18.0,"turns":4.0},{"damage":0.0,"enemies":"Shell Parasite","floor":21.0,"turns":1.0},{"damage":0.0,"enemies":"Book of Stabbing","floor":23.0,"turns":2.0},{"damage":0.0,"enemies":"Snake Plant","floor":29.0,"turns":1.0},{"damage":0.0,"enemies":"Sentry and Sphere","floor":30.0,"turns":1.0},{"damage":0.0,"enemies":"Gremlin Leader","floor":31.0,"turns":1.0},{"damage":0.0,"enemies":"Collector","floor":33.0,"turns":1.0},{"damage":0.0,"enemies":"Orb Walker","floor":35.0,"turns":1.0},{"damage":0.0,"enemies":"3 Darklings","floor":36.0,"turns":1.0},{"damage":0.0,"enemies":"Maw","floor":37.0,"turns":1.0},{"damage":0.0,"enemies":"Sphere and 2 Shapes","floor":38.0,"turns":1.0},{"damage":0.0,"enemies":"Reptomancer","floor":40.0,"turns":1.0},{"damage":0.0,"enemies":"Jaw Worm Horde","floor":41.0,"turns":1.0},{"damage":0.0,"enemies":"Giant Head","floor":45.0,"turns":1.0},{"damage":0.0,"enemies":"4 Shapes","floor":46.0,"turns":1.0},{"damage":0.0,"enemies":"3 Darklings","floor":48.0,"turns":1.0},{"damage":0.0,"enemies":"Donu and Deca","floor":50.0,"turns":1.0},{"damage":0.0,"enemies":"Time Eater","floor":51.0,"turns":3.0},{"damage":0,"enemies":"Shield and Spear","floor":55,"turns":1},{"damage":61,"enemies":"The Heart","floor":56,"turns":5}],"seed_played":"-7813753123680864794","potions_obtained":[{"floor":1.0,"key":"LiquidBronze"},{"floor":13.0,"key":"Block Potion"},{"floor":16.0,"key":"Explosive Potion"},{"floor":46.0,"key":"Dexterity Potion"}],"is_trial":false,"path_per_floor":["M","?","M","?","M","R","$","R","T","R","M","E","M","E","R","B",null,"M","?","$","M","?","E","R","$","T","?","$","M","M","E","R","B",null,"M","M","M","M","$","E","M","?","T","?","E","M","$","M","R","B","B",null,"R","$","E","B",null],"character_chosen":"THE_SILENT","items_purchased":["Medical Kit","Block Potion"],"campfire_rested":0,"item_purchase_floors":[25,54],"current_hp_per_floor":[39,21,20,13,13,13,13,13,13,13,13,13,13,13,13,10,53,53,49,49,49,49,49,49,49,49,49,49,49,49,49,49,49,61,61,61,61,61,61,61,61,61,61,61,63,65,65,67,68,68,68,68,68,68,70,9],"gold":140,"neow_bonus":"RANDOM_COLORLESS_2","is_prod":false,"is_daily":false,"chose_seed":false,"campfire_upgraded":7,"win_rate":0,"timestamp":1554228080,"path_taken":["M","?","M","?","M","R","$","R","T","R","M","E","?","E","R","BOSS","M","?","$","?","?","E","R","$","T","?","?","M","M","E","R","BOSS","M","?","M","M","$","E","M","?","T","?","E","?","$","M","R","BOSS","BOSS","R","$","E","BOSS"],"build_version":"2019-01-23","purchased_purges":7,"victory":true,"max_hp_per_floor":[60,60,60,60,60,60,60,60,60,60,60,60,60,60,60,60,65,65,65,65,65,65,65,65,65,65,65,65,65,65,65,65,65,65,65,65,65,65,65,65,65,62,62,62,64,66,66,68,68,68,68,68,68,68,70,70],"card_choices":[{"not_picked":["Acrobatics","Outmaneuver"],"picked":"Tactician","floor":1.0},{"not_picked":["Concentrate","Underhanded Strike"],"picked":"Acrobatics","floor":3.0},{"not_picked":["Reflex","Distraction","Tactician"],"picked":"SKIP","floor":5.0},{"not_picked":["Riddle With Holes","Backflip"],"picked":"Acrobatics","floor":11.0},{"not_picked":["Quick Slash","Tactician","Blur"],"picked":"SKIP","floor":12.0},{"not_picked":["Dagger Throw","Distraction","Poisoned Stab"],"picked":"SKIP","floor":13.0},{"not_picked":["Slice","Burst","Blade Dance"],"picked":"SKIP","floor":14.0},{"not_picked":["Slice","Dagger Throw"],"picked":"Flechettes","floor":17.0},{"not_picked":["Prepared","Blur","Dagger Spray"],"picked":"SKIP","floor":18.0},{"not_picked":["Footwork","Setup","Skewer+1"],"picked":"SKIP","floor":21.0},{"not_picked":["Bane","Well Laid Plans","Deflect"],"picked":"SKIP","floor":23.0},{"not_picked":["PiercingWail","Finisher+1","Catalyst"],"picked":"SKIP","floor":29.0},{"not_picked":["Bane","Terror","Poisoned Stab"],"picked":"SKIP","floor":30.0},{"not_picked":["Prepared","Deadly Poison","Choke"],"picked":"SKIP","floor":31.0},{"not_picked":["Masterful Stab","Endless Agony","Slice"],"picked":"SKIP","floor":35.0},{"not_picked":["Crippling Poison","Distraction","Poisoned Stab"],"picked":"SKIP","floor":36.0},{"not_picked":["Prepared","Underhanded Strike"],"picked":"Backflip","floor":37.0},{"not_picked":["Backflip+1","Sucker Punch","Bane"],"picked":"SKIP","floor":38.0},{"not_picked":["Sucker Punch","Underhanded Strike","Outmaneuver"],"picked":"SKIP","floor":40.0},{"not_picked":["After Image","Outmaneuver","Heel Hook"],"picked":"SKIP","floor":41.0},{"not_picked":["Outmaneuver","Flechettes","PiercingWail+1"],"picked":"Singing Bowl","floor":45.0},{"not_picked":["Cloak And Dagger","PiercingWail+1","Underhanded Strike+1"],"picked":"Singing Bowl","floor":46.0},{"not_picked":["Dagger Spray","Bane","Dodge and Roll+1"],"picked":"Singing Bowl","floor":48.0},{"not_picked":["Bouncing Flask+1","Leg Sweep","Flying Knee+1"],"picked":"Singing Bowl","floor":55}],"player_experience":4032873,"relics_obtained":[{"floor":9.0,"key":"Letter Opener"},{"floor":12.0,"key":"Smiling Mask"},{"floor":14.0,"key":"Lantern"},{"floor":23.0,"key":"Omamori"},{"floor":31.0,"key":"Pocketwatch"},{"floor":40.0,"key":"Gremlin Horn"},{"floor":43.0,"key":"Bag of Preparation"},{"floor":45.0,"key":"Singing Bowl"},{"floor":55,"key":"War Paint"}],"event_choices":[{"damage_healed":0.0,"max_hp_gain":0.0,"max_hp_loss":0.0,"gold_gain":0.0,"event_name":"Shining Light","player_choice":"Entered Light","floor":2.0,"gold_loss":0.0,"damage_taken":18.0,"cards_upgraded":["Defend_G","Strike_G"]},{"cards_removed":["Strike_G"],"damage_healed":0.0,"max_hp_gain":0.0,"max_hp_loss":0.0,"gold_gain":0.0,"event_name":"Golden Wing","player_choice":"Card Removal","floor":4.0,"gold_loss":0.0,"damage_taken":7.0},{"damage_healed":0.0,"max_hp_gain":0.0,"max_hp_loss":0.0,"gold_gain":0.0,"event_name":"The Woman in Blue","player_choice":"Bought 0 Potions","floor":19.0,"gold_loss":0.0,"damage_taken":0.0},{"damage_healed":0.0,"max_hp_gain":0.0,"max_hp_loss":0.0,"gold_gain":0.0,"cards_transformed":["Strike_G","Strike_G"],"event_name":"Drug Dealer","player_choice":"Became Test Subject","floor":22.0,"gold_loss":0.0,"damage_taken":0.0,"cards_obtained":["Prepared","Grand Finale"]},{"damage_healed":0.0,"max_hp_gain":0.0,"max_hp_loss":0.0,"gold_gain":0.0,"event_name":"Vampires","player_choice":"Ignored","floor":27.0,"gold_loss":0.0,"damage_taken":0.0},{"damage_healed":0.0,"max_hp_gain":0.0,"max_hp_loss":3.0,"gold_gain":0.0,"event_name":"Winding Halls","player_choice":"Max HP","floor":42.0,"gold_loss":0.0,"damage_taken":0.0},{"damage_healed":0.0,"max_hp_gain":0.0,"max_hp_loss":0.0,"gold_gain":0.0,"event_name":"Duplicator","player_choice":"Ignored","floor":44.0,"gold_loss":0.0,"damage_taken":0.0}],"is_beta":false,"boss_relics":[{"not_picked":["White Beast Statue","Fusion Hammer"],"picked":"Tiny House"},{"not_picked":["Sozu","Busted Crown"],"picked":"Eternal Feather"}],"items_purged_floors":[7,20,25,28,39,47,54],"is_endless":false,"potions_floor_spawned":[1,13,14,16,23,29,38,40,45,46,55],"ascension_level":20}