{"gold_per_floor":[20,20,39,39,52,52,86,86,86,105,105,30,59,76,76,152,152,169,2,21,41,41,41,1,21,21,21,21,21,21,40,40,119,119,129,129,140,158,170,203,203,229,284,301,301,352,352,352,352,352,352,352,352,36,70,70],"floor_reached":57,"playtime":2902,"items_purged":["Strike_B","Defend_B"],"score":2765,"play_id":"a3ac41b0-70e6-47c2-8797-34f44ff76b54","local_time":"20190611020219","is_ascension_mode":true,"campfire_choices":[{"data":"Zap","floor":6.0,"key":"SMITH"},{"data":"Dualcast","floor":11.0,"key":"SMITH"},{"data":"Streamline","floor":15.0,"key":"SMITH"},{"data":"Consume","floor":23.0,"key":"SMITH"},{"data":"Skim","floor":30.0,"key":"SMITH"},{"floor":32.0,"key":"REST"},{"data":"Skim","floor":41.0,"key":"SMITH"},{"data":"Heatsinks","floor":45.0,"key":"SMITH"},{"floor":47.0,"key":"RECALL"},{"data":"Capacitor","floor":49.0,"key":"SMITH"},{"data":"Echo Form","floor":53,"key":"SMITH"}],"neow_cost":"NO_GOLD","seed_source_timestamp":48413872593400,"circlet_count":0,"master_deck":["AscendersBane","Defend_B","Defend_B","Zap+1","Dualcast+1","All For One","Streamline+1","Chill","Consume+1","Skim+1","Echo Form+1","White Noise+1","Auto Shields+1","Self Repair","Heatsinks+1","Cold Snap+1","Turbo+1","Echo Form","Steam Power+1","Conserve Battery+1","Recycle+1","Capacitor+1","Skim+1","All For One","Hologram+1","White Noise+1","Electrodynamics"],"special_seed":0,"relics":["Cracked Core","Pantograph","Symbiotic Virus","Mummified Hand","Sozu","Bag of Preparation","Astrolabe","Toxic Egg 2","Ornamental Fan","Ancient Tea Set","Ginger","ClockworkSouvenir","Lantern"],"potions_floor_usage":[56,56],"damage_taken":[{"damage":1.0,"enemies":"Cultist","floor":1.0,"turns":3.0},{"damage":7.0,"enemies":"Jaw Worm","floor":3.0,"turns":3.0},{"damage":7.0,"enemies":"Small Slimes","floor":5.0,"turns":3.0},{"damage":20.0,"enemies":"Lagavulin","floor":7.0,"turns":6.0},{"damage":3.0,"enemies":"Exordium Wildlife","floor":10.0,"turns":4.0},{"damage":0.0,"enemies":"3 Sentries","floor":13.0,"turns":5.0},{"damage":0.0,"enemies":"3 Louse","floor":14.0,"turns":2.0},{"damage":36.0,"enemies":"Slime Boss","floor":16.0,"turns":8.0},{"damage":16.0,"enemies":"Spheric Guardian","floor":18.0,"turns":4.0},{"damage":0.0,"enemies":"Chosen","floor":20.0,"turns":3.0},{"damage":6.0,"enemies":"Snecko","floor":21.0,"turns":4.0},{"damage":32.0,"enemies":"Chosen and Byrds","floor":25.0,"turns":5.0},{"damage":21.0,"enemies":"3 Cultists","floor":31.0,"turns":7.0},{"damage":25.0,"enemies":"Collector","floor":33.0,"turns":9.0},{"damage":0.0,"enemies":"3 Shapes","floor":35.0,"turns":6.0},{"damage":23.0,"enemies":"Orb Walker","floor":37.0,"turns":3.0},{"damage":0.0,"enemies":"4 Shapes","floor":38.0,"turns":4.0},{"damage":0.0,"enemies":"Sphere and 2 Shapes","floor":39.0,"turns":3.0},{"damage":53.0,"enemies":"Reptomancer","floor":40.0,"turns":6.0},{"damage":0.0,"enemies":"Giant Head","floor":42.0,"turns":3.0},{"damage":0.0,"enemies":"Maw","floor":44.0,"turns":3.0},{"damage":0.0,"enemies":"2 Orb Walkers","floor":46.0,"turns":1.0},{"damage":2.0,"enemies":"Donu and Deca","floor":50.0,"turns":5.0},{"damage":44,"enemies":"Time Eater","floor":51,"turns":10},{"damage":0,"enemies":"Shield and Spear","floor":55,"turns":2},{"damage":29,"enemies":"The Heart","floor":56,"turns":5}],"seed_played":"-1921397380326751412","potions_obtained":[{"floor":1.0,"key":"Regen Potion"},{"floor":4.0,"key":"PowerPotion"},{"floor":4.0,"key":"Strength Potion"},{"floor":7.0,"key":"PowerPotion"},{"floor":13.0,"key":"Regen Potion"},{"floor":16.0,"key":"Swift Potion"}],"is_trial":false,"path_per_floor":["M","?","M","?","M","R","E","?","T","M","R","$","E","M","R","B",null,"M","$","M","M","?","R","$","M","T","?","$","?","R","M","R","B",null,"M","?","M","M","M","E","R","E","T","M","R","?","R","?","R","B","B",null,"R","$","E","B",null],"character_chosen":"DEFECT","items_purchased":["Bag of Preparation","Heatsinks","ClockworkSouvenir"],"campfire_rested":1,"item_purchase_floors":[19,24,54],"current_hp_per_floor":[63,63,56,56,49,49,29,29,29,26,26,26,26,26,26,30,61,45,45,45,39,39,39,39,14,14,14,14,28,28,14,35,42,64,71,71,55,69,71,25,25,32,32,39,39,46,46,46,46,69,34,62,62,62,69,49],"gold":70,"neow_bonus":"THREE_RARE_CARDS","is_prod":false,"is_daily":false,"chose_seed":false,"campfire_upgraded":9,"win_rate":0,"timestamp":1560189739,"path_taken":["M","?","M","?","?","R","E","?","T","M","R","?","E","M","R","BOSS","M","$","M","M","?","R","$","M","T","?","?","?","R","M","R","BOSS","M","?","M","M","?","E","R","E","T","M","R","?","R","?","R","BOSS","BOSS","R","$","E","BOSS"],"build_version":"2019-01-23","purchased_purges":2,"victory":true,"max_hp_per_floor":[71,71,71,71,71,71,71,71,71,71,71,71,71,71,71,71,71,71,71,71,71,71,71,71,71,71,71,71,71,71,71,71,71,71,71,71,71,71,71,71,71,71,71,71,71,71,71,71,71,71,71,71,71,71,71,71],"card_choices":[{"not_picked":["Echo Form","Reboot"],"picked":"All For One","floor":0.0},{"not_picked":["Lockon","Hologram"],"picked":"Streamline","floor":1.0},{"not_picked":["Barrage","Cold Snap"],"picked":"Chill","floor":3.0},{"not_picked":["Sunder","Sweeping Beam"],"picked":"Beam Cell","floor":5.0},{"not_picked":["Stack","Leap"],"picked":"Consume","floor":7.0},{"not_picked":["Heatsinks","Streamline","Aggregate"],"picked":"SKIP","floor":10.0},{"not_picked":["BootSequence","Lockon"],"picked":"Skim","floor":13.0},{"not_picked":["Compile Driver","Reprogram","Stack"],"picked":"SKIP","floor":14.0},{"not_picked":["Seek","Thunder Strike"],"picked":"Echo Form","floor":16.0},{"not_picked":["Barrage","Sweeping Beam"],"picked":"White Noise+1","floor":18.0},{"not_picked":["Stack","Sweeping Beam"],"picked":"Auto Shields+1","floor":20.0},{"not_picked":["Doom and Gloom","Stack"],"picked":"Self Repair","floor":21.0},{"not_picked":["Redo","Scrape"],"picked":"Cold Snap+1","floor":25.0},{"not_picked":["Coolheaded","Stack"],"picked":"Turbo+1","floor":31.0},{"not_picked":["Machine Learning","All For One"],"picked":"Echo Form","floor":33.0},{"not_picked":["Compile Driver+1","Cold Snap+1"],"picked":"Capacitor","floor":35.0},{"not_picked":["Conserve Battery","Storm+1"],"picked":"Skim","floor":37.0},{"not_picked":["Sweeping Beam+1","BootSequence"],"picked":"All For One","floor":38.0},{"not_picked":["Beam Cell","Gash","BootSequence"],"picked":"SKIP","floor":39.0},{"not_picked":["Redo","Gash"],"picked":"Hologram","floor":40.0},{"not_picked":["Undo+1","Go for the Eyes"],"picked":"White Noise+1","floor":42.0},{"not_picked":["Sweeping Beam","Ball Lightning","Blizzard+1"],"picked":"SKIP","floor":44.0},{"not_picked":["Sweeping Beam","Ball Lightning","Blizzard+1"],"picked":"SKIP","floor":44.0},{"not_picked":["Barrage","Beam Cell"],"picked":"Electrodynamics","floor":46.0},{"not_picked":["Melter+1","Reprogram+1","Aggregate+1"],"picked":"SKIP","floor":55}],"player_experience":5034591,"relics_obtained":[{"floor":7.0,"key":"Pantograph"},{"floor":9.0,"key":"Symbiotic Virus"},{"floor":13.0,"key":"Mummified Hand"},{"floor":40.0,"key":"Toxic Egg 2"},{"floor":42.0,"key":"Ornamental Fan"},{"floor":43.0,"key":"Ancient Tea Set"},{"floor":46.0,"key":"Ginger"},{"floor":55,"key":"Lantern"}],"event_choices":[{"damage_healed":0.0,"max_hp_gain":0.0,"max_hp_loss":0.0,"gold_gain":0.0,"event_name":"The Cleric","player_choice":"Leave","floor":2.0,"gold_loss":0.0,"damage_taken":0.0},{"damage_healed":0.0,"max_hp_gain":0.0,"max_hp_loss":0.0,"gold_gain":0.0,"event_name":"Lab","player_choice":"Got Potions","floor":4.0,"gold_loss":0.0,"damage_taken":0.0},{"damage_healed":0.0,"max_hp_gain":0.0,"max_hp_loss":0.0,"gold_gain":0.0,"event_name":"Dead Adventurer","player_choice":"Searched \u00270\u0027 times","floor":8.0,"gold_loss":0.0,"damage_taken":0.0},{"damage_healed":0.0,"max_hp_gain":0.0,"max_hp_loss":0.0,"gold_gain":0.0,"event_name":"The Mausoleum","player_choice":"Ignored","floor":27.0,"gold_loss":0.0,"damage_taken":0.0},{"damage_healed":14.0,"max_hp_gain":0.0,"max_hp_loss":0.0,"gold_gain":0.0,"event_name":"The Library","player_choice":"Heal","floor":29.0,"gold_loss":0.0,"damage_taken":0.0},{"cards_removed":["Defend_B"],"damage_healed":0.0,"max_hp_gain":0.0,"max_hp_loss":0.0,"gold_gain":0.0,"event_name":"Bonfire Elementals","player_choice":"Offered Basic","floor":36.0,"gold_loss":0.0,"damage_taken":0.0},{"damage_healed":0.0,"max_hp_gain":0.0,"max_hp_loss":0.0,"gold_gain":0.0,"event_name":"Mysterious Sphere","player_choice":"Fight","floor":46.0,"gold_loss":0.0,"damage_taken":0.0},{"cards_removed":["Beam Cell"],"damage_healed":0.0,"max_hp_gain":0.0,"max_hp_loss":0.0,"gold_gain":0.0,"event_name":"Falling","player_choice":"Removed Attack","floor":48.0,"gold_loss":0.0,"damage_taken":0.0}],"is_beta":false,"boss_relics":[{"not_picked":["Calling Bell","White Beast Statue"],"picked":"Sozu"},{"not_picked":["Inserter","Eternal Feather"],"picked":"Astrolabe"}],"items_purged_floors":[12,54],"is_endless":false,"potions_floor_spawned":[1,7,13,16,18,21,38,39,42,44],"ascension_level":20}