{"gold_per_floor":[217,228,228,378,37,37,56,131,156,156,156,156,169,182,182,182],"floor_reached":16,"playtime":290,"items_purged":[],"score":180,"play_id":"4918eea6-b2ae-446f-9ad5-2416f24a0e63","local_time":"20190323153917","is_ascension_mode":true,"campfire_choices":[{"data":"Loop","floor":6.0,"key":"SMITH"},{"data":"Zap","floor":10.0,"key":"SMITH"},{"data":"Dualcast","floor":12,"key":"SMITH"},{"floor":15,"key":"RECALL"}],"neow_cost":"NONE","seed_source_timestamp":14916053066411,"circlet_count":0,"master_deck":["AscendersBane","Strike_B","Strike_B","Strike_B","Strike_B","Defend_B","Defend_B","Defend_B","Defend_B","Zap+1","Dualcast+1","Loop+1","Gash","Doubt"],"special_seed":0,"relics":["Cracked Core","Orichalcum","Bird Faced Urn","Pen Nib"],"potions_floor_usage":[],"damage_taken":[{"damage":1.0,"enemies":"Cultist","floor":1.0,"turns":3.0},{"damage":1.0,"enemies":"2 Louse","floor":2.0,"turns":3.0},{"damage":0.0,"enemies":"Small Slimes","floor":7.0,"turns":3.0},{"damage":15,"enemies":"2 Fungi Beasts","floor":13,"turns":4},{"damage":17,"enemies":"3 Louse","floor":14,"turns":4},{"damage":0,"enemies":"Slime Boss","floor":16,"turns":1}],"seed_played":"136913652103906482","potions_obtained":[{"floor":2.0,"key":"Strength Potion"},{"floor":13,"key":"Block Potion"}],"is_trial":false,"path_per_floor":["M","M","?","?","$","R","M","?","T","R","?","R","M","M","R","B"],"character_chosen":"DEFECT","items_purchased":["Bird Faced Urn"],"campfire_rested":0,"item_purchase_floors":[5],"current_hp_per_floor":[63,62,57,57,57,57,59,48,48,48,53,53,40,25,25,25],"gold":182,"neow_bonus":"HUNDRED_GOLD","is_prod":false,"is_daily":false,"chose_seed":false,"campfire_upgraded":3,"win_rate":0,"timestamp":1553326757,"path_taken":["M","M","?","?","$","R","M","?","T","R","?","R","M","M","R","BOSS"],"build_version":"2019-01-23","purchased_purges":0,"victory":false,"max_hp_per_floor":[71,71,71,71,71,71,71,71,71,71,76,76,76,76,76,76],"card_choices":[{"not_picked":["Compile Driver","Turbo"],"picked":"Loop","floor":1.0},{"not_picked":["Barrage","Reprogram","Gash"],"picked":"SKIP","floor":2.0},{"not_picked":["Barrage","Reprogram"],"picked":"Gash","floor":2.0},{"not_picked":["Beam Cell","Stack","Rebound"],"picked":"SKIP","floor":7.0},{"not_picked":["Force Field","Go for the Eyes","Blizzard"],"picked":"SKIP","floor":13},{"not_picked":["Turbo","Barrage","Go for the Eyes"],"picked":"SKIP","floor":14}],"player_experience":3811770,"relics_obtained":[{"floor":9.0,"key":"Pen Nib"}],"event_choices":[{"damage_healed":0.0,"max_hp_gain":0.0,"max_hp_loss":0.0,"gold_gain":0.0,"event_name":"Scrap Ooze","player_choice":"Success","floor":3.0,"gold_loss":0.0,"damage_taken":5.0,"relics_obtained":["Orichalcum"]},{"damage_healed":0.0,"max_hp_gain":0.0,"max_hp_loss":0.0,"gold_gain":150.0,"event_name":"Liars Game","player_choice":"AGREE","floor":4.0,"gold_loss":0.0,"damage_taken":0.0,"cards_obtained":["Doubt"]},{"damage_healed":0.0,"max_hp_gain":0.0,"max_hp_loss":0.0,"gold_gain":75.0,"event_name":"World of Goop","player_choice":"Gather Gold","floor":8.0,"gold_loss":0.0,"damage_taken":11.0},{"damage_healed":0,"gold_gain":0,"player_choice":"Donut","damage_taken":0,"max_hp_gain":5,"max_hp_loss":0,"event_name":"Big Fish","floor":11,"gold_loss":0}],"is_beta":false,"boss_relics":[],"items_purged_floors":[],"is_endless":false,"potions_floor_spawned":[2,13],"killed_by":"Slime Boss","ascension_level":20}