{"gold_per_floor":[116,41,57,57,72,102,102,102,102,112,187,222,222,253,253,343,343,368,268,268,268,268,309,323,361,361,361,395,409,423,456,456,549,549,570,903,903,917,932,960,990,890,890,770,460,478,478,507,507,507,507,507,507,124,159,159],"floor_reached":57,"playtime":2292,"items_purged":["Distraction","Slice","Bouncing Flask","Distraction","Survivor","Neutralize"],"score":3893,"play_id":"6d8065b7-6e37-428a-bf2a-f86d0a8a4d01","local_time":"20190323233321","is_ascension_mode":true,"campfire_choices":[{"data":"Reflex","floor":7.0,"key":"SMITH"},{"data":"Acrobatics","floor":15.0,"key":"SMITH"},{"data":"Grand Finale","floor":27.0,"key":"SMITH"},{"data":"Concentrate","floor":32.0,"key":"SMITH"},{"floor":49,"key":"RECALL"},{"data":"Backflip","floor":53,"key":"SMITH"}],"neow_cost":"NONE","seed_source_timestamp":24210675643094,"circlet_count":0,"master_deck":["AscendersBane","Backflip+1","Malaise","Envenom","Infinite Blades","Concentrate+1","Tactician","Reflex+1","Acrobatics+1","Well Laid Plans","Grand Finale+1"],"special_seed":0,"relics":["Pandora\u0027s Box","Incense Burner","Sundial","Prayer Wheel","Ice Cream","White Beast Statue","Lantern","WingedGreaves","The Courier","Blood Vial","Runic Pyramid","Potion Belt","Paper Crane","Kunai","ClockworkSouvenir","Frozen Egg 2","Snake Skull","Unceasing Top"],"potions_floor_usage":[56,56,56,56],"damage_taken":[{"damage":0.0,"enemies":"Jaw Worm","floor":1.0,"turns":3.0},{"damage":4.0,"enemies":"Cultist","floor":3.0,"turns":3.0},{"damage":0.0,"enemies":"2 Louse","floor":5.0,"turns":3.0},{"damage":0.0,"enemies":"Lagavulin","floor":6.0,"turns":6.0},{"damage":11.0,"enemies":"Looter","floor":10.0,"turns":4.0},{"damage":0.0,"enemies":"Gremlin Nob","floor":12.0,"turns":3.0},{"damage":51.0,"enemies":"3 Sentries","floor":14.0,"turns":9.0},{"damage":0.0,"enemies":"The Guardian","floor":16.0,"turns":4.0},{"damage":4.0,"enemies":"3 Byrds","floor":18.0,"turns":3.0},{"damage":0.0,"enemies":"Gremlin Leader","floor":23.0,"turns":4.0},{"damage":0.0,"enemies":"Shell Parasite","floor":24.0,"turns":3.0},{"damage":0.0,"enemies":"Book of Stabbing","floor":25.0,"turns":5.0},{"damage":33.0,"enemies":"Slavers","floor":28.0,"turns":6.0},{"damage":0.0,"enemies":"Centurion and Healer","floor":29.0,"turns":2.0},{"damage":0.0,"enemies":"Snecko","floor":30.0,"turns":3.0},{"damage":0.0,"enemies":"Book of Stabbing","floor":31.0,"turns":3.0},{"damage":0.0,"enemies":"Automaton","floor":33.0,"turns":2.0},{"damage":10.0,"enemies":"3 Darklings","floor":35.0,"turns":3.0},{"damage":14.0,"enemies":"3 Shapes","floor":38.0,"turns":1.0},{"damage":9.0,"enemies":"Jaw Worm Horde","floor":39.0,"turns":2.0},{"damage":0.0,"enemies":"Giant Head","floor":40.0,"turns":2.0},{"damage":0,"enemies":"Reptomancer","floor":41,"turns":2},{"damage":0,"enemies":"3 Darklings","floor":46,"turns":2},{"damage":0,"enemies":"Nemesis","floor":48,"turns":3},{"damage":0,"enemies":"Awakened One","floor":50,"turns":2},{"damage":0,"enemies":"Donu and Deca","floor":51,"turns":1},{"damage":0,"enemies":"Shield and Spear","floor":55,"turns":1},{"damage":0,"enemies":"The Heart","floor":56,"turns":5}],"seed_played":"-2526932731984659316","potions_obtained":[{"floor":3.0,"key":"Fire Potion"},{"floor":10.0,"key":"GhostInAJar"},{"floor":12.0,"key":"Regen Potion"},{"floor":14.0,"key":"Strength Potion"},{"floor":18.0,"key":"Swift Potion"},{"floor":23.0,"key":"Dexterity Potion"},{"floor":28.0,"key":"Fruit Juice"},{"floor":30.0,"key":"Regen Potion"},{"floor":31.0,"key":"Weak Potion"},{"floor":33.0,"key":"Block Potion"},{"floor":40.0,"key":"Fire Potion"},{"floor":41,"key":"AttackPotion"},{"floor":48,"key":"Dexterity Potion"}],"is_trial":false,"path_per_floor":["M","$","M","?","M","E","R","?","T","M","?","E","?","E","R","B",null,"M","$","?","?","T","E","M","E","T","R","E","M","M","E","R","B",null,"M","?","?","M","M","E","E","$","T","$","$","M","?","E","R","B","B",null,"R","$","E","B",null],"character_chosen":"THE_SILENT","items_purchased":["ClockworkSouvenir","Weak Potion","Snake Skull","Energy Potion"],"campfire_rested":0,"item_purchase_floors":[45,54,54,54],"current_hp_per_floor":[59,59,55,55,55,55,55,60,60,49,38,38,38,2,2,2,49,45,45,58,58,58,58,58,58,58,58,25,30,30,30,30,32,60,52,52,52,40,33,35,37,37,37,37,37,39,39,41,41,43,45,63,63,63,65,67],"gold":159,"neow_bonus":"BOSS_RELIC","is_prod":false,"is_daily":false,"chose_seed":true,"campfire_upgraded":5,"win_rate":0,"timestamp":1553355201,"path_taken":["M","$","M","?","?","E","R","?","T","M","?","E","?","E","R","BOSS","M","$","?","?","?","E","M","E","T","R","E","M","M","E","R","BOSS","M","?","?","M","?","E","E","$","T","$","$","M","?","E","R","BOSS","BOSS","R","$","E","BOSS"],"build_version":"2019-01-23","purchased_purges":6,"victory":true,"max_hp_per_floor":[66,66,66,66,66,66,66,71,71,71,71,71,64,64,64,64,64,64,64,64,64,64,64,64,64,64,64,64,69,69,69,69,69,69,69,69,69,69,69,69,69,69,69,69,69,69,69,69,69,69,69,69,69,69,69,69],"card_choices":[{"not_picked":["Flying Knee","Outmaneuver","Backflip"],"picked":"SKIP","floor":1.0},{"not_picked":["Prepared","Leg Sweep"],"picked":"Tactician","floor":3.0},{"not_picked":["Dodge and Roll","Cloak And Dagger"],"picked":"Acrobatics","floor":5.0},{"not_picked":["Bane","Doppelganger"],"picked":"Well Laid Plans","floor":6.0},{"not_picked":["All Out Attack","Dagger Spray","Quick Slash"],"picked":"SKIP","floor":10.0},{"not_picked":["Eviscerate","Flying Knee","PiercingWail"],"picked":"SKIP","floor":12.0},{"not_picked":["PiercingWail","Choke","Crippling Poison"],"picked":"SKIP","floor":14.0},{"not_picked":["Acrobatics","Predator","Dagger Throw"],"picked":"SKIP","floor":18.0},{"not_picked":["Dodge and Roll","Acrobatics","Slice"],"picked":"SKIP","floor":18.0},{"not_picked":["Acrobatics","Predator","Dagger Throw"],"picked":"SKIP","floor":18.0},{"not_picked":["Dodge and Roll","Acrobatics","Slice"],"picked":"SKIP","floor":18.0},{"not_picked":["Expertise+1","Envenom","Quick Slash"],"picked":"SKIP","floor":23.0},{"not_picked":["Underhanded Strike","Dodge and Roll","Flying Knee"],"picked":"SKIP","floor":24.0},{"not_picked":["Dodge and Roll","PiercingWail+1","Concentrate+1"],"picked":"SKIP","floor":24.0},{"not_picked":["Endless Agony","Dagger Throw"],"picked":"Grand Finale","floor":25.0},{"not_picked":["Doppelganger","Quick Slash","Backstab"],"picked":"SKIP","floor":28.0},{"not_picked":["Deflect","Backflip","Catalyst"],"picked":"SKIP","floor":29.0},{"not_picked":["Footwork","All Out Attack","Distraction"],"picked":"SKIP","floor":29.0},{"not_picked":["Dodge and Roll","Night Terror","Tactician+1"],"picked":"SKIP","floor":30.0},{"not_picked":["Poisoned Stab","Crippling Poison","Endless Agony"],"picked":"SKIP","floor":30.0},{"not_picked":["Predator","Skewer","Reflex"],"picked":"SKIP","floor":31.0},{"not_picked":["Underhanded Strike","Blade Dance","Dagger Throw"],"picked":"SKIP","floor":35.0},{"not_picked":["PiercingWail","Well Laid Plans+1","Setup"],"picked":"SKIP","floor":35.0},{"not_picked":["Footwork","Concentrate","Well Laid Plans+1"],"picked":"SKIP","floor":38.0},{"not_picked":["Concentrate","Terror+1","Dagger Throw"],"picked":"SKIP","floor":38.0},{"not_picked":["PiercingWail","Noxious Fumes","Predator"],"picked":"SKIP","floor":39.0},{"not_picked":["Concentrate+1","Unload","Choke+1"],"picked":"SKIP","floor":39.0},{"not_picked":["Cloak And Dagger","Quick Slash","Backflip"],"picked":"SKIP","floor":40.0},{"not_picked":["Flying Knee+1","Slice+1","Setup"],"picked":"SKIP","floor":41},{"not_picked":["Bouncing Flask","Bane","Reflex"],"picked":"SKIP","floor":46},{"not_picked":["Bane","Endless Agony","Deflect"],"picked":"SKIP","floor":46},{"not_picked":["Grand Finale","Backflip","Dagger Throw+1"],"picked":"SKIP","floor":48},{"not_picked":["Acrobatics","Dodge and Roll","Footwork+1"],"picked":"SKIP","floor":55}],"player_experience":3829312,"relics_obtained":[{"floor":6.0,"key":"Incense Burner"},{"floor":9.0,"key":"Sundial"},{"floor":12.0,"key":"Prayer Wheel"},{"floor":14.0,"key":"Ice Cream"},{"floor":23.0,"key":"Lantern"},{"floor":25.0,"key":"WingedGreaves"},{"floor":28.0,"key":"The Courier"},{"floor":31.0,"key":"Blood Vial"},{"floor":40.0,"key":"Potion Belt"},{"floor":41,"key":"Paper Crane"},{"floor":43,"key":"Kunai"},{"floor":48,"key":"Frozen Egg 2"},{"floor":55,"key":"Unceasing Top"}],"event_choices":[{"damage_healed":0.0,"max_hp_gain":0.0,"max_hp_loss":0.0,"gold_gain":0.0,"cards_transformed":["Quick Slash"],"event_name":"Transmorgrifier","player_choice":"Transformed","floor":4.0,"gold_loss":0.0,"damage_taken":0.0,"cards_obtained":["Reflex"]},{"damage_healed":0.0,"max_hp_gain":5.0,"max_hp_loss":0.0,"gold_gain":0.0,"event_name":"Big Fish","player_choice":"Donut","floor":8.0,"gold_loss":0.0,"damage_taken":0.0},{"damage_healed":0.0,"max_hp_gain":0.0,"max_hp_loss":0.0,"gold_gain":75.0,"event_name":"World of Goop","player_choice":"Gather Gold","floor":11.0,"gold_loss":0.0,"damage_taken":11.0},{"damage_healed":0.0,"max_hp_gain":0.0,"max_hp_loss":7.0,"gold_gain":0.0,"event_name":"Golden Idol","player_choice":"Lose Max HP","floor":13.0,"gold_loss":0.0,"damage_taken":0.0,"relics_obtained":["Golden Idol"]},{"damage_healed":13.0,"max_hp_gain":0.0,"max_hp_loss":0.0,"gold_gain":0.0,"event_name":"The Library","player_choice":"Heal","floor":20.0,"gold_loss":0.0,"damage_taken":0.0},{"damage_healed":0.0,"max_hp_gain":0.0,"max_hp_loss":0.0,"gold_gain":0.0,"event_name":"Ghosts","player_choice":"Ignored","floor":21.0,"gold_loss":0.0,"damage_taken":0.0},{"damage_healed":0.0,"max_hp_gain":0.0,"max_hp_loss":0.0,"gold_gain":333.0,"event_name":"The Moai Head","player_choice":"Gave Idol","floor":36.0,"relics_lost":["Golden Idol"],"gold_loss":0.0,"damage_taken":0.0},{"damage_healed":0.0,"max_hp_gain":0.0,"max_hp_loss":0.0,"gold_gain":0.0,"event_name":"SecretPortal","player_choice":"Ignored","floor":37.0,"gold_loss":0.0,"damage_taken":0.0},{"damage_healed":0,"gold_gain":0,"player_choice":"Memory 1","damage_taken":0,"max_hp_gain":0,"max_hp_loss":0,"event_name":"SensoryStone","floor":47,"gold_loss":0}],"is_beta":false,"boss_relics":[{"not_picked":["Ectoplasm","Fusion Hammer"],"picked":"White Beast Statue"},{"not_picked":["Calling Bell","Snecko Eye"],"picked":"Runic Pyramid"}],"items_purged_floors":[2,19,42,44,45,54],"is_endless":false,"potions_floor_spawned":[3,10,12,14,18,23,24,25,28,29,30,31,33,35,38,39,40,41,46,48,55],"ascension_level":20}