{"gold_per_floor":[119,119,38,38,54,88,102,133,133,153,153,178,2,2,2,76,76,89,14,14,26,26,26,26,26],"floor_reached":25,"playtime":575,"items_purged":["Strike_B"],"score":484,"play_id":"e9784d04-0fd8-4f2a-a42b-7e9305b2bbb2","local_time":"20190301220822","is_ascension_mode":true,"campfire_choices":[{"data":"Zap","floor":11.0,"key":"SMITH"},{"data":"Capacitor","floor":15.0,"key":"SMITH"},{"data":"Consume","floor":23,"key":"SMITH"}],"neow_cost":"NONE","seed_source_timestamp":109926950963649,"circlet_count":0,"master_deck":["AscendersBane","Strike_B","Strike_B","Defend_B","Defend_B","Defend_B","Defend_B","Zap+1","Dualcast","Defragment","Consume+1","Coolheaded","Loop","Rainbow","Heatsinks","Skim","Compile Driver","Capacitor+1","Turbo","Creative AI","Undo+1","Decay"],"special_seed":0,"relics":["Cracked Core","NeowsBlessing","DataDisk","Ginger","Torii","Sundial","Bronze Scales","WarpedTongs","Inserter"],"potions_floor_usage":[21,21],"damage_taken":[{"damage":0.0,"enemies":"Jaw Worm","floor":1.0,"turns":1.0},{"damage":0.0,"enemies":"2 Louse","floor":5.0,"turns":1.0},{"damage":0.0,"enemies":"Gremlin Nob","floor":6.0,"turns":1.0},{"damage":0.0,"enemies":"Cultist","floor":7.0,"turns":3.0},{"damage":10.0,"enemies":"3 Sentries","floor":8.0,"turns":6.0},{"damage":1.0,"enemies":"2 Fungi Beasts","floor":10.0,"turns":4.0},{"damage":16.0,"enemies":"Lagavulin","floor":12.0,"turns":6.0},{"damage":10.0,"enemies":"Hexaghost","floor":16.0,"turns":9.0},{"damage":19.0,"enemies":"3 Byrds","floor":18.0,"turns":2.0},{"damage":20,"enemies":"2 Thieves","floor":21,"turns":4},{"damage":22,"enemies":"Cultist and Chosen","floor":25,"turns":3}],"seed_played":"-5234577270877192949","potions_obtained":[{"floor":1.0,"key":"Explosive Potion"},{"floor":5.0,"key":"SkillPotion"},{"floor":8.0,"key":"Fire Potion"},{"floor":10.0,"key":"EntropicBrew"},{"floor":21,"key":"Strength Potion"}],"is_trial":false,"path_per_floor":["M","?","$","?","M","E","M","E","T","M","R","E","$","?","R","B",null,"M","?","?","M","?","R","?","M"],"character_chosen":"DEFECT","items_purchased":["Consume","Capacitor","Turbo"],"campfire_rested":0,"item_purchase_floors":[3,13,13],"current_hp_per_floor":[64,57,57,52,52,52,52,42,42,41,41,25,25,25,25,15,57,38,38,38,18,18,18,18,0],"gold":26,"neow_bonus":"THREE_ENEMY_KILL","is_prod":false,"is_daily":false,"chose_seed":false,"campfire_upgraded":3,"win_rate":0,"timestamp":1551449302,"path_taken":["M","?","$","?","M","E","M","E","T","M","R","E","$","?","R","BOSS","M","?","?","?","?","R","?","M"],"build_version":"2019-01-23","purchased_purges":1,"victory":false,"max_hp_per_floor":[71,71,71,71,71,71,71,71,71,71,71,71,71,71,71,71,71,71,71,71,71,71,71,71,71],"card_choices":[{"not_picked":["FTL","Steam Power"],"picked":"Defragment","floor":1.0},{"not_picked":["Aggregate","Barrage"],"picked":"Coolheaded","floor":5.0},{"not_picked":["Streamline","Redo"],"picked":"Loop","floor":6.0},{"not_picked":["Chaos","Loop"],"picked":"Rainbow","floor":7.0},{"not_picked":["Rebound","Aggregate"],"picked":"Heatsinks","floor":8.0},{"not_picked":["Consume","Chaos"],"picked":"Skim","floor":10.0},{"not_picked":["Go for the Eyes","Steam Power"],"picked":"Compile Driver","floor":12.0},{"not_picked":["Hyperbeam","Meteor Strike"],"picked":"Creative AI","floor":16.0},{"not_picked":["Doom and Gloom","Ball Lightning+1"],"picked":"Undo+1","floor":18.0},{"not_picked":["Gash","Leap","Static Discharge"],"picked":"SKIP","floor":21}],"player_experience":1060232,"relics_obtained":[{"floor":6.0,"key":"Ginger"},{"floor":8.0,"key":"Torii"},{"floor":9.0,"key":"Sundial"},{"floor":12.0,"key":"Bronze Scales"}],"event_choices":[{"cards_removed":["Strike_B"],"damage_healed":0.0,"max_hp_gain":0.0,"max_hp_loss":0.0,"gold_gain":0.0,"event_name":"Golden Wing","player_choice":"Card Removal","floor":2.0,"gold_loss":0.0,"damage_taken":7.0},{"damage_healed":0.0,"max_hp_gain":0.0,"max_hp_loss":0.0,"gold_gain":0.0,"event_name":"Scrap Ooze","player_choice":"Success","floor":4.0,"gold_loss":0.0,"damage_taken":5.0,"relics_obtained":["DataDisk"]},{"damage_healed":0.0,"max_hp_gain":0.0,"max_hp_loss":0.0,"gold_gain":0.0,"event_name":"Accursed Blacksmith","player_choice":"Rummage","floor":14.0,"gold_loss":0.0,"damage_taken":0.0,"relics_obtained":["WarpedTongs"],"cards_obtained":["Pain"]},{"cards_removed":["Pain"],"damage_healed":0.0,"max_hp_gain":0.0,"max_hp_loss":0.0,"gold_gain":0.0,"event_name":"Beggar","player_choice":"Gave Gold","floor":19.0,"gold_loss":75.0,"damage_taken":0.0},{"damage_healed":0.0,"max_hp_gain":0.0,"max_hp_loss":0.0,"gold_gain":0.0,"event_name":"Lab","player_choice":"Got Potions","floor":20.0,"gold_loss":0.0,"damage_taken":0.0},{"damage_healed":0,"gold_gain":0,"player_choice":"Smashed Altar","damage_taken":0,"max_hp_gain":0,"max_hp_loss":0,"event_name":"Forgotten Altar","floor":22,"gold_loss":0,"cards_obtained":["Decay"]},{"damage_healed":0,"gold_gain":0,"player_choice":"Ignored","damage_taken":0,"max_hp_gain":0,"max_hp_loss":0,"event_name":"Cursed Tome","floor":24,"gold_loss":0}],"is_beta":false,"boss_relics":[{"not_picked":["Astrolabe","Runic Dome"],"picked":"Inserter"}],"items_purged_floors":[13],"is_endless":false,"potions_floor_spawned":[1,5,8,10,21],"killed_by":"Cultist and Chosen","ascension_level":20}