{"gold_per_floor":[111,111,36,48,61,61,93,93,93,103,103,3,38,48,48,145,145,162,0,13,13,30,30],"floor_reached":23,"playtime":1928,"items_purged":["Strike_R","Strike_R"],"score":201,"play_id":"829a6a3f-a603-4a0d-be7c-640764e75320","local_time":"20190807150409","is_ascension_mode":false,"campfire_choices":[{"data":"Headbutt","floor":6,"key":"SMITH"},{"floor":11,"key":"REST"},{"data":"Bash","floor":15,"key":"SMITH"}],"neow_cost":"NONE","seed_source_timestamp":152779175426100,"circlet_count":0,"master_deck":["Strike_R","Strike_R","Strike_R","Defend_R","Defend_R","Defend_R","Defend_R","Bash","Disarm","Bash+1","Jack Of All Trades","Shrug It Off","Headbutt+1","Ghostly Armor","Body Slam","Cleave","Cleave","Double Tap","Flex","Headbutt","Heavy Blade"],"relics":["Burning Blood","Blood Vial","Gambling Chip","Dodecahedron","Meat on the Bone","Eternal Feather"],"potions_floor_usage":[],"damage_taken":[{"damage":11,"enemies":"Jaw Worm","floor":1,"turns":3},{"damage":5,"enemies":"Cultist","floor":4,"turns":4},{"damage":3,"enemies":"Small Slimes","floor":5,"turns":3},{"damage":48,"enemies":"Lagavulin","floor":7,"turns":9},{"damage":10,"enemies":"Looter","floor":10,"turns":3},{"damage":32,"enemies":"Gremlin Nob","floor":13,"turns":5},{"damage":4,"enemies":"Blue Slaver","floor":14,"turns":3},{"damage":35,"enemies":"Hexaghost","floor":16,"turns":13},{"damage":25,"enemies":"Shell Parasite","floor":18,"turns":5},{"damage":27,"enemies":"3 Byrds","floor":20,"turns":8},{"damage":35,"enemies":"Snake Plant","floor":22,"turns":5},{"damage":50,"enemies":"Gremlin Leader","floor":23,"turns":5}],"seed_played":"2740852634805428095","potions_obtained":[{"floor":1,"key":"Dexterity Potion"},{"floor":4,"key":"Block Potion"},{"floor":5,"key":"Explosive Potion"}],"is_trial":false,"path_per_floor":["M","?","$","M","M","R","E","$","T","M","R","$","E","M","R","B",null,"M","?","M","$","M","E"],"character_chosen":"IRONCLAD","items_purchased":[],"campfire_rested":1,"item_purchase_floors":[],"current_hp_per_floor":[75,75,75,78,80,80,38,38,38,36,60,60,36,52,52,37,80,61,61,54,54,39,0],"gold":30,"neow_bonus":"RANDOM_COMMON_RELIC","is_prod":false,"is_daily":false,"chose_seed":false,"campfire_upgraded":2,"win_rate":0.0,"timestamp":1565211849,"path_taken":["M","?","$","M","?","R","E","$","T","M","R","$","E","M","R","BOSS","M","?","M","$","M","E"],"build_version":"2019-07-17","purchased_purges":2,"victory":false,"max_hp_per_floor":[80,80,80,80,80,80,80,80,80,80,80,80,80,80,80,80,80,80,80,80,80,80,80],"card_choices":[{"not_picked":["Clash","Pummel"],"picked":"Disarm","floor":1},{"not_picked":["Whirlwind","Iron Wave"],"picked":"Shrug It Off","floor":4},{"not_picked":["Twin Strike","Sword Boomerang"],"picked":"Headbutt","floor":5},{"not_picked":["Hemokinesis","Spot Weakness"],"picked":"Ghostly Armor","floor":7},{"not_picked":["Juggernaut","Dual Wield"],"picked":"Body Slam","floor":10},{"not_picked":["Wild Strike","Clothesline"],"picked":"Cleave","floor":13},{"not_picked":["Battle Trance","Havoc"],"picked":"Cleave","floor":14},{"not_picked":["Offering","Barricade"],"picked":"Double Tap","floor":16},{"not_picked":["Blood for Blood","Shrug It Off+1"],"picked":"Flex","floor":18},{"not_picked":["Perfected Strike","Ghostly Armor"],"picked":"Headbutt","floor":20},{"not_picked":["Cleave","Exhume"],"picked":"Heavy Blade","floor":22}],"player_experience":57322,"relics_obtained":[{"floor":7,"key":"Gambling Chip"},{"floor":9,"key":"Dodecahedron"},{"floor":13,"key":"Meat on the Bone"}],"event_choices":[{"damage_healed":0,"gold_gain":0,"player_choice":"2 cards matched","damage_taken":0,"max_hp_gain":0,"max_hp_loss":0,"event_name":"Match and Keep!","floor":2,"gold_loss":0,"cards_obtained":["Bash","Jack Of All Trades"]},{"damage_healed":0,"gold_gain":0,"player_choice":"Paid Fearfully","damage_taken":0,"max_hp_gain":0,"max_hp_loss":0,"event_name":"Masked Bandits","floor":19,"gold_loss":162}],"is_beta":false,"boss_relics":[{"not_picked":["Philosopher\u0027s Stone","Astrolabe"],"picked":"Eternal Feather"}],"items_purged_floors":[3,12],"is_endless":false,"potions_floor_spawned":[1,4,5,10,18],"killed_by":"Gremlin Leader","ascension_level":0}