{"gold_per_floor":[110,260,185,185,202,237,237,255,255,255,266,285,320,320,320,399,399,372,383,383,397,397],"floor_reached":22,"playtime":639,"items_purged":[],"score":442,"play_id":"48f7d192-d7dd-4dc4-9eaa-8c796a2b67cf","local_time":"20190419184824","is_ascension_mode":true,"campfire_choices":[{"data":"Neutralize","floor":7,"key":"SMITH"},{"data":"Footwork","floor":10,"key":"SMITH"},{"data":"Night Terror","floor":15,"key":"SMITH"}],"neow_cost":"NONE","seed_source_timestamp":109893538741119,"circlet_count":0,"master_deck":["AscendersBane","Defend_G","Defend_G","Defend_G","Defend_G","Defend_G","Strike_G","Strike_G","Strike_G","Strike_G","Strike_G","Survivor","Neutralize+1","Footwork+1","Endless Agony","Infinite Blades","Footwork","Heel Hook","Night Terror+1","Malaise","Calculated Gamble","Calculated Gamble"],"relics":["Ring of the Snake","NeowsBlessing","Omamori","Kunai","Boot","Sundial","WristBlade","Paper Crane"],"potions_floor_usage":[12,13,13,18,21],"damage_taken":[{"damage":0,"enemies":"Jaw Worm","floor":1,"turns":1},{"damage":0,"enemies":"Small Slimes","floor":5,"turns":1},{"damage":0,"enemies":"3 Sentries","floor":6,"turns":2},{"damage":0,"enemies":"Cultist","floor":8,"turns":4},{"damage":1,"enemies":"Blue Slaver","floor":11,"turns":5},{"damage":0,"enemies":"Large Slime","floor":12,"turns":7},{"damage":20,"enemies":"Gremlin Nob","floor":13,"turns":4},{"damage":19,"enemies":"The Guardian","floor":16,"turns":12},{"damage":6,"enemies":"2 Thieves","floor":18,"turns":4},{"damage":10,"enemies":"Chosen","floor":19,"turns":7},{"damage":2,"enemies":"Snake Plant","floor":21,"turns":6},{"damage":0,"enemies":"Chosen and Byrds","floor":22,"turns":2}],"seed_played":"9024301553119060645","potions_obtained":[{"floor":1,"key":"Fire Potion"},{"floor":11,"key":"Explosive Potion"},{"floor":12,"key":"AttackPotion"},{"floor":13,"key":"Fruit Juice"},{"floor":16,"key":"FearPotion"},{"floor":18,"key":"Energy Potion"},{"floor":21,"key":"SneckoOil"}],"is_trial":false,"path_per_floor":["M","?","?","?","M","E","R","M","T","R","M","M","E","?","R","B",null,"M","M","?","M","M"],"character_chosen":"THE_SILENT","items_purchased":[],"campfire_rested":0,"item_purchase_floors":[],"current_hp_per_floor":[59,59,59,48,48,48,48,48,48,48,47,47,32,32,32,13,57,51,41,41,39,39],"gold":397,"neow_bonus":"THREE_ENEMY_KILL","is_prod":false,"is_daily":false,"chose_seed":false,"campfire_upgraded":3,"win_rate":0,"timestamp":1555670904,"path_taken":["M","?","?","?","M","E","R","M","T","R","M","M","E","?","R","BOSS","M","M","?","M","?"],"build_version":"2019-01-23","purchased_purges":0,"victory":false,"max_hp_per_floor":[66,66,66,66,66,66,66,66,66,66,66,66,71,71,71,71,71,71,71,71,71,71],"card_choices":[{"not_picked":["Acrobatics","Dodge and Roll"],"picked":"Footwork","floor":1},{"not_picked":["Blade Dance","Dodge and Roll"],"picked":"Endless Agony","floor":5},{"not_picked":["PiercingWail","Dash"],"picked":"Infinite Blades","floor":6},{"not_picked":["Blade Dance","Quick Slash"],"picked":"Footwork","floor":8},{"not_picked":["Catalyst","Choke","Prepared"],"picked":"SKIP","floor":11},{"not_picked":["Phantasmal Killer","Prepared"],"picked":"Heel Hook","floor":12},{"not_picked":["Underhanded Strike","Backflip"],"picked":"Night Terror","floor":13},{"not_picked":["A Thousand Cuts","Doppelganger"],"picked":"Malaise","floor":16},{"not_picked":["Outmaneuver","Quick Slash","Predator+1"],"picked":"SKIP","floor":18},{"not_picked":["Deflect","Bane"],"picked":"Calculated Gamble","floor":19},{"not_picked":["Underhanded Strike","Choke+1"],"picked":"Calculated Gamble","floor":21}],"player_experience":4410228,"relics_obtained":[{"floor":6,"key":"Kunai"},{"floor":13,"key":"Boot"}],"event_choices":[{"damage_healed":0,"gold_gain":150,"player_choice":"AGREE","damage_taken":0,"max_hp_gain":0,"max_hp_loss":0,"event_name":"Liars Game","floor":2,"gold_loss":0,"cards_obtained":["Doubt"]},{"cards_removed":["Doubt"],"damage_healed":0,"gold_gain":0,"player_choice":"Card Removal","damage_taken":0,"max_hp_gain":0,"max_hp_loss":0,"event_name":"The Cleric","floor":3,"gold_loss":75},{"damage_healed":0,"gold_gain":0,"player_choice":"Success","damage_taken":11,"relics_obtained":["Omamori"],"max_hp_gain":0,"max_hp_loss":0,"event_name":"Scrap Ooze","floor":4,"gold_loss":0},{"damage_healed":0,"gold_gain":0,"player_choice":"Box","damage_taken":0,"relics_obtained":["Sundial"],"max_hp_gain":0,"max_hp_loss":0,"event_name":"Big Fish","floor":14,"gold_loss":0,"cards_obtained":["Regret"]},{"damage_healed":0,"gold_gain":0,"player_choice":"Gave Potion","damage_taken":0,"relics_obtained":["Paper Crane"],"max_hp_gain":0,"max_hp_loss":0,"event_name":"WeMeetAgain","floor":20,"gold_loss":0}],"is_beta":false,"boss_relics":[{"not_picked":["Snecko Eye","Velvet Choker"],"picked":"WristBlade"}],"items_purged_floors":[],"is_endless":false,"potions_floor_spawned":[1,11,12,13,16,18,21],"killed_by":"Chosen and Byrds","ascension_level":20}