{"gold_per_floor":[109,122,122,47,72,72,72,90,90,110,30,51,51,72,72,202,202,227,152,52,88,88,123,143,161,161,161,186,186,201,225,225,345,345,366,385,405,429,148,148,113,127,151,176,176,191,191,230,230,230],"floor_reached":51,"playtime":1935,"items_purged":["Defend_G","Strike_G","Strike_G"],"score":870,"play_id":"2443f5b6-341d-472e-b66d-d84790e08683","local_time":"20181029133553","is_ascension_mode":false,"campfire_choices":[{"data":"Neutralize","floor":6.0,"key":"SMITH"},{"data":"Catalyst","floor":13.0,"key":"SMITH"},{"data":"Catalyst","floor":15.0,"key":"SMITH"},{"data":"Corpse Explosion","floor":27,"key":"SMITH"},{"data":"Deadly Poison","floor":29,"key":"SMITH"},{"data":"Backflip","floor":32,"key":"SMITH"},{"data":"Burst","floor":40,"key":"SMITH"},{"data":"Burst","floor":45,"key":"SMITH"},{"data":"Grand Finale","floor":47,"key":"SMITH"},{"data":"Backflip","floor":49,"key":"SMITH"}],"neow_cost":"NONE","seed_source_timestamp":8958770207507,"circlet_count":0,"master_deck":["Defend_G","Defend_G","Defend_G+1","Defend_G+1","Strike_G","Survivor","Neutralize+1","Backflip+1","Deadly Poison+1","Catalyst+1","Well Laid Plans+1","Catalyst+1","Adrenaline","Corpse Explosion+1","Footwork+1","Tools of the Trade+1","Backflip+1","Unload","Burst+1","After Image+1","Grand Finale+1","Footwork+1","Footwork+1","Burst+1","Deflect+1","Backflip+1"],"special_seed":0,"relics":["Ring of the Snake","Golden Idol","Frozen Egg 2","Velvet Choker","Red Mask","Pocketwatch","Letter Opener","Runic Pyramid","War Paint","Snake Skull"],"potions_floor_usage":[],"damage_taken":[{"damage":0.0,"enemies":"2 Louse","floor":1.0,"turns":3.0},{"damage":0.0,"enemies":"Jaw Worm","floor":2.0,"turns":6.0},{"damage":0.0,"enemies":"Cultist","floor":5.0,"turns":4.0},{"damage":4.0,"enemies":"Blue Slaver","floor":8.0,"turns":6.0},{"damage":10.0,"enemies":"Exordium Wildlife","floor":10.0,"turns":6.0},{"damage":8.0,"enemies":"3 Louse","floor":12.0,"turns":4.0},{"damage":14.0,"enemies":"Large Slime","floor":14.0,"turns":7.0},{"damage":0.0,"enemies":"Slime Boss","floor":16.0,"turns":3.0},{"damage":0.0,"enemies":"2 Thieves","floor":18.0,"turns":3.0},{"damage":0.0,"enemies":"Masked Bandits","floor":21.0,"turns":2.0},{"damage":0.0,"enemies":"Slavers","floor":23.0,"turns":2.0},{"damage":0.0,"enemies":"Chosen","floor":24.0,"turns":2.0},{"damage":0,"enemies":"Centurion and Healer","floor":25,"turns":3},{"damage":0,"enemies":"Shelled Parasite and Fungi","floor":28,"turns":3},{"damage":0,"enemies":"Sentry and Sphere","floor":30,"turns":3},{"damage":0,"enemies":"Centurion and Healer","floor":31,"turns":2},{"damage":3,"enemies":"Automaton","floor":33,"turns":7},{"damage":0,"enemies":"Orb Walker","floor":35,"turns":3},{"damage":0,"enemies":"3 Darklings","floor":36,"turns":2},{"damage":0,"enemies":"4 Shapes","floor":37,"turns":2},{"damage":0,"enemies":"Maw","floor":38,"turns":3},{"damage":0,"enemies":"3 Darklings","floor":42,"turns":3},{"damage":0,"enemies":"Transient","floor":44,"turns":5},{"damage":0,"enemies":"Writhing Mass","floor":46,"turns":3},{"damage":0,"enemies":"Giant Head","floor":48,"turns":4},{"damage":0,"enemies":"Awakened One","floor":50,"turns":8}],"seed_played":"8997179467611734843","potions_obtained":[{"floor":8.0,"key":"SpeedPotion"},{"floor":10.0,"key":"Poison Potion"},{"floor":12.0,"key":"Regen Potion"},{"floor":18.0,"key":"SkillPotion"},{"floor":23.0,"key":"Regen Potion"},{"floor":24.0,"key":"Ancient Potion"},{"floor":31,"key":"Regen Potion"}],"is_trial":false,"path_per_floor":["M","M","?","$","M","R","?","M","T","M","$","M","R","M","R","B",null,"M","?","$","?","?","E","M","M","T","R","M","R","M","M","R","B",null,"M","M","M","M","$","R","$","M","T","M","R","M","R","E","R","B"],"character_chosen":"THE_SILENT","items_purchased":["Well Laid Plans+1","Grand Finale","Footwork+1"],"campfire_rested":0,"item_purchase_floors":[11,39,41],"current_hp_per_floor":[70,70,65,65,65,65,65,61,61,51,51,43,43,29,29,29,65,65,65,65,65,65,65,65,65,65,65,65,65,65,65,65,62,65,65,65,65,65,65,65,65,65,65,65,65,65,65,65,65,65],"gold":230,"neow_bonus":"REMOVE_CARD","is_prod":false,"is_daily":false,"chose_seed":false,"campfire_upgraded":10,"win_rate":0,"timestamp":1540791353,"path_taken":["M","M","?","$","M","R","?","M","T","M","$","M","R","M","R","BOSS","M","?","$","?","?","E","M","?","T","R","M","R","M","M","R","BOSS","M","M","M","M","$","R","?","M","T","?","R","M","R","E","R","BOSS"],"build_version":"2018-10-25v2","purchased_purges":3,"victory":true,"max_hp_per_floor":[70,70,65,65,65,65,65,65,65,65,65,65,65,65,65,65,65,65,65,65,65,65,65,65,65,65,65,65,65,65,65,65,65,65,65,65,65,65,65,65,65,65,65,65,65,65,65,65,65,65],"card_choices":[{"not_picked":["Expertise","Finisher"],"picked":"Backflip","floor":1.0},{"not_picked":["Tactician","Flechettes","Expertise"],"picked":"SKIP","floor":2.0},{"not_picked":["Flying Knee","Acrobatics","Bane"],"picked":"SKIP","floor":5.0},{"not_picked":["Flechettes","Concentrate"],"picked":"Deadly Poison","floor":8.0},{"not_picked":["Blade Dance","Dagger Throw"],"picked":"Catalyst","floor":10.0},{"not_picked":["Backstab","Prepared"],"picked":"Catalyst","floor":12.0},{"not_picked":["Dagger Throw","Backflip"],"picked":"Adrenaline","floor":14.0},{"not_picked":["Wraith Form v2+1","Venomology"],"picked":"Corpse Explosion","floor":16.0},{"not_picked":["Riddle With Holes","Dagger Throw","Blur"],"picked":"SKIP","floor":18.0},{"not_picked":["Riddle With Holes","Dagger Throw","Blur"],"picked":"SKIP","floor":18.0},{"not_picked":["Caltrops+1","Dagger Throw"],"picked":"Footwork+1","floor":23.0},{"not_picked":["Bouncing Flask","Slice"],"picked":"Tools of the Trade+1","floor":24.0},{"not_picked":["Dagger Spray","Quick Slash"],"picked":"Backflip+1","floor":25},{"not_picked":["Riddle With Holes+1","Dodge and Roll","Choke"],"picked":"SKIP","floor":28},{"not_picked":["Dash","Dagger Throw+1","Outmaneuver+1"],"picked":"SKIP","floor":30},{"not_picked":["Dagger Spray","Choke"],"picked":"Unload","floor":31},{"not_picked":["Wraith Form v2+1","Envenom+1"],"picked":"Burst","floor":33},{"not_picked":["Acrobatics+1","Poisoned Stab+1","Escape Plan"],"picked":"SKIP","floor":35},{"not_picked":["Dagger Spray+1","Bane"],"picked":"After Image+1","floor":36},{"not_picked":["Outmaneuver+1","Quick Slash","Heel Hook"],"picked":"SKIP","floor":37},{"not_picked":["Prepared","Finisher+1","Infinite Blades+1"],"picked":"SKIP","floor":38},{"not_picked":["Deflect","Sucker Punch+1"],"picked":"Footwork+1","floor":42},{"not_picked":["Dagger Throw","Leg Sweep"],"picked":"Burst","floor":44},{"not_picked":["Setup","Well Laid Plans+1"],"picked":"Deflect+1","floor":46},{"not_picked":["Endless Agony+1","Distraction+1"],"picked":"Backflip","floor":48}],"player_experience":710614,"relics_obtained":[{"floor":9.0,"key":"Frozen Egg 2"},{"floor":21.0,"key":"Red Mask"},{"floor":23.0,"key":"Pocketwatch"},{"floor":26,"key":"Letter Opener"},{"floor":43,"key":"War Paint"},{"floor":48,"key":"Snake Skull"}],"event_choices":[{"damage_healed":0.0,"max_hp_gain":0.0,"max_hp_loss":5.0,"gold_gain":0.0,"event_name":"Golden Idol","player_choice":"Lose Max HP","floor":3.0,"gold_loss":0.0,"damage_taken":0.0,"relics_obtained":["Golden Idol"]},{"damage_healed":0.0,"max_hp_gain":0.0,"max_hp_loss":0.0,"gold_gain":0.0,"event_name":"Liars Game","player_choice":"Ignored","floor":7.0,"gold_loss":0.0,"damage_taken":0.0},{"cards_removed":["Strike_G"],"damage_healed":0.0,"max_hp_gain":0.0,"max_hp_loss":0.0,"gold_gain":0.0,"event_name":"Beggar","player_choice":"Gave Gold","floor":19.0,"gold_loss":75.0,"damage_taken":0.0},{"damage_healed":0.0,"max_hp_gain":0.0,"max_hp_loss":0.0,"gold_gain":0.0,"event_name":"Masked Bandits","player_choice":"Fought Bandits","floor":21.0,"gold_loss":0.0,"damage_taken":0.0},{"damage_healed":0.0,"max_hp_gain":0.0,"max_hp_loss":0.0,"gold_gain":0.0,"event_name":"Vampires","player_choice":"Ignored","floor":22.0,"gold_loss":0.0,"damage_taken":0.0}],"is_beta":false,"boss_relics":[{"not_picked":["Empty Cage","Lizard Tail"],"picked":"Velvet Choker"},{"not_picked":["Ring of the Serpent","Fusion Hammer"],"picked":"Runic Pyramid"}],"items_purged_floors":[4,20,39],"is_endless":false,"potions_floor_spawned":[8,10,12,14,18,23,24,31,33,37,44,46,48],"ascension_level":0}