{"gold_per_floor":[362,437,450,467,26,26,38,38,38,56,75,0,34,49,49,122,122,135,151,64,64,80,80,80,98,122,0,0,0,20,20],"floor_reached":31,"playtime":991,"items_purged":[],"score":466,"play_id":"7f043bfd-2ebc-4177-877b-42ca13728bd5","local_time":"20180924004947","is_ascension_mode":true,"campfire_choices":[{"data":"Inflame","floor":6.0,"key":"SMITH"},{"data":"Flex","floor":8.0,"key":"SMITH"},{"data":"Sword Boomerang","floor":15.0,"key":"SMITH"},{"data":"True Grit","floor":23.0,"key":"SMITH"},{"data":"Entrench","floor":29,"key":"SMITH"}],"neow_cost":"TEN_PERCENT_HP_LOSS","seed_source_timestamp":215921970086652,"circlet_count":0,"master_deck":["Strike_R","Strike_R","Strike_R","Strike_R","Defend_R","Defend_R","Defend_R","Defend_R","Bash","AscendersBane","Pummel","Sword Boomerang+1","Inflame+1","Flex+1","Pummel","Evolve","Second Wind","True Grit+1","Power Through","Barricade+1","Battle Trance","Entrench+1","Feel No Pain","Battle Trance","Spot Weakness"],"special_seed":0,"relics":["Burning Blood","Kunai","Darkstone Periapt","Magic Flower","Mark of Pain","Juzu Bracelet"],"potions_floor_usage":[],"damage_taken":[{"damage":4.0,"enemies":"2 Louse","floor":1.0,"turns":3.0},{"damage":4.0,"enemies":"Jaw Worm","floor":3.0,"turns":4.0},{"damage":2.0,"enemies":"Cultist","floor":4.0,"turns":4.0},{"damage":27.0,"enemies":"Exordium Wildlife","floor":7.0,"turns":4.0},{"damage":13.0,"enemies":"Blue Slaver","floor":10.0,"turns":3.0},{"damage":0.0,"enemies":"Looter","floor":11.0,"turns":1.0},{"damage":20.0,"enemies":"Lagavulin","floor":13.0,"turns":5.0},{"damage":18.0,"enemies":"Red Slaver","floor":14.0,"turns":3.0},{"damage":12.0,"enemies":"Hexaghost","floor":16.0,"turns":9.0},{"damage":16.0,"enemies":"Shell Parasite","floor":18.0,"turns":4.0},{"damage":21.0,"enemies":"3 Byrds","floor":19.0,"turns":7.0},{"damage":26.0,"enemies":"Cultist and Chosen","floor":22.0,"turns":9.0},{"damage":12.0,"enemies":"Chosen and Byrds","floor":25.0,"turns":6.0},{"damage":8,"enemies":"Centurion and Healer","floor":30,"turns":11},{"damage":0,"enemies":"Colosseum Slavers","floor":31,"turns":1}],"seed_played":"6146835880655624372","potions_obtained":[{"floor":1.0,"key":"Fire Potion"},{"floor":7.0,"key":"EssenceOfSteel"},{"floor":10.0,"key":"FearPotion"},{"floor":14.0,"key":"GamblersBrew"},{"floor":16.0,"key":"EssenceOfSteel"},{"floor":18.0,"key":"FearPotion"},{"floor":25.0,"key":"Strength Potion"}],"is_trial":false,"path_per_floor":["M","?","M","M","$","R","M","R","T","M","M","?","E","M","R","B",null,"M","M","$","?","M","R","?","M","T","?","?","R","M"],"character_chosen":"IRONCLAD","items_purchased":["Inflame","Flex","Kunai","Entrench"],"campfire_rested":0,"item_purchase_floors":[5,5,5,20],"current_hp_per_floor":[68,57,59,63,63,63,42,42,42,35,41,41,27,18,18,15,55,48,36,36,36,19,19,19,16,16,16,16,16,17,17],"gold":20,"neow_bonus":"TWO_FIFTY_GOLD","is_prod":false,"is_daily":false,"chose_seed":false,"campfire_upgraded":5,"win_rate":0,"timestamp":1537721387,"path_taken":["M","?","M","M","$","R","M","R","T","M","?","?","E","?","R","BOSS","M","M","$","?","M","R","?","M","T","?","?","R","M","?"],"build_version":"2018-09-20","purchased_purges":0,"victory":false,"max_hp_per_floor":[68,68,68,68,68,68,68,68,68,68,68,68,68,68,68,68,68,68,68,68,68,68,68,68,68,68,68,68,68,68,68],"card_choices":[{"not_picked":["Sentinel","Sever Soul"],"picked":"Pummel","floor":1.0},{"not_picked":["Rampage","Wild Strike","Fire Breathing"],"picked":"SKIP","floor":3.0},{"not_picked":["Warcry","Dual Wield"],"picked":"Sword Boomerang","floor":4.0},{"not_picked":["Twin Strike","Perfected Strike"],"picked":"Pummel","floor":7.0},{"not_picked":["Reckless Charge","Corruption"],"picked":"Evolve","floor":10.0},{"not_picked":["Heavy Blade","Body Slam"],"picked":"Second Wind","floor":11.0},{"not_picked":["Bludgeon","Clash"],"picked":"True Grit","floor":13.0},{"not_picked":["Uppercut","Cleave"],"picked":"Power Through","floor":14.0},{"not_picked":["Impervious","Bludgeon"],"picked":"Barricade","floor":16.0},{"not_picked":["Clothesline","Infernal Blade","Blood for Blood+1"],"picked":"SKIP","floor":18.0},{"not_picked":["Hemokinesis","Iron Wave"],"picked":"Battle Trance","floor":19.0},{"not_picked":["Cleave","Whirlwind"],"picked":"Feel No Pain","floor":22.0},{"not_picked":["Havoc","Headbutt","Armaments"],"picked":"SKIP","floor":25.0},{"not_picked":["Cleave","Pommel Strike"],"picked":"Spot Weakness","floor":30}],"player_experience":113148,"relics_obtained":[{"floor":9.0,"key":"Darkstone Periapt"},{"floor":13.0,"key":"Magic Flower"},{"floor":26.0,"key":"Juzu Bracelet"}],"event_choices":[{"event_name":"World of Goop","player_choice":"Gather Gold","floor":2.0,"damage_taken":0.0},{"event_name":"The Cleric","player_choice":"Card Removal","floor":12.0,"damage_taken":0.0},{"event_name":"Accursed Blacksmith","player_choice":"Forge","floor":21.0,"damage_taken":0.0},{"event_name":"Duplicator","player_choice":"One dupe","floor":24.0,"damage_taken":0.0},{"event_name":"Masked Bandits","player_choice":"Paid Fearfully","floor":27,"damage_taken":0},{"event_name":"Beggar","player_choice":"Ignored","floor":28,"damage_taken":0},{"event_name":"Colosseum","player_choice":"Fight","floor":31,"damage_taken":0}],"is_beta":false,"boss_relics":[{"not_picked":["Ectoplasm","Sozu"],"picked":"Mark of Pain"}],"items_purged_floors":[],"is_endless":false,"potions_floor_spawned":[1,7,10,14,16,18,25],"killed_by":"Colosseum Slavers","ascension_level":19}