{"gold_per_floor":[110,110,123,48,61,61,93,93,142,154,154,171,189,219,219,219],"floor_reached":16,"playtime":388,"items_purged":["Strike_R"],"score":224,"play_id":"0bf1049f-1605-432f-9c8f-61d2605d1b62","local_time":"20190603152517","is_ascension_mode":true,"campfire_choices":[{"data":"Immolate","floor":6,"key":"SMITH"},{"data":"Bash","floor":8,"key":"SMITH"},{"data":"Berserk","floor":11,"key":"SMITH"},{"data":"True Grit","floor":15,"key":"SMITH"}],"neow_cost":"PERCENT_DAMAGE","seed_source_timestamp":168081729932294,"circlet_count":0,"master_deck":["AscendersBane","Strike_R","Strike_R","Defend_R","Defend_R","Defend_R","Defend_R","Bash+1","Immolate+1","Berserk+1","True Grit+1"],"special_seed":0,"relics":["Burning Blood","Smiling Mask","Bag of Marbles","Sundial"],"potions_floor_usage":[13],"damage_taken":[{"damage":4.0,"enemies":"Jaw Worm","floor":1.0,"turns":5.0},{"damage":12,"enemies":"Small Slimes","floor":3,"turns":3},{"damage":0,"enemies":"2 Louse","floor":5,"turns":1},{"damage":71,"enemies":"Lagavulin","floor":7,"turns":9},{"damage":0,"enemies":"2 Fungi Beasts","floor":10,"turns":2},{"damage":6,"enemies":"Looter","floor":12,"turns":2},{"damage":0,"enemies":"Exordium Wildlife","floor":13,"turns":1},{"damage":20,"enemies":"3 Sentries","floor":14,"turns":3},{"damage":11,"enemies":"Hexaghost","floor":16,"turns":7}],"seed_played":"-1175737284185110634","potions_obtained":[{"floor":3,"key":"FairyPotion"},{"floor":5,"key":"GamblersBrew"},{"floor":14,"key":"Weak Potion"}],"is_trial":false,"path_per_floor":["M","?","M","$","M","R","E","R","T","M","R","M","M","E","R","B"],"character_chosen":"IRONCLAD","items_purchased":[],"campfire_rested":0,"item_purchase_floors":[],"current_hp_per_floor":[52,52,46,46,52,52,13,13,13,19,19,19,25,11,11,0],"gold":219,"neow_bonus":"REMOVE_TWO","is_prod":false,"is_daily":false,"chose_seed":false,"campfire_upgraded":4,"win_rate":0,"timestamp":1559546717,"path_taken":["M","?","M","$","M","R","E","R","T","M","R","M","M","E","R","BOSS"],"build_version":"2019-01-23","purchased_purges":1,"victory":false,"max_hp_per_floor":[75,75,75,75,75,75,75,75,75,75,75,75,75,75,75,75],"card_choices":[{"not_picked":["Warcry","Armaments"],"picked":"Flex","floor":1.0},{"not_picked":["Pommel Strike","Perfected Strike","Cleave"],"picked":"SKIP","floor":3},{"not_picked":["Cleave","Thunderclap","Dropkick"],"picked":"SKIP","floor":5},{"not_picked":["Body Slam","Reckless Charge","Rupture"],"picked":"SKIP","floor":7},{"not_picked":["Combust","Armaments"],"picked":"Berserk","floor":10},{"not_picked":["Cleave","Entrench"],"picked":"True Grit","floor":12},{"not_picked":["Headbutt","Whirlwind","Reckless Charge"],"picked":"SKIP","floor":13},{"not_picked":["Sentinel","Armaments","Twin Strike"],"picked":"SKIP","floor":14}],"player_experience":5022328,"relics_obtained":[{"floor":7,"key":"Smiling Mask"},{"floor":9,"key":"Bag of Marbles"},{"floor":14,"key":"Sundial"}],"event_choices":[{"damage_healed":0,"gold_gain":0,"cards_transformed":["Flex"],"player_choice":"Change","damage_taken":0,"max_hp_gain":0,"max_hp_loss":0,"event_name":"Living Wall","floor":2,"gold_loss":0,"cards_obtained":["Immolate"]}],"is_beta":false,"boss_relics":[],"items_purged_floors":[4],"is_endless":false,"potions_floor_spawned":[3,5,14],"killed_by":"Hexaghost","ascension_level":20}