{"path_per_floor":["M","?","M","?","$","R","M","M","T","?","M","E","$","E","R"],"character_chosen":"THE_SILENT","items_purchased":["Calculated Gamble"],"gold_per_floor":[114,189,204,204,110,110,125,140,140,140,155,185,85,115,115],"floor_reached":16,"campfire_rested":1,"playtime":655,"current_hp_per_floor":[70,59,59,59,59,59,59,59,59,59,58,37,37,30,51],"items_purged":["Defend_G"],"gold":115,"score":110,"play_id":"f544bfa5-4090-4c7d-95eb-3bb5129231d4","local_time":"20180305210854","daily_mods":[{"name":"全明星","description":"开始时拥有两张随机无色牌。","modID":"Allstar","img":{"data":{"file":{"file":{"path":"images\\ui\\run_mods\\all_star.png"},"type":"Internal"},"width":64,"height":64,"format":"RGBA8888","useMipMaps":false,"isPrepared":false},"glTarget":3553,"glHandle":684,"minFilter":"Linear","magFilter":"Linear","uWrap":"ClampToEdge","vWrap":"ClampToEdge"},"positive":true},{"name":"致命强敌","description":"所有敌人获得+3力量。","modID":"Lethal Enemies","img":{"data":{"file":{"file":{"path":"images\\ui\\run_mods\\lethal_enemies.png"},"type":"Internal"},"width":64,"height":64,"format":"RGBA8888","useMipMaps":false,"isPrepared":false},"glTarget":3553,"glHandle":675,"minFilter":"Linear","magFilter":"Linear","uWrap":"ClampToEdge","vWrap":"ClampToEdge"},"positive":false},{"name":"不休旅途","description":"战胜Boss后不会回复生命。","modID":"Restless Journey","img":{"data":{"file":{"file":{"path":"images\\ui\\run_mods\\restless_journey.png"},"type":"Internal"},"width":64,"height":64,"format":"RGBA8888","useMipMaps":false,"isPrepared":false},"glTarget":3553,"glHandle":676,"minFilter":"Linear","magFilter":"Linear","uWrap":"ClampToEdge","vWrap":"ClampToEdge"},"positive":false},{"name":"奇货可居","description":"商人涨价25%。","modID":"Vintage","img":{"data":{"file":{"file":{"path":"images\\ui\\run_mods\\vintage.png"},"type":"Internal"},"width":64,"height":64,"format":"RGBA8888","useMipMaps":false,"isPrepared":false},"glTarget":3553,"glHandle":677,"minFilter":"Linear","magFilter":"Linear","uWrap":"ClampToEdge","vWrap":"ClampToEdge"},"positive":false}],"is_prod":false,"is_daily":true,"is_ascension_mode":false,"campfire_upgraded":1,"timestamp":1520255334,"path_taken":["M","?","M","?","?","R","M","?","T","?","M","E","$","E","R","BOSS"],"build_version":"2018-03-01-PROD1","purchased_purges":1,"victory":false,"master_deck":["Defend_G","Defend_G","Defend_G","Strike_G","Strike_G","Strike_G","Strike_G","Strike_G","Survivor","Neutralize","Dramatic Entrance","Trip+1","Catalyst","Dagger Throw","Deep Breath","Deadly Poison","Reflex","Calculated Gamble"],"max_hp_per_floor":[70,70,70,70,70,70,70,70,70,70,70,70,70,70,70],"relics":["Ring of the Snake","Unceasing Top","Bag of Marbles","Dodecahedron"],"card_choices":[{"not_picked":["Sucker Punch","Dagger Throw"],"picked":"Catalyst"},{"not_picked":["Flying Knee","Deflect"],"picked":"Dagger Throw"},{"not_picked":["Bane","Setup"],"picked":"Deadly Poison"},{"not_picked":["Die Die Die","Well Laid Plans"],"picked":"Reflex"}],"player_experience":220999,"potions_floor_usage":[12,14,14],"damage_taken":[{"damage":0,"enemies":"Jaw Worm","floor":1,"turns":3},{"damage":0,"enemies":"2 Louse","floor":3,"turns":2},{"damage":0,"enemies":"Cultist","floor":7,"turns":3},{"damage":0,"enemies":"Gremlin Gang","floor":8,"turns":3},{"damage":1,"enemies":"Exordium Wildlife","floor":11,"turns":2},{"damage":21,"enemies":"3 Sentries","floor":12,"turns":6},{"damage":7,"enemies":"Gremlin Nob","floor":14,"turns":4},{"damage":54,"enemies":"The Guardian","floor":16,"turns":9}],"event_choices":[{"event_name":"World of Goop","player_choice":"Gather Gold","floor":2,"damage_taken":0},{"event_name":"Bonfire Elementals","player_choice":"BASIC","floor":4,"damage_taken":0},{"event_name":"Match and Keep!","player_choice":"1 cards matched","floor":10,"damage_taken":0}],"boss_relics":[],"potions_floor_spawned":[7,11,12],"seed_played":"1440800474786276678","killed_by":"The Guardian","ascension_level":0,"is_trial":false}