{"gold_per_floor":[114,39,39,59,59,88,107,107,107,107],"floor_reached":10,"playtime":256,"items_purged":["Strike_B"],"score":132,"play_id":"d4795722-d85b-46aa-938a-8e911f7947ed","local_time":"20190404232823","is_ascension_mode":true,"campfire_choices":[{"data":"Zap","floor":8.0,"key":"SMITH"}],"neow_cost":"NONE","seed_source_timestamp":41289734345419,"circlet_count":0,"master_deck":["AscendersBane","Strike_B","Strike_B","Strike_B","Defend_B","Defend_B","Defend_B","Defend_B","Zap+1","Dualcast","Creative AI","Streamline","Genetic Algorithm","Ball Lightning"],"special_seed":0,"relics":["Cracked Core","Dodecahedron","The Courier"],"potions_floor_usage":[10],"damage_taken":[{"damage":2.0,"enemies":"2 Louse","floor":1.0,"turns":3.0},{"damage":5.0,"enemies":"Small Slimes","floor":4.0,"turns":2.0},{"damage":42.0,"enemies":"Gremlin Nob","floor":6.0,"turns":5.0},{"damage":2.0,"enemies":"Cultist","floor":7.0,"turns":4.0},{"damage":1,"enemies":"Exordium Wildlife","floor":10,"turns":2}],"seed_played":"-8691662745207525091","potions_obtained":[{"floor":4.0,"key":"Weak Potion"},{"floor":6.0,"key":"Swift Potion"}],"is_trial":false,"path_per_floor":["M","$","?","M","?","E","M","R","T","M"],"character_chosen":"DEFECT","items_purchased":[],"campfire_rested":0,"item_purchase_floors":[],"current_hp_per_floor":[62,62,62,57,47,5,3,3,3,2],"gold":107,"neow_bonus":"ONE_RANDOM_RARE_CARD","is_prod":false,"is_daily":false,"chose_seed":false,"campfire_upgraded":1,"win_rate":0,"timestamp":1554391703,"path_taken":["M","$","?","M","?","E","M","R","T","?"],"build_version":"2019-01-23","purchased_purges":1,"victory":false,"max_hp_per_floor":[71,71,71,71,71,71,71,71,71,71],"card_choices":[{"not_picked":["Compile Driver","Sweeping Beam"],"picked":"Streamline","floor":1.0},{"not_picked":["Doom and Gloom","Coolheaded"],"picked":"Genetic Algorithm","floor":4.0},{"not_picked":["Hyperbeam","Steam Power","Stack"],"picked":"SKIP","floor":6.0},{"not_picked":["Steam","Storm"],"picked":"Ball Lightning","floor":7.0}],"player_experience":4059954,"relics_obtained":[{"floor":6.0,"key":"Dodecahedron"},{"floor":9.0,"key":"The Courier"}],"event_choices":[{"damage_healed":0.0,"max_hp_gain":0.0,"max_hp_loss":0.0,"gold_gain":0.0,"event_name":"Liars Game","player_choice":"Ignored","floor":3.0,"gold_loss":0.0,"damage_taken":0.0},{"damage_healed":0.0,"max_hp_gain":0.0,"max_hp_loss":0.0,"gold_gain":0.0,"event_name":"Wheel of Change","player_choice":"Damaged","floor":5.0,"gold_loss":0.0,"damage_taken":10.0}],"is_beta":false,"boss_relics":[],"items_purged_floors":[2],"is_endless":false,"potions_floor_spawned":[4,6],"killed_by":"Exordium Wildlife","ascension_level":20}