{"gold_per_floor":[118,118,135,150,75,75,103,114,114,114,148,165,197,207,207,286,286,304,304,316,47,66,66,92,142,169,194,207,227,227,38,38,115,115,125,140,240,240,286,286,296,327,350,225,240,270,270,289,289,289],"floor_reached":50,"playtime":2292,"items_purged":["Strike_B","Defend_B","Defend_B"],"score":1534,"play_id":"6cabfe4f-d3fe-4e92-961f-8dd411505035","local_time":"20190710003949","is_ascension_mode":true,"campfire_choices":[{"data":"Sunder","floor":6.0,"key":"SMITH"},{"data":"Turbo","floor":15.0,"key":"SMITH"},{"data":"Coolheaded","floor":23.0,"key":"SMITH"},{"data":"Discovery","floor":32.0,"key":"SMITH"},{"data":"Fission","floor":40.0,"key":"SMITH"},{"floor":49,"key":"RECALL"}],"neow_cost":"NONE","seed_source_timestamp":55015283069088,"circlet_count":0,"master_deck":["AscendersBane","Zap","Dualcast","Amplify","Glacier","White Noise","Genetic Algorithm","Machine Learning","Ball Lightning+1","Turbo+1","Buffer","Beam Cell","Coolheaded+1","Hologram+1","Chill","Discovery+1","Fission+1","Biased Cognition+1","Gash+1","Coolheaded+1","Loop","Coolheaded+1","Double Energy","Defragment","Electrodynamics","Darkness+1"],"special_seed":0,"relics":["Nuclear Battery","Kunai","Mercury Hourglass","Dodecahedron","Whetstone","Philosopher\u0027s Stone","Thread and Needle","OrangePellets","Unceasing Top","Centennial Puzzle","Oddly Smooth Stone","Astrolabe","Prayer Wheel","Shovel","Mango","Bag of Marbles"],"potions_floor_usage":[46,50],"damage_taken":[{"damage":1.0,"enemies":"Cultist","floor":1.0,"turns":4.0},{"damage":4.0,"enemies":"Jaw Worm","floor":3.0,"turns":4.0},{"damage":0.0,"enemies":"Small Slimes","floor":4.0,"turns":2.0},{"damage":25.0,"enemies":"Lagavulin","floor":7.0,"turns":7.0},{"damage":2.0,"enemies":"Exordium Wildlife","floor":8.0,"turns":4.0},{"damage":0.0,"enemies":"3 Sentries","floor":11.0,"turns":5.0},{"damage":10.0,"enemies":"3 Louse","floor":12.0,"turns":4.0},{"damage":0.0,"enemies":"Lagavulin","floor":13.0,"turns":7.0},{"damage":6.0,"enemies":"2 Fungi Beasts","floor":14.0,"turns":3.0},{"damage":0.0,"enemies":"The Guardian","floor":16.0,"turns":9.0},{"damage":0.0,"enemies":"Spheric Guardian","floor":18.0,"turns":4.0},{"damage":0.0,"enemies":"2 Thieves","floor":20.0,"turns":4.0},{"damage":4.0,"enemies":"Centurion and Healer","floor":22.0,"turns":6.0},{"damage":33.0,"enemies":"Slavers","floor":24.0,"turns":6.0},{"damage":0.0,"enemies":"3 Cultists","floor":28.0,"turns":5.0},{"damage":7.0,"enemies":"Snake Plant","floor":29.0,"turns":2.0},{"damage":0.0,"enemies":"Collector","floor":33.0,"turns":11.0},{"damage":0.0,"enemies":"3 Darklings","floor":35.0,"turns":5.0},{"damage":8.0,"enemies":"3 Shapes","floor":36.0,"turns":3.0},{"damage":0.0,"enemies":"Mind Bloom Boss Battle","floor":37.0,"turns":6.0},{"damage":21.0,"enemies":"2 Orb Walkers","floor":39.0,"turns":5.0},{"damage":0.0,"enemies":"Transient","floor":41.0,"turns":6.0},{"damage":0.0,"enemies":"Giant Head","floor":42.0,"turns":6.0},{"damage":0.0,"enemies":"Sphere and 2 Shapes","floor":45.0,"turns":6.0},{"damage":0,"enemies":"Reptomancer","floor":46,"turns":5},{"damage":0,"enemies":"Spire Growth","floor":48,"turns":6},{"damage":46,"enemies":"Awakened One","floor":50,"turns":9}],"seed_played":"-572383351741605518","potions_obtained":[{"floor":3.0,"key":"Fire Potion"},{"floor":7.0,"key":"AttackPotion"},{"floor":11.0,"key":"SkillPotion"},{"floor":13.0,"key":"GamblersBrew"},{"floor":16.0,"key":"Poison Potion"},{"floor":18.0,"key":"Block Potion"},{"floor":22.0,"key":"Fire Potion"},{"floor":24.0,"key":"AttackPotion"},{"floor":29.0,"key":"GamblersBrew"},{"floor":41.0,"key":"Swift Potion"},{"floor":42.0,"key":"Ancient Potion"},{"floor":46,"key":"SkillPotion"},{"floor":48,"key":"Swift Potion"}],"is_trial":false,"path_per_floor":["M","$","M","M","$","R","E","M","T","?","E","M","E","M","R","B",null,"M","?","M","$","M","R","E","?","T","T","M","M","?","$","R","B",null,"M","M","?","?","?","R","M","E","T","$","M","E","?","M","R","B"],"character_chosen":"DEFECT","items_purchased":["OrangePellets","Coolheaded","Discovery"],"campfire_rested":0,"item_purchase_floors":[21,21,31],"current_hp_per_floor":[63,63,59,59,59,59,34,32,32,32,32,22,22,16,16,16,57,57,57,57,57,53,53,20,20,20,20,20,13,13,13,13,13,57,57,49,49,49,28,28,28,42,42,42,42,42,42,42,42,0],"gold":289,"neow_bonus":"BOSS_RELIC","is_prod":false,"is_daily":false,"chose_seed":false,"campfire_upgraded":5,"win_rate":0,"timestamp":1562686789,"path_taken":["M","?","M","M","$","R","E","M","T","?","E","M","E","?","R","BOSS","M","?","M","$","?","R","E","?","T","?","M","M","?","$","R","BOSS","M","M","?","?","?","R","M","E","T","$","M","E","?","M","R","BOSS"],"build_version":"2019-07-05","purchased_purges":3,"victory":false,"max_hp_per_floor":[71,71,71,71,71,71,71,71,71,71,71,71,71,71,71,71,71,71,71,71,71,71,71,71,71,71,71,71,71,71,71,71,71,71,71,71,71,71,71,71,71,85,85,85,85,85,85,85,85,85],"card_choices":[{"not_picked":["Leap","Gash","Steam"],"picked":"SKIP","floor":1.0},{"not_picked":["Go for the Eyes","White Noise"],"picked":"Sunder","floor":3.0},{"not_picked":["Streamline","Reprogram","Redo"],"picked":"SKIP","floor":4.0},{"not_picked":["Rebound","Sweeping Beam"],"picked":"Amplify","floor":7.0},{"not_picked":["Go for the Eyes","Cold Snap"],"picked":"Glacier","floor":8.0},{"not_picked":["Rebound","Cold Snap"],"picked":"Genetic Algorithm","floor":11.0},{"not_picked":["Leap","Go for the Eyes"],"picked":"Machine Learning","floor":12.0},{"not_picked":["Doom and Gloom","Sweeping Beam"],"picked":"Ball Lightning","floor":13.0},{"not_picked":["Fusion","Aggregate"],"picked":"Turbo","floor":14.0},{"not_picked":["Multi-Cast","Hyperbeam"],"picked":"Buffer","floor":16.0},{"not_picked":["Ball Lightning+1","Leap","Go for the Eyes"],"picked":"SKIP","floor":18.0},{"not_picked":["Rebound","Ball Lightning"],"picked":"Beam Cell","floor":20.0},{"not_picked":["Doom and Gloom","Aggregate"],"picked":"Hologram+1","floor":22.0},{"not_picked":["Amplify","Chill","Gash+1"],"picked":"SKIP","floor":24.0},{"not_picked":["Amplify","Gash+1"],"picked":"Chill","floor":24.0},{"not_picked":["Rebound+1","Doom and Gloom","Streamline"],"picked":"SKIP","floor":28.0},{"not_picked":["Scrape","Redo","Conserve Battery"],"picked":"SKIP","floor":29.0},{"not_picked":["Core Surge","Machine Learning"],"picked":"Fission","floor":33.0},{"not_picked":["Sunder","Aggregate","Compile Driver"],"picked":"SKIP","floor":35.0},{"not_picked":["Compile Driver","Ball Lightning","Hologram+1"],"picked":"SKIP","floor":36.0},{"not_picked":["Steam+1","Barrage"],"picked":"Loop","floor":39.0},{"not_picked":["Genetic Algorithm","White Noise+1"],"picked":"Coolheaded+1","floor":41.0},{"not_picked":["Go for the Eyes+1","Conserve Battery+1","Auto Shields"],"picked":"SKIP","floor":41.0},{"not_picked":["Steam Power","Auto Shields+1"],"picked":"Double Energy","floor":42.0},{"not_picked":["Compile Driver","Chill"],"picked":"Defragment","floor":45.0},{"not_picked":["Lockon","Coolheaded","Gash"],"picked":"SKIP","floor":45.0},{"not_picked":["Hologram","Steam Power"],"picked":"Electrodynamics","floor":46},{"not_picked":["Scrape","Hologram+1","Conserve Battery+1"],"picked":"SKIP","floor":48},{"not_picked":["Steam+1","Lockon","Darkness+1"],"picked":"SKIP","floor":48},{"not_picked":["Steam+1","Lockon"],"picked":"Darkness+1","floor":48},{"not_picked":["Scrape","Hologram+1","Conserve Battery+1"],"picked":"SKIP","floor":48}],"player_experience":623404,"relics_obtained":[{"floor":7.0,"key":"Kunai"},{"floor":9.0,"key":"Mercury Hourglass"},{"floor":11.0,"key":"Dodecahedron"},{"floor":13.0,"key":"Whetstone"},{"floor":24.0,"key":"Unceasing Top"},{"floor":26.0,"key":"Centennial Puzzle"},{"floor":27.0,"key":"Oddly Smooth Stone"},{"floor":37.0,"key":"Prayer Wheel"},{"floor":39.0,"key":"Shovel"},{"floor":42.0,"key":"Mango"},{"floor":46,"key":"Bag of Marbles"}],"event_choices":[{"damage_healed":0.0,"max_hp_gain":0.0,"max_hp_loss":0.0,"gold_gain":0.0,"cards_transformed":["Strike_B"],"event_name":"Transmorgrifier","player_choice":"Transformed","floor":10.0,"gold_loss":0.0,"damage_taken":0.0,"cards_obtained":["White Noise"]},{"damage_healed":0.0,"max_hp_gain":0.0,"max_hp_loss":0.0,"gold_gain":0.0,"event_name":"WeMeetAgain","player_choice":"Gave Potion","floor":19.0,"gold_loss":0.0,"damage_taken":0.0,"relics_obtained":["Thread and Needle"]},{"damage_healed":0.0,"max_hp_gain":0.0,"max_hp_loss":0.0,"gold_gain":50.0,"event_name":"Nest","player_choice":"Stole From Cult","floor":25.0,"gold_loss":0.0,"damage_taken":0.0},{"cards_removed":["Strike_B"],"damage_healed":0.0,"max_hp_gain":0.0,"max_hp_loss":0.0,"gold_gain":0.0,"event_name":"Back to Basics","player_choice":"Elegance","floor":30.0,"gold_loss":0.0,"damage_taken":0.0},{"damage_healed":0.0,"max_hp_gain":0.0,"max_hp_loss":0.0,"gold_gain":0.0,"event_name":"MindBloom","player_choice":"Fight","floor":37.0,"gold_loss":0.0,"damage_taken":0.0},{"cards_removed":["Sunder"],"damage_healed":0.0,"max_hp_gain":0.0,"max_hp_loss":0.0,"gold_gain":0.0,"event_name":"Falling","player_choice":"Removed Attack","floor":38.0,"gold_loss":0.0,"damage_taken":0.0},{"damage_healed":0.0,"max_hp_gain":0.0,"max_hp_loss":0.0,"gold_gain":0.0,"event_name":"Mysterious Sphere","player_choice":"Fight","floor":39.0,"gold_loss":0.0,"damage_taken":0.0},{"damage_healed":0,"gold_gain":0,"player_choice":"Ignored","damage_taken":0,"max_hp_gain":0,"max_hp_loss":0,"event_name":"Tomb of Lord Red Mask","floor":47,"gold_loss":0}],"is_beta":false,"boss_relics":[{"not_picked":["Lizard Tail","White Beast Statue"],"picked":"Philosopher\u0027s Stone"},{"not_picked":["Runic Dome","Pandora\u0027s Box"],"picked":"Astrolabe"}],"items_purged_floors":[5,31,44],"is_endless":false,"potions_floor_spawned":[3,7,11,13,16,18,22,24,29,41,42,46,48],"killed_by":"Awakened One","ascension_level":20}