{"gold_per_floor":[112,112,123,133,144,144,158,158,208,208,208,219,56,82,82,159,159,173,173,173,173],"floor_reached":21,"playtime":556,"items_purged":[],"score":358,"play_id":"7a7efe70-5cdf-4bc7-aa9e-4b9a45474332","local_time":"20190417173423","is_ascension_mode":true,"campfire_choices":[{"data":"Zap","floor":6,"key":"SMITH"},{"data":"Defragment","floor":8,"key":"SMITH"},{"data":"Turbo","floor":11,"key":"SMITH"},{"data":"Fusion","floor":15,"key":"SMITH"}],"neow_cost":"TEN_PERCENT_HP_LOSS","seed_source_timestamp":708533073025309,"circlet_count":0,"master_deck":["AscendersBane","Strike_B","Strike_B","Strike_B","Strike_B","Defend_B","Defend_B","Defend_B","Defend_B","Zap+1","Dualcast","Beam Cell","Reboot","White Noise","Compile Driver","Turbo+1","Multi-Cast","Capacitor","Defragment+1","Fusion+1","Echo Form","White Noise","Rainbow","Conserve Battery","Ghostly","Ghostly","Ghostly"],"special_seed":0,"relics":["Cracked Core","Calipers","Regal Pillow","Letter Opener","Sozu"],"potions_floor_usage":[14],"damage_taken":[{"damage":1.0,"enemies":"2 Louse","floor":1.0,"turns":3.0},{"damage":2,"enemies":"Cultist","floor":3,"turns":4},{"damage":4,"enemies":"Small Slimes","floor":4,"turns":3},{"damage":15,"enemies":"Exordium Thugs","floor":5,"turns":4},{"damage":13,"enemies":"Blue Slaver","floor":7,"turns":3},{"damage":0,"enemies":"2 Fungi Beasts","floor":12,"turns":3},{"damage":5,"enemies":"Lagavulin","floor":14,"turns":7},{"damage":38,"enemies":"Slime Boss","floor":16,"turns":6},{"damage":33,"enemies":"2 Thieves","floor":18,"turns":4},{"damage":17,"enemies":"3 Byrds","floor":21,"turns":2}],"seed_played":"4155085217196275258","potions_obtained":[{"floor":4,"key":"FairyPotion"},{"floor":7,"key":"SneckoOil"},{"floor":12,"key":"Swift Potion"}],"is_trial":false,"path_per_floor":["M","?","M","M","M","R","M","R","T","?","R","M","$","E","R","B",null,"M","?","?","M"],"character_chosen":"DEFECT","items_purchased":["Echo Form"],"campfire_rested":0,"item_purchase_floors":[13],"current_hp_per_floor":[63,63,61,57,42,42,29,29,29,20,20,20,20,15,15,6,50,17,17,17,0],"gold":173,"neow_bonus":"ONE_RARE_RELIC","is_prod":false,"is_daily":false,"chose_seed":false,"campfire_upgraded":4,"win_rate":0,"timestamp":1555493663,"path_taken":["M","?","M","M","?","R","M","R","T","?","R","M","$","E","R","BOSS","M","?","?","M"],"build_version":"2019-01-23","purchased_purges":0,"victory":false,"max_hp_per_floor":[64,64,64,64,64,64,64,64,64,64,64,64,64,64,64,64,64,64,32,32,32],"card_choices":[{"not_picked":["Rebound","Stack"],"picked":"Beam Cell","floor":1.0},{"not_picked":["Compile Driver","Barrage"],"picked":"Turbo","floor":3},{"not_picked":["Conserve Battery","Streamline"],"picked":"Multi-Cast","floor":4},{"not_picked":["Rebound","Gash"],"picked":"Capacitor","floor":5},{"not_picked":["Skim","Loop"],"picked":"Defragment","floor":7},{"not_picked":["Leap","Sweeping Beam"],"picked":"Fusion","floor":12},{"not_picked":["Turbo","Sweeping Beam"],"picked":"White Noise","floor":14},{"not_picked":["Fission","Multi-Cast"],"picked":"Rainbow","floor":16},{"not_picked":["Rebound","Steam Power+1"],"picked":"Conserve Battery","floor":18}],"player_experience":1422747,"relics_obtained":[{"floor":9,"key":"Regal Pillow"},{"floor":14,"key":"Letter Opener"}],"event_choices":[{"damage_healed":0,"gold_gain":0,"player_choice":"3 cards matched","damage_taken":0,"max_hp_gain":0,"max_hp_loss":0,"event_name":"Match and Keep!","floor":2,"gold_loss":0,"cards_obtained":["Reboot","White Noise","Compile Driver"]},{"damage_healed":0,"gold_gain":0,"player_choice":"Damaged","damage_taken":9,"max_hp_gain":0,"max_hp_loss":0,"event_name":"Wheel of Change","floor":10,"gold_loss":0},{"damage_healed":0,"gold_gain":0,"player_choice":"Became a Ghost","damage_taken":0,"max_hp_gain":0,"max_hp_loss":32,"event_name":"Ghosts","floor":19,"gold_loss":0,"cards_obtained":["Ghostly","Ghostly","Ghostly"]},{"damage_healed":0,"gold_gain":0,"player_choice":"Ignored","damage_taken":0,"max_hp_gain":0,"max_hp_loss":0,"event_name":"Cursed Tome","floor":20,"gold_loss":0}],"is_beta":false,"boss_relics":[{"not_picked":["Busted Crown","Lizard Tail"],"picked":"Sozu"}],"items_purged_floors":[],"is_endless":false,"potions_floor_spawned":[4,7,12],"killed_by":"3 Byrds","ascension_level":20}