{"gold_per_floor":[116,128,53,53,67,67,83,83,128,128,403,403,434,170,170,249,249,264,277,295,395,410,410,445,445,445,463,463,463],"floor_reached":29,"playtime":1223,"items_purged":["Strike_G","Regret"],"score":536,"play_id":"c7536625-ecb7-490d-bd2d-38152c39849e","local_time":"20190305215340","is_ascension_mode":true,"campfire_choices":[{"data":"Bouncing Flask","floor":6.0,"key":"SMITH"},{"data":"Catalyst","floor":8.0,"key":"SMITH"},{"data":"Neutralize","floor":10.0,"key":"SMITH"},{"data":"Tactician","floor":12.0,"key":"SMITH"},{"data":"Wraith Form v2","floor":15.0,"key":"SMITH"},{"data":"Well Laid Plans","floor":23.0,"key":"SMITH"},{"data":"Venomology","floor":25.0,"key":"SMITH"},{"data":"Survivor","floor":28,"key":"SMITH"}],"neow_cost":"NONE","seed_source_timestamp":37078125278284,"circlet_count":0,"master_deck":["AscendersBane","Defend_G","Defend_G","Defend_G","Defend_G+1","Survivor+1","Neutralize+1","Bouncing Flask+1","Backflip+1","Tactician+1","Catalyst+1","Wraith Form v2+1","Venomology+1","After Image+1","Outmaneuver+1","Blade Dance+1","Well Laid Plans+1"],"special_seed":0,"relics":["Empty Cage","War Paint","Bag of Marbles","Potion Belt","Astrolabe","Nunchaku","Dodecahedron","Paper Crane"],"potions_floor_usage":[27,27,27],"damage_taken":[{"damage":1.0,"enemies":"Small Slimes","floor":1.0,"turns":6.0},{"damage":1.0,"enemies":"2 Louse","floor":2.0,"turns":3.0},{"damage":2.0,"enemies":"Cultist","floor":5.0,"turns":4.0},{"damage":21.0,"enemies":"Large Slime","floor":7.0,"turns":6.0},{"damage":24.0,"enemies":"3 Sentries","floor":13.0,"turns":11.0},{"damage":1.0,"enemies":"Hexaghost","floor":16.0,"turns":6.0},{"damage":4.0,"enemies":"Shell Parasite","floor":18.0,"turns":6.0},{"damage":2.0,"enemies":"Chosen","floor":19.0,"turns":5.0},{"damage":1.0,"enemies":"Centurion and Healer","floor":20.0,"turns":8.0},{"damage":15.0,"enemies":"Colosseum Slavers","floor":21.0,"turns":7.0},{"damage":5.0,"enemies":"Colosseum Nobs","floor":21.0,"turns":6.0},{"damage":13.0,"enemies":"Snake Plant","floor":22.0,"turns":5.0},{"damage":0.0,"enemies":"Gremlin Leader","floor":24.0,"turns":6.0},{"damage":0,"enemies":"3 Cultists","floor":27,"turns":7},{"damage":11,"enemies":"Cultist and Chosen","floor":29,"turns":5}],"seed_played":"-1871279349359019106","potions_obtained":[{"floor":1.0,"key":"Weak Potion"},{"floor":7.0,"key":"SkillPotion"},{"floor":13.0,"key":"Weak Potion"},{"floor":18.0,"key":"SkillPotion"},{"floor":22.0,"key":"Weak Potion"},{"floor":24.0,"key":"FearPotion"},{"floor":27,"key":"LiquidBronze"}],"is_trial":false,"path_per_floor":["M","M","$","?","M","R","M","R","T","R","?","R","E","$","R","B",null,"M","M","M","?","M","R","E","R","T","M","R","M"],"character_chosen":"THE_SILENT","items_purchased":["Potion Belt"],"campfire_rested":0,"item_purchase_floors":[14],"current_hp_per_floor":[58,57,57,57,55,55,34,34,34,34,34,34,10,10,10,9,52,48,46,45,25,12,12,12,12,12,12,12,1],"gold":463,"neow_bonus":"BOSS_RELIC","is_prod":false,"is_daily":false,"chose_seed":false,"campfire_upgraded":8,"win_rate":0,"timestamp":1551794020,"path_taken":["M","M","$","?","M","R","M","R","T","R","?","R","E","$","R","BOSS","M","M","?","?","M","R","E","R","T","M","R","M"],"build_version":"2019-01-23","purchased_purges":2,"victory":false,"max_hp_per_floor":[66,66,66,66,66,66,66,66,66,66,66,66,66,66,66,66,66,66,66,66,66,66,66,66,66,66,66,66,66],"card_choices":[{"not_picked":["Deflect","Dagger Spray"],"picked":"Bouncing Flask","floor":1.0},{"not_picked":["Dagger Spray","Quick Slash"],"picked":"Backflip","floor":2.0},{"not_picked":["Dodge and Roll","Reflex"],"picked":"Tactician","floor":5.0},{"not_picked":["Backstab","Acrobatics"],"picked":"Catalyst","floor":7.0},{"not_picked":["Leg Sweep","Night Terror"],"picked":"Wraith Form v2","floor":13.0},{"not_picked":["Glass Knife","Grand Finale"],"picked":"Venomology","floor":16.0},{"not_picked":["Riddle With Holes","Flying Knee","Sucker Punch"],"picked":"SKIP","floor":18.0},{"not_picked":["Backstab","Dodge and Roll"],"picked":"Well Laid Plans","floor":19.0},{"not_picked":["Slice","Bane+1","Dagger Spray+1"],"picked":"SKIP","floor":20.0},{"not_picked":["Deadly Poison","Flying Knee","Reflex"],"picked":"SKIP","floor":22.0},{"not_picked":["Blade Dance","Eviscerate","Dagger Spray"],"picked":"SKIP","floor":24.0},{"not_picked":["Blade Dance","Flying Knee","Riddle With Holes"],"picked":"SKIP","floor":27}],"player_experience":3340977,"relics_obtained":[{"floor":9.0,"key":"War Paint"},{"floor":13.0,"key":"Bag of Marbles"},{"floor":21.0,"key":"Nunchaku"},{"floor":21.0,"key":"Dodecahedron"},{"floor":24.0,"key":"Paper Crane"}],"event_choices":[{"damage_healed":0.0,"max_hp_gain":0.0,"max_hp_loss":0.0,"gold_gain":0.0,"event_name":"The Cleric","player_choice":"Leave","floor":4.0,"gold_loss":0.0,"damage_taken":0.0},{"damage_healed":0.0,"max_hp_gain":0.0,"max_hp_loss":0.0,"gold_gain":275.0,"event_name":"Golden Shrine","player_choice":"Desecrate","floor":11.0,"gold_loss":0.0,"damage_taken":0.0,"cards_obtained":["Regret"]},{"damage_healed":0.0,"max_hp_gain":0.0,"max_hp_loss":0.0,"gold_gain":0.0,"event_name":"Colosseum","player_choice":"Fight","floor":21.0,"gold_loss":0.0,"damage_taken":0.0},{"damage_healed":0.0,"max_hp_gain":0.0,"max_hp_loss":0.0,"gold_gain":0.0,"event_name":"Colosseum","player_choice":"Fought Nobs","floor":21.0,"gold_loss":0.0,"damage_taken":0.0}],"is_beta":false,"boss_relics":[{"not_picked":["Sozu","Runic Dome"],"picked":"Astrolabe"}],"items_purged_floors":[3,14],"is_endless":false,"potions_floor_spawned":[1,7,13,18,22,24,27],"killed_by":"Cultist and Chosen","ascension_level":20}