{"gold_per_floor":[361,124,139,139,139,139,160,173,243,243,243,255,271,0,0,74,74,56,0,10,23,23,23,23,37,113,132,132,132,132,151,151,151],"floor_reached":33,"playtime":1300,"items_purged":["Strike_G","Strike_G"],"score":574,"play_id":"904dbf8e-3374-4b6a-98f4-fd6059851c74","local_time":"20190731111543","is_ascension_mode":true,"campfire_choices":[{"data":"Well Laid Plans","floor":6.0,"key":"SMITH"},{"data":"Calculated Gamble","floor":10.0,"key":"SMITH"},{"data":"Neutralize","floor":15.0,"key":"SMITH"},{"data":"Burst","floor":23.0,"key":"SMITH"},{"floor":29.0,"key":"REST"},{"data":"Bullet Time","floor":32.0,"key":"SMITH"}],"neow_cost":"PERCENT_DAMAGE","seed_source_timestamp":232155372157698,"circlet_count":0,"master_deck":["AscendersBane","Strike_G","Defend_G","Defend_G+1","Defend_G","Defend_G","Defend_G","Survivor","Neutralize+1","Masterful Stab","Calculated Gamble+1","Well Laid Plans+1","Reflex+1","Noxious Fumes","Noxious Fumes","Burst+1","Heel Hook","Flechettes","Backflip","Bullet Time+1"],"special_seed":0,"relics":["Ring of the Snake","Odd Mushroom","Black Star","Happy Flower","Frozen Egg 2","FaceOfCleric"],"potions_floor_usage":[33,33],"damage_taken":[{"damage":1.0,"enemies":"Cultist","floor":1.0,"turns":4.0},{"damage":0.0,"enemies":"Small Slimes","floor":3.0,"turns":4.0},{"damage":8.0,"enemies":"The Mushroom Lair","floor":7.0,"turns":7.0},{"damage":0.0,"enemies":"2 Louse","floor":8.0,"turns":3.0},{"damage":0.0,"enemies":"Large Slime","floor":12.0,"turns":6.0},{"damage":0.0,"enemies":"Lots of Slimes","floor":13.0,"turns":3.0},{"damage":0.0,"enemies":"The Guardian","floor":16.0,"turns":10.0},{"damage":19.0,"enemies":"2 Thieves","floor":18.0,"turns":5.0},{"damage":7.0,"enemies":"Spheric Guardian","floor":20.0,"turns":7.0},{"damage":10.0,"enemies":"3 Cultists","floor":21.0,"turns":6.0},{"damage":15.0,"enemies":"Snake Plant","floor":25.0,"turns":7.0},{"damage":0.0,"enemies":"Sentry and Sphere","floor":27.0,"turns":5.0},{"damage":11.0,"enemies":"Chosen and Byrds","floor":31.0,"turns":8.0},{"damage":27,"enemies":"Automaton","floor":33,"turns":6}],"seed_played":"5162014393220787312","potions_obtained":[{"floor":7.0,"key":"AttackPotion"},{"floor":13.0,"key":"FearPotion"},{"floor":16.0,"key":"Weak Potion"},{"floor":25.0,"key":"Poison Potion"},{"floor":27.0,"key":"Swift Potion"},{"floor":31.0,"key":"Block Potion"}],"is_trial":false,"path_per_floor":["M","$","M","?","?","R","?","M","T","R","?","M","M","$","R","B",null,"M","?","M","M","T","R","?","M","T","M","?","R","?","M","R","B"],"character_chosen":"THE_SILENT","items_purchased":["Calculated Gamble","Well Laid Plans","GhostInAJar","Noxious Fumes"],"campfire_rested":1,"item_purchase_floors":[2,2,14,14],"current_hp_per_floor":[43,43,43,23,16,16,8,8,8,8,8,8,8,8,8,8,52,33,33,26,16,16,16,16,1,1,1,1,20,20,10,10,0],"gold":151,"neow_bonus":"TWO_FIFTY_GOLD","is_prod":false,"is_daily":false,"chose_seed":false,"campfire_upgraded":5,"win_rate":0,"timestamp":1564539343,"path_taken":["M","$","M","?","?","R","?","M","T","R","?","M","?","?","R","BOSS","M","?","M","M","?","R","?","M","T","M","?","R","?","M","R","BOSS"],"build_version":"2019-07-17","purchased_purges":2,"victory":false,"max_hp_per_floor":[66,66,66,66,66,66,66,66,66,66,66,66,66,66,66,66,66,66,66,66,66,66,66,66,66,66,66,66,66,66,67,67,67],"card_choices":[{"not_picked":["Quick Slash","Caltrops"],"picked":"Masterful Stab","floor":1.0},{"not_picked":["Underhanded Strike","Dagger Spray"],"picked":"Reflex","floor":3.0},{"not_picked":["Bane","Escape Plan"],"picked":"Noxious Fumes","floor":7.0},{"not_picked":["Dagger Throw","Deflect","Slice"],"picked":"SKIP","floor":8.0},{"not_picked":["Deflect","Doppelganger","Accuracy"],"picked":"SKIP","floor":12.0},{"not_picked":["Deflect","Doppelganger","Accuracy"],"picked":"SKIP","floor":12.0},{"not_picked":["Dodge and Roll","Dagger Throw","Cloak And Dagger"],"picked":"SKIP","floor":13.0},{"not_picked":["Doppelganger","Wraith Form v2"],"picked":"Burst","floor":16.0},{"not_picked":["Deadly Poison","Predator","Heel Hook"],"picked":"SKIP","floor":18.0},{"not_picked":["Deadly Poison","Predator"],"picked":"Heel Hook","floor":18.0},{"not_picked":["Poisoned Stab","Noxious Fumes","Slice+1"],"picked":"SKIP","floor":20.0},{"not_picked":["Cloak And Dagger","Flying Knee","Riddle With Holes"],"picked":"SKIP","floor":21.0},{"not_picked":["Finisher","Reflex"],"picked":"Backflip","floor":25.0},{"not_picked":["Flying Knee","Caltrops+1"],"picked":"Bullet Time","floor":27.0},{"not_picked":["Outmaneuver","Setup","PiercingWail"],"picked":"SKIP","floor":31.0},{"not_picked":["Outmaneuver","Setup","PiercingWail"],"picked":"SKIP","floor":31.0}],"player_experience":703928,"relics_obtained":[{"floor":7.0,"key":"Odd Mushroom"},{"floor":22.0,"key":"Happy Flower"},{"floor":26.0,"key":"Frozen Egg 2"}],"event_choices":[{"damage_healed":0.0,"max_hp_gain":0.0,"max_hp_loss":0.0,"gold_gain":0.0,"event_name":"Shining Light","player_choice":"Entered Light","floor":4.0,"gold_loss":0.0,"damage_taken":20.0,"cards_upgraded":["Defend_G","Reflex"]},{"cards_removed":["Strike_G"],"damage_healed":0.0,"max_hp_gain":0.0,"max_hp_loss":0.0,"gold_gain":0.0,"event_name":"Golden Wing","player_choice":"Card Removal","floor":5.0,"gold_loss":0.0,"damage_taken":7.0},{"damage_healed":0.0,"max_hp_gain":0.0,"max_hp_loss":0.0,"gold_gain":0.0,"event_name":"Mushrooms","player_choice":"Fought Mushrooms","floor":7.0,"gold_loss":0.0,"damage_taken":0.0},{"cards_removed":["Strike_G"],"damage_healed":0.0,"max_hp_gain":0.0,"max_hp_loss":0.0,"gold_gain":0.0,"event_name":"Purifier","player_choice":"Purged","floor":11.0,"gold_loss":0.0,"damage_taken":0.0},{"damage_healed":0.0,"max_hp_gain":0.0,"max_hp_loss":0.0,"gold_gain":0.0,"event_name":"Masked Bandits","player_choice":"Paid Fearfully","floor":19.0,"gold_loss":56.0,"damage_taken":0.0},{"damage_healed":0.0,"max_hp_gain":0.0,"max_hp_loss":0.0,"gold_gain":0.0,"event_name":"The Library","player_choice":"Read","floor":24.0,"gold_loss":0.0,"damage_taken":0.0,"cards_obtained":["Flechettes"]},{"damage_healed":0.0,"max_hp_gain":0.0,"max_hp_loss":0.0,"gold_gain":0.0,"event_name":"The Mausoleum","player_choice":"Ignored","floor":28.0,"gold_loss":0.0,"damage_taken":0.0},{"damage_healed":0.0,"max_hp_gain":0.0,"max_hp_loss":0.0,"gold_gain":0.0,"event_name":"FaceTrader","player_choice":"Trade","floor":30.0,"gold_loss":0.0,"damage_taken":0.0,"relics_obtained":["FaceOfCleric"]}],"is_beta":false,"boss_relics":[{"not_picked":["Fusion Hammer","Velvet Choker"],"picked":"Black Star"}],"items_purged_floors":[2,14],"is_endless":false,"potions_floor_spawned":[7,13,16,25,27,31],"killed_by":"Automaton","ascension_level":20}