{"gold_per_floor":[115,40,50,64,135,135,145,145,145,16,50,68,68,85,85,164,164,182,127,127,137,137,137,170,170,220,238,256,256,206,219,219,298,298,314,314,361,379,399,424,441,441,441,441,441,452,172,172,172,172,172,172,172,38,66,66],"floor_reached":57,"playtime":2578,"items_purged":["Strike_G","Strike_G","Blade Dance","Defend_G+1","Defend_G+1"],"score":3254,"play_id":"8982c7ff-4051-4805-b6de-5d1817d7c8ff","local_time":"20190217145103","is_ascension_mode":true,"campfire_choices":[{"data":"Neutralize","floor":6.0,"key":"SMITH"},{"data":"Grand Finale","floor":8.0,"key":"SMITH"},{"data":"Acrobatics","floor":13.0,"key":"SMITH"},{"data":"Dash","floor":15.0,"key":"SMITH"},{"data":"Tactician","floor":23.0,"key":"SMITH"},{"data":"Malaise","floor":25.0,"key":"SMITH"},{"data":"Doppelganger","floor":29.0,"key":"SMITH"},{"floor":32.0,"key":"RECALL"},{"floor":45,"key":"DIG"},{"floor":49,"key":"DIG"},{"floor":53,"key":"DIG"}],"neow_cost":"PERCENT_DAMAGE","seed_source_timestamp":18506140602310,"circlet_count":0,"master_deck":["AscendersBane","Defend_G+1","Defend_G+1","Survivor+1","Neutralize+1","Grand Finale+1","Dash+1","Acrobatics+1","Malaise+1","Expertise+1","Prepared+1","Well Laid Plans+1","Tactician+1","Doppelganger+1","Adrenaline+1"],"special_seed":0,"relics":["Ring of the Snake","Smiling Mask","Unceasing Top","Astrolabe","Tiny Chest","Whetstone","Anchor","White Beast Statue","Shovel","Paper Crane","StoneCalendar","Mark of the Bloom","Frozen Egg 2","Strange Spoon","Snake Skull","Letter Opener","Strawberry"],"potions_floor_usage":[38,56,56],"damage_taken":[{"damage":9.0,"enemies":"Cultist","floor":1.0,"turns":6.0},{"damage":0.0,"enemies":"2 Louse","floor":3.0,"turns":4.0},{"damage":0.0,"enemies":"Small Slimes","floor":4.0,"turns":3.0},{"damage":1.0,"enemies":"2 Fungi Beasts","floor":7.0,"turns":4.0},{"damage":12.0,"enemies":"3 Sentries","floor":11.0,"turns":6.0},{"damage":0.0,"enemies":"Exordium Wildlife","floor":12.0,"turns":1.0},{"damage":1.0,"enemies":"Red Slaver","floor":14.0,"turns":4.0},{"damage":15.0,"enemies":"Hexaghost","floor":16.0,"turns":10.0},{"damage":0.0,"enemies":"Shell Parasite","floor":18.0,"turns":2.0},{"damage":0.0,"enemies":"Spheric Guardian","floor":21.0,"turns":3.0},{"damage":0.0,"enemies":"Gremlin Leader","floor":24.0,"turns":3.0},{"damage":0.0,"enemies":"Shelled Parasite and Fungi","floor":27.0,"turns":3.0},{"damage":4.0,"enemies":"Sentry and Sphere","floor":28.0,"turns":4.0},{"damage":3.0,"enemies":"Snake Plant","floor":31.0,"turns":3.0},{"damage":0.0,"enemies":"Champ","floor":33.0,"turns":4.0},{"damage":0,"enemies":"3 Darklings","floor":35,"turns":2},{"damage":0,"enemies":"2 Orb Walkers","floor":37,"turns":2},{"damage":0,"enemies":"Orb Walker","floor":38,"turns":2},{"damage":0,"enemies":"Spire Growth","floor":39,"turns":2},{"damage":0,"enemies":"Nemesis","floor":40,"turns":5},{"damage":0,"enemies":"4 Shapes","floor":41,"turns":1},{"damage":0,"enemies":"Transient","floor":46,"turns":5},{"damage":0,"enemies":"Donu and Deca","floor":50,"turns":3},{"damage":0,"enemies":"Awakened One","floor":51,"turns":5},{"damage":0,"enemies":"Shield and Spear","floor":55,"turns":1},{"damage":47,"enemies":"The Heart","floor":56,"turns":7}],"seed_played":"4814503441651816065","potions_obtained":[{"floor":1.0,"key":"SpeedPotion"},{"floor":3.0,"key":"Fruit Juice"},{"floor":7.0,"key":"EntropicBrew"},{"floor":12.0,"key":"Block Potion"},{"floor":22.0,"key":"Weak Potion"},{"floor":22.0,"key":"Explosive Potion"},{"floor":31.0,"key":"FearPotion"},{"floor":35,"key":"Block Potion"},{"floor":37,"key":"Regen Potion"},{"floor":38,"key":"SpeedPotion"},{"floor":41,"key":"Swift Potion"},{"floor":46,"key":"GamblersBrew"}],"is_trial":false,"path_per_floor":["M","$","M","M","T","R","M","R","T","$","E","M","R","M","R","B",null,"M","?","?","M","?","R","E","R","T","M","M","R","$","M","R","B",null,"M","T","?","M","M","E","M","?","T","?","R","M","$","?","R","B","B",null,"R","$","E","B",null],"character_chosen":"THE_SILENT","items_purchased":["GamblersBrew","Strange Spoon","GhostInAJar"],"campfire_rested":0,"item_purchase_floors":[10,47,54],"current_hp_per_floor":[35,35,40,40,40,40,39,39,39,39,27,27,27,26,26,11,56,56,56,56,56,56,56,56,56,56,56,52,52,52,49,49,49,66,66,66,66,71,71,71,71,71,71,71,71,71,71,67,67,67,67,67,67,67,67,20],"gold":66,"neow_bonus":"THREE_RARE_CARDS","is_prod":false,"is_daily":false,"chose_seed":false,"campfire_upgraded":7,"win_rate":0,"timestamp":1550386263,"path_taken":["M","$","M","M","?","R","M","R","T","$","E","M","R","M","R","BOSS","M","?","?","M","?","R","E","R","T","?","M","R","$","M","R","BOSS","M","?","?","M","M","E","M","?","T","?","R","?","$","?","R","BOSS","BOSS","R","$","E","BOSS"],"build_version":"2019-01-23","purchased_purges":5,"victory":true,"max_hp_per_floor":[66,66,71,71,71,71,71,71,71,71,71,71,71,71,71,71,71,71,71,71,71,71,71,71,71,71,71,71,71,71,71,71,71,71,71,71,71,71,71,71,71,71,71,71,71,71,71,67,67,67,67,67,67,67,74,74],"card_choices":[{"not_picked":["Adrenaline","Glass Knife"],"picked":"Grand Finale","floor":0.0},{"not_picked":["PiercingWail","Cloak And Dagger"],"picked":"Dash","floor":1.0},{"not_picked":["Quick Slash","Skewer","Setup"],"picked":"SKIP","floor":3.0},{"not_picked":["Bane","Dodge and Roll","Underhanded Strike"],"picked":"SKIP","floor":4.0},{"not_picked":["Bane","Dodge and Roll","Underhanded Strike"],"picked":"SKIP","floor":4.0},{"not_picked":["Tactician","Outmaneuver"],"picked":"Acrobatics","floor":7.0},{"not_picked":["Night Terror","Flying Knee","Blade Dance"],"picked":"SKIP","floor":11.0},{"not_picked":["Slice","Underhanded Strike","Outmaneuver"],"picked":"SKIP","floor":12.0},{"not_picked":["Dodge and Roll","Deadly Poison"],"picked":"Unload","floor":14.0},{"not_picked":["Night Terror","Storm of Steel"],"picked":"Malaise","floor":16.0},{"not_picked":["Skewer","Bane"],"picked":"Tactician","floor":18.0},{"not_picked":["Heel Hook","Cloak And Dagger+1","Setup+1"],"picked":"SKIP","floor":21.0},{"not_picked":["Bouncing Flask","Deadly Poison","Calculated Gamble"],"picked":"SKIP","floor":24.0},{"not_picked":["Blade Dance","Deadly Poison","Sucker Punch"],"picked":"SKIP","floor":27.0},{"not_picked":["Bane","Catalyst+1","Dagger Throw"],"picked":"SKIP","floor":28.0},{"not_picked":["Slice","Distraction+1","Outmaneuver"],"picked":"SKIP","floor":31.0},{"not_picked":["Doppelganger","Bullet Time"],"picked":"Adrenaline","floor":33.0},{"not_picked":["All Out Attack+1","Endless Agony","Accuracy"],"picked":"SKIP","floor":35},{"not_picked":["Riddle With Holes+1","Backflip","Dagger Throw"],"picked":"SKIP","floor":38},{"not_picked":["Quick Slash","Slice","Tactician"],"picked":"SKIP","floor":39},{"not_picked":["Blade Dance+1","Unload","Flying Knee"],"picked":"SKIP","floor":40},{"not_picked":["Heel Hook+1","Poisoned Stab","Blade Dance"],"picked":"SKIP","floor":41},{"not_picked":["Masterful Stab+1","PiercingWail","Sucker Punch"],"picked":"SKIP","floor":46},{"not_picked":["Poisoned Stab","Underhanded Strike","Bane+1"],"picked":"SKIP","floor":55}],"player_experience":2862361,"relics_obtained":[{"floor":9.0,"key":"Smiling Mask"},{"floor":11.0,"key":"Unceasing Top"},{"floor":24.0,"key":"Whetstone"},{"floor":26.0,"key":"Anchor"},{"floor":37,"key":"Shovel"},{"floor":40,"key":"Paper Crane"},{"floor":43,"key":"StoneCalendar"},{"floor":45,"key":"Frozen Egg 2"},{"floor":49,"key":"Snake Skull"},{"floor":53,"key":"Letter Opener"},{"floor":55,"key":"Strawberry"}],"event_choices":[{"damage_healed":0.0,"max_hp_gain":0.0,"max_hp_loss":0.0,"gold_gain":0.0,"event_name":"Addict","player_choice":"Obtained Relic","floor":19.0,"gold_loss":85.0,"damage_taken":0.0,"relics_obtained":["Tiny Chest"]},{"damage_healed":0.0,"max_hp_gain":0.0,"max_hp_loss":0.0,"gold_gain":0.0,"cards_transformed":["Unload","Defend_G"],"event_name":"Drug Dealer","player_choice":"Became Test Subject","floor":20.0,"gold_loss":0.0,"damage_taken":0.0,"cards_obtained":["Blade Dance","Doppelganger"]},{"damage_healed":0.0,"max_hp_gain":0.0,"max_hp_loss":0.0,"gold_gain":0.0,"event_name":"Lab","player_choice":"Got Potions","floor":22.0,"gold_loss":0.0,"damage_taken":0.0},{"damage_healed":0,"gold_gain":0,"player_choice":"Fight","damage_taken":0,"max_hp_gain":0,"max_hp_loss":0,"event_name":"Mysterious Sphere","floor":37,"gold_loss":0},{"damage_healed":0,"gold_gain":0,"player_choice":"Ignored","damage_taken":0,"max_hp_gain":0,"max_hp_loss":0,"event_name":"Tomb of Lord Red Mask","floor":42,"gold_loss":0},{"damage_healed":0,"gold_gain":0,"player_choice":"Upgrade","damage_taken":0,"relics_obtained":["Mark of the Bloom"],"max_hp_gain":0,"max_hp_loss":0,"event_name":"MindBloom","floor":44,"gold_loss":0,"cards_upgraded":["Defend_G","Defend_G","Defend_G","Defend_G","Survivor","Adrenaline"]},{"damage_healed":0,"gold_gain":0,"player_choice":"Max HP","damage_taken":0,"max_hp_gain":0,"max_hp_loss":4,"event_name":"Winding Halls","floor":48,"gold_loss":0}],"is_beta":false,"boss_relics":[{"not_picked":["Ring of the Serpent","Velvet Choker"],"picked":"Astrolabe"},{"not_picked":["Eternal Feather","Calling Bell"],"picked":"White Beast Statue"}],"items_purged_floors":[2,10,30,47,54],"is_endless":false,"potions_floor_spawned":[1,3,7,12,14,31,35,37,38,39,40,41,46,55],"ascension_level":20}