{"gold_per_floor":[368,255,482,263,263,263,66,66,66,66,83,83,101,113,113,212,212,228,78,78,98,17,17,17,17,98,117,132,132,132,231,231,334,334,334,348,423,434,445,445,177,195,218,218,218,218,142,70,70,70],"floor_reached":51,"playtime":3902,"items_purged":["Shame","Strike_B","Strike_B","Defend_B","Strike_B"],"score":681,"play_id":"f4ac81cd-e145-48a7-86c4-ad00438948b3","local_time":"20181026125529","is_ascension_mode":false,"campfire_choices":[{"data":"Loop","floor":6.0,"key":"SMITH"},{"data":"Zap","floor":8.0,"key":"SMITH"},{"data":"Blizzard","floor":10.0,"key":"SMITH"},{"data":"Defragment","floor":12.0,"key":"SMITH"},{"data":"Dualcast","floor":15.0,"key":"SMITH"},{"data":"Defragment","floor":23.0,"key":"SMITH"},{"data":"Redo","floor":30.0,"key":"SMITH"},{"data":"Turbo","floor":32.0,"key":"SMITH"},{"floor":40,"key":"REST"},{"floor":44,"key":"REST"},{"data":"Recycle","floor":49,"key":"SMITH"}],"neow_cost":"CURSE","seed_source_timestamp":12165251795726,"circlet_count":0,"master_deck":["Strike_B","Defend_B","Defend_B","Zap+1","Dualcast+1","Blizzard+1","Cold Snap+1","Loop+1","Glacier","Defragment+1","Conserve Battery","Conserve Battery","Reboot","Leap","Redo+1","Defragment+1","Turbo+1","Biased Cognition","Creative AI","Defragment+1","Capacitor+1","Purity","Parasite","Panacea","Discovery","Recycle+1","Defragment"],"special_seed":0,"relics":["Cracked Core","Old Coin","Boot","Runic Pyramid","PreservedInsect","Mercury Hourglass","Orrery","Whetstone"],"potions_floor_usage":[50,50,50],"damage_taken":[{"damage":0.0,"enemies":"2 Louse","floor":1.0,"turns":2.0},{"damage":0.0,"enemies":"Cultist","floor":11.0,"turns":4.0},{"damage":1.0,"enemies":"Jaw Worm","floor":13.0,"turns":3.0},{"damage":10.0,"enemies":"2 Fungi Beasts","floor":14.0,"turns":4.0},{"damage":4.0,"enemies":"Slime Boss","floor":16.0,"turns":8.0},{"damage":15.0,"enemies":"2 Thieves","floor":18.0,"turns":4.0},{"damage":2.0,"enemies":"3 Byrds","floor":21.0,"turns":5.0},{"damage":9.0,"enemies":"Sentry and Sphere","floor":27.0,"turns":9.0},{"damage":4.0,"enemies":"Chosen and Byrds","floor":28.0,"turns":5.0},{"damage":7.0,"enemies":"Champ","floor":33.0,"turns":11.0},{"damage":0.0,"enemies":"3 Shapes","floor":35.0,"turns":1.0},{"damage":5.0,"enemies":"3 Darklings","floor":36.0,"turns":8.0},{"damage":0,"enemies":"Maw","floor":38,"turns":7},{"damage":30,"enemies":"Jaw Worm Horde","floor":39,"turns":5},{"damage":22,"enemies":"Writhing Mass","floor":42,"turns":6},{"damage":31,"enemies":"Donu and Deca","floor":50,"turns":53}],"seed_played":"-3877766176237190911","potions_obtained":[{"floor":11.0,"key":"Weak Potion"},{"floor":13.0,"key":"PowerPotion"},{"floor":21.0,"key":"Block Potion"},{"floor":27.0,"key":"SmokeBomb"},{"floor":36.0,"key":"EssenceOfSteel"},{"floor":38,"key":"FocusPotion"}],"is_trial":false,"path_per_floor":["M","$","?","$","?","R","$","R","T","R","M","R","M","M","R","B",null,"M","$","?","M","$","R","$","T","T","M","M","$","R","?","R","B",null,"M","M","?","M","M","R","$","M","T","R","?","?","$","$","R","B"],"character_chosen":"DEFECT","items_purchased":["Blizzard","Cold Snap","Loop","Glacier","Defragment","Purity","Recycle","Defragment"],"campfire_rested":2,"item_purchase_floors":[2,4,4,7,22,41,47,48],"current_hp_per_floor":[75,75,75,75,68,68,68,68,68,68,68,68,67,57,57,53,75,60,60,60,58,58,58,58,58,58,49,45,45,45,45,45,38,75,75,70,63,63,33,55,55,33,33,55,55,45,45,45,45,14],"gold":70,"neow_bonus":"TWO_FIFTY_GOLD","is_prod":false,"is_daily":false,"chose_seed":false,"campfire_upgraded":9,"win_rate":0,"timestamp":1540529729,"path_taken":["M","$","?","?","?","R","?","R","T","R","?","R","M","M","R","BOSS","M","$","?","M","?","R","$","?","T","M","M","$","R","?","R","BOSS","M","?","?","?","M","R","$","M","T","R","?","?","?","$","R","BOSS"],"build_version":"2018-10-25","purchased_purges":5,"victory":true,"max_hp_per_floor":[75,75,75,75,75,75,75,75,75,75,75,75,75,75,75,75,75,75,75,75,75,75,75,75,75,75,75,75,75,75,75,75,75,75,75,75,75,75,75,75,75,75,75,75,75,75,75,75,75,75],"card_choices":[{"not_picked":["Darkness","Hologram"],"picked":"Ball Lightning","floor":1.0},{"not_picked":["Barrage","Recycle"],"picked":"Defragment","floor":11.0},{"not_picked":["Barrage","Genetic Algorithm"],"picked":"Conserve Battery","floor":13.0},{"not_picked":["Doom and Gloom","Compile Driver"],"picked":"Conserve Battery","floor":14.0},{"not_picked":["Multi-Cast","Meteor Strike"],"picked":"Reboot","floor":16.0},{"not_picked":["Leap","Gash+1","Steam+1"],"picked":"SKIP","floor":18.0},{"not_picked":["Gash+1","Steam+1"],"picked":"Leap","floor":18.0},{"not_picked":["Steam+1","Ball Lightning"],"picked":"Redo","floor":21.0},{"not_picked":["Ball Lightning","Beam Cell","Skim"],"picked":"SKIP","floor":27.0},{"not_picked":["Sweeping Beam","Stack"],"picked":"Turbo","floor":28.0},{"not_picked":["Multi-Cast","Buffer"],"picked":"Biased Cognition","floor":33.0},{"not_picked":["Loop","Conserve Battery"],"picked":"Creative AI","floor":34.0},{"not_picked":["Steam Power","Force Field+1"],"picked":"Defragment+1","floor":36.0},{"not_picked":["Coolheaded+1","Self Repair"],"picked":"Capacitor+1","floor":38},{"not_picked":["Hologram","Steam","Ball Lightning+1"],"picked":"SKIP","floor":39},{"not_picked":["Stack","Steam+1","Streamline"],"picked":"SKIP","floor":42},{"not_picked":["Deep Breath","Trip"],"picked":"Panacea","floor":46},{"not_picked":["Trip","Metamorphosis"],"picked":"Discovery","floor":46}],"player_experience":647973,"relics_obtained":[{"floor":9.0,"key":"Boot"},{"floor":25.0,"key":"PreservedInsect"},{"floor":26.0,"key":"Mercury Hourglass"},{"floor":43,"key":"Whetstone"}],"event_choices":[{"damage_healed":0.0,"max_hp_gain":0.0,"max_hp_loss":0.0,"gold_gain":0.0,"event_name":"WeMeetAgain","player_choice":"Paid Gold","floor":3.0,"gold_loss":73.0,"damage_taken":0.0,"relics_obtained":["Old Coin"]},{"cards_removed":["Defend_B"],"damage_healed":0.0,"max_hp_gain":0.0,"max_hp_loss":0.0,"gold_gain":0.0,"event_name":"Golden Wing","player_choice":"Card Removal","floor":5.0,"gold_loss":0.0,"damage_taken":7.0},{"damage_healed":0.0,"max_hp_gain":0.0,"max_hp_loss":0.0,"gold_gain":0.0,"event_name":"Vampires","player_choice":"Ignored","floor":20.0,"gold_loss":0.0,"damage_taken":0.0},{"damage_healed":0.0,"max_hp_gain":0.0,"max_hp_loss":0.0,"gold_gain":99.0,"event_name":"Nest","player_choice":"Stole From Cult","floor":31.0,"gold_loss":0.0,"damage_taken":0.0},{"damage_healed":0,"gold_gain":75,"player_choice":"Touch","damage_taken":7,"max_hp_gain":0,"max_hp_loss":0,"event_name":"FaceTrader","floor":37,"gold_loss":0},{"cards_removed":["Ball Lightning"],"damage_healed":0,"gold_gain":0,"player_choice":"Removed Attack","damage_taken":0,"max_hp_gain":0,"max_hp_loss":0,"event_name":"Falling","floor":45,"gold_loss":0},{"damage_healed":0,"gold_gain":0,"player_choice":"Memory 3","damage_taken":10,"max_hp_gain":0,"max_hp_loss":0,"event_name":"SensoryStone","floor":46,"gold_loss":0}],"is_beta":false,"boss_relics":[{"not_picked":["FrozenCore","Calling Bell"],"picked":"Runic Pyramid"},{"not_picked":["Cursed Key","Sozu"],"picked":"Orrery"}],"items_purged_floors":[2,4,7,19,41],"is_endless":false,"potions_floor_spawned":[11,13,21,27,33,36,38],"ascension_level":0}