{"gold_per_floor":[117,117,117,34,53,96,96,134,179,226,257,269],"floor_reached":12,"playtime":239,"items_purged":[],"score":192,"play_id":"20be8875-6626-486c-93d0-d706fc3693d3","local_time":"20181116225525","is_ascension_mode":true,"campfire_choices":[{"data":"Choke","floor":7,"key":"SMITH"}],"neow_cost":"NONE","seed_source_timestamp":15126050976996,"circlet_count":0,"master_deck":["AscendersBane","Defend_G","Defend_G","Defend_G","Defend_G","Defend_G","Strike_G","Strike_G","Strike_G","Strike_G","Strike_G","Survivor","Neutralize","Choke+1","Predator","Dagger Spray","Corpse Explosion","Deadly Poison+1"],"relics":["Velvet Choker","Golden Idol","Bag of Preparation","Bottled Flame","MawBank","Toxic Egg 2"],"potions_floor_usage":[6,10],"damage_taken":[{"damage":1,"enemies":"2 Louse","floor":1,"turns":2},{"damage":4,"enemies":"Jaw Worm","floor":5,"turns":2},{"damage":17,"enemies":"Gremlin Nob","floor":6,"turns":4},{"damage":22,"enemies":"3 Sentries","floor":8,"turns":3},{"damage":12,"enemies":"Lagavulin","floor":10,"turns":5},{"damage":7,"enemies":"Small Slimes","floor":11,"turns":3},{"damage":5,"enemies":"Red Slaver","floor":12,"turns":1}],"seed_played":"2974004899762148570","potions_obtained":[{"floor":1,"key":"SpeedPotion"},{"floor":8,"key":"PowerPotion"},{"floor":10,"key":"Poison Potion"},{"floor":11,"key":"LiquidBronze"}],"is_trial":false,"path_per_floor":["M","?","?","$","M","E","R","E","T","E","M","M"],"character_chosen":"THE_SILENT","items_purchased":["Predator"],"campfire_rested":0,"item_purchase_floors":[4],"current_hp_per_floor":[58,63,63,63,59,42,42,20,20,8,1,0],"gold":269,"neow_bonus":"BOSS_RELIC","is_prod":false,"is_daily":false,"chose_seed":false,"campfire_upgraded":1,"win_rate":0,"timestamp":1542380125,"path_taken":["M","?","?","?","M","E","R","E","T","E","M","M"],"build_version":"2018-11-15","purchased_purges":0,"victory":false,"max_hp_per_floor":[66,71,64,64,64,64,64,64,64,64,64,64],"card_choices":[{"not_picked":["Masterful Stab","Blade Dance"],"picked":"Choke","floor":1},{"not_picked":["Poisoned Stab","Dagger Spray","All Out Attack"],"picked":"SKIP","floor":5},{"not_picked":["Poisoned Stab","All Out Attack"],"picked":"Dagger Spray","floor":5},{"not_picked":["Expertise","Sucker Punch"],"picked":"Corpse Explosion","floor":6},{"not_picked":["Tactician","Slice","Flechettes"],"picked":"SKIP","floor":8},{"not_picked":["Flechettes","Acrobatics","Slice"],"picked":"SKIP","floor":10},{"not_picked":["Quick Slash","Flechettes"],"picked":"Deadly Poison+1","floor":11}],"player_experience":1081815,"relics_obtained":[{"floor":6,"key":"Bag of Preparation"},{"floor":8,"key":"Bottled Flame"},{"floor":9,"key":"MawBank"},{"floor":10,"key":"Toxic Egg 2"}],"event_choices":[{"damage_healed":0,"gold_gain":0,"player_choice":"Donut","damage_taken":0,"max_hp_gain":5,"max_hp_loss":0,"event_name":"Big Fish","floor":2,"gold_loss":0},{"damage_healed":0,"gold_gain":0,"player_choice":"Lose Max HP","damage_taken":0,"relics_obtained":["Golden Idol"],"max_hp_gain":0,"max_hp_loss":7,"event_name":"Golden Idol","floor":3,"gold_loss":0}],"is_beta":true,"boss_relics":[],"items_purged_floors":[],"is_endless":false,"potions_floor_spawned":[1,8,10,11],"killed_by":"Red Slaver","ascension_level":20}