{"gold_per_floor":[118,134,134,9,29,29,60,60,60,60,94,54,74,74,74,153,153,169,169,186,12,282,282,295,295,322,47,47,58,86,103,103,179,179,189,204,79,92,104,104,137,137,162,187,187,206,224,244,244,244,244,244,244,40,67,67],"floor_reached":57,"playtime":6185,"items_purged":["Strike_G","Strike_G","Strike_G+1","Defend_G+1"],"score":2984,"play_id":"d0346482-aceb-43b1-a257-56f3fd08de07","local_time":"20190214190019","is_ascension_mode":true,"campfire_choices":[{"data":"Well Laid Plans","floor":6.0,"key":"SMITH"},{"data":"Acrobatics","floor":8.0,"key":"SMITH"},{"data":"A Thousand Cuts","floor":10.0,"key":"SMITH"},{"data":"Reflex","floor":15.0,"key":"SMITH"},{"data":"Acrobatics","floor":23.0,"key":"SMITH"},{"data":"Concentrate","floor":25.0,"key":"SMITH"},{"data":"Reflex","floor":28.0,"key":"SMITH"},{"data":"Reflex","floor":32.0,"key":"SMITH"},{"data":"Prepared","floor":40.0,"key":"SMITH"},{"floor":49.0,"key":"RECALL"},{"data":"Unload","floor":53,"key":"SMITH"}],"neow_cost":"NONE","seed_source_timestamp":29775870534074,"circlet_count":0,"master_deck":["AscendersBane","Defend_G+1","Defend_G+1","Defend_G+1","Survivor+1","Neutralize+1","A Thousand Cuts+1","Deflect+1","Backstab+1","Concentrate+1","Well Laid Plans+1","Acrobatics+1","Reflex+1","Escape Plan+1","After Image+1","Tactician+1","Tactician+1","Acrobatics+1","Tactician+1","Well Laid Plans+1","Reflex+1","Reflex+1","Adrenaline+1","Flechettes+1","Prepared+1","Prepared+1","Well Laid Plans+1","Unload+1","Prepared+1"],"special_seed":0,"relics":["Ring of the Snake","Pantograph","Bag of Marbles","Bottled Flame","Coffee Dripper","Omamori","Whetstone","Eternal Feather","Darkstone Periapt","Anchor","Mark of the Bloom","Vajra"],"potions_floor_usage":[56],"damage_taken":[{"damage":0.0,"enemies":"Jaw Worm","floor":1.0,"turns":6.0},{"damage":6.0,"enemies":"2 Louse","floor":2.0,"turns":4.0},{"damage":4.0,"enemies":"Cultist","floor":5.0,"turns":5.0},{"damage":10.0,"enemies":"Lagavulin","floor":7.0,"turns":8.0},{"damage":38.0,"enemies":"Gremlin Nob","floor":11.0,"turns":4.0},{"damage":0.0,"enemies":"Blue Slaver","floor":13.0,"turns":3.0},{"damage":6.0,"enemies":"The Guardian","floor":16.0,"turns":12.0},{"damage":0.0,"enemies":"Spheric Guardian","floor":18.0,"turns":4.0},{"damage":3.0,"enemies":"Chosen","floor":20.0,"turns":7.0},{"damage":0.0,"enemies":"Snake Plant","floor":24.0,"turns":3.0},{"damage":0.0,"enemies":"Centurion and Healer","floor":29.0,"turns":5.0},{"damage":0.0,"enemies":"Book of Stabbing","floor":30.0,"turns":5.0},{"damage":0.0,"enemies":"3 Cultists","floor":31.0,"turns":4.0},{"damage":0.0,"enemies":"Automaton","floor":33.0,"turns":8.0},{"damage":0.0,"enemies":"Orb Walker","floor":35.0,"turns":3.0},{"damage":0.0,"enemies":"3 Shapes","floor":36.0,"turns":6.0},{"damage":0.0,"enemies":"Spire Growth","floor":38.0,"turns":4.0},{"damage":0.0,"enemies":"Writhing Mass","floor":39.0,"turns":5.0},{"damage":0.0,"enemies":"Giant Head","floor":41.0,"turns":3.0},{"damage":17.0,"enemies":"Nemesis","floor":44.0,"turns":7.0},{"damage":0.0,"enemies":"Sphere and 2 Shapes","floor":46.0,"turns":2.0},{"damage":0.0,"enemies":"Jaw Worm Horde","floor":47.0,"turns":4.0},{"damage":1.0,"enemies":"Transient","floor":48.0,"turns":4.0},{"damage":0.0,"enemies":"Awakened One","floor":50.0,"turns":3.0},{"damage":21,"enemies":"Time Eater","floor":51,"turns":11},{"damage":0,"enemies":"Shield and Spear","floor":55,"turns":2},{"damage":6,"enemies":"The Heart","floor":56,"turns":6}],"seed_played":"4322132550342975356","potions_obtained":[{"floor":1.0,"key":"AttackPotion"},{"floor":5.0,"key":"Strength Potion"},{"floor":12.0,"key":"Fruit Juice"},{"floor":12.0,"key":"Dexterity Potion"},{"floor":12.0,"key":"PowerPotion"},{"floor":16.0,"key":"SkillPotion"},{"floor":20.0,"key":"GamblersBrew"},{"floor":29.0,"key":"EssenceOfSteel"},{"floor":35.0,"key":"GamblersBrew"},{"floor":44.0,"key":"AttackPotion"}],"is_trial":false,"path_per_floor":["M","M","?","$","M","R","E","R","T","R","E","?","M","?","R","B",null,"M","$","M","$","?","R","M","R","T","$","R","M","E","M","R","B",null,"M","M","$","M","M","R","E","?","T","E","?","M","M","M","R","B","B",null,"R","$","E","B",null],"character_chosen":"THE_SILENT","items_purchased":["Well Laid Plans","Acrobatics","Tactician","Acrobatics","Well Laid Plans","Reflex","Energy Potion","Block Potion"],"campfire_rested":0,"item_purchase_floors":[4,4,21,21,27,27,27,54],"current_hp_per_floor":[59,53,53,53,49,49,39,39,39,39,1,6,6,6,6,25,60,60,60,57,57,29,29,29,29,29,29,29,29,29,29,29,54,67,67,67,67,67,67,71,71,71,71,54,54,54,54,53,53,53,32,32,32,32,32,26],"gold":67,"neow_bonus":"ONE_RANDOM_RARE_CARD","is_prod":false,"is_daily":false,"chose_seed":false,"campfire_upgraded":10,"win_rate":0,"timestamp":1550142019,"path_taken":["M","M","?","$","M","R","E","R","T","R","E","?","?","?","R","BOSS","M","$","?","?","?","R","?","R","T","$","R","M","E","M","R","BOSS","M","M","$","M","M","R","E","?","T","E","?","M","M","M","R","BOSS","BOSS","R","$","E","BOSS"],"build_version":"2019-01-23","purchased_purges":4,"victory":true,"max_hp_per_floor":[66,66,66,66,66,66,66,66,66,66,66,71,71,71,71,71,71,71,71,71,71,71,71,71,71,71,71,71,71,71,71,71,71,71,71,71,71,71,71,71,71,71,71,71,71,71,71,71,71,71,71,71,71,71,71,71],"card_choices":[{"not_picked":["Underhanded Strike","Finisher"],"picked":"Deflect","floor":1.0},{"not_picked":["Quick Slash","Leg Sweep"],"picked":"Backstab","floor":2.0},{"not_picked":["Sucker Punch","Blade Dance"],"picked":"Reflex","floor":5.0},{"not_picked":["Poisoned Stab","Caltrops"],"picked":"Escape Plan","floor":7.0},{"not_picked":["Dagger Throw","PiercingWail","Distraction"],"picked":"SKIP","floor":11.0},{"not_picked":["Concentrate","Quick Slash","Choke"],"picked":"SKIP","floor":13.0},{"not_picked":["Burst","Glass Knife"],"picked":"After Image","floor":16.0},{"not_picked":["Flying Knee","Underhanded Strike"],"picked":"Tactician","floor":18.0},{"not_picked":["Underhanded Strike","Dodge and Roll","Outmaneuver"],"picked":"SKIP","floor":20.0},{"not_picked":["Dagger Spray+1","Leg Sweep"],"picked":"Tactician","floor":24.0},{"not_picked":["Masterful Stab","Footwork","Caltrops"],"picked":"SKIP","floor":29.0},{"not_picked":["PiercingWail","Dodge and Roll+1"],"picked":"Reflex","floor":30.0},{"not_picked":["Blade Dance","Flying Knee","Infinite Blades"],"picked":"SKIP","floor":31.0},{"not_picked":["Phantasmal Killer","Wraith Form v2"],"picked":"Adrenaline","floor":33.0},{"not_picked":["Dagger Throw","Prepared"],"picked":"Flechettes","floor":35.0},{"not_picked":["Bane+1","PiercingWail"],"picked":"Prepared","floor":36.0},{"not_picked":["Setup","Dagger Throw","Distraction"],"picked":"SKIP","floor":38.0},{"not_picked":["Sucker Punch","Accuracy","Cloak And Dagger"],"picked":"SKIP","floor":39.0},{"not_picked":["Bane","Underhanded Strike+1"],"picked":"Prepared","floor":41.0},{"not_picked":["Bouncing Flask","Dagger Spray"],"picked":"Well Laid Plans","floor":44.0},{"not_picked":["Eviscerate","Deadly Poison"],"picked":"Unload","floor":46.0},{"not_picked":["Cloak And Dagger","Slice"],"picked":"Prepared+1","floor":47.0},{"not_picked":["Dagger Spray","Dodge and Roll","Endless Agony"],"picked":"SKIP","floor":48.0},{"not_picked":["Deflect","Blade Dance","Footwork"],"picked":"SKIP","floor":55}],"player_experience":2731870,"relics_obtained":[{"floor":7.0,"key":"Pantograph"},{"floor":9.0,"key":"Bag of Marbles"},{"floor":11.0,"key":"Bottled Flame"},{"floor":26.0,"key":"Omamori"},{"floor":30.0,"key":"Whetstone"},{"floor":41.0,"key":"Darkstone Periapt"},{"floor":44.0,"key":"Anchor"},{"floor":55,"key":"Vajra"}],"event_choices":[{"damage_healed":0.0,"max_hp_gain":0.0,"max_hp_loss":0.0,"gold_gain":0.0,"cards_transformed":["Strike_G"],"event_name":"Living Wall","player_choice":"Change","floor":3.0,"gold_loss":0.0,"damage_taken":0.0,"cards_obtained":["Concentrate"]},{"damage_healed":0.0,"max_hp_gain":0.0,"max_hp_loss":0.0,"gold_gain":0.0,"event_name":"The Woman in Blue","player_choice":"Bought 3 Potions","floor":12.0,"gold_loss":0.0,"damage_taken":0.0},{"cards_removed":["Strike_G"],"damage_healed":0.0,"max_hp_gain":0.0,"max_hp_loss":0.0,"gold_gain":0.0,"event_name":"Purifier","player_choice":"Purged","floor":14.0,"gold_loss":0.0,"damage_taken":0.0},{"damage_healed":0.0,"max_hp_gain":0.0,"max_hp_loss":0.0,"gold_gain":270.0,"event_name":"Knowing Skull","player_choice":"GOLD GOLD GOLD ","floor":22.0,"potions_obtained":[],"gold_loss":0.0,"damage_taken":28.0,"cards_obtained":[]},{"cards_removed":["Defend_G"],"damage_healed":0.0,"max_hp_gain":0.0,"max_hp_loss":0.0,"gold_gain":0.0,"event_name":"Falling","player_choice":"Removed Skill","floor":42.0,"gold_loss":0.0,"damage_taken":0.0},{"damage_healed":0.0,"max_hp_gain":0.0,"max_hp_loss":0.0,"gold_gain":0.0,"event_name":"MindBloom","player_choice":"Upgrade","floor":45.0,"gold_loss":0.0,"damage_taken":0.0,"cards_upgraded":["Defend_G","Defend_G","Defend_G","Defend_G","Survivor","Neutralize","Deflect","Escape Plan","After Image","Tactician","Tactician","Tactician","Well Laid Plans","Adrenaline","Flechettes","Prepared","Well Laid Plans"],"relics_obtained":["Mark of the Bloom"]}],"is_beta":false,"boss_relics":[{"not_picked":["Runic Dome","Calling Bell"],"picked":"Coffee Dripper"},{"not_picked":["Velvet Choker","Orrery"],"picked":"Eternal Feather"}],"items_purged_floors":[21,27,37,54],"is_endless":false,"potions_floor_spawned":[1,5,16,20,29,35,38,41,44],"ascension_level":20}