{"gold_per_floor":[115,135,135,154,165,165,185,185,266,266,60,93,143,160,160,160],"floor_reached":16,"playtime":390,"items_purged":["Defend_G"],"score":204,"play_id":"c5c4206f-cead-475d-bf1c-d65baa79541d","local_time":"20181227121857","is_ascension_mode":true,"campfire_choices":[{"data":"Calculated Gamble","floor":6,"key":"SMITH"},{"data":"Reflex","floor":8,"key":"SMITH"},{"data":"Neutralize","floor":10,"key":"SMITH"},{"data":"Noxious Fumes","floor":15,"key":"SMITH"}],"neow_cost":"TEN_PERCENT_HP_LOSS","seed_source_timestamp":2111103071804,"circlet_count":0,"master_deck":["AscendersBane","Defend_G+1","Defend_G","Defend_G","Defend_G","Strike_G","Strike_G","Strike_G","Strike_G","Strike_G+1","Survivor","Neutralize+1","Calculated Gamble+1","Reflex+1","Endless Agony","Eviscerate","Tactician","Noxious Fumes+1","Prepared"],"relics":["Ring of the Snake","Tingsha","Pear","Du-Vu Doll"],"potions_floor_usage":[7,12,16],"damage_taken":[{"damage":1,"enemies":"2 Louse","floor":1,"turns":3},{"damage":0,"enemies":"Jaw Worm","floor":2,"turns":5},{"damage":0,"enemies":"Cultist","floor":4,"turns":3},{"damage":11,"enemies":"Exordium Thugs","floor":5,"turns":6},{"damage":0,"enemies":"3 Louse","floor":7,"turns":1},{"damage":17,"enemies":"Lagavulin","floor":12,"turns":4},{"damage":2,"enemies":"2 Fungi Beasts","floor":14,"turns":3},{"damage":20,"enemies":"The Guardian","floor":16,"turns":5}],"seed_played":"4922659876915570269","potions_obtained":[{"floor":2,"key":"Energy Potion"},{"floor":4,"key":"Ancient Potion"},{"floor":5,"key":"SteroidPotion"},{"floor":12,"key":"Poison Potion"}],"is_trial":false,"path_per_floor":["M","M","?","M","M","R","M","R","T","R","$","E","?","M","R","B"],"character_chosen":"THE_SILENT","items_purchased":["FearPotion","Tactician"],"campfire_rested":0,"item_purchase_floors":[11,11],"current_hp_per_floor":[58,58,40,40,29,29,29,29,39,39,39,22,22,20,20,0],"gold":160,"neow_bonus":"ONE_RARE_RELIC","is_prod":false,"is_daily":false,"chose_seed":false,"campfire_upgraded":4,"win_rate":0,"timestamp":1545884337,"path_taken":["M","M","?","M","M","R","M","R","T","R","$","E","?","M","R","BOSS"],"build_version":"2018-12-20","purchased_purges":1,"victory":false,"max_hp_per_floor":[60,60,60,60,60,60,60,60,70,70,70,70,70,70,70,70],"card_choices":[{"not_picked":["Quick Slash","Leg Sweep"],"picked":"Calculated Gamble","floor":1},{"not_picked":["Crippling Poison","Deadly Poison"],"picked":"Reflex","floor":2},{"not_picked":["Flechettes","Underhanded Strike","Cloak And Dagger"],"picked":"SKIP","floor":4},{"not_picked":["Flechettes","Underhanded Strike"],"picked":"Endless Agony","floor":5},{"not_picked":["Expertise","Underhanded Strike"],"picked":"Eviscerate","floor":7},{"not_picked":["Dagger Spray","Blade Dance"],"picked":"Noxious Fumes","floor":12},{"not_picked":["Bane","PiercingWail"],"picked":"Prepared","floor":14}],"player_experience":1511454,"relics_obtained":[{"floor":9,"key":"Pear"},{"floor":12,"key":"Du-Vu Doll"}],"event_choices":[{"damage_healed":0,"gold_gain":0,"player_choice":"Entered Light","damage_taken":18,"max_hp_gain":0,"max_hp_loss":0,"event_name":"Shining Light","floor":3,"gold_loss":0,"cards_upgraded":["Strike_G","Defend_G"]},{"damage_healed":0,"gold_gain":50,"player_choice":"Pray","damage_taken":0,"max_hp_gain":0,"max_hp_loss":0,"event_name":"Golden Shrine","floor":13,"gold_loss":0}],"is_beta":false,"boss_relics":[],"items_purged_floors":[11],"is_endless":false,"potions_floor_spawned":[2,4,5,12],"killed_by":"The Guardian","ascension_level":20}