{"path_per_floor":["M","M","M","M","M","E","?","E","T","T","?","M","?","M","R","B",null,"M","M","M"],"character_chosen":"THE_SILENT","items_purchased":[],"gold_per_floor":[113,133,149,165,180,215,215,278,278,278,238,250,250,268,268,369,369,381,400,411,411],"floor_reached":21,"campfire_rested":0,"playtime":881,"item_purchase_floors":[],"current_hp_per_floor":[62,62,62,50,49,39,39,19,19,19,19,21,21,10,10,7,57,40,32,16,0],"items_purged":[],"gold":411,"score":283,"play_id":"8db71f5d-d98b-4531-a101-f0de3c68933d","local_time":"20180605215602","is_prod":false,"is_daily":false,"chose_seed":false,"is_ascension_mode":true,"campfire_upgraded":1,"win_rate":0,"timestamp":1528206962,"campfire_choices":[{"data":"Endless Agony","floor":15,"key":"SMITH"}],"path_taken":["M","M","M","M","M","E","?","E","T","?","?","M","?","M","R","BOSS","M","M","M","M"],"build_version":"2018-06-04v2","seed_source_timestamp":46637467372114,"purchased_purges":0,"victory":false,"master_deck":["Defend_G","Defend_G","Defend_G","Defend_G","Strike_G","Strike_G","Strike_G","Survivor","Neutralize+1","Dagger Spray","Flying Knee","Dash","All Out Attack","Endless Agony+1","Decay","Adrenaline","Accuracy+1","Quick Slash+1","Outmaneuver+1","Blur+1","Terror","Skewer+1"],"max_hp_per_floor":[70,70,70,70,70,70,70,70,70,70,70,72,72,74,74,74,74,74,74,74,74],"relics":["Ring of the Snake","Dream Catcher","Tiny Chest","Kunai","Singing Bowl","Astrolabe"],"card_choices":[{"not_picked":["Flechettes","Poisoned Stab"],"picked":"Dagger Spray","floor":1},{"not_picked":["Reflex","PiercingWail"],"picked":"Flying Knee","floor":2},{"not_picked":["Acrobatics","Bane"],"picked":"Dash","floor":3},{"not_picked":["Riddle With Holes","Flying Knee"],"picked":"All Out Attack","floor":4},{"not_picked":["Sucker Punch","Deflect"],"picked":"Endless Agony","floor":5},{"not_picked":["Crippling Poison","Setup","Reflex"],"picked":"SKIP","floor":6},{"not_picked":["Outmaneuver","Noxious Fumes","Distraction"],"picked":"SKIP","floor":8},{"not_picked":["PiercingWail","Predator","Cloak And Dagger"],"picked":"Singing Bowl","floor":12},{"not_picked":["Flying Knee","Deflect","Sucker Punch"],"picked":"Singing Bowl","floor":14},{"not_picked":["Glass Knife","Wraith Form v2"],"picked":"Adrenaline","floor":16},{"not_picked":["Flechettes","Flying Knee"],"picked":"Blur+1","floor":18},{"not_picked":["PiercingWail","Dodge and Roll+1"],"picked":"Terror","floor":19},{"not_picked":["Flying Knee","Backflip+1"],"picked":"Skewer+1","floor":20}],"player_experience":533409,"potions_floor_usage":[4,14,16,20,20,20,21],"damage_taken":[{"damage":1,"enemies":"Small Slimes","floor":1,"turns":4},{"damage":0,"enemies":"2 Louse","floor":2,"turns":3},{"damage":0,"enemies":"Cultist","floor":3,"turns":3},{"damage":12,"enemies":"Exordium Wildlife","floor":4,"turns":3},{"damage":1,"enemies":"2 Fungi Beasts","floor":5,"turns":3},{"damage":10,"enemies":"3 Sentries","floor":6,"turns":4},{"damage":20,"enemies":"Gremlin Nob","floor":8,"turns":5},{"damage":0,"enemies":"Blue Slaver","floor":12,"turns":3},{"damage":13,"enemies":"Large Slime","floor":14,"turns":5},{"damage":3,"enemies":"The Guardian","floor":16,"turns":14},{"damage":17,"enemies":"Chosen","floor":18,"turns":5},{"damage":8,"enemies":"Shell Parasite","floor":19,"turns":7},{"damage":16,"enemies":"Snake Plant","floor":20,"turns":4},{"damage":44,"enemies":"Cultist and Chosen","floor":21,"turns":8}],"relics_obtained":[{"floor":6,"key":"Dream Catcher"},{"floor":8,"key":"Tiny Chest"},{"floor":9,"key":"Kunai"},{"floor":10,"key":"Singing Bowl"}],"event_choices":[{"event_name":"Liars Game","player_choice":"disagreed","floor":7,"damage_taken":0},{"event_name":"World of Goop","player_choice":"Left","floor":11,"damage_taken":0},{"event_name":"Wheel of Change","player_choice":"Curse","floor":13,"damage_taken":0}],"boss_relics":[{"not_picked":["Orrery","Lizard Tail"],"picked":"Astrolabe"}],"items_purged_floors":[],"potions_floor_spawned":[1,3,5,12,16,19,20],"seed_played":"6245882893951384850","killed_by":"Cultist and Chosen","ascension_level":9,"potions_obtained":[{"floor":1,"key":"Energy Potion"},{"floor":3,"key":"Explosive Potion"},{"floor":5,"key":"Explosive Potion"},{"floor":12,"key":"Strength Potion"},{"floor":16,"key":"Poison Potion"},{"floor":19,"key":"AttackPotion"},{"floor":20,"key":"Block Potion"}],"is_trial":false}