{"gold_per_floor":[116,116,127,127,146,146,156,156,156,185,185,32,32,45,45,116,116,136,136,155,205,31,31,41,58,58,58,69,69,69,79,79,158,158,170,188,188,188,203,203,32,46,72,105,121,131,131,6,6,6,6,6,6,6,41,41],"floor_reached":56,"playtime":3496,"items_purged":["Strike_B","Strike_B","Defend_B"],"score":1883,"play_id":"a2775003-aa20-4f53-a1ca-5b3e2bc1259c","local_time":"20190221214340","is_ascension_mode":true,"campfire_choices":[{"data":"Capacitor","floor":6.0,"key":"SMITH"},{"data":"Dualcast","floor":8.0,"key":"SMITH"},{"data":"Zap","floor":11.0,"key":"SMITH"},{"data":"Consume","floor":15.0,"key":"SMITH"},{"data":"Coolheaded","floor":23.0,"key":"SMITH"},{"data":"Skim","floor":29.0,"key":"SMITH"},{"floor":32.0,"key":"RECALL"},{"data":"Biased Cognition","floor":40,"key":"SMITH"},{"data":"Panacea","floor":49,"key":"SMITH"},{"data":"Self Repair","floor":53,"key":"SMITH"}],"neow_cost":"NONE","seed_source_timestamp":30707536701724,"circlet_count":0,"master_deck":["AscendersBane","Strike_B+1","Defend_B","Defend_B","Defend_B","Zap+1","Dualcast+1","Cold Snap","Capacitor+1","Melter+1","Chill+1","Core Surge+1","Genetic Algorithm","Consume+1","Coolheaded+1","All For One","Skim+1","Chill","Glacier","Hologram+1","Biased Cognition+1","Ball Lightning+1","White Noise+1","Panacea+1","Purity","Purity","Purity","Parasite","Glacier","Cold Snap+1","Self Repair+1","Undo"],"special_seed":0,"relics":["Cracked Core","Happy Flower","Letter Opener","Ornamental Fan","Nuclear Battery","Oddly Smooth Stone","StoneCalendar","Sozu","Bag of Preparation","Molten Egg 2","Whetstone"],"potions_floor_usage":[56],"damage_taken":[{"damage":7.0,"enemies":"Jaw Worm","floor":1.0,"turns":4.0},{"damage":0.0,"enemies":"Small Slimes","floor":3.0,"turns":2.0},{"damage":0.0,"enemies":"2 Louse","floor":5.0,"turns":1.0},{"damage":5.0,"enemies":"Exordium Thugs","floor":7.0,"turns":6.0},{"damage":19.0,"enemies":"3 Sentries","floor":10.0,"turns":11.0},{"damage":7.0,"enemies":"Exordium Wildlife","floor":14.0,"turns":6.0},{"damage":0.0,"enemies":"Hexaghost","floor":16.0,"turns":11.0},{"damage":0.0,"enemies":"3 Byrds","floor":18.0,"turns":4.0},{"damage":13.0,"enemies":"Colosseum Slavers","floor":19.0,"turns":5.0},{"damage":11.0,"enemies":"Chosen","floor":20.0,"turns":4.0},{"damage":0.0,"enemies":"Snecko","floor":24.0,"turns":8.0},{"damage":9.0,"enemies":"Snake Plant","floor":25.0,"turns":6.0},{"damage":2.0,"enemies":"3 Cultists","floor":28.0,"turns":5.0},{"damage":0.0,"enemies":"Cultist and Chosen","floor":31.0,"turns":7.0},{"damage":10.0,"enemies":"Automaton","floor":33.0,"turns":15.0},{"damage":3.0,"enemies":"3 Darklings","floor":35.0,"turns":7.0},{"damage":0.0,"enemies":"Orb Walker","floor":36.0,"turns":3.0},{"damage":0,"enemies":"Writhing Mass","floor":39,"turns":7},{"damage":0,"enemies":"Jaw Worm Horde","floor":42,"turns":7},{"damage":0,"enemies":"Nemesis","floor":44,"turns":9},{"damage":0,"enemies":"Transient","floor":45,"turns":6},{"damage":4,"enemies":"Sphere and 2 Shapes","floor":46,"turns":7},{"damage":24,"enemies":"Time Eater","floor":50,"turns":13},{"damage":9,"enemies":"Donu and Deca","floor":51,"turns":16},{"damage":47,"enemies":"Shield and Spear","floor":55,"turns":9},{"damage":44,"enemies":"The Heart","floor":56,"turns":6}],"seed_played":"6741793044084128584","potions_obtained":[{"floor":3.0,"key":"Weak Potion"},{"floor":14.0,"key":"FearPotion"},{"floor":16.0,"key":"AttackPotion"},{"floor":20.0,"key":"Energy Potion"},{"floor":24.0,"key":"PowerPotion"},{"floor":28.0,"key":"Fruit Juice"},{"floor":33.0,"key":"Regen Potion"}],"is_trial":false,"path_per_floor":["M","?","M","?","M","R","M","R","T","E","R","$","?","M","R","B",null,"M","?","M","?","$","R","M","M","T","?","M","R","$","M","R","B",null,"M","M","?","?","M","R","$","M","T","E","M","M","?","$","R","B","B",null,"R","$","E","B"],"character_chosen":"DEFECT","items_purchased":["Consume","Glacier","Bag of Preparation"],"campfire_rested":0,"item_purchase_floors":[12,22,41],"current_hp_per_floor":[57,57,57,57,57,57,52,52,52,33,33,33,12,5,5,5,55,55,42,31,31,31,31,31,22,22,22,20,20,20,20,20,15,61,58,58,48,48,48,48,48,48,48,48,48,44,44,44,44,34,32,65,65,65,28,0],"gold":41,"neow_bonus":"RANDOM_COMMON_RELIC","is_prod":false,"is_daily":false,"chose_seed":false,"campfire_upgraded":9,"win_rate":0,"timestamp":1550756620,"path_taken":["M","?","M","?","M","R","M","R","T","E","R","$","?","?","R","BOSS","M","?","M","?","$","R","M","?","T","?","M","R","?","M","R","BOSS","M","?","?","?","?","R","$","M","T","E","M","M","?","?","R","BOSS","BOSS","R","$","E","BOSS"],"build_version":"2019-01-23","purchased_purges":3,"victory":false,"max_hp_per_floor":[71,71,71,71,71,71,71,71,71,71,71,71,71,71,71,71,71,71,71,71,71,71,71,71,71,71,71,71,71,71,71,71,76,76,76,76,76,76,76,76,76,76,76,76,76,76,76,76,76,76,76,76,76,76,76,76],"card_choices":[{"not_picked":["Leap","Steam"],"picked":"Cold Snap","floor":1.0},{"not_picked":["Redo","Compile Driver"],"picked":"Capacitor","floor":3.0},{"not_picked":["Compile Driver","Cold Snap"],"picked":"Chill","floor":5.0},{"not_picked":["Barrage","Darkness"],"picked":"Core Surge","floor":7.0},{"not_picked":["Heatsinks","Cold Snap"],"picked":"Genetic Algorithm","floor":10.0},{"not_picked":["Cold Snap","Beam Cell"],"picked":"Coolheaded","floor":14.0},{"not_picked":["Meteor Strike","Hyperbeam"],"picked":"All For One","floor":16.0},{"not_picked":["Rebound","Hello World"],"picked":"Skim","floor":18.0},{"not_picked":["Redo","Scrape"],"picked":"Chill","floor":20.0},{"not_picked":["Redo","Hello World"],"picked":"Hologram+1","floor":24.0},{"not_picked":["Melter","Hologram","Rebound"],"picked":"SKIP","floor":25.0},{"not_picked":["Steam","Rebound+1","Stack"],"picked":"SKIP","floor":28.0},{"not_picked":["Hologram","Cold Snap","Leap+1"],"picked":"SKIP","floor":31.0},{"not_picked":["Amplify","Reboot"],"picked":"Biased Cognition","floor":33.0},{"not_picked":["Doom and Gloom","Ball Lightning+1","Go for the Eyes"],"picked":"SKIP","floor":35.0},{"not_picked":["Doom and Gloom","Go for the Eyes"],"picked":"Ball Lightning+1","floor":35.0},{"not_picked":["Steam","Reprogram"],"picked":"White Noise+1","floor":36.0},{"not_picked":["Blind","Panache"],"picked":"Panacea","floor":37.0},{"not_picked":["Dark Shackles","Bandage Up"],"picked":"Purity","floor":37.0},{"not_picked":["Dark Shackles","Bandage Up"],"picked":"Purity","floor":37.0},{"not_picked":["Aggregate","Sweeping Beam","Coolheaded"],"picked":"SKIP","floor":39},{"not_picked":["Consume","Sweeping Beam","Go for the Eyes"],"picked":"SKIP","floor":42},{"not_picked":["BootSequence+1","Compile Driver"],"picked":"Glacier","floor":44},{"not_picked":["Steam","Scrape+1"],"picked":"Cold Snap+1","floor":45},{"not_picked":["Barrage+1","Darkness"],"picked":"Self Repair","floor":46},{"not_picked":["Conserve Battery","Compile Driver+1"],"picked":"Undo","floor":55}],"player_experience":3014305,"relics_obtained":[{"floor":9.0,"key":"Letter Opener"},{"floor":10.0,"key":"Ornamental Fan"},{"floor":26.0,"key":"Oddly Smooth Stone"},{"floor":44,"key":"Molten Egg 2"},{"floor":55,"key":"Whetstone"}],"event_choices":[{"damage_healed":0.0,"max_hp_gain":0.0,"max_hp_loss":0.0,"gold_gain":0.0,"event_name":"Liars Game","player_choice":"Ignored","floor":2.0,"gold_loss":0.0,"damage_taken":0.0},{"damage_healed":0.0,"max_hp_gain":0.0,"max_hp_loss":0.0,"gold_gain":0.0,"cards_transformed":["Strike_B"],"event_name":"Living Wall","player_choice":"Change","floor":4.0,"gold_loss":0.0,"damage_taken":0.0,"cards_obtained":["Melter"]},{"damage_healed":0.0,"max_hp_gain":0.0,"max_hp_loss":0.0,"gold_gain":0.0,"event_name":"Shining Light","player_choice":"Entered Light","floor":13.0,"gold_loss":0.0,"damage_taken":21.0,"cards_upgraded":["Chill","Strike_B"]},{"damage_healed":0.0,"max_hp_gain":0.0,"max_hp_loss":0.0,"gold_gain":0.0,"event_name":"Colosseum","player_choice":"Fight","floor":19.0,"gold_loss":0.0,"damage_taken":0.0},{"damage_healed":0.0,"max_hp_gain":0.0,"max_hp_loss":0.0,"gold_gain":0.0,"event_name":"Colosseum","player_choice":"Fled From Nobs","floor":19.0,"gold_loss":0.0,"damage_taken":0.0},{"damage_healed":0.0,"max_hp_gain":0.0,"max_hp_loss":0.0,"gold_gain":100.0,"event_name":"The Joust","player_choice":"Bet on Murderer","floor":21.0,"gold_loss":50.0,"damage_taken":0.0},{"damage_healed":0.0,"max_hp_gain":0.0,"max_hp_loss":0.0,"gold_gain":0.0,"event_name":"WeMeetAgain","player_choice":"Gave Potion","floor":27.0,"gold_loss":0.0,"damage_taken":0.0,"relics_obtained":["StoneCalendar"]},{"damage_healed":0.0,"max_hp_gain":0.0,"max_hp_loss":0.0,"gold_gain":0.0,"event_name":"SensoryStone","player_choice":"Memory 3","floor":37.0,"gold_loss":0.0,"damage_taken":10.0},{"damage_healed":0.0,"max_hp_gain":0.0,"max_hp_loss":0.0,"gold_gain":0.0,"event_name":"Duplicator","player_choice":"Copied","floor":38.0,"gold_loss":0.0,"damage_taken":0.0,"cards_obtained":["Purity"]},{"damage_healed":0,"gold_gain":0,"player_choice":"Got Potions","damage_taken":0,"max_hp_gain":0,"max_hp_loss":0,"event_name":"Lab","floor":47,"gold_loss":0}],"is_beta":false,"boss_relics":[{"not_picked":["Lizard Tail","Black Star"],"picked":"Nuclear Battery"},{"not_picked":["Fusion Hammer","White Beast Statue"],"picked":"Sozu"}],"items_purged_floors":[12,22,48],"is_endless":false,"potions_floor_spawned":[3,14,16,20,24,28,33,35,39,42,44],"killed_by":"The Heart","ascension_level":20}