{"gold_per_floor":[369,388,313,332,28,28,39,39,65,65,80,91,122,133,133,228,228,243,257,257,268,143,143,153,153,153,153,165,165,165,199,199,298,298,317,167,185,10,0,0,28,28,28,28,47,47,58,58,58,58],"floor_reached":51,"playtime":1382,"items_purged":["Strike_G","Defend_G","Strike_G","Defend_G","Strike_G"],"score":797,"play_id":"28942303-1af2-4115-985f-71bbad862f90","local_time":"20181028130259","is_ascension_mode":false,"campfire_choices":[{"data":"Neutralize","floor":6.0,"key":"SMITH"},{"data":"Catalyst","floor":10.0,"key":"SMITH"},{"data":"Deadly Poison","floor":15.0,"key":"SMITH"},{"data":"Survivor","floor":23.0,"key":"SMITH"},{"data":"Deadly Poison","floor":25.0,"key":"SMITH"},{"data":"Noxious Fumes","floor":29.0,"key":"SMITH"},{"data":"Malaise","floor":32.0,"key":"SMITH"},{"data":"Backflip","floor":40,"key":"SMITH"},{"data":"Defend_G","floor":44,"key":"SMITH"},{"data":"Defend_G","floor":46,"key":"SMITH"},{"data":"Defend_G","floor":49,"key":"SMITH"}],"neow_cost":"PERCENT_DAMAGE","seed_source_timestamp":10142253481285,"circlet_count":0,"master_deck":["Defend_G+1","Defend_G+1","Survivor+1","Neutralize+1","Backstab","Catalyst+1","Deadly Poison+1","Adrenaline","Deadly Poison+1","Malaise+1","Noxious Fumes+1","Backflip+1","Adrenaline","Escape Plan","Dodge and Roll+1","Escape Plan","Catalyst+1","Backstab+1"],"special_seed":0,"relics":["Ring of the Snake","TwistedFunnel","Bag of Marbles","Juzu Bracelet","Coffee Dripper","MutagenicStrength","Sundial","Tough Bandages","Empty Cage","Red Mask","Strawberry","Incense Burner"],"potions_floor_usage":[45,50,50],"damage_taken":[{"damage":1.0,"enemies":"Cultist","floor":1.0,"turns":4.0},{"damage":0.0,"enemies":"2 Louse","floor":2.0,"turns":3.0},{"damage":1.0,"enemies":"Jaw Worm","floor":4.0,"turns":5.0},{"damage":0.0,"enemies":"3 Louse","floor":7.0,"turns":2.0},{"damage":0.0,"enemies":"Large Slime","floor":11.0,"turns":7.0},{"damage":1.0,"enemies":"2 Fungi Beasts","floor":12.0,"turns":2.0},{"damage":8.0,"enemies":"Lagavulin","floor":13.0,"turns":4.0},{"damage":0.0,"enemies":"Blue Slaver","floor":14.0,"turns":1.0},{"damage":15.0,"enemies":"Hexaghost","floor":16.0,"turns":7.0},{"damage":0.0,"enemies":"3 Byrds","floor":18.0,"turns":3.0},{"damage":0.0,"enemies":"Chosen","floor":19.0,"turns":3.0},{"damage":0.0,"enemies":"Snake Plant","floor":21.0,"turns":2.0},{"damage":0.0,"enemies":"Snecko","floor":24.0,"turns":3.0},{"damage":1.0,"enemies":"Sentry and Sphere","floor":28.0,"turns":3.0},{"damage":19.0,"enemies":"Slavers","floor":31.0,"turns":4.0},{"damage":6.0,"enemies":"Champ","floor":33.0,"turns":9.0},{"damage":0,"enemies":"3 Darklings","floor":35,"turns":10},{"damage":0,"enemies":"3 Shapes","floor":37,"turns":3},{"damage":11,"enemies":"Nemesis","floor":41,"turns":5},{"damage":0,"enemies":"Sphere and 2 Shapes","floor":45,"turns":3},{"damage":0,"enemies":"Transient","floor":47,"turns":5},{"damage":0,"enemies":"Donu and Deca","floor":50,"turns":7}],"seed_played":"-4976721497739039895","potions_obtained":[{"floor":2.0,"key":"Dexterity Potion"},{"floor":8.0,"key":"Fruit Juice"},{"floor":8.0,"key":"Regen Potion"},{"floor":8.0,"key":"LiquidBronze"},{"floor":13.0,"key":"PowerPotion"}],"is_trial":false,"path_per_floor":["M","M","$","M","$","R","M","?","T","R","M","M","E","M","R","B",null,"M","M","?","M","$","R","M","R","T","?","M","R","?","E","R","B",null,"M","$","M","$","?","R","E","?","T","R","M","R","M","?","R","B"],"character_chosen":"THE_SILENT","items_purchased":["TwistedFunnel"],"campfire_rested":0,"item_purchase_floors":[5],"current_hp_per_floor":[48,48,48,47,47,47,47,52,52,52,52,51,43,43,43,28,75,75,75,75,75,75,75,75,75,75,75,74,74,60,41,41,35,80,80,80,80,80,80,80,76,76,76,76,87,87,87,87,87,87],"gold":58,"neow_bonus":"TWO_FIFTY_GOLD","is_prod":false,"is_daily":false,"chose_seed":false,"campfire_upgraded":11,"win_rate":0,"timestamp":1540702979,"path_taken":["M","M","$","M","$","R","M","?","T","R","M","M","E","M","R","BOSS","M","M","?","M","$","R","M","R","T","?","M","R","?","E","R","BOSS","M","$","M","$","?","R","E","?","T","R","M","R","M","?","R","BOSS"],"build_version":"2018-10-25v2","purchased_purges":5,"victory":true,"max_hp_per_floor":[70,70,70,70,70,70,70,75,75,75,75,75,75,75,75,75,75,75,75,75,75,75,75,75,75,75,75,75,75,80,80,80,80,80,80,80,80,80,80,80,87,87,87,87,87,87,87,87,87,87],"card_choices":[{"not_picked":["Outmaneuver","Dodge and Roll"],"picked":"Backstab","floor":1.0},{"not_picked":["Prepared","Acrobatics","Bane"],"picked":"SKIP","floor":2.0},{"not_picked":["Finisher","PiercingWail","Terror"],"picked":"SKIP","floor":4.0},{"not_picked":["Noxious Fumes","All Out Attack"],"picked":"Catalyst","floor":7.0},{"not_picked":["Grand Finale","Slice"],"picked":"Deadly Poison","floor":11.0},{"not_picked":["Underhanded Strike","Blade Dance","Caltrops"],"picked":"SKIP","floor":12.0},{"not_picked":["Cloak And Dagger","Underhanded Strike","Caltrops"],"picked":"SKIP","floor":13.0},{"not_picked":["Predator","Outmaneuver","PiercingWail"],"picked":"SKIP","floor":14.0},{"not_picked":["Grand Finale","Storm of Steel"],"picked":"Adrenaline","floor":16.0},{"not_picked":["Acrobatics","Dodge and Roll","All Out Attack"],"picked":"SKIP","floor":18.0},{"not_picked":["Flying Knee+1","Masterful Stab","Flechettes"],"picked":"SKIP","floor":19.0},{"not_picked":["Dagger Throw+1","Outmaneuver","Poisoned Stab"],"picked":"SKIP","floor":21.0},{"not_picked":["Outmaneuver","Dagger Throw"],"picked":"Deadly Poison","floor":24.0},{"not_picked":["Dodge and Roll","Poisoned Stab+1"],"picked":"Noxious Fumes","floor":28.0},{"not_picked":["Deflect","Underhanded Strike"],"picked":"Backflip","floor":31.0},{"not_picked":["After Image","Bullet Time"],"picked":"Adrenaline","floor":33.0},{"not_picked":["Skewer+1","Concentrate+1"],"picked":"Escape Plan","floor":35},{"not_picked":["Deadly Poison","Backflip"],"picked":"Dodge and Roll+1","floor":37},{"not_picked":["Accuracy","Quick Slash"],"picked":"Escape Plan","floor":41},{"not_picked":["Slice","Sucker Punch+1"],"picked":"Catalyst+1","floor":45},{"not_picked":["Calculated Gamble","Dagger Throw"],"picked":"Backstab+1","floor":47}],"player_experience":696041,"relics_obtained":[{"floor":9.0,"key":"Bag of Marbles"},{"floor":13.0,"key":"Juzu Bracelet"},{"floor":26.0,"key":"Sundial"},{"floor":31.0,"key":"Tough Bandages"},{"floor":41,"key":"Strawberry"},{"floor":43,"key":"Incense Burner"}],"event_choices":[{"damage_healed":0.0,"max_hp_gain":0.0,"max_hp_loss":0.0,"gold_gain":0.0,"event_name":"The Lab","player_choice":"Got Potions","floor":8.0,"gold_loss":0.0,"damage_taken":0.0},{"damage_healed":0.0,"max_hp_gain":0.0,"max_hp_loss":0.0,"gold_gain":0.0,"event_name":"Drug Dealer","player_choice":"Inject Mutagens","floor":20.0,"gold_loss":0.0,"damage_taken":0.0,"relics_obtained":["MutagenicStrength"]},{"damage_healed":0.0,"max_hp_gain":0.0,"max_hp_loss":0.0,"gold_gain":0.0,"event_name":"The Library","player_choice":"Read","floor":27.0,"gold_loss":0.0,"damage_taken":0.0,"cards_obtained":["Malaise"]},{"damage_healed":0.0,"max_hp_gain":5.0,"max_hp_loss":0.0,"gold_gain":0.0,"event_name":"Forgotten Altar","player_choice":"Shed Blood","floor":30.0,"gold_loss":0.0,"damage_taken":19.0},{"damage_healed":0,"gold_gain":0,"player_choice":"Paid","damage_taken":0,"relics_obtained":["Red Mask"],"max_hp_gain":0,"max_hp_loss":0,"event_name":"Tomb of Lord Red Mask","floor":39,"gold_loss":10},{"damage_healed":0,"gold_gain":0,"player_choice":"Ignored","damage_taken":0,"max_hp_gain":0,"max_hp_loss":0,"event_name":"Mysterious Sphere","floor":42,"gold_loss":0},{"cards_removed":["Defend_G"],"damage_healed":0,"gold_gain":0,"player_choice":"Removed Skill","damage_taken":0,"max_hp_gain":0,"max_hp_loss":0,"event_name":"Falling","floor":48,"gold_loss":0}],"is_beta":false,"boss_relics":[{"not_picked":["Fusion Hammer","Eternal Feather"],"picked":"Coffee Dripper"},{"not_picked":["WristBlade","Astrolabe"],"picked":"Empty Cage"}],"items_purged_floors":[3,5,22,36,38],"is_endless":false,"potions_floor_spawned":[2,12,13,16,24,28,31,33,37],"ascension_level":0}