{"gold_per_floor":[112,112,112,262,150,150,150,150,150,161,174,174,203,223,223,302,302,313,213,213,213,11,11,40,52,64,76],"floor_reached":27,"playtime":663,"items_purged":["Doubt","Strike_B"],"score":450,"play_id":"3d219c86-ba99-4605-902d-b28eae2313df","local_time":"20190306213243","is_ascension_mode":true,"campfire_choices":[{"data":"Dualcast","floor":6.0,"key":"SMITH"},{"data":"Zap","floor":8.0,"key":"SMITH"},{"data":"Capacitor","floor":12.0,"key":"SMITH"},{"data":"Electrodynamics","floor":15.0,"key":"SMITH"},{"data":"Apotheosis","floor":23.0,"key":"SMITH"},{"floor":25.0,"key":"REST"}],"neow_cost":"TEN_PERCENT_HP_LOSS","seed_source_timestamp":44636981553131,"circlet_count":0,"master_deck":["AscendersBane","Strike_B","Strike_B+1","Strike_B","Defend_B+1","Defend_B","Defend_B+1","Defend_B","Zap+1","Dualcast+1","Electrodynamics","Coolheaded+1","Capacitor+1","Ball Lightning","Electrodynamics+1","Glacier","Seek","Auto Shields","Apotheosis+1","Chaos"],"special_seed":0,"relics":["Cracked Core","War Paint","Runic Pyramid","Matryoshka","MawBank","Mercury Hourglass","Peace Pipe"],"potions_floor_usage":[27],"damage_taken":[{"damage":0.0,"enemies":"2 Louse","floor":1.0,"turns":2.0},{"damage":5.0,"enemies":"Small Slimes","floor":10.0,"turns":2.0},{"damage":0.0,"enemies":"Cultist","floor":11.0,"turns":3.0},{"damage":9.0,"enemies":"Gremlin Nob","floor":13.0,"turns":3.0},{"damage":7.0,"enemies":"2 Fungi Beasts","floor":14.0,"turns":2.0},{"damage":28.0,"enemies":"The Guardian","floor":16.0,"turns":12.0},{"damage":11.0,"enemies":"Shell Parasite","floor":18.0,"turns":8.0},{"damage":27.0,"enemies":"Slavers","floor":24.0,"turns":3.0},{"damage":16,"enemies":"Book of Stabbing","floor":27,"turns":5}],"seed_played":"-8321153286278006246","potions_obtained":[{"floor":7.0,"key":"Weak Potion"},{"floor":7.0,"key":"Swift Potion"},{"floor":14.0,"key":"SkillPotion"},{"floor":16.0,"key":"Ancient Potion"}],"is_trial":false,"path_per_floor":["M","?","?","?","$","R","?","R","T","M","M","R","E","M","R","B",null,"M","$","T","?","$","R","E","R","T","E"],"character_chosen":"DEFECT","items_purchased":["Capacitor","Apotheosis"],"campfire_rested":1,"item_purchase_floors":[5,22],"current_hp_per_floor":[64,45,50,50,50,50,50,50,50,45,45,45,36,29,29,1,52,41,41,41,41,41,41,14,34,34,18],"gold":76,"neow_bonus":"THREE_RARE_CARDS","is_prod":false,"is_daily":false,"chose_seed":false,"campfire_upgraded":5,"win_rate":0,"timestamp":1551879163,"path_taken":["M","?","?","?","$","R","?","R","T","M","M","R","E","M","R","BOSS","M","$","?","?","$","R","E","R","T","E"],"build_version":"2019-01-23","purchased_purges":2,"victory":false,"max_hp_per_floor":[64,64,69,69,69,69,69,69,69,69,69,69,69,69,69,69,69,69,69,69,69,69,69,69,69,69,69],"card_choices":[{"not_picked":["All For One","Creative AI"],"picked":"Electrodynamics","floor":0.0},{"not_picked":["Steam","Gash"],"picked":"Coolheaded","floor":1.0},{"not_picked":["Go for the Eyes","Hologram"],"picked":"Ball Lightning","floor":10.0},{"not_picked":["Gash","Stack"],"picked":"Electrodynamics","floor":11.0},{"not_picked":["Loop","Tempest"],"picked":"Glacier","floor":13.0},{"not_picked":["Skim","Go for the Eyes","Sunder"],"picked":"SKIP","floor":14.0},{"not_picked":["Hyperbeam","Machine Learning"],"picked":"Seek","floor":16.0},{"not_picked":["Sunder","Streamline+1"],"picked":"Auto Shields","floor":18.0},{"not_picked":["Aggregate+1","Go for the Eyes"],"picked":"Chaos","floor":24.0}],"player_experience":3369002,"relics_obtained":[{"floor":13.0,"key":"War Paint"},{"floor":20.0,"key":"Matryoshka"},{"floor":24.0,"key":"MawBank"},{"floor":26.0,"key":"Mercury Hourglass"},{"floor":26.0,"key":"Peace Pipe"}],"event_choices":[{"damage_healed":0.0,"max_hp_gain":0.0,"max_hp_loss":0.0,"gold_gain":0.0,"event_name":"Shining Light","player_choice":"Entered Light","floor":2.0,"gold_loss":0.0,"damage_taken":19.0,"cards_upgraded":["Defend_B","Strike_B"]},{"damage_healed":0.0,"max_hp_gain":5.0,"max_hp_loss":0.0,"gold_gain":0.0,"event_name":"Big Fish","player_choice":"Donut","floor":3.0,"gold_loss":0.0,"damage_taken":0.0},{"damage_healed":0.0,"max_hp_gain":0.0,"max_hp_loss":0.0,"gold_gain":150.0,"event_name":"Liars Game","player_choice":"AGREE","floor":4.0,"gold_loss":0.0,"damage_taken":0.0,"cards_obtained":["Doubt"]},{"damage_healed":0.0,"max_hp_gain":0.0,"max_hp_loss":0.0,"gold_gain":0.0,"event_name":"Lab","player_choice":"Got Potions","floor":7.0,"gold_loss":0.0,"damage_taken":0.0},{"damage_healed":0.0,"max_hp_gain":0.0,"max_hp_loss":0.0,"gold_gain":0.0,"event_name":"Vampires","player_choice":"Ignored","floor":21.0,"gold_loss":0.0,"damage_taken":0.0}],"is_beta":false,"boss_relics":[{"not_picked":["Busted Crown","Snecko Eye"],"picked":"Runic Pyramid"}],"items_purged_floors":[5,19],"is_endless":false,"potions_floor_spawned":[14,16,24],"killed_by":"Book of Stabbing","ascension_level":20}