{"gold_per_floor":[359,376,386,386,31,365,365,403,478,478,478,478],"floor_reached":12,"playtime":254,"items_purged":["Strike_B"],"score":149,"play_id":"40eb9705-4d1b-4457-a8e0-99a64f27f509","local_time":"20181009162232","is_ascension_mode":true,"campfire_choices":[{"floor":10,"key":"REST"}],"neow_cost":"TEN_PERCENT_HP_LOSS","seed_source_timestamp":614230124985162,"circlet_count":0,"master_deck":["Strike_B","Strike_B","Strike_B","Defend_B","Defend_B","Defend_B","Defend_B","Zap","Dualcast","AscendersBane","Defragment","Sunder","Ball Lightning","Loop","Consume"],"special_seed":0,"relics":["Cracked Core","Golden Idol","Cables","Old Coin","Bronze Scales","Kunai"],"potions_floor_usage":[8,11],"damage_taken":[{"damage":0.0,"enemies":"Cultist","floor":1.0,"turns":4.0},{"damage":7.0,"enemies":"2 Louse","floor":2.0,"turns":2.0},{"damage":0.0,"enemies":"Jaw Worm","floor":3.0,"turns":3.0},{"damage":31.0,"enemies":"Gremlin Nob","floor":6.0,"turns":4.0},{"damage":26,"enemies":"Lagavulin","floor":8,"turns":4},{"damage":16,"enemies":"Gremlin Nob","floor":11,"turns":3},{"damage":6,"enemies":"Blue Slaver","floor":12,"turns":2}],"seed_played":"-4874661441196834186","potions_obtained":[{"floor":1.0,"key":"EssenceOfSteel"},{"floor":3.0,"key":"SmokeBomb"}],"is_trial":false,"path_per_floor":["M","M","M","?","$","E","?","E","T","R","E"],"character_chosen":"DEFECT","items_purchased":["Cables","Loop"],"campfire_rested":1,"item_purchase_floors":[5,5],"current_hp_per_floor":[68,61,61,61,61,30,30,4,4,22,6,0],"gold":478,"neow_bonus":"TWO_FIFTY_GOLD","is_prod":false,"is_daily":false,"chose_seed":false,"campfire_upgraded":0,"win_rate":0,"timestamp":1539073352,"path_taken":["M","?","M","?","$","E","?","E","T","R","E","?"],"build_version":"2018-10-04v2","purchased_purges":1,"victory":false,"max_hp_per_floor":[68,68,68,63,63,63,63,63,63,63,63,63],"card_choices":[{"not_picked":["Sweeping Beam","Loop"],"picked":"Defragment","floor":1.0},{"not_picked":["Coolheaded","Streamline"],"picked":"Sunder","floor":2.0},{"not_picked":["Chaos","Hologram"],"picked":"Ball Lightning","floor":3.0},{"not_picked":["Amplify","Scrape"],"picked":"Consume","floor":6.0},{"not_picked":["Go for the Eyes","Streamline","Ball Lightning"],"picked":"SKIP","floor":8}],"player_experience":253641,"relics_obtained":[{"floor":6.0,"key":"Old Coin"},{"floor":8,"key":"Bronze Scales"},{"floor":9,"key":"Kunai"}],"event_choices":[{"event_name":"Golden Idol","player_choice":"Lose Max HP","floor":4.0,"damage_taken":0.0},{"event_name":"Liars Game","player_choice":"disagreed","floor":7.0,"damage_taken":0.0}],"is_beta":false,"boss_relics":[],"items_purged_floors":[5],"is_endless":false,"potions_floor_spawned":[1,3],"killed_by":"Blue Slaver","ascension_level":11}