{"gold_per_floor":[114,114,125,143,43,43,43,68,68,68,68,85,85,96,96,172,172,187,187,199,199,199,199,213,224,224,238,108,108],"floor_reached":29,"playtime":1165,"items_purged":["Pain","Strike_G"],"score":450,"play_id":"b936aa51-6441-480c-852c-fd1b48d4f652","local_time":"20181227183543","is_ascension_mode":true,"campfire_choices":[{"data":"Impatience","floor":6.0,"key":"SMITH"},{"data":"Malaise","floor":10.0,"key":"SMITH"},{"data":"Deadly Poison","floor":15.0,"key":"SMITH"},{"data":"Burst","floor":23,"key":"SMITH"}],"neow_cost":"NONE","seed_source_timestamp":20320036420050,"circlet_count":0,"master_deck":["AscendersBane","Defend_G","Defend_G+1","Defend_G","Defend_G","Defend_G","Survivor","Neutralize","Impatience+1","Blur","Acrobatics+1","Malaise+1","Deadly Poison+1","Burst+1","Terror+1","Poisoned Stab+1","Setup+1","Acrobatics","Blade Dance"],"special_seed":0,"relics":["Ring of the Snake","WarpedTongs","Pantograph","War Paint","Astrolabe","Nilry\u0027s Codex","Kunai","Centennial Puzzle"],"potions_floor_usage":[21],"damage_taken":[{"damage":0.0,"enemies":"2 Louse","floor":1.0,"turns":3.0},{"damage":3.0,"enemies":"Cultist","floor":3.0,"turns":4.0},{"damage":6.0,"enemies":"Small Slimes","floor":4.0,"turns":4.0},{"damage":37.0,"enemies":"Gremlin Nob","floor":8.0,"turns":5.0},{"damage":0.0,"enemies":"Looter","floor":12.0,"turns":5.0},{"damage":0.0,"enemies":"Exordium Wildlife","floor":14.0,"turns":4.0},{"damage":20.0,"enemies":"Hexaghost","floor":16.0,"turns":15.0},{"damage":0,"enemies":"Spheric Guardian","floor":18,"turns":4},{"damage":18,"enemies":"2 Thieves","floor":20,"turns":4},{"damage":2,"enemies":"Colosseum Slavers","floor":21,"turns":6},{"damage":7,"enemies":"Centurion and Healer","floor":24,"turns":9},{"damage":7,"enemies":"Shelled Parasite and Fungi","floor":25,"turns":8},{"damage":4,"enemies":"Snecko","floor":27,"turns":6},{"damage":14,"enemies":"Cultist and Chosen","floor":29,"turns":3}],"seed_played":"1531637139362512972","potions_obtained":[{"floor":3.0,"key":"Explosive Potion"},{"floor":4.0,"key":"GhostInAJar"},{"floor":16.0,"key":"FairyPotion"},{"floor":18,"key":"GhostInAJar"},{"floor":25,"key":"Strength Potion"}],"is_trial":false,"path_per_floor":["M","?","M","M","$","R","E","T","R","?","M","$","M","R","B","M","?","M","?","T","R","M","M","T","M","$","M"],"character_chosen":"THE_SILENT","items_purchased":["Acrobatics","Blade Dance"],"campfire_rested":0,"item_purchase_floors":[5,28],"current_hp_per_floor":[59,59,56,50,50,50,50,13,13,13,13,13,13,13,13,18,54,54,33,15,13,13,13,6,5,5,1,1,0],"gold":108,"neow_bonus":"RANDOM_COLORLESS","is_prod":false,"is_daily":false,"chose_seed":false,"campfire_upgraded":4,"win_rate":0,"timestamp":1545906943,"path_taken":["M","?","M","?","?","R","?","E","T","R","?","?","?","M","R","BOSS","M","?","M","?","?","R","M","M","T","M","$","M"],"build_version":"2018-12-25","purchased_purges":2,"victory":false,"max_hp_per_floor":[66,66,66,66,66,66,66,66,66,66,66,66,66,66,66,66,66,66,66,66,66,66,66,66,66,66,66,66,66],"card_choices":[{"not_picked":["Distraction","Expertise","Dodge and Roll"],"picked":"SKIP","floor":1.0},{"not_picked":["Dagger Spray","Outmaneuver","Eviscerate"],"picked":"SKIP","floor":3.0},{"not_picked":["Dagger Throw","Outmaneuver"],"picked":"Blur","floor":4.0},{"not_picked":["Flying Knee","Concentrate"],"picked":"Malaise","floor":8.0},{"not_picked":["Quick Slash","Prepared"],"picked":"Deadly Poison","floor":12.0},{"not_picked":["Cloak And Dagger","Poisoned Stab","Night Terror"],"picked":"SKIP","floor":14.0},{"not_picked":["Night Terror","Malaise"],"picked":"Burst","floor":16.0},{"not_picked":["Expertise","Dodge and Roll","Dagger Throw"],"picked":"SKIP","floor":18},{"not_picked":["Accuracy","Choke+1","Poisoned Stab"],"picked":"SKIP","floor":20},{"not_picked":["Slice","Concentrate","Dodge and Roll+1"],"picked":"SKIP","floor":24},{"not_picked":["Noxious Fumes","Deflect","Crippling Poison"],"picked":"SKIP","floor":25},{"not_picked":["Bane","Dash"],"picked":"Acrobatics","floor":27}],"player_experience":1243135,"relics_obtained":[{"floor":8.0,"key":"Pantograph"},{"floor":9.0,"key":"War Paint"},{"floor":19,"key":"Nilry\u0027s Codex"},{"floor":22,"key":"Kunai"},{"floor":26,"key":"Centennial Puzzle"}],"event_choices":[{"damage_healed":0.0,"max_hp_gain":0.0,"max_hp_loss":0.0,"gold_gain":0.0,"event_name":"Accursed Blacksmith","player_choice":"Rummage","floor":2.0,"gold_loss":0.0,"damage_taken":0.0,"relics_obtained":["WarpedTongs"],"cards_obtained":["Pain"]},{"cards_removed":["Strike_G"],"damage_healed":0.0,"max_hp_gain":0.0,"max_hp_loss":0.0,"gold_gain":0.0,"event_name":"Living Wall","player_choice":"Forget","floor":7.0,"gold_loss":0.0,"damage_taken":0.0},{"damage_healed":0.0,"max_hp_gain":0.0,"max_hp_loss":0.0,"gold_gain":0.0,"event_name":"Liars Game","player_choice":"Ignored","floor":11.0,"gold_loss":0.0,"damage_taken":0.0},{"damage_healed":0,"gold_gain":0,"player_choice":"Obtained Book","damage_taken":21,"max_hp_gain":0,"max_hp_loss":0,"event_name":"Cursed Tome","floor":19,"gold_loss":0},{"damage_healed":0,"gold_gain":0,"player_choice":"Fight","damage_taken":0,"max_hp_gain":0,"max_hp_loss":0,"event_name":"Colosseum","floor":21,"gold_loss":0},{"damage_healed":0,"gold_gain":0,"player_choice":"Fled From Nobs","damage_taken":0,"max_hp_gain":0,"max_hp_loss":0,"event_name":"Colosseum","floor":21,"gold_loss":0}],"is_beta":true,"boss_relics":[{"not_picked":["Pandora\u0027s Box","Cursed Key"],"picked":"Astrolabe"}],"items_purged_floors":[5,28],"is_endless":false,"potions_floor_spawned":[3,4,16,18,25],"killed_by":"Cultist and Chosen","ascension_level":20}