{"gold_per_floor":[209,209,224,241,11,11,11,11,11,11,26,26,39,50,50,50],"floor_reached":16,"playtime":2287,"items_purged":[],"score":184,"play_id":"815f86c1-7fe1-4002-a247-b83caddc38f7","local_time":"20181229133556","is_ascension_mode":true,"campfire_choices":[{"data":"Footwork","floor":7,"key":"SMITH"},{"data":"Calculated Gamble","floor":10,"key":"SMITH"},{"data":"Neutralize","floor":12,"key":"SMITH"},{"data":"True Grit","floor":15,"key":"SMITH"}],"neow_cost":"NONE","seed_source_timestamp":8213781124795,"circlet_count":0,"master_deck":["AscendersBane","Defend_G","Defend_G","Defend_G","Defend_G","Defend_G","Strike_G","Strike_G","Strike_G","Survivor","Neutralize+1","Footwork+1","Calculated Gamble+1","Concentrate","PiercingWail","Adrenaline","True Grit+1","Panacea"],"relics":["Ring of the Snake","PrismaticShard","Blood Vial"],"potions_floor_usage":[],"damage_taken":[{"damage":7,"enemies":"Small Slimes","floor":1,"turns":5},{"damage":1,"enemies":"2 Louse","floor":3,"turns":3},{"damage":2,"enemies":"Jaw Worm","floor":4,"turns":8},{"damage":1,"enemies":"3 Louse","floor":11,"turns":6},{"damage":14,"enemies":"Exordium Thugs","floor":13,"turns":7},{"damage":4,"enemies":"Blue Slaver","floor":14,"turns":8},{"damage":0,"enemies":"Slime Boss","floor":16,"turns":1}],"seed_played":"4886278857654759608","potions_obtained":[{"floor":1,"key":"Fire Potion"},{"floor":3,"key":"FearPotion"}],"is_trial":false,"path_per_floor":["M","?","M","M","$","?","R","?","T","R","M","R","M","M","R","B"],"character_chosen":"THE_SILENT","items_purchased":["PrismaticShard"],"campfire_rested":0,"item_purchase_floors":[5],"current_hp_per_floor":[52,45,44,42,42,64,64,64,64,64,65,65,52,50,50,52],"gold":50,"neow_bonus":"HUNDRED_GOLD","is_prod":false,"is_daily":false,"chose_seed":false,"campfire_upgraded":4,"win_rate":0,"timestamp":1546061756,"path_taken":["M","?","M","M","$","?","R","?","T","R","M","R","?","M","R","BOSS"],"build_version":"2018-12-20","purchased_purges":0,"victory":false,"max_hp_per_floor":[66,66,66,66,66,66,66,66,66,66,66,66,66,66,66,66],"card_choices":[{"not_picked":["Terror","Cloak And Dagger"],"picked":"Footwork","floor":1},{"not_picked":["PiercingWail","Blade Dance"],"picked":"Calculated Gamble","floor":3},{"not_picked":["Underhanded Strike","Outmaneuver"],"picked":"Concentrate","floor":4},{"not_picked":["Steam","Leap"],"picked":"Adrenaline","floor":11},{"not_picked":["Wild Strike","Dropkick"],"picked":"True Grit","floor":13},{"not_picked":["PiercingWail","Enlightenment"],"picked":"Panacea","floor":14}],"player_experience":1562771,"relics_obtained":[{"floor":9,"key":"Blood Vial"}],"event_choices":[{"cards_removed":["Strike_G"],"damage_healed":0,"gold_gain":0,"player_choice":"Card Removal","damage_taken":7,"max_hp_gain":0,"max_hp_loss":0,"event_name":"Golden Wing","floor":2,"gold_loss":0},{"damage_healed":22,"gold_gain":0,"player_choice":"Banana","damage_taken":0,"max_hp_gain":0,"max_hp_loss":0,"event_name":"Big Fish","floor":6,"gold_loss":0},{"damage_healed":0,"gold_gain":0,"cards_transformed":["Strike_G"],"player_choice":"Change","damage_taken":0,"max_hp_gain":0,"max_hp_loss":0,"event_name":"Living Wall","floor":8,"gold_loss":0,"cards_obtained":["PiercingWail"]}],"is_beta":false,"boss_relics":[],"items_purged_floors":[],"is_endless":false,"potions_floor_spawned":[1,3,4,14],"killed_by":"Slime Boss","ascension_level":20}