{"path_per_floor":["M","M","M","M","?","E","R","M","T","$","E","R","E","?","R","B",null,"M","$","?","M","$","E","$","M","T","E","R","M","M","M","R","B",null,"M","?","M","M","M","R","$","M","T","?","M","M","$","M","R","B"],"character_chosen":"IRONCLAD","items_purchased":["Paper Frog","Bottled Lightning","Regen Potion","Matryoshka"],"gold_per_floor":[110,127,144,156,231,258,258,269,341,80,111,111,137,166,166,270,270,290,34,34,44,44,70,19,35,81,107,107,122,140,158,158,259,259,270,270,288,308,319,319,69,81,111,111,121,137,62,77,77,77],"floor_reached":51,"campfire_rested":5,"playtime":3986,"current_hp_per_floor":[41,44,49,48,37,16,40,44,44,44,35,59,45,21,21,9,80,80,80,80,77,77,47,47,46,46,37,37,45,35,38,64,23,87,87,87,59,48,40,66,66,55,55,55,24,12,12,15,41,41],"items_purged":["Strike_R"],"gold":77,"score":538,"play_id":"e4fbd379-90df-4db0-8963-b53fee903335","local_time":"20180306114909","is_prod":false,"is_daily":false,"is_ascension_mode":false,"campfire_upgraded":2,"timestamp":1520333349,"path_taken":["M","M","M","?","?","E","R","M","T","$","E","R","E","?","R","BOSS","M","$","?","M","?","E","$","M","T","E","R","M","M","M","R","BOSS","M","?","M","M","M","R","$","M","T","?","M","?","$","M","R","BOSS"],"build_version":"2018-03-01-PROD1","purchased_purges":1,"victory":true,"master_deck":["Strike_R+1","Strike_R+1","Strike_R+1","Strike_R+1","Defend_R+1","Defend_R+1","Defend_R+1","Defend_R+1","Bash","Shrug It Off","Flex+1","Ghostly Armor+1","Body Slam","Heavy Blade","Anger","Limit Break+1","Pummel","Impervious+1","Fire Breathing","Inflame","Thunderclap+1","Headbutt","Spot Weakness+1","Power Through","Cleave","Demon Form","Mind Blast","Headbutt+1","Clash","Pommel Strike+1","Flex+1"],"max_hp_per_floor":[80,80,80,80,80,80,80,80,80,80,80,80,80,80,80,80,80,80,80,80,80,80,87,87,87,87,87,87,87,87,87,87,87,87,87,87,87,87,87,87,87,87,87,87,87,87,87,87,87,87],"relics":["Burning Blood","Peace Pipe","Mummified Hand","Pantograph","Paper Frog","Sundial","Gambling Chip","Odd Mushroom","Velvet Choker","Bottled Lightning","Strawberry","Blood Vial","War Paint","Sozu","Matryoshka","Pen Nib","Tiny Chest"],"card_choices":[{"not_picked":["Wild Strike","Perfected Strike"],"picked":"Shrug It Off"},{"not_picked":["Shrug It Off","Headbutt"],"picked":"Flex"},{"not_picked":["Perfected Strike","Armaments"],"picked":"Ghostly Armor"},{"not_picked":["Burning Pact","Shrug It Off"],"picked":"Body Slam"},{"not_picked":["Brutality","Reckless Charge"],"picked":"Heavy Blade"},{"not_picked":["Burning Pact","Seeing Red"],"picked":"Anger"},{"not_picked":["Headbutt","Searing Blow"],"picked":"Limit Break"},{"not_picked":["Second Wind","Perfected Strike"],"picked":"Pummel"},{"not_picked":["Immolate","Berserk"],"picked":"Impervious"},{"not_picked":["Metallicize","Reckless Charge"],"picked":"Fire Breathing"},{"not_picked":["Cleave","Wild Strike"],"picked":"Inflame"},{"not_picked":["Rupture","Disarm"],"picked":"Thunderclap"},{"not_picked":["Uppercut","True Grit"],"picked":"Headbutt"},{"not_picked":["Wild Strike","Flex"],"picked":"Spot Weakness"},{"not_picked":["Flame Barrier","Combust"],"picked":"Power Through"},{"not_picked":["Wild Strike","Feel No Pain"],"picked":"Cleave"},{"not_picked":["Bludgeon","Juggernaut"],"picked":"Demon Form"},{"not_picked":["Corruption","Havoc"],"picked":"Headbutt"},{"not_picked":["Sword Boomerang","Clothesline"],"picked":"Clash"},{"not_picked":["Perfected Strike","Evolve"],"picked":"Pommel Strike"},{"not_picked":["Clothesline","Rage"],"picked":"Flex"}],"player_experience":106104,"potions_floor_usage":[6,11,16,18,25,30,33,33,35],"damage_taken":[{"damage":5,"enemies":"Cultist","floor":1,"turns":4},{"damage":3,"enemies":"Jaw Worm","floor":2,"turns":3},{"damage":1,"enemies":"2 Louse","floor":3,"turns":3},{"damage":7,"enemies":"Red Slaver","floor":4,"turns":6},{"damage":27,"enemies":"3 Sentries","floor":6,"turns":11},{"damage":2,"enemies":"2 Fungi Beasts","floor":8,"turns":3},{"damage":15,"enemies":"Lagavulin","floor":11,"turns":6},{"damage":20,"enemies":"Gremlin Nob","floor":13,"turns":4},{"damage":30,"enemies":"The Mushroom Lair","floor":14,"turns":5},{"damage":43,"enemies":"Hexaghost","floor":16,"turns":11},{"damage":2,"enemies":"3 Byrds","floor":18,"turns":6},{"damage":9,"enemies":"Spheric Guardian","floor":21,"turns":4},{"damage":43,"enemies":"Book of Stabbing","floor":23,"turns":6},{"damage":16,"enemies":"Slaver and Parasite","floor":25,"turns":4},{"damage":17,"enemies":"Gremlin Leader","floor":27,"turns":5},{"damage":0,"enemies":"Sentry and Sphere","floor":29,"turns":4},{"damage":18,"enemies":"Snake Plant","floor":30,"turns":3},{"damage":5,"enemies":"Chosen and Byrds","floor":31,"turns":4},{"damage":70,"enemies":"Automaton","floor":33,"turns":8},{"damage":0,"enemies":"Orb Walker","floor":35,"turns":2},{"damage":34,"enemies":"3 Shapes","floor":37,"turns":3},{"damage":19,"enemies":"Sphere and 2 Shapes","floor":38,"turns":4},{"damage":16,"enemies":"Maw","floor":39,"turns":6},{"damage":19,"enemies":"3 Darklings","floor":42,"turns":4},{"damage":39,"enemies":"Sphere and 2 Shapes","floor":45,"turns":5},{"damage":20,"enemies":"4 Shapes","floor":46,"turns":4},{"damage":5,"enemies":"Maw","floor":48,"turns":6},{"damage":33,"enemies":"Donu and Deca","floor":50,"turns":5}],"event_choices":[{"event_name":"World of Goop","player_choice":"Gather Gold","floor":5,"damage_taken":0},{"event_name":"Mushrooms","player_choice":"Fought Mushrooms","floor":14,"damage_taken":0},{"event_name":"Back to Basics","player_choice":"Simplicity","floor":20,"damage_taken":0},{"event_name":"Match and Keep!","player_choice":"1 cards matched","floor":36,"damage_taken":0},{"event_name":"Mysterious Sphere","player_choice":"Ignore","floor":44,"damage_taken":0}],"boss_relics":[{"not_picked":["Eternal Feather","Cursed Key"],"picked":"Velvet Choker"},{"not_picked":["Tiny House","Lizard Tail"],"picked":"Sozu"}],"potions_floor_spawned":[2,3,13,14,16,23,27,29,33,35,39,42],"seed_played":"-6936937562858826573","ascension_level":0,"is_trial":false}