{"gold_per_floor":[214,229,229,245,258,285,285,297,297,325,335,349,349,349],"floor_reached":14,"playtime":726,"items_purged":[],"score":208,"play_id":"a39f7687-a183-4cb3-b7a2-692eac158df3","local_time":"20190801191137","is_ascension_mode":true,"campfire_choices":[{"floor":7,"key":"REST"},{"floor":13,"key":"REST"}],"neow_cost":"NONE","seed_source_timestamp":114052643862152,"circlet_count":0,"master_deck":["AscendersBane","Strike_G","Strike_G","Strike_G","Strike_G","Strike_G","Defend_G","Defend_G","Defend_G","Defend_G","Defend_G","Survivor","Neutralize","Catalyst","Flechettes+1","Dagger Spray","Dash","Dagger Spray","Escape Plan+1","Dodge and Roll+1","Dagger Spray","Prepared+1"],"relics":["Ring of the Snake","Toxic Egg 2","Mercury Hourglass","Gremlin Horn"],"potions_floor_usage":[6,6,10,14],"damage_taken":[{"damage":3,"enemies":"Cultist","floor":1,"turns":4},{"damage":10,"enemies":"Small Slimes","floor":2,"turns":7},{"damage":0,"enemies":"2 Louse","floor":4,"turns":3},{"damage":3,"enemies":"Blue Slaver","floor":5,"turns":5},{"damage":25,"enemies":"3 Sentries","floor":6,"turns":9},{"damage":4,"enemies":"Large Slime","floor":8,"turns":6},{"damage":20,"enemies":"Lagavulin","floor":10,"turns":6},{"damage":0,"enemies":"3 Louse","floor":11,"turns":2},{"damage":0,"enemies":"Looter","floor":12,"turns":4},{"damage":52,"enemies":"Gremlin Nob","floor":14,"turns":4}],"seed_played":"3634302443138268668","potions_obtained":[{"floor":2,"key":"Dexterity Potion"},{"floor":4,"key":"Swift Potion"},{"floor":6,"key":"SpeedPotion"},{"floor":12,"key":"GamblersBrew"}],"is_trial":false,"path_per_floor":["M","M","?","M","M","E","R","M","T","E","M","M","R","E"],"character_chosen":"THE_SILENT","items_purchased":[],"campfire_rested":2,"item_purchase_floors":[],"current_hp_per_floor":[56,46,46,46,43,18,37,33,33,13,13,13,32,0],"gold":349,"neow_bonus":"HUNDRED_GOLD","is_prod":false,"is_daily":false,"chose_seed":false,"campfire_upgraded":0,"win_rate":0,"timestamp":1564679497,"path_taken":["M","?","?","M","M","E","R","M","T","E","M","M","R","E"],"build_version":"2019-07-17","purchased_purges":0,"victory":false,"max_hp_per_floor":[66,66,66,66,66,66,66,66,66,66,66,66,66,66],"card_choices":[{"not_picked":["Acrobatics","Tactician"],"picked":"Catalyst","floor":1},{"not_picked":["Underhanded Strike","Escape Plan"],"picked":"Flechettes","floor":2},{"not_picked":["Quick Slash","Escape Plan"],"picked":"Dagger Spray","floor":4},{"not_picked":["Bouncing Flask","PiercingWail"],"picked":"Dash","floor":5},{"not_picked":["Masterful Stab","Choke"],"picked":"Dagger Spray","floor":6},{"not_picked":["Slice","Blade Dance+1"],"picked":"Escape Plan+1","floor":8},{"not_picked":["Dash","Dagger Spray"],"picked":"Dodge and Roll+1","floor":10},{"not_picked":["Quick Slash","Cloak And Dagger+1"],"picked":"Dagger Spray","floor":11},{"not_picked":["Prepared+1","Endless Agony","Dagger Spray"],"picked":"SKIP","floor":12},{"not_picked":["Endless Agony","Dagger Spray"],"picked":"Prepared+1","floor":12}],"player_experience":811979,"relics_obtained":[{"floor":6,"key":"Toxic Egg 2"},{"floor":9,"key":"Mercury Hourglass"},{"floor":10,"key":"Gremlin Horn"}],"event_choices":[{"damage_healed":0,"gold_gain":0,"player_choice":"Forge","damage_taken":0,"max_hp_gain":0,"max_hp_loss":0,"event_name":"Accursed Blacksmith","floor":3,"gold_loss":0,"cards_upgraded":["Flechettes"]}],"is_beta":false,"boss_relics":[],"items_purged_floors":[],"is_endless":false,"potions_floor_spawned":[2,4,6,12],"killed_by":"Gremlin Nob","ascension_level":20}