{"path_per_floor":["M","?","?","$","?","R","E","M","T","R","$","R","M","M","R","B",null,"M","?","?","M","$","R","?","M","T","T","M","M","R","M","R","B",null,"M","M","?","$"],"character_chosen":"DEFECT","items_purchased":["Darkness","Orichalcum"],"gold_per_floor":[118,118,118,43,43,43,68,80,128,128,28,28,44,55,55,159,159,172,198,121,133,52,52,2,12,37,61,80,94,94,113,113,216,216,229,247,247,95,95],"floor_reached":39,"campfire_rested":3,"playtime":2296,"current_hp_per_floor":[72,57,57,57,57,75,38,38,38,38,38,62,69,76,76,66,82,80,62,62,49,49,73,73,67,67,67,74,77,77,65,65,54,82,33,27,27,27,0],"items_purged":["Defend_B","Strike_B"],"gold":95,"score":379,"play_id":"5bbe6f11-fd9f-428e-802e-80dd624fd850","local_time":"20180429143242","is_prod":false,"is_daily":false,"chose_seed":false,"is_ascension_mode":false,"campfire_upgraded":4,"timestamp":1525005162,"path_taken":["M","?","?","$","?","R","E","M","T","R","?","R","M","M","R","BOSS","M","?","?","M","$","R","?","?","T","?","M","M","R","M","R","BOSS","M","M","?","$","M"],"build_version":"2018-04-27v3","seed_source_timestamp":6870662230678,"purchased_purges":2,"victory":false,"master_deck":["Strike_B","Strike_B","Strike_B","Defend_B+1","Defend_B+1","Defend_B+1","Zap+1","Dualcast+1","Go for the Eyes","Self Repair","Streamline+1","Echo Form","Defragment","Cold Snap","J.A.X.","Buffer+1","Darkness+1","Doom and Gloom","Rip and Tear+1","Creative AI","Sweeping Beam+1","Reboot","Streamline+1","Chaos+1"],"max_hp_per_floor":[75,75,75,75,75,75,82,82,82,82,82,82,82,82,82,82,82,82,82,82,82,82,82,82,82,82,82,82,82,82,82,82,82,82,82,82,82,82,82],"relics":["Inserter","Strawberry","War Paint","Sozu","Red Mask","Regal Pillow","Pen Nib","Philosopher\u0027s Stone","Orichalcum"],"card_choices":[{"not_picked":["Leap","Static Discharge"],"picked":"Go for the Eyes","floor":1},{"not_picked":["Axe Kick","Darkness"],"picked":"Self Repair","floor":8},{"not_picked":["Barrage","Impulse"],"picked":"Streamline","floor":13},{"not_picked":["Hyperbeam","Reboot"],"picked":"Echo Form","floor":16},{"not_picked":["Turbo","Rebound"],"picked":"Defragment","floor":18},{"not_picked":["Impulse","Barrage"],"picked":"Cold Snap","floor":19},{"not_picked":["Reinforced Body","Leap"],"picked":"Buffer","floor":21},{"not_picked":["Turbo","Sweeping Beam"],"picked":"Doom and Gloom","floor":25},{"not_picked":["Hologram","Genetic Algorithm"],"picked":"Rip and Tear","floor":28},{"not_picked":["Chill","Hologram"],"picked":"Creative AI","floor":29},{"not_picked":["Stack","Skim"],"picked":"Sweeping Beam","floor":31},{"not_picked":["Hyperbeam","Machine Learning"],"picked":"Reboot","floor":33},{"not_picked":["Barrage","Coolheaded"],"picked":"Streamline","floor":35},{"not_picked":["Axe Kick","Impulse"],"picked":"Chaos","floor":36}],"player_experience":20168,"potions_floor_usage":[16,21,29,33],"damage_taken":[{"damage":3,"enemies":"Jaw Worm","floor":1,"turns":6},{"damage":44,"enemies":"Gremlin Nob","floor":7,"turns":5},{"damage":0,"enemies":"2 Louse","floor":8,"turns":3},{"damage":0,"enemies":"Cultist","floor":13,"turns":3},{"damage":0,"enemies":"Exordium Wildlife","floor":14,"turns":4},{"damage":17,"enemies":"Slime Boss","floor":16,"turns":10},{"damage":9,"enemies":"Shell Parasite","floor":18,"turns":7},{"damage":25,"enemies":"Masked Bandits","floor":19,"turns":4},{"damage":20,"enemies":"2 Thieves","floor":21,"turns":4},{"damage":13,"enemies":"Slaver and Parasite","floor":25,"turns":7},{"damage":0,"enemies":"Chosen and Byrds","floor":28,"turns":7},{"damage":11,"enemies":"Sentry and Sphere","floor":29,"turns":6},{"damage":12,"enemies":"Slaver and Parasite","floor":31,"turns":5},{"damage":11,"enemies":"Automaton","floor":33,"turns":8},{"damage":63,"enemies":"3 Darklings","floor":35,"turns":6},{"damage":13,"enemies":"Flame Bruiser 1 Orb","floor":36,"turns":5},{"damage":31,"enemies":"4 Shapes","floor":39,"turns":3}],"event_choices":[{"event_name":"Shining Light","player_choice":"Entered Light","floor":2,"damage_taken":0},{"event_name":"Match and Keep!","player_choice":"0 cards matched","floor":3,"damage_taken":0},{"event_name":"Liars Game","player_choice":"disagreed","floor":5,"damage_taken":0},{"event_name":"Masked Bandits","player_choice":"Fought over 172 gold","floor":19,"damage_taken":0},{"event_name":"Drug Dealer","player_choice":"Got JAXXED","floor":20,"damage_taken":0},{"event_name":"The Joust","player_choice":"Bet on Murderer","floor":24,"damage_taken":0},{"event_name":"Accursed Blacksmith","player_choice":"Ignore","floor":37,"damage_taken":0}],"boss_relics":[{"not_picked":["Runic Dome","Calling Bell"],"picked":"Sozu"},{"not_picked":["Runic Pyramid","Eternal Feather"],"picked":"Philosopher\u0027s Stone"}],"potions_floor_spawned":[7,13,14,16,19,21,25,31,35],"seed_played":"6642986378388791959","killed_by":"4 Shapes","ascension_level":0,"is_trial":false}