{"gold_per_floor":[116,116,132,132,57,88,88,99,148,148,179,201,236,252,252,326,326,345,345,361,47,57,89,101,132,132,31,31,59,76,111,111,185,185,202,219,219,39,39,64,64,99,99,99,113,113,126,145,145,145,145,145,145,57,92,92],"floor_reached":57,"playtime":2260,"items_purged":["Strike_G","Strike_G","Strike_G","Strike_G","Strike_G+1"],"score":3516,"play_id":"c8aed0e3-6905-4865-86bf-c2ba502098eb","local_time":"20190305115204","is_ascension_mode":true,"campfire_choices":[{"data":"Catalyst","floor":7.0,"key":"SMITH"},{"data":"Poisoned Stab","floor":10.0,"key":"SMITH"},{"data":"Noxious Fumes","floor":15.0,"key":"SMITH"},{"data":"Burst","floor":28.0,"key":"SMITH"},{"data":"Bouncing Flask","floor":32,"key":"SMITH"},{"data":"Tactician","floor":41,"key":"SMITH"},{"floor":49,"key":"RECALL"},{"floor":53,"key":"REST"}],"neow_cost":"NONE","seed_source_timestamp":0,"circlet_count":0,"master_deck":["AscendersBane","Defend_G+1","Defend_G+1","Defend_G+1","Defend_G+1","Defend_G+1","Survivor+1","Poisoned Stab+1","Catalyst+1","Malaise+1","Masterful Stab+1","Noxious Fumes+1","PiercingWail+1","Corpse Explosion+1","Leg Sweep+1","Burst+1","Bouncing Flask+1","After Image+1","Backflip+1","Tactician+1","Wraith Form v2+1","Adrenaline+1","Catalyst+1","Master of Strategy+1","Master of Strategy+1","Calculated Gamble+1"],"special_seed":0,"relics":["Ring of the Snake","NeowsBlessing","Pen Nib","Regal Pillow","Pantograph","Odd Mushroom","Happy Flower","Runic Pyramid","Membership Card","Question Card","FossilizedHelix","Bag of Marbles","War Paint","Lantern","Eternal Feather","Chemical X","Strawberry","Ninja Scroll","Sundial","Mark of the Bloom","Kunai"],"potions_floor_usage":[29,31,56,56],"damage_taken":[{"damage":0.0,"enemies":"Cultist","floor":1.0,"turns":1.0},{"damage":0.0,"enemies":"2 Louse","floor":3.0,"turns":1.0},{"damage":0.0,"enemies":"Gremlin Nob","floor":6.0,"turns":1.0},{"damage":0.0,"enemies":"Jaw Worm","floor":8.0,"turns":4.0},{"damage":24.0,"enemies":"Lagavulin","floor":11.0,"turns":10.0},{"damage":25.0,"enemies":"The Mushroom Lair","floor":12.0,"turns":5.0},{"damage":11.0,"enemies":"Gremlin Nob","floor":13.0,"turns":3.0},{"damage":7.0,"enemies":"Exordium Thugs","floor":14.0,"turns":5.0},{"damage":0.0,"enemies":"Hexaghost","floor":16.0,"turns":8.0},{"damage":0.0,"enemies":"Chosen","floor":18.0,"turns":5.0},{"damage":0.0,"enemies":"Shell Parasite","floor":20.0,"turns":8.0},{"damage":0.0,"enemies":"Chosen and Byrds","floor":22.0,"turns":6.0},{"damage":0.0,"enemies":"Gremlin Leader","floor":23.0,"turns":5.0},{"damage":0.0,"enemies":"Sentry and Sphere","floor":24.0,"turns":4.0},{"damage":9.0,"enemies":"Book of Stabbing","floor":25.0,"turns":5.0},{"damage":12,"enemies":"Gremlin Leader","floor":29,"turns":5},{"damage":0,"enemies":"3 Cultists","floor":30,"turns":4},{"damage":0,"enemies":"Book of Stabbing","floor":31,"turns":5},{"damage":2,"enemies":"Collector","floor":33,"turns":8},{"damage":0,"enemies":"3 Darklings","floor":35,"turns":3},{"damage":0,"enemies":"Orb Walker","floor":36,"turns":4},{"damage":0,"enemies":"Giant Head","floor":40,"turns":4},{"damage":0,"enemies":"Nemesis","floor":42,"turns":3},{"damage":0,"enemies":"Sphere and 2 Shapes","floor":45,"turns":4},{"damage":0,"enemies":"Jaw Worm Horde","floor":47,"turns":3},{"damage":0,"enemies":"3 Darklings","floor":48,"turns":2},{"damage":0,"enemies":"Time Eater","floor":50,"turns":4},{"damage":0,"enemies":"Donu and Deca","floor":51,"turns":6},{"damage":0,"enemies":"Shield and Spear","floor":55,"turns":2},{"damage":0,"enemies":"The Heart","floor":56,"turns":7}],"seed_played":"8806742797953981569","potions_obtained":[{"floor":1.0,"key":"Ancient Potion"},{"floor":3.0,"key":"Regen Potion"},{"floor":6.0,"key":"GamblersBrew"},{"floor":13.0,"key":"Swift Potion"},{"floor":24.0,"key":"SteroidPotion"},{"floor":25.0,"key":"Swift Potion"},{"floor":29,"key":"Regen Potion"},{"floor":33,"key":"Poison Potion"}],"is_trial":false,"path_per_floor":["M","T","M","?","$","E","R","M","T","R","E","?","E","M","R","B",null,"M","?","M","$","M","E","M","E","T","$","R","E","M","E","R","B",null,"M","M","?","$","?","E","R","E","T","?","M","?","M","M","R","B","B",null,"R","$","E","B",null],"character_chosen":"THE_SILENT","items_purchased":["Membership Card","GamblersBrew","Tactician","Chemical X"],"campfire_rested":1,"item_purchase_floors":[21,21,27,38],"current_hp_per_floor":[59,59,59,55,55,55,55,55,55,55,46,21,10,3,3,28,57,57,57,57,57,57,57,57,48,48,48,48,36,36,51,51,64,66,66,66,66,66,56,63,73,73,73,73,73,73,73,73,73,73,73,73,73,73,73,73],"gold":92,"neow_bonus":"THREE_ENEMY_KILL","is_prod":false,"is_daily":false,"chose_seed":false,"campfire_upgraded":6,"win_rate":0,"timestamp":1551757924,"path_taken":["M","?","?","?","$","E","R","?","T","R","E","?","E","M","R","BOSS","M","?","M","?","M","E","M","E","T","$","R","E","M","E","R","BOSS","M","M","?","$","?","E","R","E","T","?","M","?","M","?","R","BOSS","BOSS","R","$","E","BOSS"],"build_version":"2019-01-23","purchased_purges":5,"victory":true,"max_hp_per_floor":[66,66,66,66,66,66,66,66,66,66,66,66,66,66,66,66,66,66,66,66,66,66,66,66,66,66,66,66,66,66,66,66,66,66,66,66,66,66,66,73,73,73,73,73,73,73,73,73,73,73,73,73,73,73,73,73],"card_choices":[{"not_picked":["Setup","Deflect"],"picked":"Poisoned Stab","floor":1.0},{"not_picked":["Endless Agony","Dodge and Roll"],"picked":"Catalyst","floor":3.0},{"not_picked":["Riddle With Holes","Prepared"],"picked":"Malaise","floor":6.0},{"not_picked":["Cloak And Dagger","Prepared","Outmaneuver"],"picked":"SKIP","floor":8.0},{"not_picked":["Skewer","Blur","Outmaneuver"],"picked":"SKIP","floor":11.0},{"not_picked":["Sucker Punch","Deflect"],"picked":"Masterful Stab","floor":12.0},{"not_picked":["PiercingWail","Adrenaline"],"picked":"Noxious Fumes","floor":13.0},{"not_picked":["PiercingWail","Dodge and Roll","Outmaneuver"],"picked":"SKIP","floor":14.0},{"not_picked":["Dodge and Roll","Outmaneuver"],"picked":"PiercingWail","floor":14.0},{"not_picked":["Phantasmal Killer","Glass Knife"],"picked":"Corpse Explosion","floor":16.0},{"not_picked":["Deflect","Deadly Poison+1"],"picked":"Leg Sweep+1","floor":18.0},{"not_picked":["Dodge and Roll","Prepared"],"picked":"Bouncing Flask","floor":20.0},{"not_picked":["Well Laid Plans","Dodge and Roll","Slice"],"picked":"SKIP","floor":22.0},{"not_picked":["Deadly Poison","Noxious Fumes","Prepared"],"picked":"SKIP","floor":23.0},{"not_picked":["Deadly Poison","Noxious Fumes","Prepared"],"picked":"SKIP","floor":23.0},{"not_picked":["Escape Plan","Dagger Throw","Deadly Poison"],"picked":"After Image","floor":24.0},{"not_picked":["Backstab","Dodge and Roll","Riddle With Holes"],"picked":"Backflip","floor":25.0},{"not_picked":["Crippling Poison+1","Cloak And Dagger","Leg Sweep"],"picked":"Wraith Form v2","floor":29},{"not_picked":["Poisoned Stab+1","Well Laid Plans","Eviscerate+1","Blade Dance"],"picked":"SKIP","floor":30},{"not_picked":["Skewer","Outmaneuver","Flechettes","Blade Dance"],"picked":"SKIP","floor":31},{"not_picked":["Unload","Envenom","A Thousand Cuts"],"picked":"Adrenaline","floor":33},{"not_picked":["Deadly Poison","Dagger Throw","Accuracy+1","Quick Slash+1"],"picked":"SKIP","floor":35},{"not_picked":["Acrobatics","Flying Knee","Backflip"],"picked":"Catalyst+1","floor":36},{"not_picked":["Deep Breath","PanicButton","Bandage Up"],"picked":"Master of Strategy","floor":39},{"not_picked":["Madness","Discovery","Blind"],"picked":"Master of Strategy","floor":39},{"not_picked":["Dagger Spray","Masterful Stab","Bouncing Flask+1","Poisoned Stab"],"picked":"SKIP","floor":40},{"not_picked":["Poisoned Stab","Deadly Poison","Noxious Fumes+1"],"picked":"Calculated Gamble+1","floor":42},{"not_picked":["Bane","Reflex","Expertise","Sucker Punch"],"picked":"SKIP","floor":45},{"not_picked":["Quick Slash","Cloak And Dagger","Underhanded Strike+1","Dodge and Roll"],"picked":"SKIP","floor":47},{"not_picked":["Blade Dance","Poisoned Stab","Dash","Calculated Gamble"],"picked":"SKIP","floor":48},{"not_picked":["Slice","Expertise+1","Predator","Burst"],"picked":"SKIP","floor":55}],"player_experience":3320518,"relics_obtained":[{"floor":6.0,"key":"Pen Nib"},{"floor":9.0,"key":"Regal Pillow"},{"floor":11.0,"key":"Pantograph"},{"floor":12.0,"key":"Odd Mushroom"},{"floor":13.0,"key":"Happy Flower"},{"floor":23.0,"key":"Question Card"},{"floor":25.0,"key":"FossilizedHelix"},{"floor":26.0,"key":"Bag of Marbles"},{"floor":29,"key":"War Paint"},{"floor":31,"key":"Lantern"},{"floor":40,"key":"Strawberry"},{"floor":42,"key":"Ninja Scroll"},{"floor":43,"key":"Sundial"},{"floor":55,"key":"Kunai"}],"event_choices":[{"damage_healed":0.0,"max_hp_gain":0.0,"max_hp_loss":0.0,"gold_gain":0.0,"event_name":"The Woman in Blue","player_choice":"Bought 0 Potions","floor":4.0,"gold_loss":0.0,"damage_taken":0.0},{"damage_healed":0.0,"max_hp_gain":0.0,"max_hp_loss":0.0,"gold_gain":0.0,"event_name":"Mushrooms","player_choice":"Fought Mushrooms","floor":12.0,"gold_loss":0.0,"damage_taken":0.0},{"damage_healed":0.0,"max_hp_gain":0.0,"max_hp_loss":0.0,"gold_gain":0.0,"event_name":"Match and Keep!","player_choice":"1 cards matched","floor":19.0,"gold_loss":0.0,"damage_taken":0.0,"cards_obtained":["Burst"]},{"damage_healed":0,"gold_gain":0,"player_choice":"Ignored","damage_taken":0,"max_hp_gain":0,"max_hp_loss":0,"event_name":"Tomb of Lord Red Mask","floor":37,"gold_loss":0},{"damage_healed":0,"gold_gain":0,"player_choice":"Memory 3","damage_taken":10,"max_hp_gain":0,"max_hp_loss":0,"event_name":"SensoryStone","floor":39,"gold_loss":0},{"damage_healed":0,"gold_gain":0,"player_choice":"Upgrade","damage_taken":0,"relics_obtained":["Mark of the Bloom"],"max_hp_gain":0,"max_hp_loss":0,"event_name":"MindBloom","floor":44,"gold_loss":0,"cards_upgraded":["Defend_G","Defend_G","Defend_G","Defend_G","Defend_G","Strike_G","Neutralize","Malaise","Masterful Stab","Corpse Explosion","After Image","Backflip","Wraith Form v2","Adrenaline","Master of Strategy","Master of Strategy"]},{"cards_removed":["Neutralize"],"damage_healed":0,"gold_gain":0,"player_choice":"Removed Attack","damage_taken":0,"max_hp_gain":0,"max_hp_loss":0,"event_name":"Falling","floor":46,"gold_loss":0}],"is_beta":false,"boss_relics":[{"not_picked":["HoveringKite","WristBlade"],"picked":"Runic Pyramid"},{"not_picked":["Snecko Eye","White Beast Statue"],"picked":"Eternal Feather"}],"items_purged_floors":[5,21,27,38,54],"is_endless":false,"potions_floor_spawned":[1,3,6,13,24,25,29,30,33,36,47,48,55],"ascension_level":20}