{"gold_per_floor":[117,192,203,216,68,68,85,85,111,125,125,125,125,145,145,243,243,258,275,175,186,61,61,61,160,160,176,190,205,205,205,205,303,303,314,164,0,0,16,16,50,60,60,60,80,95,95,95,95,95],"floor_reached":51,"playtime":2076,"items_purged":["Strike_R","Bash","Wild Strike","Pain"],"score":744,"play_id":"c6e96f9b-8e77-4f17-b763-7c624cb177ed","local_time":"20190621012005","is_ascension_mode":false,"campfire_choices":[{"data":"Body Slam","floor":6.0,"key":"SMITH"},{"data":"True Grit","floor":8.0,"key":"SMITH"},{"data":"Feel No Pain","floor":11.0,"key":"SMITH"},{"data":"Feel No Pain","floor":15.0,"key":"SMITH"},{"data":"Immolate","floor":23.0,"key":"SMITH"},{"data":"Feel No Pain","floor":32.0,"key":"SMITH"},{"data":"Second Wind","floor":40.0,"key":"SMITH"},{"data":"Brutality","floor":44.0,"key":"SMITH"},{"data":"Demon Form","floor":49.0,"key":"SMITH"}],"neow_cost":"NONE","seed_source_timestamp":48937433744195,"circlet_count":0,"master_deck":["Feel No Pain+1","Body Slam+1","Evolve","True Grit+1","Feel No Pain+1","Immolate+1","Havoc","Reaper","Brutality+1","Body Slam","Second Wind+1","Feel No Pain+1","Burning Pact+1","Warcry","Rupture+1","Feel No Pain+1","Body Slam","Berserk","Bloodletting+1","Pommel Strike+1","Demon Form+1","Thinking Ahead","Violence","Panacea"],"special_seed":0,"relics":["Burning Blood","Regal Pillow","WarpedTongs","Pandora\u0027s Box","Nilry\u0027s Codex","Vajra","Philosopher\u0027s Stone","Red Mask","Pen Nib","Oddly Smooth Stone"],"potions_floor_usage":[50,50,50],"damage_taken":[{"damage":5.0,"enemies":"Jaw Worm","floor":1.0,"turns":5.0},{"damage":2.0,"enemies":"2 Louse","floor":3.0,"turns":3.0},{"damage":0.0,"enemies":"Small Slimes","floor":4.0,"turns":3.0},{"damage":28.0,"enemies":"Exordium Thugs","floor":7.0,"turns":6.0},{"damage":4.0,"enemies":"Blue Slaver","floor":10.0,"turns":5.0},{"damage":1.0,"enemies":"Large Slime","floor":14.0,"turns":5.0},{"damage":32.0,"enemies":"Slime Boss","floor":16.0,"turns":15.0},{"damage":28.0,"enemies":"Spheric Guardian","floor":18.0,"turns":4.0},{"damage":13.0,"enemies":"3 Byrds","floor":19.0,"turns":3.0},{"damage":11.0,"enemies":"Cultist and Chosen","floor":21.0,"turns":6.0},{"damage":14.0,"enemies":"Chosen and Byrds","floor":27.0,"turns":5.0},{"damage":28.0,"enemies":"Centurion and Healer","floor":28.0,"turns":4.0},{"damage":17.0,"enemies":"Cultist and Chosen","floor":29.0,"turns":5.0},{"damage":31.0,"enemies":"Collector","floor":33.0,"turns":10.0},{"damage":48.0,"enemies":"3 Darklings","floor":35.0,"turns":5.0},{"damage":0.0,"enemies":"3 Shapes","floor":39.0,"turns":3.0},{"damage":15.0,"enemies":"Giant Head","floor":41.0,"turns":5.0},{"damage":25.0,"enemies":"Writhing Mass","floor":42.0,"turns":4.0},{"damage":27.0,"enemies":"3 Darklings","floor":45.0,"turns":9.0},{"damage":4.0,"enemies":"Maw","floor":46.0,"turns":5.0},{"damage":43,"enemies":"Time Eater","floor":50,"turns":6}],"seed_played":"322496862315974054","potions_obtained":[{"floor":1.0,"key":"PowerPotion"},{"floor":4.0,"key":"Poison Potion"},{"floor":7.0,"key":"GamblersBrew"},{"floor":14.0,"key":"BloodPotion"},{"floor":18.0,"key":"Poison Potion"},{"floor":28.0,"key":"PowerPotion"},{"floor":46.0,"key":"Swift Potion"}],"is_trial":false,"path_per_floor":["M","?","M","M","$","R","M","R","T","M","R","?","?","M","R","B",null,"M","M","$","M","$","R","?","?","T","M","M","M","?","?","R","B",null,"M","$","?","?","M","R","E","M","T","R","M","M","$","?","R","B",null],"character_chosen":"IRONCLAD","items_purchased":["Evolve"],"campfire_rested":0,"item_purchase_floors":[5],"current_hp_per_floor":[80,69,73,79,79,79,57,57,57,59,59,43,43,48,48,22,80,66,61,61,62,62,62,46,46,46,47,35,33,33,33,33,31,80,64,64,64,64,80,80,79,62,62,62,80,80,80,70,70,67],"gold":95,"neow_bonus":"REMOVE_CARD","is_prod":false,"is_daily":false,"chose_seed":false,"campfire_upgraded":9,"win_rate":0,"timestamp":1561051205,"path_taken":["M","?","M","M","$","R","M","R","T","M","R","?","?","M","R","BOSS","M","M","$","M","$","R","?","?","T","M","M","M","?","?","R","BOSS","M","$","?","?","M","R","E","M","T","R","M","?","$","?","R","BOSS"],"build_version":"2019-01-23","purchased_purges":4,"victory":true,"max_hp_per_floor":[80,80,80,80,80,80,80,80,80,80,80,80,80,80,80,80,80,80,80,80,80,80,80,80,80,80,80,80,80,80,80,80,80,80,80,80,80,80,80,80,80,80,80,80,80,80,80,80,80,80],"card_choices":[{"not_picked":["Rupture","Thunderclap"],"picked":"Feel No Pain","floor":1.0},{"not_picked":["Bloodletting","Flex"],"picked":"Body Slam","floor":3.0},{"not_picked":["Headbutt","Body Slam","Clothesline"],"picked":"SKIP","floor":4.0},{"not_picked":["Fire Breathing","Perfected Strike"],"picked":"True Grit","floor":7.0},{"not_picked":["Headbutt","Hemokinesis"],"picked":"Wild Strike","floor":10.0},{"not_picked":["Flame Barrier","Reckless Charge"],"picked":"Feel No Pain","floor":14.0},{"not_picked":["Dark Embrace","Berserk"],"picked":"Immolate","floor":16.0},{"not_picked":["Dual Wield+1","Pommel Strike+1"],"picked":"Feel No Pain+1","floor":18.0},{"not_picked":["Searing Blow","Thunderclap"],"picked":"Burning Pact","floor":19.0},{"not_picked":["Rage","Combust","Warcry"],"picked":"SKIP","floor":21.0},{"not_picked":["Rage","Combust"],"picked":"Warcry","floor":21.0},{"not_picked":["Sword Boomerang+1","Heavy Blade+1","Combust"],"picked":"SKIP","floor":27.0},{"not_picked":["Evolve","Inflame"],"picked":"Rupture+1","floor":28.0},{"not_picked":["Iron Wave","True Grit+1","Rampage+1"],"picked":"SKIP","floor":29.0},{"not_picked":["Double Tap","Juggernaut"],"picked":"Berserk","floor":33.0},{"not_picked":["Rage+1","Cleave"],"picked":"Bloodletting+1","floor":35.0},{"not_picked":["Combust","Searing Blow+1","Cleave"],"picked":"SKIP","floor":39.0},{"not_picked":["Combust","Searing Blow+1","Cleave"],"picked":"SKIP","floor":39.0},{"not_picked":["Sever Soul","Pummel+1","Cleave"],"picked":"SKIP","floor":41.0},{"not_picked":["Clothesline+1","Dropkick","Dual Wield"],"picked":"SKIP","floor":42.0},{"not_picked":["Bloodletting+1","Cleave+1"],"picked":"Pommel Strike+1","floor":45.0},{"not_picked":["Clash","Armaments"],"picked":"Demon Form","floor":46.0},{"not_picked":["Deep Breath","Bandage Up"],"picked":"Thinking Ahead","floor":48.0},{"not_picked":["Forethought","Magnetism"],"picked":"Violence","floor":48.0},{"not_picked":["Discovery","Dark Shackles"],"picked":"Panacea","floor":48.0}],"player_experience":5496696,"relics_obtained":[{"floor":9.0,"key":"Regal Pillow"},{"floor":24.0,"key":"Nilry\u0027s Codex"},{"floor":26.0,"key":"Vajra"},{"floor":41.0,"key":"Pen Nib"},{"floor":43.0,"key":"Oddly Smooth Stone"}],"event_choices":[{"damage_healed":0.0,"max_hp_gain":0.0,"max_hp_loss":0.0,"gold_gain":75.0,"event_name":"World of Goop","player_choice":"Gather Gold","floor":2.0,"gold_loss":0.0,"damage_taken":11.0},{"damage_healed":0.0,"max_hp_gain":0.0,"max_hp_loss":0.0,"gold_gain":0.0,"event_name":"Shining Light","player_choice":"Entered Light","floor":12.0,"gold_loss":0.0,"damage_taken":16.0,"cards_upgraded":["Defend_R","Defend_R"]},{"damage_healed":0.0,"max_hp_gain":0.0,"max_hp_loss":0.0,"gold_gain":0.0,"event_name":"Accursed Blacksmith","player_choice":"Rummage","floor":13.0,"gold_loss":0.0,"damage_taken":0.0,"relics_obtained":["WarpedTongs"],"cards_obtained":["Pain"]},{"damage_healed":0.0,"max_hp_gain":0.0,"max_hp_loss":0.0,"gold_gain":0.0,"event_name":"Cursed Tome","player_choice":"Obtained Book","floor":24.0,"gold_loss":0.0,"damage_taken":16.0},{"damage_healed":0.0,"max_hp_gain":0.0,"max_hp_loss":0.0,"gold_gain":99.0,"event_name":"Nest","player_choice":"Stole From Cult","floor":25.0,"gold_loss":0.0,"damage_taken":0.0},{"damage_healed":0.0,"max_hp_gain":0.0,"max_hp_loss":0.0,"gold_gain":0.0,"cards_transformed":["Combust","Combust"],"event_name":"Drug Dealer","player_choice":"Became Test Subject","floor":30.0,"gold_loss":0.0,"damage_taken":0.0,"cards_obtained":["Feel No Pain","Body Slam"]},{"damage_healed":0.0,"max_hp_gain":0.0,"max_hp_loss":0.0,"gold_gain":0.0,"event_name":"NoteForYourself","player_choice":"Ignored","floor":31.0,"gold_loss":0.0,"damage_taken":0.0},{"damage_healed":0.0,"max_hp_gain":0.0,"max_hp_loss":0.0,"gold_gain":0.0,"event_name":"Tomb of Lord Red Mask","player_choice":"Paid","floor":37.0,"gold_loss":164.0,"damage_taken":0.0,"relics_obtained":["Red Mask"]},{"damage_healed":0.0,"max_hp_gain":0.0,"max_hp_loss":0.0,"gold_gain":0.0,"event_name":"Upgrade Shrine","player_choice":"Upgraded","floor":38.0,"gold_loss":0.0,"damage_taken":0.0,"cards_upgraded":["Burning Pact"]},{"damage_healed":0.0,"max_hp_gain":0.0,"max_hp_loss":0.0,"gold_gain":0.0,"event_name":"SensoryStone","player_choice":"Memory 3","floor":48.0,"gold_loss":0.0,"damage_taken":10.0}],"is_beta":false,"boss_relics":[{"not_picked":["Tiny House","Mark of Pain"],"picked":"Pandora\u0027s Box"},{"not_picked":["Runic Cube","Snecko Eye"],"picked":"Philosopher\u0027s Stone"}],"items_purged_floors":[5,20,22,36],"is_endless":false,"potions_floor_spawned":[1,4,7,14,18,28,29,33,42,46],"ascension_level":0}