{"gold_per_floor":[109,121,140,150,150,150,150,150,150,166,54,54,67,77,77,181,181,161,161,61,160,70,70,83,83,163,163,173,204,215,229,229,332,332,347,71,81,181,181,181,201,51,74,93,93,93,111,121,121,121],"floor_reached":51,"playtime":1642,"items_purged":["Injury","Strike_B","Strike_B","Defend_B"],"score":786,"play_id":"d8823e32-7384-4426-b82a-2b2fbde31f60","local_time":"20190613000015","is_ascension_mode":false,"campfire_choices":[{"data":"Chaos","floor":6,"key":"SMITH"},{"data":"Loop","floor":8,"key":"SMITH"},{"data":"Redo","floor":12,"key":"SMITH"},{"data":"Dualcast","floor":15,"key":"SMITH"},{"data":"Skim","floor":23,"key":"SMITH"},{"data":"Recycle","floor":25,"key":"SMITH"},{"data":"Multi-Cast","floor":27,"key":"SMITH"},{"data":"Turbo","floor":32,"key":"SMITH"},{"data":"Skim","floor":40,"key":"SMITH"},{"data":"Auto Shields","floor":45,"key":"SMITH"},{"data":"Glacier","floor":49,"key":"SMITH"}],"neow_cost":"CURSE","seed_source_timestamp":47637634939132,"circlet_count":0,"master_deck":["Defend_B","Defend_B","Zap","Dualcast+1","Chaos+1","Genetic Algorithm+1","Redo+1","Glacier+1","Loop+1","Recycle+1","Auto Shields+1","Loop+1","Multi-Cast+1","Skim+1","Loop+1","Turbo+1","Buffer+1","Skim+1","Self Repair+1"],"relics":["Cracked Core","Pantograph","Frozen Egg 2","Coffee Dripper","Dodecahedron","Symbiotic Virus","Darkstone Periapt","Velvet Choker","Thread and Needle","Orichalcum"],"potions_floor_usage":[16,18,50],"damage_taken":[{"damage":0,"enemies":"Cultist","floor":1,"turns":3},{"damage":0,"enemies":"Small Slimes","floor":2,"turns":4},{"damage":2,"enemies":"2 Louse","floor":3,"turns":3},{"damage":1,"enemies":"Blue Slaver","floor":4,"turns":4},{"damage":3,"enemies":"Exordium Thugs","floor":10,"turns":5},{"damage":7,"enemies":"Lots of Slimes","floor":13,"turns":6},{"damage":1,"enemies":"Blue Slaver","floor":14,"turns":3},{"damage":0,"enemies":"The Guardian","floor":16,"turns":9},{"damage":4,"enemies":"2 Thieves","floor":18,"turns":5},{"damage":0,"enemies":"Spheric Guardian","floor":24,"turns":3},{"damage":3,"enemies":"Shelled Parasite and Fungi","floor":28,"turns":4},{"damage":25,"enemies":"Slavers","floor":29,"turns":5},{"damage":20,"enemies":"Centurion and Healer","floor":30,"turns":3},{"damage":0,"enemies":"Cultist and Chosen","floor":31,"turns":2},{"damage":33,"enemies":"Collector","floor":33,"turns":6},{"damage":13,"enemies":"3 Darklings","floor":35,"turns":5},{"damage":4,"enemies":"Orb Walker","floor":37,"turns":4},{"damage":0,"enemies":"Mind Bloom Boss Battle","floor":38,"turns":3},{"damage":1,"enemies":"Writhing Mass","floor":41,"turns":3},{"damage":10,"enemies":"Sphere and 2 Shapes","floor":44,"turns":4},{"damage":37,"enemies":"4 Shapes","floor":47,"turns":5},{"damage":6,"enemies":"Spire Growth","floor":48,"turns":3},{"damage":0,"enemies":"Donu and Deca","floor":50,"turns":4}],"seed_played":"2082340068556034994","potions_obtained":[{"floor":2,"key":"GamblersBrew"},{"floor":3,"key":"Poison Potion"},{"floor":13,"key":"Swift Potion"},{"floor":16,"key":"Swift Potion"},{"floor":18,"key":"SneckoOil"},{"floor":28,"key":"EssenceOfSteel"},{"floor":31,"key":"Ancient Potion"},{"floor":37,"key":"Block Potion"}],"is_trial":false,"path_per_floor":["M","M","M","M","T","R","?","R","T","M","$","R","M","M","R","B",null,"M","?","$","?","?","R","M","R","T","R","M","E","M","M","R","B",null,"M","$","M","?","?","R","M","$","T","M","R","?","M","M","R","B",null],"character_chosen":"DEFECT","items_purchased":["Loop+1","Skim","Self Repair+1"],"campfire_rested":0,"item_purchase_floors":[11,36,36],"current_hp_per_floor":[75,75,73,72,72,72,77,77,77,74,74,74,67,66,66,80,80,76,76,76,76,76,76,76,76,76,76,73,48,28,28,28,20,80,67,67,73,80,76,76,76,76,76,76,76,76,49,53,53,76],"gold":121,"neow_bonus":"TRANSFORM_TWO_CARDS","is_prod":false,"is_daily":false,"chose_seed":false,"campfire_upgraded":11,"win_rate":0,"timestamp":1560355215,"path_taken":["M","M","M","M","?","R","?","R","T","M","$","R","M","M","R","BOSS","M","?","$","?","?","R","M","R","T","R","?","E","?","M","R","BOSS","M","$","M","?","?","R","M","$","T","M","R","?","M","M","R","BOSS"],"build_version":"2019-01-23","purchased_purges":4,"victory":true,"max_hp_per_floor":[75,75,75,75,75,75,80,80,80,80,80,80,80,80,80,80,80,80,80,80,80,80,80,80,80,80,80,80,80,80,80,80,80,80,80,80,80,80,76,76,76,76,76,76,76,76,76,76,76,76],"card_choices":[{"not_picked":["Chaos","Gash"],"picked":"Redo","floor":1},{"not_picked":["Leap","Barrage"],"picked":"Glacier","floor":2},{"not_picked":["Sunder","Compile Driver"],"picked":"Loop","floor":3},{"not_picked":["Hologram","Turbo"],"picked":"Recycle","floor":4},{"not_picked":["Conserve Battery","Sunder"],"picked":"Auto Shields","floor":10},{"not_picked":["Sunder","Thunder Strike","Chaos"],"picked":"SKIP","floor":13},{"not_picked":["Rebound","Scrape","Auto Shields"],"picked":"SKIP","floor":14},{"not_picked":["Rainbow","Machine Learning+1"],"picked":"Multi-Cast","floor":16},{"not_picked":["Streamline","Conserve Battery"],"picked":"Skim","floor":18},{"not_picked":["Melter","Fusion","Conserve Battery"],"picked":"SKIP","floor":24},{"not_picked":["Redo","White Noise+1","Heatsinks+1"],"picked":"SKIP","floor":28},{"not_picked":["Capacitor+1","Storm+1"],"picked":"Loop+1","floor":29},{"not_picked":["Genetic Algorithm","Stack","Barrage"],"picked":"SKIP","floor":30},{"not_picked":["Static Discharge+1","Compile Driver+1"],"picked":"Turbo","floor":31},{"not_picked":["Echo Form+1","Electrodynamics+1"],"picked":"Buffer+1","floor":33},{"not_picked":["Go for the Eyes","Cold Snap","Ball Lightning+1"],"picked":"SKIP","floor":35},{"not_picked":["Lockon","Streamline+1","Leap"],"picked":"SKIP","floor":37},{"not_picked":["Hologram","Reprogram","Sweeping Beam"],"picked":"SKIP","floor":41},{"not_picked":["Thunder Strike","Blizzard+1","Turbo+1"],"picked":"SKIP","floor":44},{"not_picked":["Stack","Conserve Battery+1","Barrage+1"],"picked":"SKIP","floor":47},{"not_picked":["Cold Snap","Hologram+1","Barrage+1"],"picked":"SKIP","floor":48}],"player_experience":5124703,"relics_obtained":[{"floor":5,"key":"Pantograph"},{"floor":9,"key":"Frozen Egg 2"},{"floor":26,"key":"Symbiotic Virus"},{"floor":29,"key":"Darkstone Periapt"},{"floor":38,"key":"Thread and Needle"},{"floor":43,"key":"Orichalcum"}],"event_choices":[{"damage_healed":0,"gold_gain":0,"player_choice":"Donut","damage_taken":0,"max_hp_gain":5,"max_hp_loss":0,"event_name":"Big Fish","floor":7,"gold_loss":0},{"damage_healed":0,"gold_gain":0,"player_choice":"Opened","damage_taken":0,"relics_obtained":["Dodecahedron"],"max_hp_gain":0,"max_hp_loss":0,"event_name":"The Mausoleum","floor":19,"gold_loss":0},{"damage_healed":0,"gold_gain":99,"player_choice":"Stole From Cult","damage_taken":0,"max_hp_gain":0,"max_hp_loss":0,"event_name":"Nest","floor":21,"gold_loss":0},{"cards_removed":["Strike_B"],"damage_healed":0,"gold_gain":0,"player_choice":"Upgrade and Remove","damage_taken":0,"max_hp_gain":0,"max_hp_loss":0,"event_name":"Designer","floor":22,"gold_loss":90,"cards_upgraded":["Genetic Algorithm"]},{"damage_healed":0,"gold_gain":0,"player_choice":"Fight","damage_taken":0,"max_hp_gain":0,"max_hp_loss":0,"event_name":"MindBloom","floor":38,"gold_loss":0},{"damage_healed":0,"gold_gain":0,"player_choice":"Max HP","damage_taken":0,"max_hp_gain":0,"max_hp_loss":4,"event_name":"Winding Halls","floor":39,"gold_loss":0},{"damage_healed":0,"gold_gain":0,"player_choice":"Ignored","damage_taken":0,"max_hp_gain":0,"max_hp_loss":0,"event_name":"Mysterious Sphere","floor":46,"gold_loss":0}],"is_beta":false,"boss_relics":[{"not_picked":["Calling Bell","Eternal Feather"],"picked":"Coffee Dripper"},{"not_picked":["Black Star","FrozenCore"],"picked":"Velvet Choker"}],"items_purged_floors":[11,20,36,42],"is_endless":false,"potions_floor_spawned":[2,3,13,16,18,28,31,37,41],"ascension_level":0}