{"gold_per_floor":[115,130,140,215,234,234,265,277,300,320,350,350,383,24,24,124,174,193,292,38,38,38,85,97,127,188,233,245,257,281,306,318,426,438,462,488,517,529],"floor_reached":38,"playtime":2490,"items_purged":["Strike_R"],"score":534,"play_id":"dc38cf1c-adf6-4610-8300-ef86fc5f3310","local_time":"20190803193159","is_ascension_mode":true,"campfire_choices":[{"data":"Body Slam","floor":12,"key":"SMITH"},{"data":"Bash","floor":15,"key":"SMITH"},{"data":"Barricade","floor":28,"key":"SMITH"},{"data":"Armaments","floor":32,"key":"SMITH"}],"neow_cost":"NONE","seed_source_timestamp":2133417322618533,"circlet_count":0,"master_deck":["Defend_R","Defend_R","Defend_R","Defend_R","Bash+1","Immolate","Burning Pact","Thunderclap","Headbutt","Iron Wave","Seeing Red","Entrench","Shrug It Off+1","Body Slam+1","Pummel+1","Metallicize","Barricade+1","Warcry","Ghostly Armor+1","Bite","Bite","Bite","Bite","Bite","Shrug It Off","Power Through","Havoc+1","Iron Wave","Armaments+1","Offering","Entrench+1","Armaments+1","Warcry+1"],"relics":["Burning Blood","Regal Pillow","PreservedInsect","Blood Vial","Vajra","ClockworkSouvenir","Tiny House","Kunai","MawBank","Thread and Needle","Centennial Puzzle","Strawberry","Snecko Eye"],"potions_floor_usage":[16,16,18,27,31,38],"damage_taken":[{"damage":6,"enemies":"2 Louse","floor":1,"turns":2},{"damage":6,"enemies":"Jaw Worm","floor":2,"turns":3},{"damage":0,"enemies":"Cultist","floor":3,"turns":2},{"damage":6,"enemies":"Exordium Wildlife","floor":5,"turns":2},{"damage":22,"enemies":"Gremlin Nob","floor":7,"turns":4},{"damage":1,"enemies":"2 Fungi Beasts","floor":8,"turns":2},{"damage":13,"enemies":"Large Slime","floor":10,"turns":5},{"damage":13,"enemies":"3 Sentries","floor":11,"turns":5},{"damage":13,"enemies":"Lagavulin","floor":13,"turns":5},{"damage":45,"enemies":"The Guardian","floor":16,"turns":14},{"damage":28,"enemies":"3 Byrds","floor":18,"turns":6},{"damage":62,"enemies":"Book of Stabbing","floor":23,"turns":6},{"damage":7,"enemies":"Chosen","floor":25,"turns":13},{"damage":15,"enemies":"Gremlin Leader","floor":27,"turns":5},{"damage":19,"enemies":"Snake Plant","floor":30,"turns":6},{"damage":9,"enemies":"Snecko","floor":31,"turns":9},{"damage":2,"enemies":"Champ","floor":33,"turns":15},{"damage":0,"enemies":"Orb Walker","floor":35,"turns":2},{"damage":0,"enemies":"3 Shapes","floor":36,"turns":3},{"damage":8,"enemies":"Spire Growth","floor":37,"turns":5},{"damage":69,"enemies":"Transient","floor":38,"turns":5}],"seed_played":"5098764473906844715","potions_obtained":[{"floor":1,"key":"FairyPotion"},{"floor":5,"key":"Dexterity Potion"},{"floor":7,"key":"SmokeBomb"},{"floor":13,"key":"Dexterity Potion"},{"floor":17,"key":"SpeedPotion"},{"floor":23,"key":"Fire Potion"},{"floor":27,"key":"Energy Potion"},{"floor":36,"key":"Explosive Potion"}],"is_trial":false,"path_per_floor":["M","M","M","?","M","?","E","M","T","M","E","R","E","$","R","B",null,"M","?","$","?","?","E","?","M","T","E","R","?","M","M","R","B",null,"M","M","M","M"],"character_chosen":"IRONCLAD","items_purchased":["Metallicize","ClockworkSouvenir","Kunai"],"campfire_rested":0,"item_purchase_floors":[14,14,20],"current_hp_per_floor":[80,80,80,69,69,69,53,58,58,51,44,44,39,39,39,14,85,63,63,63,59,59,9,9,26,26,26,26,26,25,36,36,51,66,66,66,64,0],"gold":529,"neow_bonus":"ONE_RANDOM_RARE_CARD","is_prod":false,"is_daily":false,"chose_seed":false,"campfire_upgraded":4,"win_rate":0,"timestamp":1564849919,"path_taken":["M","M","M","?","M","?","E","M","T","?","E","R","E","$","R","BOSS","M","?","$","?","?","E","?","M","T","E","R","?","M","M","R","BOSS","M","?","M","M"],"build_version":"2019-07-17","purchased_purges":1,"victory":false,"max_hp_per_floor":[80,80,80,80,80,80,80,80,80,80,80,80,80,80,80,80,85,85,85,85,59,59,59,59,59,59,66,66,66,66,66,66,66,66,66,66,66,66],"card_choices":[{"not_picked":["Wild Strike","Clash"],"picked":"Burning Pact","floor":1},{"not_picked":["Wild Strike","Havoc"],"picked":"Thunderclap","floor":2},{"not_picked":["Iron Wave","Combust"],"picked":"Headbutt","floor":3},{"not_picked":["Flex","Impervious"],"picked":"Iron Wave","floor":5},{"not_picked":["Heavy Blade","Clash"],"picked":"Seeing Red","floor":7},{"not_picked":["Ghostly Armor","Headbutt"],"picked":"Entrench","floor":8},{"not_picked":["Havoc","Seeing Red"],"picked":"Shrug It Off","floor":10},{"not_picked":["Sever Soul","Flex"],"picked":"Body Slam","floor":11},{"not_picked":["Immolate","Sword Boomerang"],"picked":"Pummel","floor":13},{"not_picked":["Berserk","Demon Form"],"picked":"Barricade","floor":16},{"not_picked":["Feel No Pain","Wild Strike"],"picked":"Warcry","floor":17},{"not_picked":["Wild Strike+1","Cleave"],"picked":"Ghostly Armor+1","floor":18},{"not_picked":["Pommel Strike","Carnage"],"picked":"Shrug It Off","floor":23},{"not_picked":["Flex","Sword Boomerang"],"picked":"Power Through","floor":25},{"not_picked":["Dark Embrace","Hemokinesis"],"picked":"Havoc+1","floor":27},{"not_picked":["Anger","Clothesline"],"picked":"Iron Wave","floor":30},{"not_picked":["Heavy Blade","Thunderclap"],"picked":"Armaments","floor":31},{"not_picked":["Impervious","Limit Break"],"picked":"Offering","floor":33},{"not_picked":["Whirlwind","Flex"],"picked":"Entrench+1","floor":35},{"not_picked":["Havoc+1","Warcry"],"picked":"Armaments+1","floor":36},{"not_picked":["Anger","Wild Strike+1"],"picked":"Warcry+1","floor":37}],"player_experience":119817,"relics_obtained":[{"floor":7,"key":"Regal Pillow"},{"floor":9,"key":"PreservedInsect"},{"floor":11,"key":"Blood Vial"},{"floor":13,"key":"Vajra"},{"floor":23,"key":"Thread and Needle"},{"floor":26,"key":"Centennial Puzzle"},{"floor":27,"key":"Strawberry"}],"event_choices":[{"damage_healed":0,"gold_gain":75,"player_choice":"Gather Gold","damage_taken":11,"max_hp_gain":0,"max_hp_loss":0,"event_name":"World of Goop","floor":4,"gold_loss":0},{"damage_healed":0,"gold_gain":0,"player_choice":"Bought 0 Potions","damage_taken":0,"max_hp_gain":0,"max_hp_loss":0,"event_name":"The Woman in Blue","floor":6,"gold_loss":0},{"damage_healed":0,"gold_gain":99,"player_choice":"Stole From Cult","damage_taken":0,"max_hp_gain":0,"max_hp_loss":0,"event_name":"Nest","floor":19,"gold_loss":0},{"damage_healed":0,"gold_gain":0,"player_choice":"Became a vampire","damage_taken":0,"max_hp_gain":0,"max_hp_loss":26,"event_name":"Vampires","floor":21,"gold_loss":0,"cards_obtained":["Bite","Bite","Bite","Bite","Bite"]},{"damage_healed":0,"gold_gain":0,"player_choice":"Opened","damage_taken":0,"relics_obtained":["MawBank"],"max_hp_gain":0,"max_hp_loss":0,"event_name":"The Mausoleum","floor":22,"gold_loss":0,"cards_obtained":["Writhe"]},{"cards_removed":["Writhe"],"damage_healed":0,"gold_gain":0,"player_choice":"Elegance","damage_taken":0,"max_hp_gain":0,"max_hp_loss":0,"event_name":"Back to Basics","floor":24,"gold_loss":0},{"damage_healed":0,"gold_gain":0,"player_choice":"Upgraded","damage_taken":0,"max_hp_gain":0,"max_hp_loss":0,"event_name":"Upgrade Shrine","floor":29,"gold_loss":0,"cards_upgraded":["Shrug It Off"]}],"is_beta":false,"boss_relics":[{"not_picked":["Black Blood","Busted Crown"],"picked":"Tiny House"},{"not_picked":["Fusion Hammer","Black Star"],"picked":"Snecko Eye"}],"items_purged_floors":[14],"is_endless":false,"potions_floor_spawned":[1,5,7,13,23,27,36],"killed_by":"Transient","ascension_level":1}