{"gold_per_floor":[369,294,308,0,0,28,28,55,55,55],"floor_reached":10,"playtime":387,"items_purged":["Strike_G","Strike_G"],"score":148,"play_id":"b378808c-37a7-43b7-aa0b-62ea2cd20af4","local_time":"20190219211019","is_ascension_mode":true,"campfire_choices":[{"data":"Noxious Fumes","floor":7,"key":"SMITH"}],"neow_cost":"TEN_PERCENT_HP_LOSS","seed_source_timestamp":46575064137210,"circlet_count":0,"master_deck":["AscendersBane","Defend_G","Defend_G","Defend_G","Defend_G","Defend_G","Strike_G","Strike_G","Strike_G","Survivor","Neutralize","Flechettes","Noxious Fumes+1","Deadly Poison","Grand Finale"],"relics":["Ring of the Snake","Membership Card","The Courier","Dream Catcher","Mummified Hand"],"potions_floor_usage":[8,8],"damage_taken":[{"damage":3,"enemies":"Cultist","floor":1,"turns":5},{"damage":2,"enemies":"Small Slimes","floor":3,"turns":3},{"damage":24,"enemies":"Lagavulin","floor":6,"turns":9},{"damage":29,"enemies":"3 Sentries","floor":8,"turns":7},{"damage":12,"enemies":"Jaw Worm","floor":10,"turns":4}],"seed_played":"-8537955132560771378","potions_obtained":[{"floor":1,"key":"FearPotion"},{"floor":6,"key":"SneckoOil"}],"is_trial":false,"path_per_floor":["M","$","M","$","?","E","R","E","T","M"],"character_chosen":"THE_SILENT","items_purchased":["Membership Card","Deadly Poison"],"campfire_rested":0,"item_purchase_floors":[4,4],"current_hp_per_floor":[56,56,54,54,54,30,30,1,1,0],"gold":55,"neow_bonus":"TWO_FIFTY_GOLD","is_prod":false,"is_daily":false,"chose_seed":false,"campfire_upgraded":1,"win_rate":0,"timestamp":1550581819,"path_taken":["M","?","M","$","?","E","R","E","T","M"],"build_version":"2019-01-23","purchased_purges":2,"victory":false,"max_hp_per_floor":[60,60,60,60,60,60,60,60,60,60],"card_choices":[{"not_picked":["Escape Plan","Accuracy"],"picked":"Flechettes","floor":1},{"not_picked":["Dagger Spray","Bane"],"picked":"Noxious Fumes","floor":3},{"not_picked":["Distraction","Footwork"],"picked":"Grand Finale","floor":6},{"not_picked":["Noxious Fumes","Infinite Blades","Underhanded Strike"],"picked":"SKIP","floor":8}],"player_experience":2971554,"relics_obtained":[{"floor":6,"key":"The Courier"},{"floor":8,"key":"Dream Catcher"},{"floor":9,"key":"Mummified Hand"}],"event_choices":[{"damage_healed":0,"gold_gain":0,"player_choice":"Left Gold","damage_taken":0,"max_hp_gain":0,"max_hp_loss":0,"event_name":"World of Goop","floor":5,"gold_loss":0}],"is_beta":false,"boss_relics":[],"items_purged_floors":[2,4],"is_endless":false,"potions_floor_spawned":[1,6],"killed_by":"Jaw Worm","ascension_level":20}