{"gold_per_floor":[117,135,147,159,159,186,186,212,212,243,243,243,243,573,573,647,647,657,572,584,584,509,509,522,522,522,222,222,305,355,405,405,479,479,499,549,563,215,226,257,271,297,297,330,356,356,459,489,489,489,489],"floor_reached":52,"playtime":2270,"items_purged":["Bane","Dagger Throw","Poisoned Stab"],"score":2444,"play_id":"e59937c1-538b-41fb-b110-1d169f456e01","local_time":"20181118211914","is_ascension_mode":true,"campfire_choices":[{"data":"Noxious Fumes","floor":7.0,"key":"SMITH"},{"data":"Wraith Form v2","floor":12.0,"key":"SMITH"},{"data":"Catalyst","floor":15.0,"key":"SMITH"},{"data":"Burst","floor":23.0,"key":"SMITH"},{"data":"Catalyst","floor":28.0,"key":"SMITH"},{"floor":32,"key":"REST"},{"data":"Catalyst","floor":46,"key":"SMITH"},{"floor":49,"key":"REST"}],"neow_cost":"TEN_PERCENT_HP_LOSS","seed_source_timestamp":1590809588391034,"circlet_count":0,"master_deck":["AscendersBane","Survivor","Neutralize","Adrenaline","Backflip","Noxious Fumes+1","Catalyst+1","Wraith Form v2+1","Catalyst+1","Burst+1","Dagger Throw","Deadly Poison","Dodge and Roll","Backflip","Leg Sweep","Noxious Fumes","Catalyst+1","Wraith Form v2+1","After Image","Tactician+1","Catalyst"],"special_seed":0,"relics":["Ring of the Snake","Pocketwatch","Strawberry","Ornamental Fan","Mercury Hourglass","Juzu Bracelet","Old Coin","Pandora\u0027s Box","Pen Nib","SsserpentHead","DollysMirror","Red Mask","HoveringKite","Medical Kit","PreservedInsect","WingedGreaves","Sundial","The Specimen","Regal Pillow","Ice Cream","Meat on the Bone"],"potions_floor_usage":[],"damage_taken":[{"damage":0.0,"enemies":"2 Louse","floor":1.0,"turns":4.0},{"damage":1.0,"enemies":"Small Slimes","floor":2.0,"turns":4.0},{"damage":0.0,"enemies":"Cultist","floor":3.0,"turns":3.0},{"damage":0.0,"enemies":"Exordium Thugs","floor":4.0,"turns":4.0},{"damage":17.0,"enemies":"3 Sentries","floor":6.0,"turns":15.0},{"damage":26.0,"enemies":"Gremlin Nob","floor":8.0,"turns":4.0},{"damage":10.0,"enemies":"3 Sentries","floor":10.0,"turns":6.0},{"damage":9.0,"enemies":"Gremlin Nob","floor":14.0,"turns":5.0},{"damage":0.0,"enemies":"Hexaghost","floor":16.0,"turns":8.0},{"damage":11.0,"enemies":"3 Byrds","floor":18.0,"turns":4.0},{"damage":8.0,"enemies":"Chosen","floor":20.0,"turns":4.0},{"damage":11.0,"enemies":"Shelled Parasite and Fungi","floor":24.0,"turns":6.0},{"damage":7,"enemies":"Masked Bandits","floor":29,"turns":4},{"damage":10,"enemies":"Automaton","floor":33,"turns":3},{"damage":1,"enemies":"Orb Walker","floor":35,"turns":4},{"damage":15,"enemies":"3 Shapes","floor":37,"turns":4},{"damage":0,"enemies":"3 Darklings","floor":39,"turns":5},{"damage":0,"enemies":"Giant Head","floor":40,"turns":5},{"damage":1,"enemies":"4 Shapes","floor":41,"turns":5},{"damage":4,"enemies":"Nemesis","floor":42,"turns":3},{"damage":0,"enemies":"Giant Head","floor":44,"turns":4},{"damage":3,"enemies":"Reptomancer","floor":45,"turns":3},{"damage":0,"enemies":"2 Orb Walkers","floor":47,"turns":4},{"damage":0,"enemies":"Giant Head","floor":48,"turns":2},{"damage":0,"enemies":"Time Eater","floor":50,"turns":4},{"damage":22,"enemies":"Donu and Deca","floor":51,"turns":6}],"seed_played":"1318073289971431615","potions_obtained":[{"floor":1.0,"key":"Strength Potion"},{"floor":4.0,"key":"Strength Potion"},{"floor":8.0,"key":"SpeedPotion"}],"is_trial":false,"path_per_floor":["M","M","M","M","?","E","R","E","T","E","?","R","?","E","R","B",null,"M","?","M","?","$","R","M","?","T","$","R","?","?","?","R","B",null,"M","?","M","$","M","E","M","E","T","E","E","R","?","E","R","B","B",null],"character_chosen":"THE_SILENT","items_purchased":["Catalyst","DollysMirror","Medical Kit"],"campfire_rested":2,"item_purchase_floors":[27,27,38],"current_hp_per_floor":[59,58,58,58,51,41,41,15,15,5,5,5,10,1,1,1,54,43,43,35,35,35,35,24,24,24,24,24,17,17,17,38,28,61,60,60,45,45,45,45,44,40,40,40,37,37,37,37,72,72,50],"gold":489,"neow_bonus":"ONE_RARE_RELIC","is_prod":false,"is_daily":false,"chose_seed":false,"campfire_upgraded":6,"win_rate":0,"timestamp":1542547154,"path_taken":["M","M","M","M","?","E","R","E","T","E","?","R","?","E","R","BOSS","M","?","M","?","$","R","M","?","T","?","R","?","?","?","R","BOSS","M","?","M","$","M","E","M","E","T","E","E","R","?","E","R","BOSS","BOSS"],"build_version":"2018-11-15","purchased_purges":3,"victory":true,"max_hp_per_floor":[60,60,60,60,60,67,67,67,67,67,67,67,72,72,72,72,72,72,72,72,72,72,72,72,72,72,72,72,72,72,72,72,72,72,72,72,72,72,72,72,72,72,72,72,72,72,72,72,72,72,72],"card_choices":[{"not_picked":["Flying Knee","Deflect"],"picked":"Dagger Throw","floor":1.0},{"not_picked":["Deadly Poison","Accuracy"],"picked":"Dash","floor":2.0},{"not_picked":["Dodge and Roll","Underhanded Strike"],"picked":"Adrenaline","floor":3.0},{"not_picked":["Blur","Cloak And Dagger"],"picked":"Backflip","floor":4.0},{"not_picked":["Underhanded Strike","Bouncing Flask"],"picked":"Noxious Fumes","floor":6.0},{"not_picked":["Bouncing Flask","Choke"],"picked":"Catalyst","floor":8.0},{"not_picked":["Backflip","Doppelganger"],"picked":"Wraith Form v2","floor":10.0},{"not_picked":["Flying Knee","Outmaneuver"],"picked":"Catalyst","floor":14.0},{"not_picked":["Storm of Steel","Night Terror"],"picked":"Burst","floor":16.0},{"not_picked":["Cloak And Dagger+1","Caltrops","Calculated Gamble"],"picked":"SKIP","floor":18.0},{"not_picked":["Bane","All Out Attack","Eviscerate+1"],"picked":"SKIP","floor":20.0},{"not_picked":["Caltrops","Expertise","Blade Dance"],"picked":"SKIP","floor":24.0},{"not_picked":["Die Die Die","Glass Knife"],"picked":"After Image","floor":33},{"not_picked":["Heel Hook+1","Underhanded Strike+1","Quick Slash"],"picked":"SKIP","floor":35},{"not_picked":["Deflect","Quick Slash","Cloak And Dagger"],"picked":"SKIP","floor":37},{"not_picked":["Dodge and Roll","Flechettes","Noxious Fumes"],"picked":"SKIP","floor":39},{"not_picked":["Leg Sweep","Tactician+1","Heel Hook"],"picked":"SKIP","floor":40},{"not_picked":["Leg Sweep","Heel Hook"],"picked":"Tactician+1","floor":40},{"not_picked":["Dagger Throw","Heel Hook+1","Outmaneuver"],"picked":"SKIP","floor":41},{"not_picked":["Bane+1","PiercingWail","Glass Knife"],"picked":"SKIP","floor":42},{"not_picked":["Blade Dance+1","Bouncing Flask+1"],"picked":"Catalyst","floor":44},{"not_picked":["Underhanded Strike","Outmaneuver","Deflect"],"picked":"SKIP","floor":45},{"not_picked":["Cloak And Dagger","Underhanded Strike","Dagger Spray"],"picked":"SKIP","floor":48}],"player_experience":541475,"relics_obtained":[{"floor":6.0,"key":"Strawberry"},{"floor":8.0,"key":"Ornamental Fan"},{"floor":9.0,"key":"Mercury Hourglass"},{"floor":10.0,"key":"Juzu Bracelet"},{"floor":14.0,"key":"Old Coin"},{"floor":29,"key":"Red Mask"},{"floor":40,"key":"PreservedInsect"},{"floor":42,"key":"WingedGreaves"},{"floor":43,"key":"Sundial"},{"floor":44,"key":"The Specimen"},{"floor":45,"key":"Regal Pillow"},{"floor":47,"key":"Ice Cream"},{"floor":48,"key":"Meat on the Bone"}],"event_choices":[{"cards_removed":["Strike_G"],"damage_healed":0.0,"max_hp_gain":0.0,"max_hp_loss":0.0,"gold_gain":0.0,"event_name":"Golden Wing","player_choice":"Card Removal","floor":5.0,"gold_loss":0.0,"damage_taken":7.0},{"damage_healed":0.0,"max_hp_gain":0.0,"max_hp_loss":0.0,"gold_gain":0.0,"event_name":"Liars Game","player_choice":"Ignored","floor":11.0,"gold_loss":0.0,"damage_taken":0.0},{"damage_healed":0.0,"max_hp_gain":5.0,"max_hp_loss":0.0,"gold_gain":0.0,"event_name":"Big Fish","player_choice":"Donut","floor":13.0,"gold_loss":0.0,"damage_taken":0.0},{"damage_healed":0.0,"max_hp_gain":0.0,"max_hp_loss":0.0,"gold_gain":0.0,"event_name":"Addict","player_choice":"Obtained Relic","floor":19.0,"gold_loss":85.0,"damage_taken":0.0,"relics_obtained":["Pen Nib"]},{"cards_removed":["Outmaneuver"],"damage_healed":0.0,"max_hp_gain":0.0,"max_hp_loss":0.0,"gold_gain":0.0,"event_name":"Purifier","player_choice":"Purged","floor":21.0,"gold_loss":0.0,"damage_taken":0.0},{"damage_healed":0.0,"max_hp_gain":0.0,"max_hp_loss":0.0,"gold_gain":0.0,"event_name":"FaceTrader","player_choice":"Trade","floor":25.0,"gold_loss":0.0,"damage_taken":0.0,"relics_obtained":["SsserpentHead"]},{"damage_healed":0,"gold_gain":0,"player_choice":"Fought Bandits","damage_taken":0,"max_hp_gain":0,"max_hp_loss":0,"event_name":"Masked Bandits","floor":29,"gold_loss":0},{"cards_removed":["Dash"],"damage_healed":0,"gold_gain":0,"player_choice":"Elegance","damage_taken":0,"max_hp_gain":0,"max_hp_loss":0,"event_name":"Back to Basics","floor":30,"gold_loss":0},{"damage_healed":0,"gold_gain":0,"player_choice":"0 cards matched","damage_taken":0,"max_hp_gain":0,"max_hp_loss":0,"event_name":"Match and Keep!","floor":31,"gold_loss":0,"cards_obtained":[]},{"damage_healed":0,"gold_gain":0,"player_choice":"Memory 1","damage_taken":0,"max_hp_gain":0,"max_hp_loss":0,"event_name":"SensoryStone","floor":36,"gold_loss":0},{"damage_healed":0,"gold_gain":0,"player_choice":"Fight","damage_taken":0,"max_hp_gain":0,"max_hp_loss":0,"event_name":"Mysterious Sphere","floor":47,"gold_loss":0}],"is_beta":true,"boss_relics":[{"not_picked":["White Beast Statue","Empty Cage"],"picked":"Pandora\u0027s Box"},{"not_picked":["Orrery","Philosopher\u0027s Stone"],"picked":"HoveringKite"}],"items_purged_floors":[22,27,38],"is_endless":false,"potions_floor_spawned":[1,4,8,14,16,18,35,39,41,42,44],"ascension_level":20}