{"gold_per_floor":[369,382,382,401,412,412,425,445,472,487,487,339,353,373,373,471,471,452,452,463,38,38,38,56,56,127,141,154,167,167,180,180,275,275,292,312,152,168,18,18,51,51,51,67,77,77,77,29,29,29],"floor_reached":51,"playtime":1796,"items_purged":["Strike_G","Strike_G","Strike_G+1","Strike_G+1"],"score":1032,"play_id":"f45f4ae9-a607-4e6c-938f-128618b8a770","local_time":"20181009233140","is_ascension_mode":true,"campfire_choices":[{"data":"Deadly Poison","floor":6,"key":"SMITH"},{"data":"Deadly Poison","floor":11,"key":"SMITH"},{"data":"Leg Sweep","floor":15,"key":"SMITH"},{"floor":23,"key":"REST"},{"floor":30,"key":"REST"},{"data":"Catalyst","floor":32,"key":"SMITH"},{"floor":40,"key":"REST"},{"data":"Well Laid Plans","floor":42,"key":"SMITH"},{"data":"Burst","floor":46,"key":"SMITH"},{"floor":49,"key":"REST"}],"neow_cost":"TEN_PERCENT_HP_LOSS","seed_source_timestamp":44982348564643,"circlet_count":0,"master_deck":["Defend_G+1","Defend_G+1","Defend_G+1","Defend_G+1","Defend_G+1","Neutralize","Leg Sweep+1","Deadly Poison+1","Deadly Poison+1","Envenom+1","Malaise","Catalyst+1","Noxious Fumes+1","Well Laid Plans+1","Burst+1","Catalyst+1","Noxious Fumes+1","Catalyst+1","Deadly Poison+1","Dash+1"],"relics":["Ring of the Snake","Pen Nib","Velvet Choker","Snake Skull","Nloth\u0027s Gift","Molten Egg 2","Empty Cage","Strawberry","Boot"],"potions_floor_usage":[7,14,16,18,20,27,27,27,38,50,50,50],"damage_taken":[{"damage":1,"enemies":"2 Louse","floor":1,"turns":4},{"damage":0,"enemies":"Cultist","floor":2,"turns":4},{"damage":0,"enemies":"Small Slimes","floor":4,"turns":4},{"damage":0,"enemies":"2 Fungi Beasts","floor":5,"turns":6},{"damage":0,"enemies":"Lots of Slimes","floor":7,"turns":2},{"damage":10,"enemies":"Gremlin Gang","floor":8,"turns":7},{"damage":6,"enemies":"Large Slime","floor":10,"turns":7},{"damage":0,"enemies":"3 Louse","floor":13,"turns":4},{"damage":0,"enemies":"Blue Slaver","floor":14,"turns":5},{"damage":10,"enemies":"The Guardian","floor":16,"turns":8},{"damage":16,"enemies":"2 Thieves","floor":18,"turns":4},{"damage":0,"enemies":"Chosen","floor":20,"turns":6},{"damage":16,"enemies":"Centurion and Healer","floor":24,"turns":6},{"damage":0,"enemies":"3 Cultists","floor":27,"turns":5},{"damage":1,"enemies":"Snake Plant","floor":28,"turns":4},{"damage":5,"enemies":"Snecko","floor":29,"turns":4},{"damage":0,"enemies":"Centurion and Healer","floor":31,"turns":6},{"damage":34,"enemies":"Automaton","floor":33,"turns":8},{"damage":5,"enemies":"3 Shapes","floor":35,"turns":5},{"damage":14,"enemies":"3 Darklings","floor":36,"turns":5},{"damage":0,"enemies":"Reptomancer","floor":38,"turns":2},{"damage":0,"enemies":"Giant Head","floor":41,"turns":3},{"damage":6,"enemies":"Sphere and 2 Shapes","floor":44,"turns":5},{"damage":10,"enemies":"4 Shapes","floor":45,"turns":7},{"damage":36,"enemies":"Donu and Deca","floor":50,"turns":7}],"seed_played":"-1228361920410888364","potions_obtained":[{"floor":1,"key":"Explosive Potion"},{"floor":7,"key":"Weak Potion"},{"floor":8,"key":"SkillPotion"},{"floor":13,"key":"SkillPotion"},{"floor":16,"key":"Swift Potion"},{"floor":20,"key":"Explosive Potion"},{"floor":28,"key":"PowerPotion"},{"floor":29,"key":"SteroidPotion"},{"floor":33,"key":"Block Potion"},{"floor":38,"key":"Strength Potion"}],"is_trial":false,"path_per_floor":["M","M","?","M","M","R","M","M","T","M","R","$","M","M","R","B",null,"M","?","M","$","?","R","M","?","T","M","M","M","R","M","R","B",null,"M","M","$","M","$","R","E","R","T","M","M","R","?","$","R","B"],"character_chosen":"THE_SILENT","items_purchased":["Regen Potion","Noxious Fumes+1","Snake Skull","AttackPotion","AttackPotion","Noxious Fumes","PowerPotion"],"campfire_rested":4,"item_purchase_floors":[12,21,21,21,21,37,48],"current_hp_per_floor":[62,62,37,37,37,37,37,27,27,21,21,21,21,36,36,26,54,38,27,27,27,27,47,31,31,31,31,30,25,45,45,45,11,54,49,35,35,35,35,55,62,62,62,56,46,46,46,46,68,32],"gold":29,"neow_bonus":"TWO_FIFTY_GOLD","is_prod":false,"is_daily":false,"chose_seed":false,"campfire_upgraded":6,"win_rate":1,"timestamp":1539099100,"path_taken":["M","M","?","M","M","R","M","M","T","?","R","$","?","M","R","BOSS","M","?","M","$","?","R","M","?","T","M","M","M","R","?","R","BOSS","M","M","$","M","$","R","E","R","T","M","M","R","?","$","R","BOSS"],"build_version":"2018-10-04v2","purchased_purges":4,"victory":true,"max_hp_per_floor":[63,63,63,63,63,63,63,63,63,63,63,63,63,63,63,63,63,63,68,68,68,68,68,68,68,68,68,68,68,68,68,68,68,68,68,68,68,68,68,68,75,75,75,75,75,75,75,75,75,75],"card_choices":[{"not_picked":["Concentrate","Prepared"],"picked":"Leg Sweep","floor":1},{"not_picked":["Sucker Punch","Slice","Deflect"],"picked":"SKIP","floor":2},{"not_picked":["Tactician","Prepared"],"picked":"Deadly Poison","floor":4},{"not_picked":["Dagger Throw","Infinite Blades+1","Setup"],"picked":"SKIP","floor":5},{"not_picked":["Underhanded Strike","Terror","Bane"],"picked":"SKIP","floor":7},{"not_picked":["Backflip","Accuracy+1"],"picked":"Deadly Poison","floor":8},{"not_picked":["Backstab","Masterful Stab","Blade Dance"],"picked":"SKIP","floor":10},{"not_picked":["Dagger Throw","Outmaneuver"],"picked":"Envenom+1","floor":13},{"not_picked":["Predator","Outmaneuver","Riddle With Holes"],"picked":"SKIP","floor":14},{"not_picked":["Burst","Doppelganger"],"picked":"Malaise","floor":16},{"not_picked":["Caltrops+1","Calculated Gamble","Choke+1"],"picked":"SKIP","floor":18},{"not_picked":["Acrobatics","Dagger Throw"],"picked":"Catalyst","floor":20},{"not_picked":["Accuracy","Sucker Punch"],"picked":"Well Laid Plans","floor":24},{"not_picked":["Underhanded Strike+1","Prepared","Outmaneuver"],"picked":"SKIP","floor":27},{"not_picked":["Deflect","Cloak And Dagger"],"picked":"Burst","floor":28},{"not_picked":["Bane+1","Poisoned Stab+1","Flying Knee+1"],"picked":"SKIP","floor":29},{"not_picked":["Poisoned Stab+1","Dagger Throw+1","Expertise"],"picked":"SKIP","floor":31},{"not_picked":["Cloak And Dagger+1","Infinite Blades+1","Flying Knee+1"],"picked":"SKIP","floor":35},{"not_picked":["Blade Dance","PiercingWail+1"],"picked":"Catalyst+1","floor":36},{"not_picked":["Dagger Spray+1","Cloak And Dagger+1","Accuracy+1"],"picked":"SKIP","floor":38},{"not_picked":["Die Die Die+1","Underhanded Strike+1"],"picked":"Catalyst+1","floor":41},{"not_picked":["Outmaneuver+1","PiercingWail+1"],"picked":"Deadly Poison+1","floor":44},{"not_picked":["Distraction","Slice+1"],"picked":"Dash+1","floor":45}],"player_experience":66412,"relics_obtained":[{"floor":9,"key":"Pen Nib"},{"floor":26,"key":"Molten Egg 2"},{"floor":41,"key":"Strawberry"},{"floor":43,"key":"Boot"}],"event_choices":[{"event_name":"Scrap Ooze","player_choice":"success","floor":3,"damage_taken":25},{"event_name":"Forgotten Altar","player_choice":"Shed Blood","floor":19,"damage_taken":0},{"event_name":"N\u0027loth","player_choice":"Traded a Frozen Egg 2","floor":22,"damage_taken":0},{"event_name":"Back to Basics","player_choice":"Simplicity","floor":25,"damage_taken":0},{"event_name":"Upgrade Shrine","player_choice":"Upgraded","floor":47,"damage_taken":0}],"is_beta":false,"boss_relics":[{"not_picked":["Busted Crown","Orrery"],"picked":"Velvet Choker"},{"not_picked":["Tiny House","Fusion Hammer"],"picked":"Empty Cage"}],"items_purged_floors":[12,21,37,39],"is_endless":false,"potions_floor_spawned":[1,7,8,13,16,20,28,29,33,38,41],"ascension_level":9}