{"gold_per_floor":[111,130,1,1,1,29,29,58,140,154,166,166,83,103,103,181,181,191,91,103,18,36,36,36,36,36,71,85,85,85],"floor_reached":30,"playtime":892,"items_purged":["Strike_G","Blade Dance"],"score":566,"play_id":"45b1c4ef-c9fe-49a7-92c2-ee73ae72cf53","local_time":"20181120112651","is_ascension_mode":true,"campfire_choices":[{"data":"Bouncing Flask","floor":7,"key":"SMITH"},{"data":"Flechettes","floor":15,"key":"SMITH"},{"data":"Acrobatics","floor":23,"key":"SMITH"},{"data":"Reflex","floor":25,"key":"SMITH"},{"data":"Catalyst","floor":29,"key":"SMITH"}],"neow_cost":"NONE","seed_source_timestamp":5340039689286,"circlet_count":0,"master_deck":["AscendersBane","Survivor","Neutralize","Flechettes+1","Acrobatics+1","Backflip","Bouncing Flask+1","Deadly Poison","Well Laid Plans+1","Footwork+1","Prepared","Riddle With Holes","Flying Knee","Blade Dance","Prepared","Bane","Poisoned Stab","Outmaneuver","Catalyst+1","Reflex+1","Reflex"],"relics":["Ring of the Snake","NeowsBlessing","Bag of Preparation","Frozen Egg 2","Pantograph","Pandora\u0027s Box","PreservedInsect","Gremlin Horn","Orichalcum"],"potions_floor_usage":[8,8,16,27,28],"damage_taken":[{"damage":0,"enemies":"Jaw Worm","floor":1,"turns":1},{"damage":0,"enemies":"Cultist","floor":2,"turns":1},{"damage":0,"enemies":"3 Sentries","floor":6,"turns":1},{"damage":32,"enemies":"Gremlin Nob","floor":8,"turns":4},{"damage":0,"enemies":"2 Louse","floor":10,"turns":2},{"damage":0,"enemies":"Blue Slaver","floor":11,"turns":3},{"damage":20,"enemies":"Lots of Slimes","floor":14,"turns":4},{"damage":18,"enemies":"Hexaghost","floor":16,"turns":8},{"damage":3,"enemies":"Spheric Guardian","floor":18,"turns":3},{"damage":1,"enemies":"3 Byrds","floor":20,"turns":5},{"damage":33,"enemies":"Shelled Parasite and Fungi","floor":22,"turns":5},{"damage":13,"enemies":"Gremlin Leader","floor":27,"turns":3},{"damage":2,"enemies":"Centurion and Healer","floor":28,"turns":5},{"damage":7,"enemies":"Snecko","floor":30,"turns":2}],"seed_played":"-5707627316513442336","potions_obtained":[{"floor":2,"key":"Energy Potion"},{"floor":6,"key":"PowerPotion"},{"floor":14,"key":"AttackPotion"},{"floor":22,"key":"Strength Potion"},{"floor":27,"key":"SkillPotion"}],"is_trial":false,"path_per_floor":["M","M","$","?","$","E","R","E","T","M","M","?","$","M","R","B",null,"M","$","M","?","M","R","?","R","T","E","M","R","M"],"character_chosen":"THE_SILENT","items_purchased":["Backflip","Footwork+1"],"campfire_rested":0,"item_purchase_floors":[3,13],"current_hp_per_floor":[59,59,59,59,59,59,59,27,27,27,27,27,27,7,7,14,53,50,50,49,49,16,16,16,16,16,3,1,1,0],"gold":85,"neow_bonus":"THREE_ENEMY_KILL","is_prod":false,"is_daily":false,"chose_seed":false,"campfire_upgraded":5,"win_rate":0,"timestamp":1542684411,"path_taken":["M","M","$","?","?","E","R","E","T","M","M","?","?","M","R","BOSS","M","$","?","?","M","R","?","R","T","E","M","R","M"],"build_version":"2018-11-15","purchased_purges":2,"victory":false,"max_hp_per_floor":[66,66,66,66,66,66,66,66,66,66,66,66,66,66,66,66,66,66,66,66,66,66,66,66,66,66,66,66,66,66],"card_choices":[{"not_picked":["Dagger Spray","Dodge and Roll"],"picked":"Flechettes","floor":1},{"not_picked":["Infinite Blades","Underhanded Strike"],"picked":"Acrobatics","floor":2},{"not_picked":["Underhanded Strike","Eviscerate","Bouncing Flask"],"picked":"SKIP","floor":6},{"not_picked":["Underhanded Strike","Eviscerate"],"picked":"Bouncing Flask","floor":6},{"not_picked":["PiercingWail","All Out Attack"],"picked":"Deadly Poison","floor":8},{"not_picked":["Acrobatics","Prepared"],"picked":"Well Laid Plans+1","floor":10},{"not_picked":["Backflip","Expertise","PiercingWail"],"picked":"SKIP","floor":11},{"not_picked":["Skewer","Bane"],"picked":"Prepared","floor":14},{"not_picked":["Leg Sweep","Backstab"],"picked":"Catalyst","floor":18},{"not_picked":["Slice","Dagger Throw"],"picked":"Reflex","floor":20},{"not_picked":["Dagger Spray","Venomology","Slice"],"picked":"SKIP","floor":22},{"not_picked":["Leg Sweep","Distraction"],"picked":"Reflex","floor":27},{"not_picked":["Well Laid Plans+1","Quick Slash","Dagger Spray"],"picked":"SKIP","floor":28}],"player_experience":1114726,"relics_obtained":[{"floor":6,"key":"Bag of Preparation"},{"floor":8,"key":"Frozen Egg 2"},{"floor":9,"key":"Pantograph"},{"floor":26,"key":"Gremlin Horn"},{"floor":27,"key":"Orichalcum"}],"event_choices":[{"cards_removed":["Strike_G"],"damage_healed":0,"gold_gain":0,"player_choice":"Purged","damage_taken":0,"max_hp_gain":0,"max_hp_loss":0,"event_name":"Purifier","floor":4,"gold_loss":0},{"damage_healed":0,"gold_gain":0,"player_choice":"Ignored","damage_taken":0,"max_hp_gain":0,"max_hp_loss":0,"event_name":"Liars Game","floor":12,"gold_loss":0},{"damage_healed":0,"gold_gain":0,"player_choice":"Obtained Relic","damage_taken":0,"relics_obtained":["PreservedInsect"],"max_hp_gain":0,"max_hp_loss":0,"event_name":"Addict","floor":21,"gold_loss":85},{"damage_healed":0,"gold_gain":0,"player_choice":"Ignored","damage_taken":0,"max_hp_gain":0,"max_hp_loss":0,"event_name":"Beggar","floor":24,"gold_loss":0}],"is_beta":true,"boss_relics":[{"not_picked":["WristBlade","Ring of the Serpent"],"picked":"Pandora\u0027s Box"}],"items_purged_floors":[3,19],"is_endless":false,"potions_floor_spawned":[2,6,14,22,27],"killed_by":"Snecko","ascension_level":20}