{"path_per_floor":["M","?","?","?","M","E","$","R","T","R","M","?","M","M","R","B",null,"M","$","M","?","$","E","M","E","T","$","?","R","$","M","R","B",null,"M","$","?","M","?","E","R","$","T","M","E","T","R","M","R","B"],"character_chosen":"DEFECT","items_purchased":["Bird Faced Urn","Dead Branch","Mummified Hand"],"gold_per_floor":[114,289,364,364,383,421,121,121,121,121,140,140,159,178,178,303,303,322,82,101,26,26,64,83,121,121,121,121,121,121,140,140,265,265,284,84,84,103,103,141,141,141,141,160,198,198,198,217,217,217],"floor_reached":51,"campfire_rested":0,"playtime":2220,"item_purchase_floors":[7,19,36],"current_hp_per_floor":[73,72,61,61,61,61,61,61,61,61,63,62,61,60,59,58,57,56,55,54,53,52,51,34,49,48,47,46,45,44,43,42,41,40,39,38,28,36,35,34,33,32,31,30,29,38,37,29,29,34],"items_purged":[],"gold":217,"score":1216,"play_id":"a7580dd8-7425-451e-9401-06b559c8958c","local_time":"20180531120700","daily_mods":["Insanity","Time Dilation","Terminal"],"is_prod":false,"is_daily":true,"chose_seed":false,"is_ascension_mode":false,"campfire_upgraded":5,"win_rate":0,"timestamp":1527739620,"campfire_choices":[{"data":"Seek","floor":8,"key":"SMITH"},{"data":"Chill","floor":10,"key":"SMITH"},{"data":"Echo Form","floor":15,"key":"SMITH"},{"data":"1","floor":29,"key":"LIFT"},{"data":"2","floor":32,"key":"LIFT"},{"data":"Mind Blast","floor":41,"key":"SMITH"},{"data":"3","floor":47,"key":"LIFT"},{"data":"Amplify","floor":49,"key":"SMITH"}],"path_taken":["M","?","?","?","M","E","$","R","T","R","?","?","M","M","R","BOSS","M","$","M","?","$","E","M","E","T","?","?","R","?","M","R","BOSS","M","$","?","M","?","E","R","$","T","?","E","?","R","?","R","BOSS"],"build_version":"2018-05-30","seed_source_timestamp":0,"purchased_purges":0,"victory":true,"master_deck":["Self Repair","Undo","Aggregate","Electrodynamics","Defend_B","Core Surge","Auto Shields","Skim","Recycle","Cold Snap","Echo Form+1","Seek+1","Ball Lightning","Biased Cognition","Rainbow","Biased Cognition","Chill+1","Sweeping Beam","Coolheaded","Fusion","Cold Snap","Aggregate","White Noise","Fusion","Aggregate","Steam Power","Scrape","Compile Driver","Cold Snap","Hyperbeam","Heatsinks","Sweeping Beam","Glacier","Barrage","Rebound","Skim","Steam Power","Go for the Eyes","Static Discharge","Cold Snap","Heatsinks","Conserve Battery","Hyperbeam","Hyperbeam","Compile Driver","Chill","Skim","Creative AI","Multi-Cast","Loop","Doubt","Injury","Heatsinks","BootSequence","Hologram","Redo","Beam Cell","Echo Form","Regret","Clumsy","Doubt","Heatsinks+1","Turbo","Aggregate","Amplify+1","Echo Form","Tempest+1","Loop+1","Turbo","Rebound+1","Beam Cell+1","Hologram+1","Mind Blast+1","Panache","Transmutation","Go for the Eyes+1","Storm+1","Hologram","Scrape+1","Recycle+1"],"max_hp_per_floor":[73,72,71,70,69,68,67,66,65,64,63,62,61,60,59,58,57,56,55,54,53,52,51,50,49,48,47,46,45,44,43,42,41,40,39,38,37,36,35,34,33,32,31,30,29,38,37,36,35,34],"relics":["Cracked Core","Golden Idol","Centennial Puzzle","Bird Faced Urn","Kunai","Anchor","Calling Bell","Dream Catcher","The Courier","Emotion Chip","Dead Branch","Girya","Peace Pipe","Du-Vu Doll","Orrery","Mummified Hand","Frozen Egg 2","Bottled Flame","Ginger","Pear"],"card_choices":[{"not_picked":["Steam","Beam Cell"],"picked":"Loop","floor":1},{"not_picked":["Compile Driver","Turbo"],"picked":"Heatsinks","floor":5},{"not_picked":["Static Discharge","Glacier"],"picked":"BootSequence","floor":6},{"not_picked":["Undo","Turbo"],"picked":"Hologram","floor":11},{"not_picked":["Self Repair","Gash"],"picked":"Redo","floor":13},{"not_picked":["Beam Cell","Streamline","Barrage"],"picked":"SKIP","floor":14},{"not_picked":["Streamline","Barrage"],"picked":"Beam Cell","floor":14},{"not_picked":["Creative AI","Multi-Cast"],"picked":"Echo Form","floor":16},{"not_picked":["Rebound+1","Beam Cell"],"picked":"Heatsinks+1","floor":18},{"not_picked":["Chill","Leap"],"picked":"Turbo","floor":20},{"not_picked":["Cold Snap","Compile Driver","Doom and Gloom"],"picked":"SKIP","floor":23},{"not_picked":["Compile Driver","Stack+1","Steam"],"picked":"SKIP","floor":24},{"not_picked":["Stack","Beam Cell"],"picked":"Aggregate","floor":25},{"not_picked":["Sweeping Beam","Self Repair"],"picked":"Amplify","floor":31},{"not_picked":["Meteor Strike","Buffer"],"picked":"Echo Form","floor":33},{"not_picked":["Steam Power","Sweeping Beam+1"],"picked":"Tempest+1","floor":34},{"not_picked":["Hologram","Genetic Algorithm"],"picked":"Loop+1","floor":34},{"not_picked":["Streamline","Rebound"],"picked":"Turbo","floor":34},{"not_picked":["Coolheaded","Gash"],"picked":"Rebound+1","floor":34},{"not_picked":["Sweeping Beam","Redo+1"],"picked":"Beam Cell+1","floor":34},{"not_picked":["Hello World","Doom and Gloom"],"picked":"Hologram+1","floor":35},{"not_picked":["Madness","Purity"],"picked":"Mind Blast","floor":37},{"not_picked":["Secret Weapon","Swift Strike"],"picked":"Panache","floor":37},{"not_picked":["Sadistic Nature","Finesse"],"picked":"Transmutation","floor":37},{"not_picked":["Glacier","Compile Driver"],"picked":"Go for the Eyes+1","floor":38},{"not_picked":["Undo","Chill+1"],"picked":"Storm","floor":40},{"not_picked":["White Noise","Force Field"],"picked":"Hologram","floor":44},{"not_picked":["Go for the Eyes","Gash"],"picked":"Scrape+1","floor":45},{"not_picked":["Gash+1","Tempest"],"picked":"Recycle+1","floor":48}],"player_experience":515206,"potions_floor_usage":[16,50],"damage_taken":[{"damage":0,"enemies":"2 Louse","floor":1,"turns":2},{"damage":0,"enemies":"Small Slimes","floor":5,"turns":1},{"damage":0,"enemies":"Lagavulin","floor":6,"turns":2},{"damage":0,"enemies":"Jaw Worm","floor":11,"turns":3},{"damage":0,"enemies":"2 Fungi Beasts","floor":13,"turns":3},{"damage":0,"enemies":"Large Slime","floor":14,"turns":2},{"damage":4,"enemies":"Hexaghost","floor":16,"turns":5},{"damage":2,"enemies":"2 Thieves","floor":18,"turns":3},{"damage":3,"enemies":"Spheric Guardian","floor":20,"turns":4},{"damage":0,"enemies":"Gremlin Leader","floor":23,"turns":3},{"damage":27,"enemies":"Centurion and Healer","floor":24,"turns":5},{"damage":6,"enemies":"Book of Stabbing","floor":25,"turns":4},{"damage":0,"enemies":"Snake Plant","floor":31,"turns":1},{"damage":0,"enemies":"Collector","floor":33,"turns":3},{"damage":0,"enemies":"3 Darklings","floor":35,"turns":3},{"damage":0,"enemies":"3 Shapes","floor":38,"turns":2},{"damage":0,"enemies":"Nemesis","floor":40,"turns":1},{"damage":0,"enemies":"Flame Bruiser 2 Orb","floor":44,"turns":1},{"damage":0,"enemies":"Giant Head","floor":45,"turns":3},{"damage":8,"enemies":"Maw","floor":48,"turns":3},{"damage":0,"enemies":"Awakened One","floor":50,"turns":3}],"relics_obtained":[{"floor":6,"key":"Centennial Puzzle"},{"floor":9,"key":"Kunai"},{"floor":17,"key":"Dream Catcher"},{"floor":17,"key":"The Courier"},{"floor":17,"key":"Emotion Chip"},{"floor":23,"key":"Girya"},{"floor":25,"key":"Peace Pipe"},{"floor":26,"key":"Du-Vu Doll"},{"floor":40,"key":"Frozen Egg 2"},{"floor":43,"key":"Bottled Flame"},{"floor":45,"key":"Ginger"},{"floor":46,"key":"Pear"}],"event_choices":[{"event_name":"Liars Game","player_choice":"agreed","floor":2,"damage_taken":0},{"event_name":"World of Goop","player_choice":"Gather Gold","floor":3,"damage_taken":0},{"event_name":"Golden Idol","player_choice":"Take Wound","floor":4,"damage_taken":0},{"event_name":"Big Fish","player_choice":"Box","floor":12,"damage_taken":0},{"event_name":"Beggar","player_choice":"Gave Gold","floor":21,"damage_taken":0},{"event_name":"Back to Basics","player_choice":"Elegance","floor":28,"damage_taken":0},{"event_name":"SensoryStone","player_choice":"Memory 3","floor":37,"damage_taken":0},{"event_name":"The Woman in Blue","player_choice":"Bought 0 Potions","floor":39,"damage_taken":0}],"boss_relics":[{"not_picked":["Runic Dome","Ectoplasm"],"picked":"Calling Bell"},{"not_picked":["Nuclear Battery","Lizard Tail"],"picked":"Orrery"}],"items_purged_floors":[],"potions_floor_spawned":[1,13,14,16,20,24,25,38,45,48],"seed_played":"-8525478308114596577","ascension_level":0,"potions_obtained":[{"floor":1,"key":"EssenceOfSteel"},{"floor":13,"key":"Energy Potion"},{"floor":14,"key":"FocusPotion"},{"floor":16,"key":"SpeedPotion"},{"floor":20,"key":"GamblersBrew"},{"floor":25,"key":"PowerPotion"},{"floor":38,"key":"EssenceOfSteel"}],"is_trial":false}