{"gold_per_floor":[110,125,125,75,85,85,85,85,85,4,15,33,44,64,64,162,162,176,187,86,86,286,286,119,136,136,136,150,161,161,261,261,366,366,386,261,261,111,121,121,131,131,131,183,197,22,34,45,45,45],"floor_reached":51,"playtime":1684,"items_purged":["Strike_G","Strike_G","Defend_G","Defend_G","Poisoned Stab+1"],"score":691,"play_id":"35ff8717-18c2-4a95-9e91-9e0d31544617","local_time":"20181124101934","is_ascension_mode":false,"campfire_choices":[{"data":"Neutralize","floor":6.0,"key":"SMITH"},{"data":"Survivor","floor":8.0,"key":"SMITH"},{"data":"Poisoned Stab","floor":15.0,"key":"SMITH"},{"data":"Deadly Poison","floor":23,"key":"SMITH"},{"data":"Corpse Explosion","floor":27,"key":"SMITH"},{"data":"Footwork","floor":30,"key":"SMITH"},{"data":"Ghostly","floor":32,"key":"SMITH"},{"data":"Night Terror","floor":40,"key":"SMITH"},{"data":"Acrobatics","floor":49,"key":"SMITH"}],"neow_cost":"NONE","seed_source_timestamp":2057241445257,"circlet_count":0,"master_deck":["Survivor+1","Neutralize+1","Leg Sweep+1","Footwork+1","Cloak And Dagger+1","PiercingWail+1","Corpse Explosion+1","Poisoned Stab+1","Deadly Poison+1","Ghostly+1","Ghostly+1","Ghostly+1","Ghostly+1","Ghostly+1","Grand Finale+1","Backflip+1","Venomology+1","Expertise+1","Night Terror+1","Deadly Poison+1","Tactician+1","Dash+1","Well Laid Plans+1","Dodge and Roll+1","Catalyst+1","Acrobatics+1","Backflip","Expertise+1"],"special_seed":0,"relics":["Ring of the Snake","Mercury Hourglass","Coffee Dripper","Question Card","Ginger","Sundial","Astrolabe","Mark of the Bloom","Happy Flower","Tough Bandages"],"potions_floor_usage":[29,31,33,33,33,33,39,41,44,45,47,48,50,50,50,50],"damage_taken":[{"damage":0.0,"enemies":"2 Louse","floor":1.0,"turns":3.0},{"damage":0.0,"enemies":"Small Slimes","floor":2.0,"turns":8.0},{"damage":0.0,"enemies":"Cultist","floor":5.0,"turns":5.0},{"damage":10.0,"enemies":"2 Fungi Beasts","floor":11.0,"turns":4.0},{"damage":1.0,"enemies":"Red Slaver","floor":12.0,"turns":5.0},{"damage":0.0,"enemies":"Exordium Wildlife","floor":13.0,"turns":6.0},{"damage":0.0,"enemies":"Blue Slaver","floor":14.0,"turns":4.0},{"damage":17.0,"enemies":"Hexaghost","floor":16.0,"turns":13.0},{"damage":0.0,"enemies":"3 Byrds","floor":18.0,"turns":4.0},{"damage":0.0,"enemies":"Spheric Guardian","floor":19.0,"turns":4.0},{"damage":0,"enemies":"Shelled Parasite and Fungi","floor":25,"turns":4},{"damage":0,"enemies":"Centurion and Healer","floor":28,"turns":5},{"damage":0,"enemies":"Snake Plant","floor":29,"turns":4},{"damage":0,"enemies":"Colosseum Slavers","floor":31,"turns":3},{"damage":0,"enemies":"Colosseum Nobs","floor":31,"turns":4},{"damage":33,"enemies":"Champ","floor":33,"turns":15},{"damage":0,"enemies":"3 Darklings","floor":35,"turns":4},{"damage":1,"enemies":"3 Shapes","floor":39,"turns":3},{"damage":0,"enemies":"3 Darklings","floor":41,"turns":4},{"damage":0,"enemies":"2 Orb Walkers","floor":44,"turns":4},{"damage":0,"enemies":"Sphere and 2 Shapes","floor":45,"turns":3},{"damage":0,"enemies":"Spire Growth","floor":47,"turns":5},{"damage":0,"enemies":"Transient","floor":48,"turns":5},{"damage":6,"enemies":"Awakened One","floor":50,"turns":7}],"seed_played":"-5188297304572356063","potions_obtained":[{"floor":2.0,"key":"Block Potion"},{"floor":13.0,"key":"Regen Potion"},{"floor":19.0,"key":"AttackPotion"},{"floor":33,"key":"Energy Potion"},{"floor":35,"key":"Regen Potion"},{"floor":39,"key":"FearPotion"}],"is_trial":false,"path_per_floor":["M","M","?","?","M","R","?","R","T","$","M","M","M","M","R","B",null,"M","M","$","?","?","R","$","M","T","R","M","M","R","?","R","B",null,"M","$","?","$","M","R","M","?","T","?","M","$","M","M","R","B",null],"character_chosen":"THE_SILENT","items_purchased":["Footwork","Deadly Poison","Grand Finale"],"campfire_rested":0,"item_purchase_floors":[10,20,24],"current_hp_per_floor":[70,70,63,63,63,63,63,63,63,63,53,52,52,52,52,35,70,70,70,70,35,35,35,35,35,35,35,35,35,35,35,35,2,35,35,35,35,35,35,35,35,35,35,35,35,35,35,35,35,29],"gold":45,"neow_bonus":"REMOVE_CARD","is_prod":false,"is_daily":false,"chose_seed":false,"campfire_upgraded":9,"win_rate":0,"timestamp":1543025974,"path_taken":["M","M","?","?","M","R","?","R","T","$","M","M","M","M","R","BOSS","M","M","$","?","?","R","$","M","T","R","M","?","R","?","R","BOSS","M","$","?","$","M","R","?","?","T","?","M","$","M","M","R","BOSS"],"build_version":"2018-11-15","purchased_purges":5,"victory":true,"max_hp_per_floor":[70,70,70,70,70,70,70,70,70,70,70,70,70,70,70,70,70,70,70,70,35,35,35,35,35,35,35,35,35,35,35,35,35,35,35,35,35,35,35,35,35,35,35,35,35,35,35,35,35,35],"card_choices":[{"not_picked":["Prepared","Reflex","Quick Slash"],"picked":"SKIP","floor":1.0},{"not_picked":["Blur","PiercingWail"],"picked":"Leg Sweep","floor":2.0},{"not_picked":["Calculated Gamble","Slice","Underhanded Strike"],"picked":"SKIP","floor":5.0},{"not_picked":["Backflip","Sucker Punch"],"picked":"Cloak And Dagger","floor":11.0},{"not_picked":["Bane","Blade Dance"],"picked":"PiercingWail","floor":12.0},{"not_picked":["PiercingWail","Slice"],"picked":"Sucker Punch","floor":13.0},{"not_picked":["Eviscerate","Sucker Punch"],"picked":"Poisoned Stab","floor":14.0},{"not_picked":["Storm of Steel","Envenom"],"picked":"Corpse Explosion","floor":16.0},{"not_picked":["Cloak And Dagger+1","Sucker Punch"],"picked":"Poisoned Stab+1","floor":18.0},{"not_picked":["Quick Slash","Blade Dance+1","All Out Attack"],"picked":"SKIP","floor":19.0},{"not_picked":["Blur","Blade Dance+1"],"picked":"Backflip+1","floor":25},{"not_picked":["Dash+1","Dodge and Roll+1","Dagger Spray"],"picked":"Venomology","floor":28},{"not_picked":["Infinite Blades","Setup","Dagger Spray","Poisoned Stab"],"picked":"SKIP","floor":29},{"not_picked":["Concentrate+1","Skewer+1","Infinite Blades"],"picked":"Expertise","floor":31},{"not_picked":["Doppelganger","Glass Knife","Die Die Die"],"picked":"Night Terror","floor":33},{"not_picked":["Quick Slash+1","Dagger Throw","Dodge and Roll"],"picked":"Well Laid Plans+1","floor":35},{"not_picked":["Poisoned Stab+1","Dagger Spray","Bouncing Flask"],"picked":"Dodge and Roll+1","floor":39},{"not_picked":["Accuracy+1","Underhanded Strike+1","Masterful Stab"],"picked":"Catalyst+1","floor":41},{"not_picked":["Prepared+1","Reflex+1","Deflect+1"],"picked":"Acrobatics","floor":44},{"not_picked":["Envenom","Prepared+1","Deflect+1","Caltrops+1"],"picked":"SKIP","floor":45},{"not_picked":["Sucker Punch","Bane+1","Poisoned Stab+1"],"picked":"Backflip","floor":47},{"not_picked":["Caltrops+1","Flying Knee","Crippling Poison+1"],"picked":"Expertise+1","floor":48}],"player_experience":1131933,"relics_obtained":[{"floor":9.0,"key":"Mercury Hourglass"},{"floor":26,"key":"Question Card"},{"floor":31,"key":"Ginger"},{"floor":31,"key":"Sundial"},{"floor":43,"key":"Happy Flower"},{"floor":44,"key":"Tough Bandages"}],"event_choices":[{"cards_removed":["Defend_G"],"damage_healed":0.0,"max_hp_gain":0.0,"max_hp_loss":0.0,"gold_gain":0.0,"event_name":"Golden Wing","player_choice":"Card Removal","floor":3.0,"gold_loss":0.0,"damage_taken":7.0},{"cards_removed":["Defend_G"],"damage_healed":0.0,"max_hp_gain":0.0,"max_hp_loss":0.0,"gold_gain":0.0,"event_name":"The Cleric","player_choice":"Card Removal","floor":4.0,"gold_loss":50.0,"damage_taken":0.0},{"damage_healed":0.0,"max_hp_gain":0.0,"max_hp_loss":0.0,"gold_gain":0.0,"event_name":"Upgrade Shrine","player_choice":"Upgraded","floor":7.0,"gold_loss":0.0,"damage_taken":0.0,"cards_upgraded":["Leg Sweep"]},{"damage_healed":0.0,"max_hp_gain":0.0,"max_hp_loss":35.0,"gold_gain":0.0,"event_name":"Ghosts","player_choice":"Became a Ghost","floor":21.0,"gold_loss":0.0,"damage_taken":0.0,"cards_obtained":["Ghostly","Ghostly","Ghostly","Ghostly","Ghostly"]},{"damage_healed":0,"gold_gain":250,"player_choice":"Bet on Owner","damage_taken":0,"max_hp_gain":0,"max_hp_loss":0,"event_name":"The Joust","floor":22,"gold_loss":50},{"damage_healed":0,"gold_gain":0,"player_choice":"Fight","damage_taken":0,"max_hp_gain":0,"max_hp_loss":0,"event_name":"Colosseum","floor":31,"gold_loss":0},{"damage_healed":0,"gold_gain":0,"player_choice":"Fought Nobs","damage_taken":0,"max_hp_gain":0,"max_hp_loss":0,"event_name":"Colosseum","floor":31,"gold_loss":0},{"cards_removed":["Defend_G"],"damage_healed":0,"gold_gain":0,"player_choice":"Purged","damage_taken":0,"max_hp_gain":0,"max_hp_loss":0,"event_name":"Purifier","floor":37,"gold_loss":0},{"damage_healed":0,"gold_gain":0,"player_choice":"Upgrade","damage_taken":0,"relics_obtained":["Mark of the Bloom"],"max_hp_gain":0,"max_hp_loss":0,"event_name":"MindBloom","floor":42,"gold_loss":0,"cards_upgraded":["Cloak And Dagger","PiercingWail","Ghostly","Ghostly","Ghostly","Ghostly","Grand Finale","Venomology","Expertise"]},{"damage_healed":0,"gold_gain":0,"player_choice":"Fight","damage_taken":0,"max_hp_gain":0,"max_hp_loss":0,"event_name":"Mysterious Sphere","floor":44,"gold_loss":0}],"is_beta":false,"boss_relics":[{"not_picked":["Cursed Key","White Beast Statue"],"picked":"Coffee Dripper"},{"not_picked":["Pandora\u0027s Box","Busted Crown"],"picked":"Astrolabe"}],"items_purged_floors":[20,24,36,38,46],"is_endless":false,"potions_floor_spawned":[2,13,19,25,31,33,35,39,44],"ascension_level":0}