{"gold_per_floor":[110,26,26,40,3,3,37,63,89,89,99,24,24,24,24,98,98,0],"floor_reached":18,"playtime":322,"items_purged":[],"score":362,"play_id":"7434c33a-c191-4e5a-8a83-7081c7188740","local_time":"20190402113902","is_ascension_mode":true,"campfire_choices":[{"data":"Defragment","floor":6,"key":"SMITH"},{"data":"Zap","floor":10,"key":"SMITH"},{"data":"Dualcast","floor":15,"key":"SMITH"}],"neow_cost":"NONE","seed_source_timestamp":17096612687248,"circlet_count":0,"master_deck":["AscendersBane","Strike_B","Strike_B","Strike_B","Defend_B","Defend_B","Defend_B","Defend_B","Zap+1","Dualcast+1","Gash","Defragment+1","Hologram","Capacitor","Doom and Gloom","Ball Lightning","Cold Snap","Echo Form"],"relics":["Cracked Core","NeowsBlessing","Ornamental Fan","Odd Mushroom","PreservedInsect","Cursed Key"],"potions_floor_usage":[8],"damage_taken":[{"damage":0,"enemies":"2 Louse","floor":1,"turns":1},{"damage":0,"enemies":"Cultist","floor":4,"turns":1},{"damage":0,"enemies":"Lagavulin","floor":7,"turns":1},{"damage":15,"enemies":"The Mushroom Lair","floor":8,"turns":4},{"damage":7,"enemies":"Small Slimes","floor":11,"turns":2},{"damage":32,"enemies":"Slime Boss","floor":16,"turns":6},{"damage":39,"enemies":"2 Thieves","floor":18,"turns":4}],"seed_played":"5140237001170179546","potions_obtained":[{"floor":3,"key":"SpeedPotion"},{"floor":3,"key":"Ancient Potion"},{"floor":16,"key":"Ancient Potion"}],"is_trial":false,"path_per_floor":["M","$","?","M","$","R","E","?","T","R","M","?","T","$","R","B",null,"M"],"character_chosen":"DEFECT","items_purchased":["Defragment","Capacitor"],"campfire_rested":0,"item_purchase_floors":[2,5],"current_hp_per_floor":[64,64,64,64,64,64,64,49,49,49,42,42,42,42,42,10,56,17],"gold":0,"neow_bonus":"THREE_ENEMY_KILL","is_prod":false,"is_daily":false,"chose_seed":false,"campfire_upgraded":3,"win_rate":0,"timestamp":1554176342,"path_taken":["M","$","?","M","?","R","E","?","T","R","M","?","?","?","R","BOSS","M"],"build_version":"2019-01-23","purchased_purges":0,"victory":false,"max_hp_per_floor":[71,71,71,71,71,71,71,71,71,71,71,71,71,71,71,71,71,71],"card_choices":[{"not_picked":["Go for the Eyes","Blizzard"],"picked":"Gash","floor":1},{"not_picked":["Turbo","Auto Shields"],"picked":"Hologram","floor":4},{"not_picked":["Steam Power","Stack"],"picked":"Doom and Gloom","floor":7},{"not_picked":["Scrape","Conserve Battery"],"picked":"Ball Lightning","floor":8},{"not_picked":["Tempest","Redo"],"picked":"Cold Snap","floor":11},{"not_picked":["Thunder Strike","Hyperbeam"],"picked":"Echo Form","floor":16}],"player_experience":4012950,"relics_obtained":[{"floor":7,"key":"Ornamental Fan"},{"floor":8,"key":"Odd Mushroom"},{"floor":9,"key":"PreservedInsect"}],"event_choices":[{"damage_healed":0,"gold_gain":0,"player_choice":"Got Potions","damage_taken":0,"max_hp_gain":0,"max_hp_loss":0,"event_name":"Lab","floor":3,"gold_loss":0},{"damage_healed":0,"gold_gain":0,"player_choice":"Fought Mushrooms","damage_taken":0,"max_hp_gain":0,"max_hp_loss":0,"event_name":"Mushrooms","floor":8,"gold_loss":0},{"cards_removed":["Strike_B"],"damage_healed":0,"gold_gain":0,"player_choice":"Card Removal","damage_taken":0,"max_hp_gain":0,"max_hp_loss":0,"event_name":"The Cleric","floor":12,"gold_loss":75}],"is_beta":false,"boss_relics":[{"not_picked":["Ectoplasm","Philosopher\u0027s Stone"],"picked":"Cursed Key"}],"items_purged_floors":[],"is_endless":false,"potions_floor_spawned":[4,7,16],"killed_by":"2 Thieves","ascension_level":20}