{"gold_per_floor":[113,126,45,63,63,63,63,63,116,126,155,155,230,265,265,362,362,349,375,72,87,102,102,115,115,115,129,48,48,48,123,123,223,223,239,461,254,254,265,265,215,232,232,232,245,245,121,141,141,141],"floor_reached":51,"playtime":1676,"items_purged":["Strike_G","Defend_G","Strike_G","Defend_G"],"score":728,"play_id":"67eae6ad-a87f-4844-a792-e00fc694fa80","local_time":"20181026220633","is_ascension_mode":false,"campfire_choices":[{"data":"Bouncing Flask","floor":6.0,"key":"SMITH"},{"data":"Neutralize","floor":8.0,"key":"SMITH"},{"data":"Survivor","floor":12.0,"key":"SMITH"},{"data":"Backflip","floor":15.0,"key":"SMITH"},{"data":"Leg Sweep","floor":23.0,"key":"SMITH"},{"data":"Defend_G","floor":25.0,"key":"SMITH"},{"data":"Catalyst","floor":32.0,"key":"SMITH"},{"data":"Catalyst","floor":40.0,"key":"SMITH"},{"data":"Well Laid Plans","floor":46.0,"key":"SMITH"},{"data":"Well Laid Plans","floor":49.0,"key":"SMITH"}],"neow_cost":"NONE","seed_source_timestamp":47331840473888,"circlet_count":0,"master_deck":["Defend_G+1","Defend_G+1","Strike_G+1","Survivor+1","Neutralize+1","Bouncing Flask+1","Backflip+1","Adrenaline","Cloak And Dagger+1","Prepared+1","Leg Sweep+1","Catalyst+1","Well Laid Plans+1","Venomology","Catalyst+1","Well Laid Plans+1","Blade Dance+1","Footwork"],"special_seed":0,"relics":["Ring of the Snake","Bag of Marbles","Art of War","Smiling Mask","Strawberry","Busted Crown","Red Mask","Shuriken","Pantograph","Enchiridion","Empty Cage","Dream Catcher"],"potions_floor_usage":[50,50],"damage_taken":[{"damage":0.0,"enemies":"Small Slimes","floor":1.0,"turns":3.0},{"damage":0.0,"enemies":"Jaw Worm","floor":2.0,"turns":5.0},{"damage":1.0,"enemies":"2 Louse","floor":4.0,"turns":3.0},{"damage":0.0,"enemies":"Gremlin Gang","floor":10.0,"turns":4.0},{"damage":5.0,"enemies":"3 Sentries","floor":11.0,"turns":9.0},{"damage":9.0,"enemies":"Lagavulin","floor":14.0,"turns":6.0},{"damage":10.0,"enemies":"Hexaghost","floor":16.0,"turns":9.0},{"damage":0.0,"enemies":"2 Thieves","floor":18.0,"turns":4.0},{"damage":0.0,"enemies":"Masked Bandits","floor":19.0,"turns":6.0},{"damage":0.0,"enemies":"Chosen","floor":21.0,"turns":4.0},{"damage":2.0,"enemies":"Snake Plant","floor":22.0,"turns":4.0},{"damage":0.0,"enemies":"Centurion and Healer","floor":24.0,"turns":7.0},{"damage":2.0,"enemies":"Cultist and Chosen","floor":27.0,"turns":7.0},{"damage":23.0,"enemies":"Automaton","floor":33.0,"turns":11.0},{"damage":0.0,"enemies":"Orb Walker","floor":35.0,"turns":4.0},{"damage":0.0,"enemies":"3 Darklings","floor":39.0,"turns":10.0},{"damage":0.0,"enemies":"Spire Growth","floor":42.0,"turns":3.0},{"damage":0.0,"enemies":"Maw","floor":45.0,"turns":4.0},{"damage":0.0,"enemies":"Jaw Worm Horde","floor":48.0,"turns":4.0},{"damage":0,"enemies":"Time Eater","floor":50,"turns":7}],"seed_played":"-1054926908289558518","potions_obtained":[{"floor":2.0,"key":"EssenceOfSteel"},{"floor":4.0,"key":"Ancient Potion"},{"floor":10.0,"key":"Poison Potion"},{"floor":19.0,"key":"Swift Potion"},{"floor":24.0,"key":"SkillPotion"},{"floor":33.0,"key":"Strength Potion"},{"floor":42.0,"key":"Ancient Potion"}],"is_trial":false,"path_per_floor":["M","M","$","M","?","R","?","R","T","M","E","R","?","E","R","B",null,"M","?","$","M","M","R","M","R","T","M","$","?","?","?","R","B",null,"M","?","$","?","M","R","$","M","T","?","M","R","$","M","R","B"],"character_chosen":"THE_SILENT","items_purchased":["Bouncing Flask","Shuriken","Well Laid Plans","Catalyst","Well Laid Plans","Footwork"],"campfire_rested":0,"item_purchase_floors":[3,20,28,37,37,47],"current_hp_per_floor":[70,70,70,69,69,69,55,55,55,55,50,50,39,37,37,27,77,77,77,77,77,75,75,75,75,75,73,73,57,57,50,50,52,77,77,77,77,77,77,77,77,77,77,73,73,73,73,73,73,73],"gold":141,"neow_bonus":"RANDOM_COMMON_RELIC","is_prod":false,"is_daily":false,"chose_seed":false,"campfire_upgraded":10,"win_rate":0,"timestamp":1540562793,"path_taken":["M","M","$","M","?","R","?","R","T","?","E","R","?","E","R","BOSS","M","?","$","M","M","R","M","R","T","M","$","?","?","?","R","BOSS","M","?","$","?","M","R","$","M","T","?","M","R","$","M","R","BOSS"],"build_version":"2018-10-25v2","purchased_purges":4,"victory":true,"max_hp_per_floor":[70,70,70,70,70,70,70,70,70,70,70,70,70,77,77,77,77,77,77,77,77,77,77,77,77,77,77,77,77,77,77,77,77,77,77,77,77,77,77,77,77,77,77,73,73,73,73,73,73,73],"card_choices":[{"not_picked":["Acrobatics","Blade Dance","Riddle With Holes"],"picked":"SKIP","floor":1.0},{"not_picked":["Dagger Spray","Finisher","Flying Knee"],"picked":"SKIP","floor":2.0},{"not_picked":["Dagger Spray","Dagger Throw","Storm of Steel"],"picked":"SKIP","floor":4.0},{"not_picked":["Infinite Blades","Dodge and Roll","Blade Dance"],"picked":"SKIP","floor":10.0},{"not_picked":["Sucker Punch","Doppelganger","Flying Knee"],"picked":"SKIP","floor":11.0},{"not_picked":["Outmaneuver","Slice"],"picked":"Backflip","floor":14.0},{"not_picked":["Die Die Die","Tools of the Trade"],"picked":"Adrenaline","floor":16.0},{"not_picked":["Quick Slash"],"picked":"SKIP","floor":18.0},{"not_picked":[],"picked":"Cloak And Dagger+1","floor":19.0},{"not_picked":[],"picked":"Prepared+1","floor":21.0},{"not_picked":[],"picked":"Leg Sweep","floor":22.0},{"not_picked":["Reflex"],"picked":"SKIP","floor":24.0},{"not_picked":[],"picked":"Catalyst","floor":27.0},{"not_picked":[],"picked":"Venomology","floor":33.0},{"not_picked":["Sucker Punch"],"picked":"SKIP","floor":35.0},{"not_picked":["Reflex"],"picked":"SKIP","floor":39.0},{"not_picked":["Terror"],"picked":"SKIP","floor":42.0},{"not_picked":[],"picked":"Blade Dance+1","floor":45.0},{"not_picked":["Dodge and Roll"],"picked":"SKIP","floor":48.0}],"player_experience":656302,"relics_obtained":[{"floor":9.0,"key":"Art of War"},{"floor":11.0,"key":"Smiling Mask"},{"floor":14.0,"key":"Strawberry"},{"floor":19.0,"key":"Red Mask"},{"floor":26.0,"key":"Pantograph"},{"floor":29.0,"key":"Enchiridion"},{"floor":43.0,"key":"Dream Catcher"}],"event_choices":[{"cards_removed":["Strike_G"],"damage_healed":0.0,"max_hp_gain":0.0,"max_hp_loss":0.0,"gold_gain":0.0,"event_name":"Living Wall","player_choice":"Forget","floor":5.0,"gold_loss":0.0,"damage_taken":0.0},{"damage_healed":0.0,"max_hp_gain":0.0,"max_hp_loss":0.0,"gold_gain":0.0,"event_name":"Shining Light","player_choice":"Entered Light","floor":7.0,"gold_loss":0.0,"damage_taken":14.0,"cards_upgraded":["Strike_G","Defend_G"]},{"damage_healed":0.0,"max_hp_gain":0.0,"max_hp_loss":0.0,"gold_gain":75.0,"event_name":"World of Goop","player_choice":"Gather Gold","floor":13.0,"gold_loss":0.0,"damage_taken":11.0},{"damage_healed":0.0,"max_hp_gain":0.0,"max_hp_loss":0.0,"gold_gain":0.0,"event_name":"Masked Bandits","player_choice":"Fought Bandits","floor":19.0,"gold_loss":0.0,"damage_taken":0.0},{"damage_healed":0.0,"max_hp_gain":0.0,"max_hp_loss":0.0,"gold_gain":0.0,"event_name":"Cursed Tome","player_choice":"Obtained Book","floor":29.0,"gold_loss":0.0,"damage_taken":16.0},{"damage_healed":0.0,"max_hp_gain":0.0,"max_hp_loss":0.0,"gold_gain":0.0,"event_name":"Vampires","player_choice":"Ignored","floor":30.0,"gold_loss":0.0,"damage_taken":0.0},{"damage_healed":0.0,"max_hp_gain":0.0,"max_hp_loss":0.0,"gold_gain":75.0,"event_name":"FaceTrader","player_choice":"Touch","floor":31.0,"gold_loss":0.0,"damage_taken":7.0},{"damage_healed":0.0,"max_hp_gain":0.0,"max_hp_loss":0.0,"gold_gain":222.0,"event_name":"Tomb of Lord Red Mask","player_choice":"Wore Mask","floor":36.0,"gold_loss":0.0,"damage_taken":0.0},{"damage_healed":0.0,"max_hp_gain":0.0,"max_hp_loss":0.0,"gold_gain":0.0,"event_name":"Mysterious Sphere","player_choice":"Ignored","floor":38.0,"gold_loss":0.0,"damage_taken":0.0},{"damage_healed":0.0,"max_hp_gain":0.0,"max_hp_loss":4.0,"gold_gain":0.0,"event_name":"Winding Halls","player_choice":"Max HP","floor":44.0,"gold_loss":0.0,"damage_taken":0.0}],"is_beta":false,"boss_relics":[{"not_picked":["Tiny House","White Beast Statue"],"picked":"Busted Crown"},{"not_picked":["Astrolabe","Philosopher\u0027s Stone"],"picked":"Empty Cage"}],"items_purged_floors":[20,37,41,47],"is_endless":false,"potions_floor_spawned":[2,4,10,19,24,33,42,48],"ascension_level":0}