{"gold_per_floor":[110,110,110,22,33,33,33,33,33,33,43,53,70,81,81,152,152,162,87,97,107,121,121,121,146,169,184,218,118,118,43,43,115,115,128,3,3,19,32,58,74,74,74,93,93,118,118,134,134,134,134,134,134,54,85,85],"floor_reached":57,"playtime":3343,"items_purged":["Choke","Night Terror","Choke"],"score":3417,"play_id":"fc101023-80f1-4594-a76c-f2fedcf9e99e","local_time":"20190324184631","is_ascension_mode":true,"campfire_choices":[{"data":"Well Laid Plans","floor":6.0,"key":"SMITH"},{"data":"Neutralize","floor":8.0,"key":"SMITH"},{"data":"Finesse","floor":10.0,"key":"SMITH"},{"data":"Deadly Poison","floor":15.0,"key":"SMITH"},{"data":"Acrobatics","floor":23.0,"key":"SMITH"},{"data":"Reflex","floor":32.0,"key":"SMITH"},{"data":"Tactician","floor":42.0,"key":"SMITH"},{"data":"Concentrate","floor":45.0,"key":"SMITH"},{"data":"Flechettes","floor":47.0,"key":"SMITH"},{"floor":49.0,"key":"RECALL"},{"data":"Calculated Gamble","floor":53,"key":"SMITH"}],"neow_cost":"TEN_PERCENT_HP_LOSS","seed_source_timestamp":24680397853164,"circlet_count":0,"master_deck":["AscendersBane","Survivor","Neutralize+1","Purity+1","Finesse+1","Dagger Throw","Well Laid Plans+1","Deadly Poison+1","Expertise","Footwork","Calculated Gamble+1","Backflip","Cloak And Dagger","Flechettes+1","Concentrate+1","Catalyst","Acrobatics+1","Terror","PiercingWail","Reflex+1","Tactician+1"],"special_seed":0,"relics":["Ring of the Snake","Torii","Calipers","Pandora\u0027s Box","Bottled Tornado","Bronze Scales","Cursed Key","Incense Burner","Anchor","Ginger"],"potions_floor_usage":[51,56],"damage_taken":[{"damage":4.0,"enemies":"Jaw Worm","floor":1.0,"turns":10.0},{"damage":1.0,"enemies":"Small Slimes","floor":5.0,"turns":4.0},{"damage":0.0,"enemies":"Cultist","floor":11.0,"turns":4.0},{"damage":2.0,"enemies":"3 Louse","floor":12.0,"turns":3.0},{"damage":2.0,"enemies":"Exordium Thugs","floor":13.0,"turns":5.0},{"damage":0.0,"enemies":"Looter","floor":14.0,"turns":4.0},{"damage":7.0,"enemies":"Hexaghost","floor":16.0,"turns":10.0},{"damage":10.0,"enemies":"2 Thieves","floor":18.0,"turns":3.0},{"damage":1.0,"enemies":"Shell Parasite","floor":20.0,"turns":5.0},{"damage":0.0,"enemies":"Snake Plant","floor":21.0,"turns":6.0},{"damage":1.0,"enemies":"Shelled Parasite and Fungi","floor":22.0,"turns":6.0},{"damage":0.0,"enemies":"Book of Stabbing","floor":25.0,"turns":7.0},{"damage":1.0,"enemies":"Cultist and Chosen","floor":27.0,"turns":5.0},{"damage":25.0,"enemies":"Gremlin Leader","floor":28.0,"turns":8.0},{"damage":0.0,"enemies":"Snake Plant","floor":30.0,"turns":1.0},{"damage":0.0,"enemies":"Collector","floor":33.0,"turns":3.0},{"damage":2.0,"enemies":"Orb Walker","floor":35.0,"turns":3.0},{"damage":0.0,"enemies":"3 Shapes","floor":38.0,"turns":4.0},{"damage":0.0,"enemies":"Sphere and 2 Shapes","floor":39.0,"turns":4.0},{"damage":0.0,"enemies":"Giant Head","floor":40.0,"turns":3.0},{"damage":0.0,"enemies":"Spire Growth","floor":41.0,"turns":2.0},{"damage":1.0,"enemies":"Maw","floor":44.0,"turns":3.0},{"damage":0.0,"enemies":"Reptomancer","floor":46.0,"turns":2.0},{"damage":1.0,"enemies":"Jaw Worm Horde","floor":48.0,"turns":3.0},{"damage":0.0,"enemies":"Time Eater","floor":50.0,"turns":7.0},{"damage":0,"enemies":"Awakened One","floor":51,"turns":3},{"damage":0,"enemies":"Shield and Spear","floor":55,"turns":2},{"damage":0,"enemies":"The Heart","floor":56,"turns":7}],"seed_played":"-370810733301330902","potions_obtained":[{"floor":11.0,"key":"Energy Potion"},{"floor":13.0,"key":"Ancient Potion"},{"floor":14.0,"key":"LiquidBronze"},{"floor":21.0,"key":"EntropicBrew"},{"floor":22.0,"key":"Ancient Potion"},{"floor":28.0,"key":"Swift Potion"},{"floor":35.0,"key":"GamblersBrew"}],"is_trial":false,"path_per_floor":["M","?","?","$","M","R","$","R","T","R","M","M","M","M","R","B",null,"M","$","M","M","M","R","?","E","T","M","E","$","M","?","R","B",null,"M","$","?","M","M","E","M","R","T","M","R","E","R","M","R","B","B",null,"R","$","E","B",null],"character_chosen":"THE_SILENT","items_purchased":["Well Laid Plans","GamblersBrew"],"campfire_rested":0,"item_purchase_floors":[4,54],"current_hp_per_floor":[55,37,19,19,18,18,18,18,18,18,18,16,14,14,14,7,47,37,37,36,36,35,35,35,35,35,34,9,9,9,9,9,9,47,45,45,50,50,50,50,50,50,50,49,49,49,49,48,48,48,48,57,57,57,57,57],"gold":85,"neow_bonus":"RANDOM_COLORLESS_2","is_prod":false,"is_daily":false,"chose_seed":false,"campfire_upgraded":10,"win_rate":0,"timestamp":1553424391,"path_taken":["M","?","?","$","M","R","?","R","T","R","M","?","M","M","R","BOSS","M","$","M","M","M","R","?","E","T","M","E","?","M","?","R","BOSS","M","$","?","M","M","E","M","R","T","M","R","E","R","M","R","BOSS","BOSS","R","$","E","BOSS"],"build_version":"2019-01-23","purchased_purges":3,"victory":true,"max_hp_per_floor":[60,60,60,60,60,60,60,60,60,60,60,60,60,60,60,60,60,60,60,60,60,60,60,60,60,60,60,60,60,60,60,60,60,60,60,60,60,60,60,60,60,60,60,60,60,60,60,60,60,60,60,60,60,60,60,60],"card_choices":[{"not_picked":["Blade Dance","PiercingWail"],"picked":"Dagger Throw","floor":1.0},{"not_picked":["PiercingWail","Accuracy","Prepared"],"picked":"SKIP","floor":5.0},{"not_picked":["Dagger Spray","Dodge and Roll"],"picked":"Poisoned Stab","floor":11.0},{"not_picked":["Dagger Throw","Reflex","Eviscerate"],"picked":"SKIP","floor":12.0},{"not_picked":["Storm of Steel","Prepared"],"picked":"Deadly Poison","floor":13.0},{"not_picked":["Blade Dance","Underhanded Strike"],"picked":"Expertise","floor":14.0},{"not_picked":["Night Terror","Burst"],"picked":"Corpse Explosion","floor":16.0},{"not_picked":["Deadly Poison","Predator","Underhanded Strike"],"picked":"SKIP","floor":18.0},{"not_picked":["Dagger Spray","Outmaneuver"],"picked":"Concentrate","floor":20.0},{"not_picked":["Prepared","Deadly Poison"],"picked":"Catalyst","floor":21.0},{"not_picked":["Infinite Blades","Cloak And Dagger"],"picked":"Acrobatics","floor":22.0},{"not_picked":["Setup","All Out Attack","Flying Knee"],"picked":"SKIP","floor":25.0},{"not_picked":["Outmaneuver","Acrobatics","Backstab"],"picked":"SKIP","floor":27.0},{"not_picked":["Dagger Throw","Flying Knee","Dodge and Roll"],"picked":"SKIP","floor":28.0},{"not_picked":["Acrobatics","PiercingWail","Prepared"],"picked":"SKIP","floor":35.0},{"not_picked":["Dagger Throw+1","Blur"],"picked":"Tactician","floor":38.0},{"not_picked":["Sucker Punch","Endless Agony","PiercingWail"],"picked":"SKIP","floor":39.0},{"not_picked":["Quick Slash+1","Underhanded Strike+1","Finisher"],"picked":"SKIP","floor":40.0},{"not_picked":["Choke","Underhanded Strike","Dagger Spray"],"picked":"SKIP","floor":41.0},{"not_picked":["Endless Agony","Doppelganger","Dagger Spray+1"],"picked":"SKIP","floor":44.0},{"not_picked":["Footwork","Flying Knee","Backflip+1"],"picked":"SKIP","floor":46.0},{"not_picked":["Cloak And Dagger","Backflip","PiercingWail+1"],"picked":"SKIP","floor":48.0},{"not_picked":["Wraith Form v2","Footwork+1","Endless Agony"],"picked":"SKIP","floor":55}],"player_experience":3842554,"relics_obtained":[{"floor":9.0,"key":"Calipers"},{"floor":25.0,"key":"Bottled Tornado"},{"floor":28.0,"key":"Bronze Scales"},{"floor":40.0,"key":"Incense Burner"},{"floor":46.0,"key":"Anchor"},{"floor":55,"key":"Ginger"}],"event_choices":[{"damage_healed":0.0,"max_hp_gain":0.0,"max_hp_loss":0.0,"gold_gain":0.0,"event_name":"Shining Light","player_choice":"Entered Light","floor":2.0,"gold_loss":0.0,"damage_taken":18.0,"cards_upgraded":["Defend_G","Purity"]},{"damage_healed":0.0,"max_hp_gain":0.0,"max_hp_loss":0.0,"gold_gain":0.0,"event_name":"Scrap Ooze","player_choice":"Success","floor":3.0,"gold_loss":0.0,"damage_taken":18.0,"relics_obtained":["Torii"]},{"damage_healed":0.0,"max_hp_gain":0.0,"max_hp_loss":0.0,"gold_gain":0.0,"cards_transformed":["Corpse Explosion"],"event_name":"Transmorgrifier","player_choice":"Transformed","floor":24.0,"gold_loss":0.0,"damage_taken":0.0,"cards_obtained":["Terror"]},{"damage_healed":0.0,"max_hp_gain":0.0,"max_hp_loss":0.0,"gold_gain":0.0,"cards_transformed":["Venomology","Poisoned Stab"],"event_name":"Designer","player_choice":"Transformed Cards","floor":31.0,"gold_loss":75.0,"damage_taken":0.0,"cards_obtained":["PiercingWail","Reflex"]},{"cards_removed":["Dagger Spray"],"damage_healed":5.0,"max_hp_gain":0.0,"max_hp_loss":0.0,"gold_gain":0.0,"event_name":"Bonfire Elementals","player_choice":"Offered Common","floor":37.0,"gold_loss":0.0,"damage_taken":0.0},{"cards_removed":["Dagger Spray"],"damage_healed":5.0,"max_hp_gain":0.0,"max_hp_loss":0.0,"gold_gain":0.0,"event_name":"Bonfire Elementals","player_choice":"Offered Special","floor":37.0,"gold_loss":0.0,"damage_taken":0.0}],"is_beta":false,"boss_relics":[{"not_picked":["Lizard Tail","Black Star"],"picked":"Pandora\u0027s Box"},{"not_picked":["Fusion Hammer","Sozu"],"picked":"Cursed Key"}],"items_purged_floors":[19,29,36],"is_endless":false,"potions_floor_spawned":[11,13,14,18,21,22,28,35,40,41],"ascension_level":20}