{"gold_per_floor":[18,18,32,32,49,78,28,46,46,46,64,98,116,41,41,115,115,125,141,141],"floor_reached":20,"playtime":534,"items_purged":["Strike_B"],"score":316,"play_id":"c85c6682-322d-4858-9bf5-1dd694b9b6b1","local_time":"20181010214331","is_ascension_mode":true,"campfire_choices":[{"data":"Loop","floor":10,"key":"SMITH"},{"floor":15,"key":"REST"}],"neow_cost":"NO_GOLD","seed_source_timestamp":719589818996870,"circlet_count":0,"master_deck":["Strike_B","Strike_B","Defend_B","Defend_B","Defend_B","Defend_B","Zap+1","Dualcast","AscendersBane","Biased Cognition","Conserve Battery","Ball Lightning","Loop+1","White Noise","Sweeping Beam","Defragment","Reboot"],"special_seed":0,"relics":["Cracked Core","Cables","Mummified Hand","Kunai","Cursed Key"],"potions_floor_usage":[11],"damage_taken":[{"damage":1,"enemies":"Cultist","floor":1,"turns":4},{"damage":8,"enemies":"2 Louse","floor":3,"turns":3},{"damage":0,"enemies":"Jaw Worm","floor":5,"turns":3},{"damage":33,"enemies":"3 Sentries","floor":6,"turns":7},{"damage":3,"enemies":"Blue Slaver","floor":8,"turns":2},{"damage":4,"enemies":"Red Slaver","floor":11,"turns":3},{"damage":16,"enemies":"Gremlin Nob","floor":12,"turns":3},{"damage":1,"enemies":"Exordium Thugs","floor":13,"turns":3},{"damage":20,"enemies":"Hexaghost","floor":16,"turns":7},{"damage":0,"enemies":"Spheric Guardian","floor":18,"turns":2},{"damage":7,"enemies":"Chosen","floor":19,"turns":3},{"damage":5,"enemies":"Masked Bandits","floor":20,"turns":2}],"seed_played":"4320711888443877672","potions_obtained":[{"floor":1,"key":"SpeedPotion"},{"floor":3,"key":"Regen Potion"}],"is_trial":false,"path_per_floor":["M","$","M","?","M","E","?","M","T","R","M","E","M","$","R","B",null,"M","M"],"character_chosen":"DEFECT","items_purchased":[],"campfire_rested":1,"item_purchase_floors":[],"current_hp_per_floor":[63,63,55,55,55,22,22,19,19,19,24,8,7,7,28,8,55,55,48,43],"gold":141,"neow_bonus":"THREE_RARE_CARDS","is_prod":false,"is_daily":false,"chose_seed":false,"campfire_upgraded":1,"win_rate":0,"timestamp":1539179011,"path_taken":["M","$","?","?","M","E","?","?","T","R","?","E","M","$","R","BOSS","M","M","?"],"build_version":"2018-10-04v2","purchased_purges":1,"victory":false,"max_hp_per_floor":[71,71,71,71,71,71,71,71,71,71,71,71,71,71,71,71,71,71,71,71],"card_choices":[{"not_picked":["Fission","Machine Learning"],"picked":"Biased Cognition","floor":0},{"not_picked":["Hello World","Redo"],"picked":"Conserve Battery","floor":1},{"not_picked":["Beam Cell","Reprogram","Scrape"],"picked":"SKIP","floor":3},{"not_picked":["Rebound","Conserve Battery"],"picked":"Ball Lightning","floor":5},{"not_picked":["Barrage","Compile Driver","Meteor Strike"],"picked":"SKIP","floor":6},{"not_picked":["Leap","Lockon"],"picked":"Loop","floor":8},{"not_picked":["Aggregate","Hello World"],"picked":"White Noise","floor":11},{"not_picked":["Recycle","Steam"],"picked":"Sweeping Beam","floor":12},{"not_picked":["Coolheaded","Ball Lightning"],"picked":"Defragment","floor":13},{"not_picked":["Fission","Multi-Cast"],"picked":"Reboot","floor":16},{"not_picked":["Rebound","Stack","Conserve Battery"],"picked":"SKIP","floor":18},{"not_picked":["Chill","Barrage","Static Discharge"],"picked":"SKIP","floor":19}],"player_experience":271725,"relics_obtained":[{"floor":6,"key":"Cables"},{"floor":9,"key":"Mummified Hand"},{"floor":12,"key":"Kunai"}],"event_choices":[{"event_name":"Upgrade Shrine","player_choice":"Upgraded","floor":4,"damage_taken":0},{"event_name":"The Cleric","player_choice":"Card Removal","floor":7,"damage_taken":0},{"event_name":"Masked Bandits","player_choice":"Fought Bandits","floor":20,"damage_taken":0}],"is_beta":false,"boss_relics":[{"not_picked":["Eternal Feather","Coffee Dripper"],"picked":"Cursed Key"}],"items_purged_floors":[14],"is_endless":false,"potions_floor_spawned":[1,3,8],"killed_by":"Masked Bandits","ascension_level":14}