{"gold_per_floor":[117,117,10,10,25,55,55,74,74,106,106,117,128,161,161,161],"floor_reached":16,"playtime":546,"items_purged":[],"score":290,"play_id":"e72684b5-59a3-4054-8b33-a33dad78cace","local_time":"20190210100634","is_ascension_mode":true,"campfire_choices":[{"data":"Hologram","floor":7,"key":"SMITH"},{"data":"Dualcast","floor":11,"key":"SMITH"},{"data":"Streamline","floor":15,"key":"SMITH"}],"neow_cost":"TEN_PERCENT_HP_LOSS","seed_source_timestamp":5281988974363,"circlet_count":0,"master_deck":["AscendersBane","Strike_B","Strike_B","Strike_B","Defend_B","Defend_B","Defend_B","Defend_B","Zap","Dualcast+1","Hologram+1","Discovery+1","Gash","Self Repair","Steam Power","Chill","Gash","Streamline+1","Recycle"],"relics":["Cracked Core","Thread and Needle","Ornamental Fan","Nunchaku","Girya"],"potions_floor_usage":[10,12,16,16],"damage_taken":[{"damage":4,"enemies":"Small Slimes","floor":1,"turns":3},{"damage":0,"enemies":"Jaw Worm","floor":5,"turns":3},{"damage":12,"enemies":"3 Sentries","floor":6,"turns":4},{"damage":5,"enemies":"2 Louse","floor":8,"turns":3},{"damage":46,"enemies":"Gremlin Nob","floor":10,"turns":4},{"damage":0,"enemies":"Blue Slaver","floor":12,"turns":3},{"damage":0,"enemies":"Exordium Wildlife","floor":13,"turns":4},{"damage":0,"enemies":"3 Sentries","floor":14,"turns":8},{"damage":17,"enemies":"Hexaghost","floor":16,"turns":9}],"seed_played":"3955715536259371212","potions_obtained":[{"floor":6,"key":"Fruit Juice"},{"floor":8,"key":"Fire Potion"},{"floor":12,"key":"SteroidPotion"},{"floor":13,"key":"EssenceOfSteel"}],"is_trial":false,"path_per_floor":["M","?","$","?","M","E","R","M","T","E","R","M","M","E","R","B"],"character_chosen":"DEFECT","items_purchased":["Discovery"],"campfire_rested":0,"item_purchase_floors":[3],"current_hp_per_floor":[60,53,53,53,53,41,41,43,43,2,2,2,9,16,16,0],"gold":161,"neow_bonus":"ONE_RARE_RELIC","is_prod":false,"is_daily":false,"chose_seed":false,"campfire_upgraded":3,"win_rate":0,"timestamp":1549764394,"path_taken":["M","?","$","?","M","E","R","M","T","E","R","M","?","E","R","BOSS"],"build_version":"2019-01-23","purchased_purges":0,"victory":false,"max_hp_per_floor":[64,64,64,64,64,64,64,64,64,69,69,69,69,69,69,69],"card_choices":[{"not_picked":["Barrage","Conserve Battery"],"picked":"Hologram","floor":1},{"not_picked":["Force Field","Reprogram"],"picked":"Gash","floor":5},{"not_picked":["Steam","Melter"],"picked":"Self Repair","floor":6},{"not_picked":["Auto Shields","Beam Cell"],"picked":"Steam Power","floor":8},{"not_picked":["Barrage","Double Energy"],"picked":"Chill","floor":10},{"not_picked":["Stack","Compile Driver"],"picked":"Gash","floor":12},{"not_picked":["Stack","Barrage"],"picked":"Streamline","floor":13},{"not_picked":["Darkness","Loop"],"picked":"Recycle","floor":14}],"player_experience":2561646,"relics_obtained":[{"floor":6,"key":"Ornamental Fan"},{"floor":10,"key":"Nunchaku"},{"floor":14,"key":"Girya"}],"event_choices":[{"cards_removed":["Strike_B"],"damage_healed":0,"gold_gain":0,"player_choice":"Card Removal","damage_taken":7,"max_hp_gain":0,"max_hp_loss":0,"event_name":"Golden Wing","floor":2,"gold_loss":0},{"damage_healed":0,"gold_gain":0,"player_choice":"Grow","damage_taken":0,"max_hp_gain":0,"max_hp_loss":0,"event_name":"Living Wall","floor":4,"gold_loss":0,"cards_upgraded":["Discovery"]}],"is_beta":false,"boss_relics":[],"items_purged_floors":[],"is_endless":false,"potions_floor_spawned":[6,8,12,13,14],"killed_by":"Hexaghost","ascension_level":20}