{"path_per_floor":["M","M","?","$","?","E","M","R","T","M","?","R","M","M","R","B",null,"M","$","?","?","?","E","R","?","T","$","M","E","M","M","R"],"character_chosen":"IRONCLAD","items_purchased":["Paper Frog"],"gold_per_floor":[118,129,79,4,179,204,214,214,239,258,258,258,274,288,288,385,385,395,39,39,39,39,72,72,72,72,72,90,122,136,154,154],"floor_reached":33,"campfire_rested":1,"playtime":1959,"current_hp_per_floor":[80,80,80,80,80,80,75,75,75,80,80,80,73,73,73,51,80,68,68,68,68,68,29,53,79,79,79,80,80,80,80,80],"items_purged":["Strike_R","Sword Boomerang"],"gold":154,"score":309,"play_id":"442537cf-73a8-4cba-a47e-6fced8190852","local_time":"20180305222127","is_prod":false,"is_daily":false,"is_ascension_mode":false,"campfire_upgraded":4,"timestamp":1520284887,"path_taken":["M","M","?","$","?","E","M","R","T","M","?","R","?","M","R","BOSS","M","$","?","?","?","E","R","?","T","?","M","E","M","M","R","BOSS"],"build_version":"2018-03-01-PROD1","purchased_purges":2,"victory":false,"master_deck":["Bash","Headbutt","Thunderclap+1","Inflame","Warcry+1","Pommel Strike+1","Infernal Blade+1","Battle Trance","Limit Break","Heavy Blade","Thunderclap","Iron Wave","Cleave","Flame Barrier","Fire Breathing+1","Twin Strike","Pommel Strike+1","Clash","Wild Strike+1"],"max_hp_per_floor":[80,80,80,80,80,80,80,80,80,80,80,80,80,80,80,80,80,80,80,80,80,80,80,80,80,80,80,80,80,80,80,80],"relics":["Burning Blood","NeowsBlessing","Omamori","Orichalcum","Spirit Poop","Pandora\u0027s Box","Paper Frog","Letter Opener","Bag of Marbles","Magic Flower","Oddly Smooth Stone"],"card_choices":[{"not_picked":["Combust","Intimidate"],"picked":"Headbutt"},{"not_picked":["Combust","Clothesline"],"picked":"Thunderclap"},{"not_picked":["True Grit","Shrug It Off"],"picked":"Inflame"},{"not_picked":["Shrug It Off","Anger"],"picked":"Warcry"},{"not_picked":["Armaments","Warcry"],"picked":"Pommel Strike"},{"not_picked":["Fire Breathing","Rampage"],"picked":"Infernal Blade"},{"not_picked":["Heavy Blade","Anger"],"picked":"Battle Trance"},{"not_picked":["Brutality","Impervious"],"picked":"Limit Break"},{"not_picked":["Anger","Seeing Red"],"picked":"Fire Breathing"},{"not_picked":["Clash","Feel No Pain"],"picked":"Twin Strike"},{"not_picked":["Headbutt","Battle Trance"],"picked":"Pommel Strike"},{"not_picked":["Pommel Strike","Barricade"],"picked":"Clash"},{"not_picked":["Entrench","Pommel Strike"],"picked":"Wild Strike"}],"player_experience":93782,"potions_floor_usage":[23,23,33],"damage_taken":[{"damage":0.0,"enemies":"Small Slimes","floor":1.0,"turns":1.0},{"damage":0.0,"enemies":"2 Louse","floor":2.0,"turns":1.0},{"damage":0.0,"enemies":"3 Sentries","floor":6.0,"turns":1.0},{"damage":11.0,"enemies":"Jaw Worm","floor":7.0,"turns":3.0},{"damage":0.0,"enemies":"Large Slime","floor":10.0,"turns":3.0},{"damage":13.0,"enemies":"Exordium Thugs","floor":13.0,"turns":4.0},{"damage":6.0,"enemies":"2 Fungi Beasts","floor":14.0,"turns":2.0},{"damage":28.0,"enemies":"Hexaghost","floor":16.0,"turns":6.0},{"damage":18,"enemies":"2 Thieves","floor":18,"turns":3},{"damage":45,"enemies":"Slavers","floor":23,"turns":4},{"damage":0,"enemies":"Chosen","floor":28,"turns":3},{"damage":3,"enemies":"Gremlin Leader","floor":29,"turns":4},{"damage":9,"enemies":"Centurion and Healer","floor":30,"turns":2},{"damage":6,"enemies":"3 Cultists","floor":31,"turns":3},{"damage":91,"enemies":"Champ","floor":33,"turns":9}],"event_choices":[{"event_name":"The Cleric","player_choice":"Card Removal","floor":3.0,"damage_taken":0.0},{"event_name":"Liars Game","player_choice":"agreed","floor":5.0,"damage_taken":0.0},{"event_name":"Bonfire Elementals","player_choice":"CURSE","floor":11.0,"damage_taken":0.0},{"event_name":"Wheel of Change","player_choice":"Curse","floor":20,"damage_taken":0},{"event_name":"Back to Basics","player_choice":"Elegance","floor":21,"damage_taken":0},{"event_name":"The Mausoleum","player_choice":"Yes","floor":22,"damage_taken":0},{"event_name":"The Library","player_choice":"Heal","floor":25,"damage_taken":0}],"boss_relics":[],"potions_floor_spawned":[1,2,7,14,16,18,28,30],"seed_played":"6863010498687703358","killed_by":"Champ","ascension_level":0,"is_trial":false}