{"gold_per_floor":[114,114,52,52,68,68,103,124,124,124,49,124,124,158,158,257,257,257,22,22,22,22],"floor_reached":22,"playtime":432,"items_purged":["Strike_R","Strike_R"],"score":376,"play_id":"227da353-4266-4b7a-9ff3-4cd2ad060669","local_time":"20180924154231","is_ascension_mode":true,"campfire_choices":[{"data":"Flex","floor":6.0,"key":"SMITH"},{"data":"Heavy Blade","floor":10.0,"key":"SMITH"},{"floor":13.0,"key":"REST"},{"floor":15.0,"key":"REST"}],"neow_cost":"NONE","seed_source_timestamp":270618474898991,"circlet_count":0,"master_deck":["Strike_R","Strike_R","Strike_R","Defend_R","Defend_R","Defend_R","Defend_R","Bash","AscendersBane","Heavy Blade+1","Flex+1","Headbutt+1","Pommel Strike+1","Sword Boomerang+1","Fiend Fire+1","Evolve","Pummel+1","Cleave+1"],"special_seed":0,"relics":["Burning Blood","Golden Idol","Molten Egg 2","Question Card","Art of War","Ectoplasm"],"potions_floor_usage":[16],"damage_taken":[{"damage":7.0,"enemies":"Jaw Worm","floor":1.0,"turns":3.0},{"damage":7.0,"enemies":"Cultist","floor":5.0,"turns":4.0},{"damage":32.0,"enemies":"Gremlin Nob","floor":7.0,"turns":4.0},{"damage":12.0,"enemies":"Small Slimes","floor":8.0,"turns":3.0},{"damage":30.0,"enemies":"3 Sentries","floor":14.0,"turns":7.0},{"damage":15,"enemies":"Slime Boss","floor":16,"turns":6},{"damage":28,"enemies":"Shell Parasite","floor":18,"turns":3},{"damage":35,"enemies":"Colosseum Slavers","floor":21,"turns":3},{"damage":0,"enemies":"2 Thieves","floor":22,"turns":1}],"seed_played":"-6133366578659204800","potions_obtained":[{"floor":1.0,"key":"Energy Potion"},{"floor":14.0,"key":"SteroidPotion"}],"is_trial":false,"path_per_floor":["M","?","$","?","M","R","E","M","T","R","$","?","R","E","R","B",null,"M","$","?","?"],"character_chosen":"IRONCLAD","items_purchased":["Flex","Pummel+1","Cleave+1"],"campfire_rested":2,"item_purchase_floors":[3,19,19],"current_hp_per_floor":[67,85,85,56,55,55,29,23,23,23,23,12,37,13,38,29,71,49,49,49,20,20],"gold":22,"neow_bonus":"ONE_RANDOM_RARE_CARD","is_prod":false,"is_daily":false,"chose_seed":false,"campfire_upgraded":2,"win_rate":0,"timestamp":1537774951,"path_taken":["M","?","$","?","?","R","E","M","T","R","$","?","R","E","R","BOSS","M","$","?","?","M"],"build_version":"2018-09-20","purchased_purges":2,"victory":false,"max_hp_per_floor":[75,85,85,85,85,85,85,85,85,85,85,85,85,85,85,85,85,85,85,85,85,85],"card_choices":[{"not_picked":["Ghostly Armor","Warcry"],"picked":"Heavy Blade","floor":1.0},{"not_picked":["Wild Strike","Body Slam","Clothesline"],"picked":"SKIP","floor":5.0},{"not_picked":["Wild Strike","Ghostly Armor"],"picked":"Headbutt","floor":7.0},{"not_picked":["Body Slam+1","Juggernaut"],"picked":"Pommel Strike+1","floor":8.0},{"not_picked":["Feel No Pain","Carnage+1","Havoc"],"picked":"Sword Boomerang+1","floor":14.0},{"not_picked":["Juggernaut","Bludgeon+1","Berserk"],"picked":"Fiend Fire+1","floor":16},{"not_picked":["Havoc","Dual Wield","Shockwave"],"picked":"Evolve","floor":18}],"player_experience":128710,"relics_obtained":[{"floor":7.0,"key":"Molten Egg 2"},{"floor":9.0,"key":"Question Card"},{"floor":14.0,"key":"Art of War"}],"event_choices":[{"event_name":"Bonfire Elementals","player_choice":"RARE","floor":2.0,"damage_taken":0.0},{"event_name":"Golden Idol","player_choice":"Take Damage","floor":4.0,"damage_taken":0.0},{"event_name":"World of Goop","player_choice":"Gather Gold","floor":12.0,"damage_taken":0.0},{"event_name":"Ghosts","player_choice":"Ignored","floor":20,"damage_taken":0},{"event_name":"Colosseum","player_choice":"Fight","floor":21,"damage_taken":0},{"event_name":"Colosseum","player_choice":"Fled From Nobs","floor":21,"damage_taken":0}],"is_beta":false,"boss_relics":[{"not_picked":["Mark of Pain","Calling Bell"],"picked":"Ectoplasm"}],"items_purged_floors":[11,19],"is_endless":false,"potions_floor_spawned":[1,14],"killed_by":"2 Thieves","ascension_level":20}