{"gold_per_floor":[116,31,81,91,103,103,121,121,421,440,440,453,453,481,481,558,558,572,273,323,342,352,352],"floor_reached":23,"playtime":2606,"items_purged":["Strike_G"],"score":366,"play_id":"3d78b4e1-60d7-42e3-ac3b-423d2c4e5eea","local_time":"20181229174818","is_ascension_mode":true,"campfire_choices":[{"data":"Noxious Fumes","floor":6.0,"key":"SMITH"},{"data":"Neutralize","floor":8.0,"key":"SMITH"},{"data":"Well Laid Plans","floor":11.0,"key":"SMITH"},{"data":"Noxious Fumes","floor":15,"key":"SMITH"}],"neow_cost":"PERCENT_DAMAGE","seed_source_timestamp":22958746238998,"circlet_count":0,"master_deck":["AscendersBane","Defend_G","Defend_G","Defend_G","Defend_G","Defend_G","Strike_G","Survivor","Neutralize+1","Corpse Explosion","Noxious Fumes+1","Backflip","Noxious Fumes+1","Well Laid Plans+1","Grand Finale","Reflex+1","Storm of Steel+1","Tools of the Trade+1","Well Laid Plans+1","Catalyst+1","Well Laid Plans+1"],"special_seed":0,"relics":["Ring of the Snake","Old Coin","Odd Mushroom","Astrolabe","DollysMirror"],"potions_floor_usage":[14],"damage_taken":[{"damage":1.0,"enemies":"Cultist","floor":1.0,"turns":4.0},{"damage":1.0,"enemies":"2 Louse","floor":4.0,"turns":4.0},{"damage":4.0,"enemies":"Small Slimes","floor":5.0,"turns":4.0},{"damage":5.0,"enemies":"Exordium Wildlife","floor":7.0,"turns":4.0},{"damage":0.0,"enemies":"2 Fungi Beasts","floor":10.0,"turns":2.0},{"damage":0.0,"enemies":"Blue Slaver","floor":12.0,"turns":5.0},{"damage":0,"enemies":"The Mushroom Lair","floor":14,"turns":3},{"damage":22,"enemies":"The Guardian","floor":16,"turns":9},{"damage":3,"enemies":"Shell Parasite","floor":18,"turns":6},{"damage":22,"enemies":"Spheric Guardian","floor":21,"turns":5},{"damage":14,"enemies":"Snake Plant","floor":22,"turns":4},{"damage":0,"enemies":"Sentry and Sphere","floor":23,"turns":2}],"seed_played":"3338464422213606183","potions_obtained":[{"floor":1.0,"key":"SpeedPotion"},{"floor":5.0,"key":"EssenceOfSteel"},{"floor":18,"key":"EssenceOfSteel"}],"is_trial":false,"path_per_floor":["M","$","?","M","M","R","M","R","T","M","R","M","?","?","R","B",null,"M","$","?","M","M","M"],"character_chosen":"THE_SILENT","items_purchased":["Noxious Fumes","DollysMirror"],"campfire_rested":0,"item_purchase_floors":[2,19],"current_hp_per_floor":[43,43,37,36,32,32,27,27,27,27,27,27,27,27,27,5,51,48,48,48,26,12,12],"gold":352,"neow_bonus":"THREE_RARE_CARDS","is_prod":false,"is_daily":false,"chose_seed":false,"campfire_upgraded":4,"win_rate":0,"timestamp":1546076898,"path_taken":["M","?","?","?","M","R","M","R","T","M","R","M","?","?","R","BOSS","M","$","?","M","M","M"],"build_version":"2018-12-20","purchased_purges":1,"victory":false,"max_hp_per_floor":[66,66,66,66,66,66,66,66,66,66,66,66,66,66,66,66,66,66,66,66,66,66,66],"card_choices":[{"not_picked":["Tools of the Trade","Phantasmal Killer"],"picked":"Corpse Explosion","floor":0.0},{"not_picked":["Skewer","Acrobatics","Underhanded Strike"],"picked":"SKIP","floor":1.0},{"not_picked":["Riddle With Holes","Dagger Throw"],"picked":"Backflip","floor":4.0},{"not_picked":["Prepared","Backstab","Quick Slash"],"picked":"SKIP","floor":5.0},{"not_picked":["Prepared","Backstab","Quick Slash"],"picked":"SKIP","floor":5.0},{"not_picked":["Accuracy","Underhanded Strike"],"picked":"Noxious Fumes","floor":7.0},{"not_picked":["Crippling Poison","Doppelganger"],"picked":"Well Laid Plans","floor":10.0},{"not_picked":["Underhanded Strike","Outmaneuver","Cloak And Dagger"],"picked":"SKIP","floor":12.0},{"not_picked":["Die Die Die","Unload"],"picked":"Grand Finale","floor":16},{"not_picked":["Outmaneuver","Flechettes","Quick Slash"],"picked":"SKIP","floor":18},{"not_picked":["Well Laid Plans","Acrobatics"],"picked":"Catalyst+1","floor":21},{"not_picked":["Sucker Punch+1","Bouncing Flask+1"],"picked":"Well Laid Plans+1","floor":22}],"player_experience":1574310,"relics_obtained":[{"floor":9.0,"key":"Old Coin"},{"floor":14,"key":"Odd Mushroom"}],"event_choices":[{"damage_healed":0.0,"max_hp_gain":0.0,"max_hp_loss":0.0,"gold_gain":50.0,"event_name":"FaceTrader","player_choice":"Touch","floor":3.0,"gold_loss":0.0,"damage_taken":6.0},{"damage_healed":0,"gold_gain":0,"player_choice":"Ignored","damage_taken":0,"max_hp_gain":0,"max_hp_loss":0,"event_name":"Liars Game","floor":13,"gold_loss":0},{"damage_healed":0,"gold_gain":0,"player_choice":"Fought Mushrooms","damage_taken":0,"max_hp_gain":0,"max_hp_loss":0,"event_name":"Mushrooms","floor":14,"gold_loss":0},{"damage_healed":0,"gold_gain":50,"player_choice":"Stole From Cult","damage_taken":0,"max_hp_gain":0,"max_hp_loss":0,"event_name":"Nest","floor":20,"gold_loss":0}],"is_beta":false,"boss_relics":[{"not_picked":["Ectoplasm","Ring of the Serpent"],"picked":"Astrolabe"}],"items_purged_floors":[19],"is_endless":false,"potions_floor_spawned":[1,5,10,18,21],"killed_by":"Sentry and Sphere","ascension_level":20}