{"gold_per_floor":[118,118,193,207,220,220,245,245,245,277,117,82,95,106,106,180,180,190,200,82,94,16,16,32,66,66,92,92,105,117,117,117,195,195,214,78,92,92,108,108,138,183,209,241,241,254,254,267,267,267,267,267,267,38,71,71],"floor_reached":57,"playtime":3482,"items_purged":["Strike_B","Strike_B","Strike_B"],"score":3124,"play_id":"3b546950-e82f-4d96-a607-d8a5126f4167","local_time":"20190221165600","is_ascension_mode":true,"campfire_choices":[{"data":"Zap","floor":6.0,"key":"SMITH"},{"data":"Beam Cell","floor":8.0,"key":"SMITH"},{"data":"Blizzard","floor":15.0,"key":"SMITH"},{"data":"Dualcast","floor":23.0,"key":"SMITH"},{"data":"Turbo","floor":32.0,"key":"SMITH"},{"data":"Heatsinks","floor":40.0,"key":"SMITH"},{"data":"Buffer","floor":45.0,"key":"SMITH"},{"data":"Loop","floor":47.0,"key":"SMITH"},{"floor":49.0,"key":"RECALL"},{"data":"Biased Cognition","floor":53.0,"key":"SMITH"}],"neow_cost":"NONE","seed_source_timestamp":0,"circlet_count":0,"master_deck":["AscendersBane","Defend_B","Defend_B+1","Defend_B+1","Defend_B","Zap+1","Dualcast+1","Turbo+1","Cold Snap","Compile Driver","Beam Cell+1","Coolheaded+1","Undo+1","Biased Cognition+1","Blizzard+1","Seek+1","Chill+1","Skim+1","Hologram+1","Undo+1","Turbo+1","Glacier+1","Chaos+1","Glacier+1","Reinforced Body+1","Core Surge","Hologram+1","Buffer+1","Reprogram+1","Heatsinks+1","Hologram+1","Undo+1","Seek+1","Glacier+1","Loop+1","Cold Snap","Fission+1","Stack+1"],"special_seed":0,"relics":["Cracked Core","Vajra","Kunai","Letter Opener","Toxic Egg 2","Coffee Dripper","Regal Pillow","Symbiotic Virus","Smiling Mask","Turnip","Inserter","Mummified Hand","Shovel","War Paint","Unceasing Top"],"potions_floor_usage":[56,56],"damage_taken":[{"damage":1.0,"enemies":"2 Louse","floor":1.0,"turns":3.0},{"damage":0.0,"enemies":"Small Slimes","floor":4.0,"turns":2.0},{"damage":0.0,"enemies":"Cultist","floor":5.0,"turns":4.0},{"damage":13.0,"enemies":"Lagavulin","floor":7.0,"turns":7.0},{"damage":30.0,"enemies":"3 Sentries","floor":10.0,"turns":7.0},{"damage":3.0,"enemies":"3 Louse","floor":13.0,"turns":2.0},{"damage":0.0,"enemies":"Blue Slaver","floor":14.0,"turns":2.0},{"damage":9.0,"enemies":"The Guardian","floor":16.0,"turns":14.0},{"damage":17.0,"enemies":"2 Thieves","floor":18.0,"turns":3.0},{"damage":0.0,"enemies":"Spheric Guardian","floor":19.0,"turns":4.0},{"damage":16.0,"enemies":"Snecko","floor":21.0,"turns":6.0},{"damage":0.0,"enemies":"3 Cultists","floor":24.0,"turns":3.0},{"damage":0.0,"enemies":"Slavers","floor":25.0,"turns":4.0},{"damage":9.0,"enemies":"Gremlin Leader","floor":27.0,"turns":5.0},{"damage":0.0,"enemies":"Snake Plant","floor":29.0,"turns":2.0},{"damage":10.0,"enemies":"Centurion and Healer","floor":30.0,"turns":3.0},{"damage":15.0,"enemies":"Champ","floor":33.0,"turns":14.0},{"damage":0.0,"enemies":"Orb Walker","floor":35.0,"turns":5.0},{"damage":0.0,"enemies":"3 Shapes","floor":37.0,"turns":3.0},{"damage":0.0,"enemies":"Spire Growth","floor":39.0,"turns":5.0},{"damage":8.0,"enemies":"Nemesis","floor":41.0,"turns":7.0},{"damage":1.0,"enemies":"2 Orb Walkers","floor":42.0,"turns":4.0},{"damage":0.0,"enemies":"Giant Head","floor":44.0,"turns":7.0},{"damage":0.0,"enemies":"Maw","floor":46.0,"turns":7.0},{"damage":0.0,"enemies":"Transient","floor":48.0,"turns":6.0},{"damage":2.0,"enemies":"Time Eater","floor":50.0,"turns":13.0},{"damage":0.0,"enemies":"Awakened One","floor":51.0,"turns":13.0},{"damage":0.0,"enemies":"Shield and Spear","floor":55.0,"turns":9.0},{"damage":0,"enemies":"The Heart","floor":56,"turns":14}],"seed_played":"282746874439038753","potions_obtained":[{"floor":4.0,"key":"Poison Potion"},{"floor":10.0,"key":"Poison Potion"},{"floor":16.0,"key":"LiquidBronze"},{"floor":19.0,"key":"SteroidPotion"},{"floor":21.0,"key":"Block Potion"},{"floor":27.0,"key":"Ancient Potion"},{"floor":30.0,"key":"Energy Potion"},{"floor":33.0,"key":"AttackPotion"},{"floor":37.0,"key":"FocusPotion"},{"floor":44.0,"key":"Strength Potion"}],"is_trial":false,"path_per_floor":["M","?","?","M","M","R","E","R","T","E","$","?","M","M","R","B",null,"M","M","$","M","$","R","M","E","T","E","?","M","M","?","R","B",null,"M","$","M","?","M","R","E","?","T","E","R","M","R","M","R","B","B",null,"R","$","E","B",null],"character_chosen":"DEFECT","items_purchased":["Undo+1","Hologram+1","Undo+1","Glacier+1","Heatsinks","Fission+1"],"campfire_rested":0,"item_purchase_floors":[11,20,20,22,36,54],"current_hp_per_floor":[63,56,45,45,45,45,32,32,32,2,2,19,16,16,16,7,55,38,38,38,22,22,22,22,22,22,13,13,13,3,17,17,2,54,54,54,54,54,54,54,46,45,45,45,45,45,45,45,45,43,43,61,61,61,61,61],"gold":71,"neow_bonus":"RANDOM_COMMON_RELIC","is_prod":false,"is_daily":false,"chose_seed":false,"campfire_upgraded":9,"win_rate":0,"timestamp":1550739360,"path_taken":["M","?","?","M","M","R","E","R","T","E","$","?","M","M","R","BOSS","M","M","$","M","$","R","M","E","T","E","?","?","M","?","R","BOSS","M","$","M","?","M","R","E","?","T","E","R","M","R","M","R","BOSS","BOSS","R","$","E","BOSS"],"build_version":"2019-01-23","purchased_purges":3,"victory":true,"max_hp_per_floor":[71,71,71,71,71,71,71,71,71,71,71,71,71,71,71,71,71,71,71,71,71,71,71,71,71,71,71,71,71,71,71,71,71,71,71,71,71,67,67,67,67,67,67,67,67,67,67,67,67,67,67,67,67,67,67,67],"card_choices":[{"not_picked":["Leap","Stack"],"picked":"Turbo","floor":1.0},{"not_picked":["Aggregate","Turbo"],"picked":"Cold Snap","floor":4.0},{"not_picked":["Stack","Leap"],"picked":"Compile Driver","floor":5.0},{"not_picked":["Ball Lightning","Steam Power"],"picked":"Beam Cell","floor":7.0},{"not_picked":["Sweeping Beam","Darkness"],"picked":"Coolheaded","floor":10.0},{"not_picked":["Aggregate+1","Scrape"],"picked":"Biased Cognition","floor":13.0},{"not_picked":["Hologram+1","Leap+1"],"picked":"Blizzard","floor":14.0},{"not_picked":["Reboot+1","Fission+1"],"picked":"Seek+1","floor":16.0},{"not_picked":["Beam Cell+1","Compile Driver"],"picked":"Chill+1","floor":18.0},{"not_picked":["Streamline","Ball Lightning"],"picked":"Skim+1","floor":19.0},{"not_picked":["Cold Snap","Redo+1"],"picked":"Turbo+1","floor":21.0},{"not_picked":["Rebound","Genetic Algorithm+1"],"picked":"Chaos+1","floor":24.0},{"not_picked":["Auto Shields+1","Leap+1"],"picked":"Glacier+1","floor":25.0},{"not_picked":["Streamline","Coolheaded+1"],"picked":"Reinforced Body+1","floor":27.0},{"not_picked":["Heatsinks","Streamline+1"],"picked":"Core Surge","floor":29.0},{"not_picked":["Go for the Eyes","Tempest+1"],"picked":"Hologram+1","floor":30.0},{"not_picked":["Hyperbeam","Amplify+1"],"picked":"Buffer","floor":33.0},{"not_picked":["Rebound","Sunder"],"picked":"Reprogram+1","floor":35.0},{"not_picked":["Streamline","Beam Cell","Hologram+1"],"picked":"SKIP","floor":37.0},{"not_picked":["Streamline","Beam Cell"],"picked":"Hologram+1","floor":37.0},{"not_picked":["Blizzard","Compile Driver+1"],"picked":"Undo+1","floor":39.0},{"not_picked":["Capacitor","Cold Snap"],"picked":"Seek+1","floor":41.0},{"not_picked":["Conserve Battery+1","Reinforced Body+1"],"picked":"Glacier+1","floor":44.0},{"not_picked":["Coolheaded+1","Conserve Battery+1"],"picked":"Loop","floor":46.0},{"not_picked":["Sweeping Beam+1","Steam+1"],"picked":"Cold Snap","floor":48.0},{"not_picked":["Electrodynamics","Compile Driver"],"picked":"Stack+1","floor":55.0}],"player_experience":882007,"relics_obtained":[{"floor":7.0,"key":"Kunai"},{"floor":9.0,"key":"Letter Opener"},{"floor":10.0,"key":"Toxic Egg 2"},{"floor":25.0,"key":"Regal Pillow"},{"floor":26.0,"key":"Symbiotic Virus"},{"floor":27.0,"key":"Smiling Mask"},{"floor":41.0,"key":"Mummified Hand"},{"floor":42.0,"key":"Shovel"},{"floor":44.0,"key":"War Paint"},{"floor":55.0,"key":"Unceasing Top"}],"event_choices":[{"cards_removed":["Strike_B"],"damage_healed":0.0,"max_hp_gain":0.0,"max_hp_loss":0.0,"gold_gain":0.0,"event_name":"Golden Wing","player_choice":"Card Removal","floor":2.0,"gold_loss":0.0,"damage_taken":7.0},{"damage_healed":0.0,"max_hp_gain":0.0,"max_hp_loss":0.0,"gold_gain":75.0,"event_name":"World of Goop","player_choice":"Gather Gold","floor":3.0,"gold_loss":0.0,"damage_taken":11.0},{"damage_healed":17.0,"max_hp_gain":0.0,"max_hp_loss":0.0,"gold_gain":0.0,"event_name":"The Cleric","player_choice":"Healed","floor":12.0,"gold_loss":35.0,"damage_taken":0.0},{"damage_healed":0.0,"max_hp_gain":0.0,"max_hp_loss":0.0,"gold_gain":0.0,"event_name":"WeMeetAgain","player_choice":"Gave Potion","floor":28.0,"gold_loss":0.0,"damage_taken":0.0,"relics_obtained":["Turnip"]},{"damage_healed":14.0,"max_hp_gain":0.0,"max_hp_loss":0.0,"gold_gain":0.0,"event_name":"The Library","player_choice":"Heal","floor":31.0,"gold_loss":0.0,"damage_taken":0.0},{"damage_healed":0.0,"max_hp_gain":0.0,"max_hp_loss":4.0,"gold_gain":0.0,"event_name":"Winding Halls","player_choice":"Max HP","floor":38.0,"gold_loss":0.0,"damage_taken":0.0},{"damage_healed":0.0,"max_hp_gain":0.0,"max_hp_loss":0.0,"gold_gain":0.0,"event_name":"Mysterious Sphere","player_choice":"Fight","floor":42.0,"gold_loss":0.0,"damage_taken":0.0}],"is_beta":false,"boss_relics":[{"not_picked":["Black Star","Runic Dome"],"picked":"Coffee Dripper"},{"not_picked":["Velvet Choker","Lizard Tail"],"picked":"Inserter"}],"items_purged_floors":[11,36,54],"is_endless":false,"potions_floor_spawned":[4,10,16,19,21,27,30,33,37,39,44,46],"ascension_level":20}