{"gold_per_floor":[112,112,128,128,147,147,163,163,216,227,246,257,257,272,272,371,371,385,385,401,23,40,40,56,56,56,56,68,97,97,97,97,196,196,208,208,208,257,128,128,161,161,212,232,250,250,269,219,219,219],"floor_reached":51,"playtime":1668,"items_purged":["Strike_G","Strike_G","Strike_G"],"score":739,"play_id":"221bc896-fe5c-4bd3-b8fb-4e8be8680ecc","local_time":"20181023192128","is_ascension_mode":false,"campfire_choices":[{"data":"Neutralize","floor":6.0,"key":"SMITH"},{"data":"Catalyst","floor":8.0,"key":"SMITH"},{"data":"Deadly Poison","floor":13.0,"key":"SMITH"},{"data":"Glass Knife","floor":15.0,"key":"SMITH"},{"data":"Catalyst","floor":23.0,"key":"SMITH"},{"data":"Catalyst","floor":25.0,"key":"SMITH"},{"data":"Wraith Form v2","floor":30,"key":"SMITH"},{"data":"Footwork","floor":32,"key":"SMITH"},{"data":"Turbo","floor":40,"key":"SMITH"},{"data":"Adrenaline","floor":42,"key":"SMITH"},{"data":"Neutralize","floor":46,"key":"SMITH"},{"data":"Steam","floor":49,"key":"SMITH"}],"neow_cost":"NONE","seed_source_timestamp":34597355346497,"circlet_count":0,"master_deck":["Defend_G","Defend_G","Defend_G","Defend_G","Survivor","Neutralize+1","Endless Agony","Catalyst+1","Dagger Throw","Glass Knife+1","Deadly Poison+1","Wraith Form v2+1","Backflip","Catalyst+1","Adrenaline+1","Catalyst+1","Footwork+1","Flame Barrier+1","Bloodletting+1","Turbo+1","Dark Embrace","Blade Dance+1","Neutralize+1","Static Discharge+1","Infinite Blades","Catalyst+1","Madness+1","Glacier","Steam+1"],"special_seed":0,"relics":["Ring of the Snake","Smiling Mask","Coffee Dripper","PrismaticShard","Paper Crane","Lantern","Runic Pyramid","Gambling Chip","Regal Pillow","Bag of Marbles"],"potions_floor_usage":[29],"damage_taken":[{"damage":0.0,"enemies":"Small Slimes","floor":1.0,"turns":3.0},{"damage":0.0,"enemies":"2 Louse","floor":3.0,"turns":3.0},{"damage":2.0,"enemies":"Cultist","floor":5.0,"turns":5.0},{"damage":0.0,"enemies":"2 Fungi Beasts","floor":7.0,"turns":3.0},{"damage":0.0,"enemies":"Large Slime","floor":10.0,"turns":6.0},{"damage":1.0,"enemies":"3 Louse","floor":11.0,"turns":3.0},{"damage":0.0,"enemies":"Exordium Wildlife","floor":12.0,"turns":5.0},{"damage":0.0,"enemies":"Large Slime","floor":14.0,"turns":4.0},{"damage":46.0,"enemies":"Hexaghost","floor":16.0,"turns":9.0},{"damage":3.0,"enemies":"2 Thieves","floor":18.0,"turns":4.0},{"damage":0.0,"enemies":"Spheric Guardian","floor":20.0,"turns":4.0},{"damage":5.0,"enemies":"Snake Plant","floor":22.0,"turns":4.0},{"damage":6.0,"enemies":"Shelled Parasite and Fungi","floor":24.0,"turns":3.0},{"damage":0.0,"enemies":"Cultist and Chosen","floor":28.0,"turns":3.0},{"damage":10,"enemies":"Slavers","floor":29,"turns":6},{"damage":6,"enemies":"Automaton","floor":33,"turns":8},{"damage":0,"enemies":"3 Shapes","floor":35,"turns":5},{"damage":4,"enemies":"2 Orb Walkers","floor":38,"turns":4},{"damage":4,"enemies":"Nemesis","floor":41,"turns":3},{"damage":5,"enemies":"3 Darklings","floor":44,"turns":4},{"damage":0,"enemies":"Transient","floor":45,"turns":4},{"damage":0,"enemies":"4 Shapes","floor":47,"turns":7},{"damage":16,"enemies":"Time Eater","floor":50,"turns":2}],"seed_played":"-7375063375805057594","potions_obtained":[{"floor":3.0,"key":"Poison Potion"},{"floor":10.0,"key":"Dexterity Potion"},{"floor":12.0,"key":"Swift Potion"},{"floor":14.0,"key":"SteroidPotion"},{"floor":18.0,"key":"Fire Potion"},{"floor":20.0,"key":"GhostInAJar"},{"floor":28.0,"key":"Fire Potion"},{"floor":33,"key":"Fire Potion"},{"floor":44,"key":"PowerPotion"}],"is_trial":false,"path_per_floor":["M","?","M","?","M","R","M","R","T","M","M","M","R","M","R","B",null,"M","?","M","$","M","R","M","R","T","?","M","E","R","?","R","B",null,"M","?","?","?","$","R","E","R","T","M","M","R","M","$","R","B"],"character_chosen":"THE_SILENT","items_purchased":["Catalyst","Footwork","PrismaticShard","Infinite Blades"],"campfire_rested":0,"item_purchase_floors":[21,21,21,39],"current_hp_per_floor":[70,63,63,63,61,61,61,61,61,61,60,60,60,60,60,14,70,67,67,67,67,62,62,56,56,56,43,43,33,33,33,33,27,75,75,75,75,71,71,71,67,67,67,62,62,62,62,62,62,46],"gold":219,"neow_bonus":"THREE_CARDS","is_prod":false,"is_daily":false,"chose_seed":false,"campfire_upgraded":12,"win_rate":0,"timestamp":1540293688,"path_taken":["M","?","M","?","M","R","?","R","T","M","M","M","R","M","R","BOSS","M","?","M","$","M","R","M","R","T","?","M","E","R","?","R","BOSS","M","?","?","?","$","R","E","R","T","M","M","R","?","$","R","BOSS"],"build_version":"2018-10-18","purchased_purges":3,"victory":true,"max_hp_per_floor":[70,70,70,70,70,70,70,70,70,70,70,70,70,70,70,70,70,70,70,70,70,70,70,70,70,70,75,75,75,75,75,75,75,75,75,75,75,75,75,75,75,75,75,75,75,75,75,75,75,75],"card_choices":[{"not_picked":["PiercingWail","Terror"],"picked":"Endless Agony","floor":0.0},{"not_picked":["Acrobatics","Quick Slash","PiercingWail"],"picked":"SKIP","floor":1.0},{"not_picked":["Flying Knee","Caltrops","PiercingWail"],"picked":"SKIP","floor":3.0},{"not_picked":["Dodge and Roll","Riddle With Holes"],"picked":"Catalyst","floor":5.0},{"not_picked":["Setup","Dagger Spray","Dagger Throw"],"picked":"SKIP","floor":7.0},{"not_picked":["Dagger Throw","Flying Knee","Flechettes"],"picked":"SKIP","floor":10.0},{"not_picked":["Flying Knee","Flechettes"],"picked":"Dagger Throw","floor":10.0},{"not_picked":["Terror","Expertise"],"picked":"Glass Knife","floor":11.0},{"not_picked":["Sucker Punch","Underhanded Strike"],"picked":"Deadly Poison","floor":12.0},{"not_picked":["Prepared","Deflect","Cloak And Dagger"],"picked":"SKIP","floor":14.0},{"not_picked":["Doppelganger","Envenom"],"picked":"Wraith Form v2","floor":16.0},{"not_picked":["Riddle With Holes+1","Crippling Poison"],"picked":"Backflip","floor":18.0},{"not_picked":["All Out Attack+1","Underhanded Strike","PiercingWail"],"picked":"SKIP","floor":20.0},{"not_picked":["Redo","Backflip"],"picked":"Flame Barrier+1","floor":22.0},{"not_picked":["Heavy Blade","Streamline"],"picked":"Bloodletting+1","floor":24.0},{"not_picked":["Thunder Strike","Rebound","Rip and Tear"],"picked":"SKIP","floor":28.0},{"not_picked":["Iron Wave","Streamline"],"picked":"Turbo","floor":29},{"not_picked":["Metamorphosis","A Thousand Cuts"],"picked":"Dark Embrace","floor":33},{"not_picked":["Loop","Heavy Blade+1"],"picked":"Blade Dance+1","floor":35},{"not_picked":["Clash+1","Iron Wave+1"],"picked":"Static Discharge+1","floor":38},{"not_picked":["Dagger Spray+1","Headbutt+1"],"picked":"Catalyst+1","floor":41},{"not_picked":["Blizzard","Dagger Spray+1"],"picked":"Madness+1","floor":44},{"not_picked":["All Out Attack+1","PiercingWail"],"picked":"Glacier","floor":45},{"not_picked":["Discovery+1","Metamorphosis"],"picked":"Steam","floor":47}],"player_experience":573392,"relics_obtained":[{"floor":9.0,"key":"Smiling Mask"},{"floor":26.0,"key":"Paper Crane"},{"floor":29,"key":"Lantern"},{"floor":38,"key":"Gambling Chip"},{"floor":41,"key":"Regal Pillow"},{"floor":43,"key":"Bag of Marbles"}],"event_choices":[{"cards_removed":["Strike_G"],"damage_healed":0.0,"max_hp_gain":0.0,"max_hp_loss":0.0,"gold_gain":0.0,"event_name":"Golden Wing","player_choice":"Card Removal","floor":2.0,"gold_loss":0.0,"damage_taken":7.0},{"cards_removed":["Defend_G"],"damage_healed":0.0,"max_hp_gain":0.0,"max_hp_loss":0.0,"gold_gain":0.0,"event_name":"Living Wall","player_choice":"Forget","floor":4.0,"gold_loss":0.0,"damage_taken":0.0},{"damage_healed":0.0,"max_hp_gain":0.0,"max_hp_loss":0.0,"gold_gain":0.0,"event_name":"Match and Keep!","player_choice":"2 cards matched","floor":19.0,"gold_loss":0.0,"damage_taken":0.0,"cards_obtained":["Catalyst","Adrenaline"]},{"damage_healed":0.0,"max_hp_gain":5.0,"max_hp_loss":0.0,"gold_gain":0.0,"event_name":"Forgotten Altar","player_choice":"Shed Blood","floor":27.0,"gold_loss":0.0,"damage_taken":18.0},{"damage_healed":0,"gold_gain":0,"player_choice":"Ignored","damage_taken":0,"max_hp_gain":0,"max_hp_loss":0,"event_name":"Vampires","floor":31,"gold_loss":0},{"cards_removed":["Strike_G"],"damage_healed":0,"gold_gain":0,"player_choice":"Removed Attack","damage_taken":0,"max_hp_gain":0,"max_hp_loss":0,"event_name":"Falling","floor":36,"gold_loss":0},{"damage_healed":0,"gold_gain":0,"player_choice":"1 cards matched","damage_taken":0,"max_hp_gain":0,"max_hp_loss":0,"event_name":"Match and Keep!","floor":37,"gold_loss":0,"cards_obtained":["Neutralize"]},{"damage_healed":0,"gold_gain":0,"player_choice":"Fight","damage_taken":0,"max_hp_gain":0,"max_hp_loss":0,"event_name":"Mysterious Sphere","floor":38,"gold_loss":0}],"is_beta":false,"boss_relics":[{"not_picked":["Runic Dome","Fusion Hammer"],"picked":"Coffee Dripper"},{"not_picked":["Sozu","Philosopher\u0027s Stone"],"picked":"Runic Pyramid"}],"items_purged_floors":[21,39,48],"is_endless":false,"potions_floor_spawned":[3,10,12,14,18,20,28,33,41,44,47],"ascension_level":0}