{"gold_per_floor":[112,112,112,37,55,86,104,104,157,157,57,71,90,100,100,100],"floor_reached":16,"playtime":281,"items_purged":["Strike_G","Strike_G"],"score":254,"play_id":"9d34e301-eda5-4e46-8452-8d538fea9cc4","local_time":"20190108231945","is_ascension_mode":true,"campfire_choices":[{"floor":8,"key":"RECALL"},{"data":"Survivor","floor":10,"key":"SMITH"},{"data":"Deadly Poison","floor":15,"key":"SMITH"}],"neow_cost":"NONE","seed_source_timestamp":42571266333733,"circlet_count":0,"master_deck":["AscendersBane","Defend_G","Defend_G","Defend_G","Defend_G","Defend_G","Strike_G","Strike_G","Survivor+1","Neutralize+1","Bouncing Flask+1","Deadly Poison+1","Grand Finale"],"relics":["Ring of the Snake","NeowsBlessing","Boot","Tiny Chest"],"potions_floor_usage":[12,14],"damage_taken":[{"damage":0,"enemies":"2 Louse","floor":1,"turns":1},{"damage":0,"enemies":"Small Slimes","floor":5,"turns":1},{"damage":0,"enemies":"Gremlin Nob","floor":6,"turns":1},{"damage":0,"enemies":"Cultist","floor":7,"turns":3},{"damage":3,"enemies":"3 Louse","floor":12,"turns":4},{"damage":0,"enemies":"Looter","floor":13,"turns":3},{"damage":13,"enemies":"Gremlin Gang","floor":14,"turns":6},{"damage":0,"enemies":"Slime Boss","floor":16,"turns":1}],"seed_played":"-6340959348631172116","potions_obtained":[{"floor":1,"key":"GhostInAJar"},{"floor":6,"key":"Fire Potion"},{"floor":12,"key":"AttackPotion"}],"is_trial":false,"path_per_floor":["M","?","?","$","M","E","M","R","T","R","$","M","M","M","R","B"],"character_chosen":"THE_SILENT","items_purchased":[],"campfire_rested":0,"item_purchase_floors":[],"current_hp_per_floor":[59,39,39,39,39,39,39,39,39,39,39,36,36,23,23,23],"gold":100,"neow_bonus":"THREE_ENEMY_KILL","is_prod":false,"is_daily":false,"chose_seed":false,"campfire_upgraded":2,"win_rate":0,"timestamp":1546960785,"path_taken":["M","?","?","$","M","E","M","R","T","R","$","?","M","M","R","BOSS"],"build_version":"2019-01-03v4","purchased_purges":2,"victory":false,"max_hp_per_floor":[66,66,66,66,66,66,66,66,66,66,66,66,66,66,66,66],"card_choices":[{"not_picked":["Infinite Blades","Choke"],"picked":"Bouncing Flask","floor":1},{"not_picked":["Bouncing Flask","Bane","Underhanded Strike"],"picked":"SKIP","floor":5},{"not_picked":["Outmaneuver","Acrobatics","Slice"],"picked":"SKIP","floor":6},{"not_picked":["Acrobatics","PiercingWail","Poisoned Stab"],"picked":"SKIP","floor":7},{"not_picked":["Escape Plan","Acrobatics"],"picked":"Deadly Poison","floor":12},{"not_picked":["Sucker Punch","Crippling Poison"],"picked":"Grand Finale","floor":13},{"not_picked":["Bane","Prepared","Dagger Spray"],"picked":"SKIP","floor":14}],"player_experience":1869976,"relics_obtained":[{"floor":6,"key":"Boot"},{"floor":9,"key":"Tiny Chest"}],"event_choices":[{"damage_healed":0,"gold_gain":0,"player_choice":"Entered Light","damage_taken":20,"max_hp_gain":0,"max_hp_loss":0,"event_name":"Shining Light","floor":2,"gold_loss":0,"cards_upgraded":["Neutralize","Bouncing Flask"]},{"cards_removed":["Strike_G"],"damage_healed":0,"gold_gain":0,"player_choice":"Offered Basic","damage_taken":0,"max_hp_gain":0,"max_hp_loss":0,"event_name":"Bonfire Elementals","floor":3,"gold_loss":0}],"is_beta":false,"boss_relics":[],"items_purged_floors":[4,11],"is_endless":false,"potions_floor_spawned":[1,6,7,12],"killed_by":"Slime Boss","ascension_level":20}