{"gold_per_floor":[365,202,202,216,216,216,248,248,271,271,352,368,368,21,21,118,118,58,58,58,58,58,58,58,58,58,58,58,58,58,58,58,58,58,58,58,58,58,58,58,58,22,22,22,22,22,22,22,22,22],"floor_reached":51,"playtime":4081,"items_purged":["Strike_G"],"score":766,"play_id":"48b18cac-cc3b-4ca7-9b20-09ae0584aa2c","local_time":"20181030214544","is_ascension_mode":false,"campfire_choices":[{"data":"Noxious Fumes","floor":6.0,"key":"SMITH"},{"data":"Neutralize","floor":8.0,"key":"SMITH"},{"data":"Poisoned Stab","floor":10.0,"key":"SMITH"},{"data":"Bouncing Flask","floor":15.0,"key":"SMITH"},{"data":"Creative AI","floor":23.0,"key":"SMITH"},{"data":"Backflip","floor":28.0,"key":"SMITH"},{"data":"Survivor","floor":30.0,"key":"SMITH"},{"data":"Defend_G","floor":32.0,"key":"SMITH"},{"floor":40,"key":"REST"},{"data":"Blur","floor":45,"key":"SMITH"},{"floor":49,"key":"REST"}],"neow_cost":"PERCENT_DAMAGE","seed_source_timestamp":38718826292510,"circlet_count":0,"master_deck":["Defend_G+1","Defend_G+1","Defend_G+1","Defend_G+1","Defend_G+1","Strike_G+1","Survivor+1","Neutralize+1","Noxious Fumes+1","Poisoned Stab+1","Bouncing Flask+1","Creative AI+1","Deadly Poison+1","Pommel Strike+1","Good Instincts+1","Chaos+1","Bane+1","Predator+1","Backflip+1","Adrenaline+1","Heavy Blade+1","Hologram+1","Blur+1","Flex+1","Go for the Eyes+1"],"special_seed":0,"relics":["Ring of the Snake","Strawberry","Centennial Puzzle","Paper Crane","PrismaticShard","Oddly Smooth Stone","Ectoplasm","Ornamental Fan","Omamori","Lizard Tail","Mark of the Bloom","Lantern","Tiny Chest","Boot"],"potions_floor_usage":[50,50],"damage_taken":[{"damage":2.0,"enemies":"Small Slimes","floor":1.0,"turns":5.0},{"damage":0.0,"enemies":"Cultist","floor":4.0,"turns":5.0},{"damage":46.0,"enemies":"Gremlin Nob","floor":7.0,"turns":6.0},{"damage":0.0,"enemies":"2 Louse","floor":12.0,"turns":3.0},{"damage":0.0,"enemies":"Hexaghost","floor":16.0,"turns":7.0},{"damage":5.0,"enemies":"2 Thieves","floor":18.0,"turns":4.0},{"damage":1.0,"enemies":"3 Byrds","floor":19.0,"turns":3.0},{"damage":0.0,"enemies":"Cultist and Chosen","floor":21.0,"turns":6.0},{"damage":9.0,"enemies":"3 Cultists","floor":22.0,"turns":6.0},{"damage":4.0,"enemies":"Snake Plant","floor":24.0,"turns":4.0},{"damage":0.0,"enemies":"Chosen and Byrds","floor":27.0,"turns":5.0},{"damage":5.0,"enemies":"Champ","floor":33.0,"turns":11.0},{"damage":0.0,"enemies":"3 Darklings","floor":35.0,"turns":6.0},{"damage":0,"enemies":"Orb Walker","floor":41,"turns":3},{"damage":0,"enemies":"4 Shapes","floor":46,"turns":5},{"damage":0,"enemies":"Writhing Mass","floor":47,"turns":5},{"damage":70,"enemies":"Donu and Deca","floor":50,"turns":13}],"seed_played":"-488924520700346897","potions_obtained":[{"floor":4.0,"key":"Energy Potion"},{"floor":16.0,"key":"AttackPotion"},{"floor":19.0,"key":"Block Potion"},{"floor":21.0,"key":"SpeedPotion"},{"floor":24.0,"key":"SteroidPotion"},{"floor":35.0,"key":"SteroidPotion"}],"is_trial":false,"path_per_floor":["M","$","?","M","?","R","E","R","T","R","T","M","?","$","R","B",null,"M","M","?","M","M","R","M","?","T","M","R","$","R","T","R","B",null,"M","?","$","?","T","R","M","$","T","T","R","M","M","$","R","B"],"character_chosen":"THE_SILENT","items_purchased":["Noxious Fumes","Explosive Potion","PrismaticShard","Oddly Smooth Stone","Blur"],"campfire_rested":2,"item_purchase_floors":[2,2,14,14,42],"current_hp_per_floor":[47,47,70,70,63,63,24,24,24,24,24,24,9,9,9,9,77,72,71,71,71,62,62,58,58,58,58,58,58,58,58,58,53,77,77,77,77,77,77,77,77,77,77,77,77,77,77,77,77,7],"gold":22,"neow_bonus":"TWO_FIFTY_GOLD","is_prod":false,"is_daily":false,"chose_seed":false,"campfire_upgraded":9,"win_rate":0,"timestamp":1540907144,"path_taken":["M","$","?","M","?","R","E","R","T","R","?","M","?","?","R","BOSS","M","M","?","M","?","R","M","?","T","M","R","?","R","?","R","BOSS","M","?","$","?","?","R","M","?","T","?","R","M","M","$","R","BOSS"],"build_version":"2018-10-25v2","purchased_purges":1,"victory":true,"max_hp_per_floor":[70,70,70,70,70,70,77,77,77,77,77,77,77,77,77,77,77,77,77,77,77,77,77,77,77,77,77,77,77,77,77,77,77,77,77,77,77,77,77,77,77,77,77,77,77,77,77,77,77,77],"card_choices":[{"not_picked":["Acrobatics","Quick Slash"],"picked":"Tactician","floor":1.0},{"not_picked":["Masterful Stab","Terror","PiercingWail"],"picked":"SKIP","floor":4.0},{"not_picked":["Dash","Tactician"],"picked":"Poisoned Stab","floor":7.0},{"not_picked":["Quick Slash","All Out Attack"],"picked":"Bouncing Flask","floor":12.0},{"not_picked":["Secret Technique","Meteor Strike"],"picked":"Creative AI","floor":16.0},{"not_picked":["Caltrops","Barrage"],"picked":"Deadly Poison","floor":18.0},{"not_picked":["Steam","Havoc"],"picked":"Pommel Strike+1","floor":19.0},{"not_picked":["Compile Driver+1","Steam"],"picked":"Flash of Steel","floor":21.0},{"not_picked":["Turbo","Prepared"],"picked":"Good Instincts","floor":22.0},{"not_picked":["Dodge and Roll","Sweeping Beam"],"picked":"Chaos","floor":24.0},{"not_picked":["Endless Agony+1","Cold Snap"],"picked":"Backflip","floor":27.0},{"not_picked":["Die Die Die","Double Tap"],"picked":"Adrenaline","floor":33.0},{"not_picked":["Heavy Blade+1","Consume+1","Predator"],"picked":"SKIP","floor":35.0},{"not_picked":["Consume+1","Predator"],"picked":"Heavy Blade+1","floor":35.0},{"not_picked":["Steam Power+1","Sucker Punch"],"picked":"Hologram+1","floor":41},{"not_picked":["Noxious Fumes+1","Rebound+1"],"picked":"Flex+1","floor":46},{"not_picked":["Riddle With Holes+1","Ball Lightning+1"],"picked":"Go for the Eyes+1","floor":47}],"player_experience":750812,"relics_obtained":[{"floor":7.0,"key":"Strawberry"},{"floor":9.0,"key":"Centennial Puzzle"},{"floor":11.0,"key":"Paper Crane"},{"floor":26.0,"key":"Ornamental Fan"},{"floor":31.0,"key":"Omamori"},{"floor":39,"key":"Lantern"},{"floor":43,"key":"Tiny Chest"},{"floor":44,"key":"Boot"}],"event_choices":[{"cards_removed":["Tactician"],"damage_healed":23.0,"max_hp_gain":0.0,"max_hp_loss":0.0,"gold_gain":0.0,"event_name":"Bonfire Elementals","player_choice":"Offered Uncommon","floor":3.0,"gold_loss":0.0,"damage_taken":0.0},{"cards_removed":["Strike_G"],"damage_healed":0.0,"max_hp_gain":0.0,"max_hp_loss":0.0,"gold_gain":0.0,"event_name":"Golden Wing","player_choice":"Card Removal","floor":5.0,"gold_loss":0.0,"damage_taken":7.0},{"damage_healed":0.0,"max_hp_gain":0.0,"max_hp_loss":0.0,"gold_gain":0.0,"event_name":"Shining Light","player_choice":"Entered Light","floor":13.0,"gold_loss":0.0,"damage_taken":15.0,"cards_upgraded":["Defend_G","Defend_G"]},{"damage_healed":0.0,"max_hp_gain":0.0,"max_hp_loss":0.0,"gold_gain":0.0,"cards_transformed":["Strike_G","Strike_G"],"event_name":"Drug Dealer","player_choice":"Became Test Subject","floor":25.0,"gold_loss":0.0,"damage_taken":0.0,"cards_obtained":["Bane","Predator"]},{"damage_healed":0,"gold_gain":0,"player_choice":"Upgrade","damage_taken":0,"relics_obtained":["Mark of the Bloom"],"max_hp_gain":0,"max_hp_loss":0,"event_name":"MindBloom","floor":36,"gold_loss":0,"cards_upgraded":["Defend_G","Defend_G","Strike_G","Deadly Poison","Flash of Steel","Good Instincts","Chaos","Bane","Predator","Adrenaline"]},{"cards_removed":["Flash of Steel"],"damage_healed":0,"gold_gain":0,"player_choice":"Removed Attack","damage_taken":0,"max_hp_gain":0,"max_hp_loss":0,"event_name":"Falling","floor":38,"gold_loss":0}],"is_beta":false,"boss_relics":[{"not_picked":["Empty Cage","Tiny House"],"picked":"Ectoplasm"},{"not_picked":["Ring of the Serpent","Astrolabe"],"picked":"Lizard Tail"}],"items_purged_floors":[2],"is_endless":false,"potions_floor_spawned":[4,16,19,21,24,35,47],"ascension_level":0}