{"gold_per_floor":[111,22,22,41,61,61,41,59,59,59,78,78,78,108,108,185,185,202,214,224,62,62,62],"floor_reached":23,"playtime":425,"items_purged":["Strike_B"],"score":382,"play_id":"ba18ef07-a3c0-4bbb-8a1e-a24e44e0fe2b","local_time":"20181119144602","is_ascension_mode":true,"campfire_choices":[{"data":"Streamline","floor":6.0,"key":"SMITH"},{"data":"Hologram","floor":10.0,"key":"SMITH"},{"data":"Zap","floor":12.0,"key":"SMITH"},{"data":"Beam Cell","floor":15.0,"key":"SMITH"}],"neow_cost":"NONE","seed_source_timestamp":1655488403009318,"circlet_count":0,"master_deck":["AscendersBane","Strike_B+1","Strike_B","Strike_B+1","Defend_B","Defend_B","Defend_B","Defend_B","Zap+1","Dualcast","Streamline+1","Hologram+1","Beam Cell+1","Conserve Battery","Consume"],"special_seed":0,"relics":["Cracked Core","NeowsBlessing","Matryoshka","Strawberry","Art of War","Pocketwatch","Whetstone","Inserter"],"potions_floor_usage":[],"damage_taken":[{"damage":0.0,"enemies":"Small Slimes","floor":1.0,"turns":1.0},{"damage":0.0,"enemies":"Cultist","floor":4.0,"turns":1.0},{"damage":0.0,"enemies":"Jaw Worm","floor":5.0,"turns":1.0},{"damage":11.0,"enemies":"2 Fungi Beasts","floor":8.0,"turns":3.0},{"damage":6.0,"enemies":"Looter","floor":11.0,"turns":2.0},{"damage":36.0,"enemies":"Gremlin Nob","floor":14.0,"turns":4.0},{"damage":3.0,"enemies":"Hexaghost","floor":16.0,"turns":6.0},{"damage":22.0,"enemies":"Spheric Guardian","floor":18.0,"turns":4.0},{"damage":23.0,"enemies":"2 Thieves","floor":19.0,"turns":3.0},{"damage":14.0,"enemies":"Chosen and Byrds","floor":20.0,"turns":5.0},{"damage":8,"enemies":"Slavers","floor":23,"turns":1}],"seed_played":"-4475223890727835115","potions_obtained":[{"floor":4.0,"key":"AttackPotion"},{"floor":7.0,"key":"Regen Potion"},{"floor":19.0,"key":"PowerPotion"}],"is_trial":false,"path_per_floor":["M","$","?","M","M","R","?","M","T","R","M","R","?","E","R","B",null,"M","M","M","$","?","E"],"character_chosen":"DEFECT","items_purchased":["Blizzard","Consume"],"campfire_rested":0,"item_purchase_floors":[2,21],"current_hp_per_floor":[64,64,64,64,64,64,64,53,60,60,54,54,43,7,7,4,60,38,15,1,1,1,0],"gold":62,"neow_bonus":"THREE_ENEMY_KILL","is_prod":false,"is_daily":false,"chose_seed":false,"campfire_upgraded":4,"win_rate":0,"timestamp":1542609962,"path_taken":["M","$","?","M","?","R","?","?","T","R","M","R","?","E","R","BOSS","M","M","M","$","?","E"],"build_version":"2018-11-15","purchased_purges":1,"victory":false,"max_hp_per_floor":[71,71,71,71,71,71,71,71,78,78,78,78,78,78,78,78,78,78,78,78,78,78,78],"card_choices":[{"not_picked":["Cold Snap","Melter","Storm"],"picked":"SKIP","floor":1.0},{"not_picked":["Rebound","Redo"],"picked":"Streamline","floor":4.0},{"not_picked":["Skim","Ball Lightning","Auto Shields"],"picked":"SKIP","floor":5.0},{"not_picked":["Auto Shields","Ball Lightning"],"picked":"Hologram","floor":8.0},{"not_picked":["Rebound","Sweeping Beam","Stack"],"picked":"SKIP","floor":11.0},{"not_picked":["Stack","Core Surge"],"picked":"Beam Cell","floor":14.0},{"not_picked":["Hologram","Scrape","Compile Driver+1"],"picked":"SKIP","floor":18.0},{"not_picked":["Hologram","Loop"],"picked":"Conserve Battery","floor":19.0},{"not_picked":["Storm","Capacitor","Barrage+1"],"picked":"SKIP","floor":20.0}],"player_experience":548548,"relics_obtained":[{"floor":9.0,"key":"Strawberry"},{"floor":9.0,"key":"Art of War"},{"floor":14.0,"key":"Whetstone"}],"event_choices":[{"cards_removed":["Blizzard"],"damage_healed":0.0,"max_hp_gain":0.0,"max_hp_loss":0.0,"gold_gain":0.0,"event_name":"WeMeetAgain","player_choice":"Gave Card","floor":3.0,"gold_loss":0.0,"damage_taken":0.0,"relics_obtained":["Matryoshka"]},{"damage_healed":0.0,"max_hp_gain":0.0,"max_hp_loss":0.0,"gold_gain":0.0,"event_name":"The Woman in Blue","player_choice":"Bought 1 Potion","floor":7.0,"gold_loss":0.0,"damage_taken":0.0},{"damage_healed":0.0,"max_hp_gain":0.0,"max_hp_loss":0.0,"gold_gain":0.0,"event_name":"Scrap Ooze","player_choice":"Success","floor":13.0,"gold_loss":0.0,"damage_taken":11.0,"relics_obtained":["Pocketwatch"]},{"damage_healed":0,"gold_gain":0,"player_choice":"Ignored","damage_taken":0,"max_hp_gain":0,"max_hp_loss":0,"event_name":"Beggar","floor":22,"gold_loss":0}],"is_beta":true,"boss_relics":[{"not_picked":["Calling Bell","Black Star"],"picked":"Inserter"}],"items_purged_floors":[21],"is_endless":false,"potions_floor_spawned":[4,8,11,19],"killed_by":"Slavers","ascension_level":20}