{"path_per_floor":["M","$","?","?","M","E","R","E","T","M","R","?","?","?","R","B",null,"M","M","$","?","M","E","R","?","T","R","$","?","M","E","R","B",null,"M","M","?","?","$","R","$","R","T","M","E","?","M","?","R"],"character_chosen":"IRONCLAD","items_purchased":["Evolve","Sadistic Nature","Anchor","Block Potion","Poison Potion"],"gold_per_floor":[118,9,9,9,21,48,48,75,99,119,119,119,119,89,89,193,193,210,225,18,18,36,71,71,71,152,152,52,52,72,98,98,195,195,211,226,274,274,29,29,29,29,29,44,71,71,84,84,84],"floor_reached":50,"campfire_rested":6,"playtime":4131,"current_hp_per_floor":[80,80,80,80,80,58,58,41,41,38,38,22,15,15,39,30,80,75,66,66,66,51,20,44,44,44,68,68,56,56,56,56,54,56,50,50,29,29,29,45,45,56,56,56,56,56,54,47,56],"items_purged":["Strike_R","Clash"],"gold":84,"score":588,"play_id":"85fcf6a8-ed3e-4d17-9879-12ae36faabd6","local_time":"20180306143854","is_prod":false,"is_daily":false,"is_ascension_mode":false,"campfire_upgraded":3,"timestamp":1520343534,"path_taken":["M","$","?","?","M","E","R","E","T","?","R","?","?","?","R","BOSS","M","M","$","?","M","E","R","?","T","R","$","?","M","E","R","BOSS","M","M","?","?","$","R","?","R","T","?","E","?","M","?","R","BOSS"],"build_version":"2018-03-01-PROD1","purchased_purges":2,"victory":false,"master_deck":["Defend_R+1","Body Slam","Evolve+1","Inflame+1","Thunderclap","Armaments+1","Shrug It Off","Shockwave+1","Barricade","Iron Wave","Sadistic Nature+1","Spot Weakness","Seeing Red+1","Wild Strike","Burning Pact+1","Writhe","Bite","Bite","Bite","Bite","Bite","Dropkick","Impervious","Dark Embrace+1","Bloodletting+1","Whirlwind+1","Sentinel+1","Anger+1","Thunderclap+1","Anger+1","Parasite","Disarm+1","Disarm","Madness","Madness"],"max_hp_per_floor":[80,80,80,80,80,80,80,80,80,80,80,80,80,80,80,80,80,80,80,80,80,80,80,80,80,80,80,80,56,56,56,56,56,56,56,56,56,56,56,56,56,56,56,56,56,56,56,56,56],"relics":["Burning Blood","Dodecahedron","Centennial Puzzle","Art of War","Oddly Smooth Stone","Cursed Key","Dream Catcher","Gremlin Horn","Self Forming Clay","Bag of Preparation","Astrolabe","Thread and Needle","Anchor","Calipers","Ice Cream"],"card_choices":[{"not_picked":["Twin Strike","Sword Boomerang"],"picked":"Flex"},{"not_picked":["Blood for Blood","Clothesline"],"picked":"Body Slam"},{"not_picked":["Flame Barrier","Twin Strike"],"picked":"Thunderclap"},{"not_picked":["Twin Strike","Rupture"],"picked":"Armaments"},{"not_picked":["True Grit","Armaments"],"picked":"Shrug It Off"},{"not_picked":["Disarm","Flex"],"picked":"Shockwave"},{"not_picked":["Fiend Fire","Impervious"],"picked":"Barricade"},{"not_picked":["Headbutt","Sentinel"],"picked":"Iron Wave"},{"not_picked":["Thunderclap","Anger"],"picked":"Clash"},{"not_picked":["Armaments","Searing Blow"],"picked":"Seeing Red"},{"not_picked":["Berserk","Clash"],"picked":"Wild Strike"},{"not_picked":["Rage","Flame Barrier"],"picked":"Burning Pact"},{"not_picked":["True Grit","Reckless Charge"],"picked":"Dropkick"},{"not_picked":["Exhume","Feed"],"picked":"Impervious"},{"not_picked":["Blood for Blood","Cleave"],"picked":"Sentinel"},{"not_picked":["Searing Blow","Cleave"],"picked":"Anger"},{"not_picked":["Sentinel","Power Through"],"picked":"Thunderclap"},{"not_picked":["Twin Strike","Clash"],"picked":"Anger"},{"not_picked":["Flex","Whirlwind"],"picked":"Disarm"},{"not_picked":["Barricade","Corruption"],"picked":"Disarm"}],"player_experience":111543,"potions_floor_usage":[6,16,18,19,23,31,37,37,44,47,47,50],"damage_taken":[{"damage":6.0,"enemies":"Jaw Worm","floor":1.0,"turns":4.0},{"damage":5,"enemies":"Small Slimes","floor":5,"turns":4},{"damage":28,"enemies":"3 Sentries","floor":6,"turns":8},{"damage":23,"enemies":"Lagavulin","floor":8,"turns":6},{"damage":9,"enemies":"Red Slaver","floor":10,"turns":4},{"damage":15,"enemies":"Hexaghost","floor":16,"turns":8},{"damage":11,"enemies":"2 Thieves","floor":18,"turns":4},{"damage":15,"enemies":"3 Byrds","floor":19,"turns":6},{"damage":21,"enemies":"Snake Plant","floor":22,"turns":6},{"damage":37,"enemies":"Gremlin Leader","floor":23,"turns":7},{"damage":0,"enemies":"3 Cultists","floor":30,"turns":5},{"damage":25,"enemies":"Slavers","floor":31,"turns":7},{"damage":19,"enemies":"Champ","floor":33,"turns":10},{"damage":14,"enemies":"Orb Walker","floor":35,"turns":3},{"damage":16,"enemies":"3 Darklings","floor":36,"turns":4},{"damage":35,"enemies":"Mysterious Sphere","floor":37,"turns":3},{"damage":0,"enemies":"Maw","floor":44,"turns":7},{"damage":0,"enemies":"Giant Head","floor":45,"turns":7},{"damage":14,"enemies":"Sphere and 2 Shapes","floor":47,"turns":5},{"damage":67,"enemies":"Donu and Deca","floor":50,"turns":5}],"event_choices":[{"event_name":"Living Wall","player_choice":"Change","floor":3,"damage_taken":0},{"event_name":"Upgrade Shrine","player_choice":"Upgraded","floor":4,"damage_taken":0},{"event_name":"Shining Light","player_choice":"Entered Light","floor":12,"damage_taken":0},{"event_name":"Scrap Ooze","player_choice":"success","floor":13,"damage_taken":7},{"event_name":"The Woman in Blue","player_choice":"Bought 2 Potions","floor":14,"damage_taken":0},{"event_name":"The Library","player_choice":"Read","floor":21,"damage_taken":0},{"event_name":"The Mausoleum","player_choice":"Yes","floor":25,"damage_taken":0},{"event_name":"Vampires","player_choice":"Became a vampire","floor":29,"damage_taken":0},{"event_name":"Mysterious Sphere","player_choice":"Fight","floor":37,"damage_taken":0},{"event_name":"Tomb of Lord Red Mask","player_choice":"Ignored","floor":38,"damage_taken":0},{"event_name":"Winding Halls","player_choice":"Embrace Madness","floor":48,"damage_taken":0}],"boss_relics":[{"not_picked":["Tiny House","Runic Cube"],"picked":"Cursed Key"},{"not_picked":["Lizard Tail","Sozu"],"picked":"Astrolabe"}],"potions_floor_spawned":[1,10,19,30,31,33,44,45],"seed_played":"3277124180807942301","killed_by":"Donu and Deca","ascension_level":0,"is_trial":false}