{"gold_per_floor":[112,37,56,56,56,85,85,25,25,25,38,65,77,89,89,165,165,165],"floor_reached":18,"playtime":360,"items_purged":["Strike_B"],"score":390,"play_id":"bea6ffdd-6f28-43bf-a275-6e4275e935de","local_time":"20181119145602","is_ascension_mode":true,"campfire_choices":[{"data":"Defragment","floor":7.0,"key":"SMITH"},{"data":"Defragment","floor":10.0,"key":"SMITH"},{"data":"Hologram","floor":15,"key":"SMITH"}],"neow_cost":"NONE","seed_source_timestamp":1656135070374214,"circlet_count":0,"master_deck":["AscendersBane","Strike_B","Defend_B","Defend_B","Defend_B","Defend_B","Zap","Dualcast","Defragment+1","Ball Lightning","Defragment+1","Hologram+1","Leap","Meteor Strike"],"special_seed":0,"relics":["Cracked Core","NeowsBlessing","The Courier","Meat on the Bone","Dream Catcher","Black Star"],"potions_floor_usage":[12],"damage_taken":[{"damage":0.0,"enemies":"Small Slimes","floor":1.0,"turns":1.0},{"damage":0.0,"enemies":"2 Louse","floor":3.0,"turns":1.0},{"damage":0.0,"enemies":"Lagavulin","floor":6.0,"turns":1.0},{"damage":9.0,"enemies":"Jaw Worm","floor":11.0,"turns":3.0},{"damage":33,"enemies":"3 Sentries","floor":12,"turns":5},{"damage":7,"enemies":"2 Fungi Beasts","floor":13,"turns":3},{"damage":5,"enemies":"Red Slaver","floor":14,"turns":3},{"damage":21,"enemies":"The Guardian","floor":16,"turns":10},{"damage":7,"enemies":"Shell Parasite","floor":18,"turns":2}],"seed_played":"-2044401762733616835","potions_obtained":[{"floor":1.0,"key":"SkillPotion"},{"floor":13,"key":"Weak Potion"}],"is_trial":false,"path_per_floor":["M","?","M","?","?","E","R","$","T","R","M","E","M","M","R","B",null,"M"],"character_chosen":"DEFECT","items_purchased":[],"campfire_rested":0,"item_purchase_floors":[],"current_hp_per_floor":[64,64,64,64,57,57,57,57,57,57,48,27,32,39,39,30,61,54],"gold":165,"neow_bonus":"THREE_ENEMY_KILL","is_prod":false,"is_daily":false,"chose_seed":false,"campfire_upgraded":3,"win_rate":0,"timestamp":1542610562,"path_taken":["M","?","M","?","?","E","R","$","T","R","M","E","M","M","R","BOSS","M"],"build_version":"2018-11-15","purchased_purges":1,"victory":false,"max_hp_per_floor":[71,71,71,71,71,71,71,71,71,71,71,71,71,71,71,71,71,71],"card_choices":[{"not_picked":["Cold Snap","Barrage"],"picked":"Defragment","floor":1.0},{"not_picked":["Sunder","Conserve Battery"],"picked":"Ball Lightning","floor":3.0},{"not_picked":["Hologram","Stack"],"picked":"Defragment","floor":6.0},{"not_picked":["Barrage","Force Field","Darkness"],"picked":"SKIP","floor":11.0},{"not_picked":["Gash","Conserve Battery","Go for the Eyes"],"picked":"SKIP","floor":12},{"not_picked":["Blizzard","Heatsinks"],"picked":"Hologram","floor":13},{"not_picked":["Lockon","Hyperbeam"],"picked":"Leap","floor":14},{"not_picked":["Thunder Strike","Machine Learning"],"picked":"Meteor Strike","floor":16}],"player_experience":549138,"relics_obtained":[{"floor":6.0,"key":"The Courier"},{"floor":9.0,"key":"Meat on the Bone"},{"floor":12,"key":"Dream Catcher"}],"event_choices":[{"cards_removed":["Strike_B"],"damage_healed":0.0,"max_hp_gain":0.0,"max_hp_loss":0.0,"gold_gain":0.0,"event_name":"The Cleric","player_choice":"Card Removal","floor":2.0,"gold_loss":75.0,"damage_taken":0.0},{"damage_healed":0.0,"max_hp_gain":0.0,"max_hp_loss":0.0,"gold_gain":0.0,"event_name":"Liars Game","player_choice":"Ignored","floor":4.0,"gold_loss":0.0,"damage_taken":0.0},{"cards_removed":["Strike_B"],"damage_healed":0.0,"max_hp_gain":0.0,"max_hp_loss":0.0,"gold_gain":0.0,"event_name":"Golden Wing","player_choice":"Card Removal","floor":5.0,"gold_loss":0.0,"damage_taken":7.0}],"is_beta":true,"boss_relics":[{"not_picked":["Lizard Tail","Orrery"],"picked":"Black Star"}],"items_purged_floors":[8],"is_endless":false,"potions_floor_spawned":[1,13],"killed_by":"Shell Parasite","ascension_level":20}