{"gold_per_floor":[366,366,366,381,395,395,409,409,434,120,133,58,17,31,31,108,108,86,86,103,3,22,41,41,41,41,41,41,41,59,109,109,181,181,199,210,85,97,97,97,113,113,136,136,152,163,163,177,177,177,177],"floor_reached":52,"playtime":2992,"items_purged":["Strike_B","Defend_B","Defend_B"],"score":1867,"play_id":"c3f05c41-dbf0-4285-8728-698de204b79b","local_time":"20190118143024","is_ascension_mode":true,"campfire_choices":[{"data":"Defragment","floor":6.0,"key":"SMITH"},{"data":"White Noise","floor":8.0,"key":"SMITH"},{"data":"Fission","floor":15.0,"key":"SMITH"},{"data":"Defragment","floor":24.0,"key":"SMITH"},{"data":"Coolheaded","floor":27.0,"key":"SMITH"},{"data":"Capacitor","floor":32.0,"key":"SMITH"},{"data":"Biased Cognition","floor":40.0,"key":"SMITH"},{"data":"Dualcast","floor":42.0,"key":"SMITH"},{"data":"Recycle","floor":44.0,"key":"SMITH"},{"data":"Redo","floor":47.0,"key":"SMITH"},{"data":"Undo","floor":49.0,"key":"SMITH"}],"neow_cost":"PERCENT_DAMAGE","seed_source_timestamp":6598899481967,"circlet_count":0,"master_deck":["AscendersBane","Defend_B+1","Defend_B","Zap","Dualcast+1","Chill+1","White Noise+1","Defragment+1","Self Repair","Recycle+1","Heatsinks","Core Surge","Glacier","Fission+1","Rainbow","Defragment+1","Coolheaded+1","Undo+1","Capacitor+1","Biased Cognition+1","Parasite","Redo+1"],"special_seed":0,"relics":["Cracked Core","Art of War","War Paint","Empty Cage","Symbiotic Virus","Busted Crown","Centennial Puzzle"],"potions_floor_usage":[51],"damage_taken":[{"damage":1.0,"enemies":"2 Louse","floor":1.0,"turns":3.0},{"damage":7.0,"enemies":"Jaw Worm","floor":4.0,"turns":5.0},{"damage":0.0,"enemies":"Cultist","floor":5.0,"turns":4.0},{"damage":11.0,"enemies":"Exordium Wildlife","floor":7.0,"turns":4.0},{"damage":7.0,"enemies":"Looter","floor":11.0,"turns":4.0},{"damage":0.0,"enemies":"3 Louse","floor":14.0,"turns":4.0},{"damage":40.0,"enemies":"The Guardian","floor":16.0,"turns":19.0},{"damage":0.0,"enemies":"2 Thieves","floor":18.0,"turns":4.0},{"damage":0.0,"enemies":"Spheric Guardian","floor":20.0,"turns":7.0},{"damage":0.0,"enemies":"Snake Plant","floor":22.0,"turns":5.0},{"damage":21.0,"enemies":"Shelled Parasite and Fungi","floor":23.0,"turns":9.0},{"damage":15.0,"enemies":"Colosseum Slavers","floor":25.0,"turns":7.0},{"damage":0.0,"enemies":"Snecko","floor":30.0,"turns":5.0},{"damage":0.0,"enemies":"Collector","floor":33.0,"turns":17.0},{"damage":8.0,"enemies":"3 Darklings","floor":35.0,"turns":9.0},{"damage":8.0,"enemies":"3 Shapes","floor":36.0,"turns":5.0},{"damage":16.0,"enemies":"Jaw Worm Horde","floor":38.0,"turns":7.0},{"damage":0.0,"enemies":"Writhing Mass","floor":41.0,"turns":4.0},{"damage":0.0,"enemies":"Maw","floor":45.0,"turns":8.0},{"damage":0.0,"enemies":"4 Shapes","floor":46.0,"turns":4.0},{"damage":0.0,"enemies":"Sphere and 2 Shapes","floor":48.0,"turns":9.0},{"damage":0.0,"enemies":"Donu and Deca","floor":50.0,"turns":16.0},{"damage":30,"enemies":"Awakened One","floor":51,"turns":24}],"seed_played":"421157642708620085","potions_obtained":[{"floor":1.0,"key":"EntropicBrew"},{"floor":4.0,"key":"Energy Potion"},{"floor":11.0,"key":"Regen Potion"},{"floor":30.0,"key":"Poison Potion"},{"floor":38.0,"key":"Block Potion"}],"is_trial":false,"path_per_floor":["M","?","?","M","M","R","M","R","T","$","M","$","$","M","R","B",null,"M","?","M","$","M","M","R","?","T","R","?","$","M","?","R","B",null,"M","M","$","M","?","R","M","R","T","R","M","M","R","M","R","B","B",null],"character_chosen":"DEFECT","items_purchased":["Recycle","War Paint","Core Surge","Glacier"],"campfire_rested":0,"item_purchase_floors":[10,10,12,13],"current_hp_per_floor":[45,45,45,38,38,38,27,27,27,27,27,27,27,34,34,16,57,64,64,71,71,71,57,57,49,49,49,49,49,56,56,56,63,69,68,67,67,58,58,58,65,65,65,65,71,71,71,71,71,71,41],"gold":177,"neow_bonus":"TWO_FIFTY_GOLD","is_prod":false,"is_daily":false,"chose_seed":false,"campfire_upgraded":11,"win_rate":0,"timestamp":1547793024,"path_taken":["M","?","?","M","M","R","M","R","T","$","M","?","$","M","R","BOSS","M","?","M","$","?","M","R","?","T","R","?","$","M","?","R","BOSS","M","M","$","M","?","R","M","R","T","R","M","M","R","M","R","BOSS","BOSS"],"build_version":"2019-01-17","purchased_purges":3,"victory":true,"max_hp_per_floor":[71,71,71,71,71,71,71,71,71,71,71,71,71,71,71,71,71,71,71,71,71,71,71,71,71,71,71,71,71,71,71,71,71,71,71,71,71,71,71,71,71,71,71,71,71,71,71,71,71,71,71],"card_choices":[{"not_picked":["Skim","Steam Power"],"picked":"Chill","floor":1.0},{"not_picked":["Gash","Cold Snap"],"picked":"White Noise","floor":4.0},{"not_picked":["Scrape","Cold Snap"],"picked":"Defragment","floor":5.0},{"not_picked":["Redo","Ball Lightning"],"picked":"Self Repair","floor":7.0},{"not_picked":["Go for the Eyes","Compile Driver"],"picked":"Heatsinks","floor":11.0},{"not_picked":["Reprogram","Go for the Eyes"],"picked":"Fission","floor":14.0},{"not_picked":["Multi-Cast","Hyperbeam"],"picked":"Rainbow","floor":16.0},{"not_picked":["Recycle","Redo","Compile Driver"],"picked":"SKIP","floor":18.0},{"not_picked":["Recycle","Redo","Compile Driver"],"picked":"SKIP","floor":18.0},{"not_picked":["Hologram+1","Steam"],"picked":"Coolheaded","floor":20.0},{"not_picked":["Cold Snap","Recycle"],"picked":"Undo","floor":22.0},{"not_picked":["Storm","Hologram","Turbo+1"],"picked":"SKIP","floor":23.0},{"not_picked":["Melter","Chill+1","Steam Power"],"picked":"SKIP","floor":30.0},{"not_picked":["Buffer","Creative AI"],"picked":"Biased Cognition","floor":33.0},{"not_picked":["Redo"],"picked":"SKIP","floor":35.0},{"not_picked":["Redo"],"picked":"SKIP","floor":36.0},{"not_picked":["Lockon"],"picked":"SKIP","floor":38.0},{"not_picked":["Barrage"],"picked":"SKIP","floor":41.0},{"not_picked":[],"picked":"Redo","floor":45.0},{"not_picked":["Blizzard+1"],"picked":"SKIP","floor":46.0},{"not_picked":["Consume"],"picked":"SKIP","floor":48.0}],"player_experience":1996153,"relics_obtained":[{"floor":9.0,"key":"Art of War"},{"floor":26.0,"key":"Symbiotic Virus"},{"floor":43.0,"key":"Centennial Puzzle"}],"event_choices":[{"damage_healed":0.0,"max_hp_gain":0.0,"max_hp_loss":0.0,"gold_gain":0.0,"event_name":"Liars Game","player_choice":"Ignored","floor":2.0,"gold_loss":0.0,"damage_taken":0.0},{"damage_healed":0.0,"max_hp_gain":0.0,"max_hp_loss":0.0,"gold_gain":0.0,"event_name":"Scrap Ooze","player_choice":"Fled","floor":3.0,"gold_loss":0.0,"damage_taken":0.0},{"damage_healed":0.0,"max_hp_gain":0.0,"max_hp_loss":0.0,"gold_gain":0.0,"cards_transformed":["Strike_B"],"event_name":"Transmorgrifier","player_choice":"Transformed","floor":19.0,"gold_loss":0.0,"damage_taken":0.0,"cards_obtained":["Defragment"]},{"damage_healed":0.0,"max_hp_gain":0.0,"max_hp_loss":0.0,"gold_gain":0.0,"event_name":"Colosseum","player_choice":"Fight","floor":25.0,"gold_loss":0.0,"damage_taken":0.0},{"damage_healed":0.0,"max_hp_gain":0.0,"max_hp_loss":0.0,"gold_gain":0.0,"event_name":"Colosseum","player_choice":"Fled From Nobs","floor":25.0,"gold_loss":0.0,"damage_taken":0.0},{"damage_healed":0.0,"max_hp_gain":0.0,"max_hp_loss":0.0,"gold_gain":0.0,"event_name":"The Library","player_choice":"Read","floor":28.0,"gold_loss":0.0,"damage_taken":0.0,"cards_obtained":["Capacitor"]},{"damage_healed":0.0,"max_hp_gain":0.0,"max_hp_loss":0.0,"gold_gain":50.0,"event_name":"Nest","player_choice":"Stole From Cult","floor":31.0,"gold_loss":0.0,"damage_taken":0.0},{"damage_healed":0.0,"max_hp_gain":0.0,"max_hp_loss":0.0,"gold_gain":0.0,"event_name":"Mysterious Sphere","player_choice":"Ignored","floor":39.0,"gold_loss":0.0,"damage_taken":0.0}],"is_beta":false,"boss_relics":[{"not_picked":["Eternal Feather","Sozu"],"picked":"Empty Cage"},{"not_picked":["Calling Bell","Snecko Eye"],"picked":"Busted Crown"}],"items_purged_floors":[10,21,37],"is_endless":false,"potions_floor_spawned":[1,4,11,25,30,38,45,46,48],"ascension_level":20}