{"gold_per_floor":[109,39,57,34,34,34,49,108,181,181,106,106,123,139,139,240,240,240],"floor_reached":18,"playtime":980,"items_purged":["Defend_B"],"score":150,"play_id":"c1db5e3c-8708-4265-a980-7a5371fc118b","local_time":"20180716220541","is_ascension_mode":false,"campfire_choices":[{"data":"Chaos","floor":6,"key":"SMITH"},{"data":"Strike_B","floor":10,"key":"SMITH"},{"data":"Multi-Cast","floor":15,"key":"SMITH"}],"neow_cost":"NONE","seed_source_timestamp":0,"circlet_count":0,"master_deck":["Strike_B+1","Strike_B","Strike_B","Defend_B","Defend_B","Defend_B","Zap","Dualcast","Coolheaded","Leap","Glacier","Chaos+1","Hologram","Turbo","Streamline","Multi-Cast+1","Seek"],"special_seed":0,"relics":["FrozenCore","Symbiotic Virus","Bottled Flame","Mummified Hand"],"potions_floor_usage":[8],"damage_taken":[{"damage":5,"enemies":"Small Slimes","floor":1,"turns":5},{"damage":0,"enemies":"Cultist","floor":3,"turns":3},{"damage":0,"enemies":"2 Louse","floor":7,"turns":3},{"damage":16,"enemies":"Gremlin Nob","floor":8,"turns":5},{"damage":1,"enemies":"Exordium Wildlife","floor":13,"turns":5},{"damage":0,"enemies":"Blue Slaver","floor":14,"turns":2},{"damage":38,"enemies":"Hexaghost","floor":16,"turns":16},{"damage":0,"enemies":"Spheric Guardian","floor":18,"turns":1}],"seed_played":"-126630283533084624","potions_obtained":[{"floor":1,"key":"SkillPotion"},{"floor":7,"key":"Fruit Juice"},{"floor":8,"key":"SpeedPotion"},{"floor":8,"key":"Ancient Potion"}],"is_trial":false,"path_per_floor":["M","$","M","$","?","R","M","?","T","R","$","T","M","M","R","B",null],"character_chosen":"DEFECT","items_purchased":["Glacier","Hologram"],"campfire_rested":0,"item_purchase_floors":[2,4],"current_hp_per_floor":[70,70,70,70,70,70,70,59,59,59,59,59,58,58,58,20,80,80],"gold":240,"neow_bonus":"THREE_CARDS","is_prod":false,"is_daily":false,"chose_seed":false,"campfire_upgraded":3,"win_rate":0,"timestamp":1531771541,"path_taken":["M","$","M","$","?","R","M","?","T","R","?","?","?","?","R","BOSS","M"],"build_version":"2018-07-12","purchased_purges":1,"victory":false,"max_hp_per_floor":[75,75,75,75,75,75,75,80,80,80,80,80,80,80,80,80,80,80],"card_choices":[{"not_picked":["Rebound","Reprogram"],"picked":"Coolheaded","floor":0.0},{"not_picked":["Auto Shields","Go for the Eyes"],"picked":"Leap","floor":1},{"not_picked":["Recycle","Reprogram"],"picked":"Chaos","floor":3},{"not_picked":["Cold Snap","Ball Lightning","BootSequence"],"picked":"SKIP","floor":7},{"not_picked":["Barrage","Hologram"],"picked":"Turbo","floor":8},{"not_picked":["Go for the Eyes","Steam"],"picked":"Streamline","floor":13},{"not_picked":["Barrage","Streamline"],"picked":"Multi-Cast","floor":14},{"not_picked":["Multi-Cast","All For One"],"picked":"Seek","floor":16}],"player_experience":321167,"relics_obtained":[{"floor":9,"key":"Bottled Flame"},{"floor":12,"key":"Mummified Hand"}],"event_choices":[{"event_name":"Wheel of Change","player_choice":"Card Removal","floor":5,"damage_taken":0},{"event_name":"Dead Adventurer","player_choice":"Searched \u00273\u0027 times","floor":8,"damage_taken":0}],"boss_relics":[{"not_picked":["Snecko Eye","Empty Cage"],"picked":"FrozenCore"}],"items_purged_floors":[11],"is_endless":false,"potions_floor_spawned":[1,7,8,8],"killed_by":"Spheric Guardian","ascension_level":0}