{"gold_per_floor":[110,110,34,84,98,98,131,131,209,209,226,33,48,64,64,136,136,152,152,167,182,202,202,216,243,243,243,55,73,73,348,348,422,422,437,457,457,468,480,507,49,49,101,111,125,125,144,144,144,144,144,144,144,34,65,65],"floor_reached":57,"playtime":2282,"items_purged":["Pain","Strike_G"],"score":2887,"play_id":"d6d1ef53-4d0b-4a0b-b6ea-a961c69d73d1","local_time":"20190402081513","is_ascension_mode":true,"campfire_choices":[{"data":"Neutralize","floor":6.0,"key":"SMITH"},{"floor":10.0,"key":"RECALL"},{"data":"Catalyst","floor":15.0,"key":"SMITH"},{"floor":23.0,"key":"REST"},{"floor":27.0,"key":"REST"},{"floor":32.0,"key":"REST"},{"floor":42.0,"key":"REST"},{"floor":46.0,"key":"REST"},{"floor":49.0,"key":"REST"},{"floor":53.0,"key":"REST"}],"neow_cost":"NONE","seed_source_timestamp":2648224233992,"circlet_count":0,"master_deck":["AscendersBane","Defend_G","Defend_G","Defend_G","Defend_G","Defend_G","Strike_G","Strike_G","Survivor","Neutralize+1","Dagger Throw","Well Laid Plans+1","Caltrops+1","Deadly Poison","Tactician","Catalyst+1","Reflex","A Thousand Cuts+1","Catalyst+1","Prepared+1","Wraith Form v2+1","Crippling Poison+1","Catalyst","Backflip","Burst","Tools of the Trade+1","Regret","Adrenaline","Injury","Doubt","Injury","Deadly Poison+1","Distraction+1","Escape Plan+1","Impatience+1","Master of Strategy+1","Backflip+1","Expertise+1","Calculated Gamble+1","Writhe","Acrobatics+1","Catalyst+1"],"special_seed":0,"relics":["Ring of the Snake","NeowsBlessing","Frozen Egg 2","Tingsha","WarpedTongs","Matryoshka","Fusion Hammer","Dream Catcher","Pear","Calling Bell","Lantern","Toxic Egg 2","Ginger","Strawberry","Shuriken","Bottled Flame","Potion Belt","Pen Nib","Incense Burner"],"potions_floor_usage":[55,55,56,56,56,56],"damage_taken":[{"damage":0.0,"enemies":"Jaw Worm","floor":1.0,"turns":1.0},{"damage":0.0,"enemies":"2 Louse","floor":5.0,"turns":1.0},{"damage":0.0,"enemies":"Lagavulin","floor":7.0,"turns":1.0},{"damage":1.0,"enemies":"Cultist","floor":11.0,"turns":3.0},{"damage":1.0,"enemies":"2 Fungi Beasts","floor":13.0,"turns":4.0},{"damage":7.0,"enemies":"Lots of Slimes","floor":14.0,"turns":5.0},{"damage":22.0,"enemies":"The Guardian","floor":16.0,"turns":9.0},{"damage":12.0,"enemies":"2 Thieves","floor":18.0,"turns":4.0},{"damage":12.0,"enemies":"Spheric Guardian","floor":20.0,"turns":5.0},{"damage":5.0,"enemies":"Snecko","floor":21.0,"turns":3.0},{"damage":4.0,"enemies":"Cultist and Chosen","floor":22.0,"turns":6.0},{"damage":15.0,"enemies":"Centurion and Healer","floor":24.0,"turns":5.0},{"damage":18.0,"enemies":"Book of Stabbing","floor":25.0,"turns":5.0},{"damage":5.0,"enemies":"Sentry and Sphere","floor":29.0,"turns":3.0},{"damage":24.0,"enemies":"Automaton","floor":33.0,"turns":5.0},{"damage":23.0,"enemies":"Orb Walker","floor":35.0,"turns":4.0},{"damage":0.0,"enemies":"3 Shapes","floor":36.0,"turns":4.0},{"damage":4.0,"enemies":"Jaw Worm Horde","floor":38.0,"turns":4.0},{"damage":0.0,"enemies":"3 Darklings","floor":39.0,"turns":4.0},{"damage":2.0,"enemies":"Reptomancer","floor":40.0,"turns":4.0},{"damage":4.0,"enemies":"Spire Growth","floor":44.0,"turns":3.0},{"damage":24.0,"enemies":"Sphere and 2 Shapes","floor":45.0,"turns":3.0},{"damage":16.0,"enemies":"Maw","floor":47.0,"turns":3.0},{"damage":34.0,"enemies":"Donu and Deca","floor":50.0,"turns":7.0},{"damage":45.0,"enemies":"Awakened One","floor":51.0,"turns":6.0},{"damage":1,"enemies":"Shield and Spear","floor":55,"turns":5},{"damage":43,"enemies":"The Heart","floor":56,"turns":6}],"seed_played":"-4273584068408827961","potions_obtained":[{"floor":1.0,"key":"SteroidPotion"},{"floor":14.0,"key":"Dexterity Potion"},{"floor":18.0,"key":"SteroidPotion"},{"floor":24.0,"key":"FearPotion"},{"floor":25.0,"key":"Poison Potion"},{"floor":33.0,"key":"EntropicBrew"},{"floor":36.0,"key":"PowerPotion"},{"floor":45.0,"key":"Dexterity Potion"},{"floor":47.0,"key":"PowerPotion"},{"floor":55,"key":"PowerPotion"}],"is_trial":false,"path_per_floor":["M","?","$","?","M","R","E","?","T","R","M","$","M","M","R","B",null,"M","?","M","M","M","R","M","E","T","R","$","M","?","?","R","B",null,"M","M","T","M","M","E","$","R","T","M","M","R","M","?","R","B","B",null,"R","$","E","B",null],"character_chosen":"THE_SILENT","items_purchased":["Well Laid Plans+1","Tactician","Catalyst","Catalyst","Impatience+1","Master of Strategy+1","Potion Belt","EntropicBrew"],"campfire_rested":7,"item_purchase_floors":[3,12,12,28,41,41,41,54],"current_hp_per_floor":[59,41,41,35,35,35,35,35,35,35,34,34,33,26,26,4,51,39,39,27,22,18,37,22,4,14,36,36,31,31,31,53,29,64,41,41,48,44,44,42,42,66,66,62,38,62,46,63,83,49,4,63,83,83,82,39],"gold":65,"neow_bonus":"THREE_ENEMY_KILL","is_prod":false,"is_daily":false,"chose_seed":false,"campfire_upgraded":2,"win_rate":0,"timestamp":1554164113,"path_taken":["M","?","$","?","?","R","E","?","T","R","M","$","M","?","R","BOSS","M","?","M","?","M","R","M","E","T","R","$","?","?","?","R","BOSS","M","M","?","M","?","E","$","R","T","M","M","R","M","?","R","BOSS","BOSS","R","$","E","BOSS"],"build_version":"2019-01-23","purchased_purges":2,"victory":true,"max_hp_per_floor":[66,66,66,66,66,66,66,66,66,66,66,66,66,66,66,66,66,66,66,66,66,66,66,66,66,76,76,76,76,76,76,76,76,76,76,76,83,83,83,83,83,83,83,83,83,83,83,83,83,83,83,83,83,83,83,83],"card_choices":[{"not_picked":["Distraction","Heel Hook"],"picked":"Dagger Throw","floor":1.0},{"not_picked":["Dagger Throw","Cloak And Dagger","Outmaneuver"],"picked":"SKIP","floor":5.0},{"not_picked":["Die Die Die","Predator"],"picked":"Caltrops+1","floor":7.0},{"not_picked":["Riddle With Holes","Deflect"],"picked":"Deadly Poison","floor":11.0},{"not_picked":["All Out Attack","Bane"],"picked":"Reflex","floor":13.0},{"not_picked":["Outmaneuver","Dodge and Roll","Infinite Blades+1"],"picked":"SKIP","floor":14.0},{"not_picked":["Die Die Die","Doppelganger"],"picked":"A Thousand Cuts+1","floor":16.0},{"not_picked":["Dagger Spray","Underhanded Strike","Quick Slash+1"],"picked":"SKIP","floor":18.0},{"not_picked":["Deadly Poison","Leg Sweep"],"picked":"Prepared+1","floor":20.0},{"not_picked":["Slice","Underhanded Strike","Dagger Throw"],"picked":"SKIP","floor":21.0},{"not_picked":["Predator","Skewer"],"picked":"Wraith Form v2+1","floor":22.0},{"not_picked":["Heel Hook","Prepared","Outmaneuver"],"picked":"SKIP","floor":24.0},{"not_picked":["Underhanded Strike","Doppelganger"],"picked":"Crippling Poison+1","floor":25.0},{"not_picked":["Blade Dance","Blur"],"picked":"Backflip","floor":29.0},{"not_picked":["Grand Finale","Doppelganger"],"picked":"Adrenaline","floor":33.0},{"not_picked":["Finisher","Blade Dance+1","Flying Knee+1"],"picked":"SKIP","floor":35.0},{"not_picked":["Cloak And Dagger+1","Dodge and Roll+1"],"picked":"Deadly Poison+1","floor":36.0},{"not_picked":["Tactician+1","Deflect+1"],"picked":"Distraction+1","floor":38.0},{"not_picked":["Bane","Outmaneuver+1"],"picked":"Escape Plan+1","floor":39.0},{"not_picked":["Dagger Throw+1","Slice","Masterful Stab"],"picked":"SKIP","floor":40.0},{"not_picked":["Deflect+1","Leg Sweep+1"],"picked":"Backflip+1","floor":42.0},{"not_picked":["Finisher","Backflip+1"],"picked":"Expertise+1","floor":44.0},{"not_picked":["Dagger Spray","Accuracy+1","Slice"],"picked":"SKIP","floor":45.0},{"not_picked":["Footwork+1","Reflex+1"],"picked":"Calculated Gamble+1","floor":47.0},{"not_picked":["Bouncing Flask+1","Finisher"],"picked":"Acrobatics+1","floor":49.0},{"not_picked":["Masterful Stab","Distraction+1"],"picked":"Catalyst+1","floor":53.0},{"not_picked":["Blade Dance+1","Quick Slash","Deflect+1"],"picked":"SKIP","floor":55}],"player_experience":4001001,"relics_obtained":[{"floor":7.0,"key":"Tingsha"},{"floor":9.0,"key":"Matryoshka"},{"floor":25.0,"key":"Dream Catcher"},{"floor":26.0,"key":"Pear"},{"floor":34.0,"key":"Lantern"},{"floor":34.0,"key":"Toxic Egg 2"},{"floor":34.0,"key":"Ginger"},{"floor":37.0,"key":"Strawberry"},{"floor":37.0,"key":"Shuriken"},{"floor":40.0,"key":"Bottled Flame"},{"floor":43.0,"key":"Pen Nib"},{"floor":55,"key":"Incense Burner"}],"event_choices":[{"damage_healed":0.0,"max_hp_gain":0.0,"max_hp_loss":0.0,"gold_gain":0.0,"event_name":"Scrap Ooze","player_choice":"Success","floor":2.0,"gold_loss":0.0,"damage_taken":18.0,"relics_obtained":["Frozen Egg 2"]},{"damage_healed":0.0,"max_hp_gain":0.0,"max_hp_loss":0.0,"gold_gain":50.0,"event_name":"FaceTrader","player_choice":"Touch","floor":4.0,"gold_loss":0.0,"damage_taken":6.0},{"damage_healed":0.0,"max_hp_gain":0.0,"max_hp_loss":0.0,"gold_gain":0.0,"event_name":"Accursed Blacksmith","player_choice":"Rummage","floor":8.0,"gold_loss":0.0,"damage_taken":0.0,"relics_obtained":["WarpedTongs"],"cards_obtained":["Pain"]},{"damage_healed":0.0,"max_hp_gain":0.0,"max_hp_loss":0.0,"gold_gain":0.0,"event_name":"Duplicator","player_choice":"Copied","floor":19.0,"gold_loss":0.0,"damage_taken":0.0,"cards_obtained":["Catalyst"]},{"damage_healed":0.0,"max_hp_gain":0.0,"max_hp_loss":0.0,"gold_gain":0.0,"cards_transformed":["Strike_G","Strike_G"],"event_name":"Drug Dealer","player_choice":"Became Test Subject","floor":30.0,"gold_loss":0.0,"damage_taken":0.0,"cards_obtained":["Burst","Tools of the Trade"]},{"damage_healed":0.0,"max_hp_gain":0.0,"max_hp_loss":0.0,"gold_gain":275.0,"event_name":"Golden Shrine","player_choice":"Desecrate","floor":31.0,"gold_loss":0.0,"damage_taken":0.0,"cards_obtained":["Regret"]},{"damage_healed":17.0,"max_hp_gain":0.0,"max_hp_loss":0.0,"gold_gain":0.0,"event_name":"Winding Halls","player_choice":"Writhe","floor":48.0,"gold_loss":0.0,"damage_taken":0.0,"cards_obtained":["Writhe"]}],"is_beta":false,"boss_relics":[{"not_picked":["Astrolabe","Black Star"],"picked":"Fusion Hammer"},{"not_picked":["Ring of the Serpent","Tiny House"],"picked":"Calling Bell"}],"items_purged_floors":[12,28],"is_endless":false,"potions_floor_spawned":[1,14,18,24,25,33,36,40,45,47,55],"ascension_level":20}