{"gold_per_floor":[113,113,113,125,125,125,138,138,162,188,207,239,239,266,266,345,345,359,378,149,177,177,177,206,225,225,244,134,134,161,176,176,254,254,269,491,515,529,546,546,560,560,613,226,226,246,246,19,19,19,19,19,19,19,53,53],"floor_reached":56,"playtime":3193,"items_purged":["Pain"],"score":2006,"play_id":"00684a26-660a-4918-bc76-9c40f81ed21f","local_time":"20190308015809","is_ascension_mode":true,"campfire_choices":[{"data":"Dualcast","floor":6.0,"key":"SMITH"},{"data":"Sunder","floor":8.0,"key":"SMITH"},{"floor":13.0,"key":"REST"},{"data":"Coolheaded","floor":15.0,"key":"SMITH"},{"floor":23.0,"key":"REST"},{"floor":29.0,"key":"REST"},{"data":"Recycle","floor":32.0,"key":"SMITH"},{"floor":40.0,"key":"REST"},{"floor":42.0,"key":"RECALL"},{"floor":49.0,"key":"REST"},{"floor":53.0,"key":"REST"}],"neow_cost":"NONE","seed_source_timestamp":49217679920678,"circlet_count":0,"master_deck":["AscendersBane","Zap","Dualcast+1","Rip and Tear","Gash","Sunder+1","Undo","Fission","Recycle","Coolheaded+1","Fission","Fission","Genetic Algorithm","Core Surge","Thunder Strike","Darkness","Hyperbeam+1","Echo Form","Fission","Cold Snap","Loop+1","Echo Form","Self Repair+1","Steam+1","All For One","Recycle+1","Biased Cognition","Heatsinks","Capacitor","Core Surge","Fission","Magnetism","Chrysalis","Violence","Skim","Turbo","White Noise+1"],"special_seed":0,"relics":["Cracked Core","Dream Catcher","WarpedTongs","Lantern","Question Card","FossilizedHelix","Blood Vial","Pandora\u0027s Box","Red Mask","Boot","Mercury Hourglass","Fusion Hammer","Ancient Tea Set","Omamori","DollysMirror","Happy Flower","Runic Capacitor","Symbiotic Virus"],"potions_floor_usage":[],"damage_taken":[{"damage":4.0,"enemies":"Small Slimes","floor":1.0,"turns":3.0},{"damage":0.0,"enemies":"Jaw Worm","floor":4.0,"turns":3.0},{"damage":0.0,"enemies":"Cultist","floor":7.0,"turns":3.0},{"damage":9.0,"enemies":"Gremlin Nob","floor":10.0,"turns":3.0},{"damage":8.0,"enemies":"Blue Slaver","floor":11.0,"turns":2.0},{"damage":13.0,"enemies":"3 Sentries","floor":12.0,"turns":6.0},{"damage":0.0,"enemies":"Lagavulin","floor":14.0,"turns":5.0},{"damage":20.0,"enemies":"Hexaghost","floor":16.0,"turns":11.0},{"damage":0.0,"enemies":"3 Byrds","floor":18.0,"turns":2.0},{"damage":30.0,"enemies":"Shell Parasite","floor":19.0,"turns":5.0},{"damage":0.0,"enemies":"Masked Bandits","floor":21.0,"turns":3.0},{"damage":15.0,"enemies":"Slavers","floor":24.0,"turns":4.0},{"damage":0.0,"enemies":"Snecko","floor":25.0,"turns":4.0},{"damage":33.0,"enemies":"Sentry and Sphere","floor":27.0,"turns":6.0},{"damage":11.0,"enemies":"Gremlin Leader","floor":30.0,"turns":4.0},{"damage":0.0,"enemies":"3 Cultists","floor":31.0,"turns":3.0},{"damage":0.0,"enemies":"Automaton","floor":33.0,"turns":7.0},{"damage":31.0,"enemies":"3 Darklings","floor":35.0,"turns":7.0},{"damage":0.0,"enemies":"3 Shapes","floor":38.0,"turns":5.0},{"damage":42.0,"enemies":"Spire Growth","floor":39.0,"turns":4.0},{"damage":8.0,"enemies":"Transient","floor":41.0,"turns":6.0},{"damage":25.0,"enemies":"Sphere and 2 Shapes","floor":46.0,"turns":9.0},{"damage":46.0,"enemies":"Time Eater","floor":50.0,"turns":16.0},{"damage":18.0,"enemies":"Donu and Deca","floor":51.0,"turns":8.0},{"damage":29.0,"enemies":"Shield and Spear","floor":55.0,"turns":8.0},{"damage":85,"enemies":"The Heart","floor":56,"turns":3}],"seed_played":"-1830596858016681109","potions_obtained":[{"floor":4.0,"key":"Weak Potion"},{"floor":7.0,"key":"GamblersBrew"},{"floor":12.0,"key":"Strength Potion"},{"floor":14.0,"key":"Fire Potion"},{"floor":19.0,"key":"EntropicBrew"},{"floor":21.0,"key":"Weak Potion"},{"floor":27.0,"key":"FearPotion"},{"floor":33.0,"key":"Fire Potion"},{"floor":39.0,"key":"GamblersBrew"},{"floor":41.0,"key":"SkillPotion"},{"floor":46.0,"key":"Swift Potion"}],"is_trial":false,"path_per_floor":["M","?","?","M","?","R","M","R","T","E","M","E","R","E","R","B",null,"M","M","$","?","?","R","E","M","T","M","?","R","E","M","R","B",null,"M","?","T","M","M","R","M","R","T","$","?","M","?","$","R","B","B",null,"R","$","E","B"],"character_chosen":"DEFECT","items_purchased":["Fission","DollysMirror","Happy Flower","Runic Capacitor"],"campfire_rested":6,"item_purchase_floors":[20,44,44,48],"current_hp_per_floor":[60,39,32,32,32,32,32,32,32,23,15,2,23,23,23,5,55,57,29,29,31,31,52,39,41,41,24,24,45,36,48,48,70,71,60,60,60,71,39,60,64,64,64,64,54,41,71,71,71,45,39,63,71,71,52,0],"gold":53,"neow_bonus":"RANDOM_COMMON_RELIC","is_prod":false,"is_daily":false,"chose_seed":false,"campfire_upgraded":4,"win_rate":0,"timestamp":1551981489,"path_taken":["M","?","?","M","?","R","M","R","T","E","?","E","R","E","R","BOSS","M","M","$","?","?","R","E","M","T","?","?","R","E","?","R","BOSS","M","?","?","M","M","R","M","R","T","$","?","M","?","$","R","BOSS","BOSS","R","$","E","BOSS"],"build_version":"2019-01-23","purchased_purges":1,"victory":false,"max_hp_per_floor":[71,71,71,71,71,71,71,71,71,71,71,71,71,71,71,71,71,71,71,71,71,71,71,71,71,71,71,71,71,71,71,71,71,71,71,71,71,71,71,71,71,71,71,71,71,71,71,71,71,71,71,71,71,71,71,71],"card_choices":[{"not_picked":["Leap","BootSequence"],"picked":"Rip and Tear","floor":1.0},{"not_picked":["Redo","Steam"],"picked":"Gash","floor":4.0},{"not_picked":["Force Field","Conserve Battery"],"picked":"Sunder","floor":7.0},{"not_picked":["Reprogram","Aggregate"],"picked":"Undo","floor":10.0},{"not_picked":["Steam Power","Steam","Turbo"],"picked":"Fission","floor":11.0},{"not_picked":["Go for the Eyes","Turbo","Ball Lightning"],"picked":"Recycle","floor":12.0},{"not_picked":["Streamline","Redo","Stack"],"picked":"Coolheaded","floor":13.0},{"not_picked":["Leap","Storm","FTL"],"picked":"Fission","floor":14.0},{"not_picked":["Machine Learning","Electrodynamics","Meteor Strike"],"picked":"Fission","floor":16.0},{"not_picked":["Loop","Steam","Beam Cell","Blizzard+1"],"picked":"SKIP","floor":18.0},{"not_picked":["Loop","Steam","Beam Cell","Blizzard+1"],"picked":"SKIP","floor":18.0},{"not_picked":["Ball Lightning","Melter","Cold Snap"],"picked":"Echo Form","floor":19.0},{"not_picked":["Gash","BootSequence","Compile Driver"],"picked":"Cold Snap","floor":21.0},{"not_picked":["Rebound","Beam Cell","Hello World"],"picked":"Loop+1","floor":23.0},{"not_picked":["Tempest","Hologram","Seek"],"picked":"Echo Form","floor":24.0},{"not_picked":["Cold Snap+1","Stack","Hologram"],"picked":"Self Repair","floor":25.0},{"not_picked":["Leap","Gash","Melter","Rebound+1"],"picked":"SKIP","floor":27.0},{"not_picked":["Fusion","Cold Snap","Redo"],"picked":"Steam+1","floor":29.0},{"not_picked":["Double Energy","Hologram+1","Barrage"],"picked":"All For One","floor":30.0},{"not_picked":["Steam Power","Capacitor","Go for the Eyes"],"picked":"Recycle","floor":31.0},{"not_picked":["Electrodynamics","Reboot","Hyperbeam"],"picked":"Biased Cognition","floor":33.0},{"not_picked":["BootSequence","Conserve Battery","Defragment"],"picked":"Heatsinks","floor":35.0},{"not_picked":["Aggregate","Go for the Eyes","Stack"],"picked":"Capacitor","floor":38.0},{"not_picked":["BootSequence+1","Darkness","Beam Cell","Barrage"],"picked":"SKIP","floor":39.0},{"not_picked":["Chill","Stack","Rip and Tear+1"],"picked":"Core Surge","floor":41.0},{"not_picked":["Swift Strike","Good Instincts","Blind"],"picked":"Magnetism","floor":45.0},{"not_picked":["Mayhem","Panache","Good Instincts"],"picked":"Chrysalis","floor":45.0},{"not_picked":["Madness","Blind","Bandage Up"],"picked":"Violence","floor":45.0},{"not_picked":["Barrage+1","Streamline","Rip and Tear"],"picked":"Skim","floor":46.0},{"not_picked":["Cold Snap","Barrage+1","Loop"],"picked":"Turbo","floor":49.0},{"not_picked":["Sweeping Beam","Darkness","Rebound+1"],"picked":"White Noise+1","floor":53.0},{"not_picked":["Lockon","Sweeping Beam","Go for the Eyes","Steam Power"],"picked":"SKIP","floor":55.0},{"not_picked":["Lockon","Sweeping Beam","Go for the Eyes","Steam Power"],"picked":"SKIP","floor":55.0}],"player_experience":3394644,"relics_obtained":[{"floor":9.0,"key":"Lantern"},{"floor":10.0,"key":"Question Card"},{"floor":12.0,"key":"FossilizedHelix"},{"floor":14.0,"key":"Blood Vial"},{"floor":21.0,"key":"Red Mask"},{"floor":24.0,"key":"Boot"},{"floor":30.0,"key":"Mercury Hourglass"},{"floor":37.0,"key":"Ancient Tea Set"},{"floor":43.0,"key":"Omamori"},{"floor":55.0,"key":"Symbiotic Virus"}],"event_choices":[{"damage_healed":0.0,"max_hp_gain":0.0,"max_hp_loss":0.0,"gold_gain":0.0,"event_name":"Shining Light","player_choice":"Entered Light","floor":2.0,"gold_loss":0.0,"damage_taken":21.0,"cards_upgraded":["Defend_B","Defend_B"]},{"cards_removed":["Strike_B"],"damage_healed":0.0,"max_hp_gain":0.0,"max_hp_loss":0.0,"gold_gain":0.0,"event_name":"Golden Wing","player_choice":"Card Removal","floor":3.0,"gold_loss":0.0,"damage_taken":7.0},{"damage_healed":0.0,"max_hp_gain":0.0,"max_hp_loss":0.0,"gold_gain":0.0,"event_name":"Accursed Blacksmith","player_choice":"Rummage","floor":5.0,"gold_loss":0.0,"damage_taken":0.0,"relics_obtained":["WarpedTongs"],"cards_obtained":["Pain"]},{"damage_healed":0.0,"max_hp_gain":0.0,"max_hp_loss":0.0,"gold_gain":0.0,"event_name":"Masked Bandits","player_choice":"Fought Bandits","floor":21.0,"gold_loss":0.0,"damage_taken":0.0},{"damage_healed":0.0,"max_hp_gain":0.0,"max_hp_loss":0.0,"gold_gain":0.0,"event_name":"Upgrade Shrine","player_choice":"Upgraded","floor":22.0,"gold_loss":0.0,"damage_taken":0.0,"cards_upgraded":["Hyperbeam"]},{"cards_removed":["Streamline"],"damage_healed":0.0,"max_hp_gain":0.0,"max_hp_loss":0.0,"gold_gain":0.0,"event_name":"Designer","player_choice":"Upgrade and Remove","floor":28.0,"gold_loss":110.0,"damage_taken":0.0,"cards_upgraded":["Self Repair"]},{"damage_healed":0.0,"max_hp_gain":0.0,"max_hp_loss":0.0,"gold_gain":222.0,"event_name":"Tomb of Lord Red Mask","player_choice":"Wore Mask","floor":36.0,"gold_loss":0.0,"damage_taken":0.0},{"damage_healed":0.0,"max_hp_gain":0.0,"max_hp_loss":0.0,"gold_gain":0.0,"event_name":"SensoryStone","player_choice":"Memory 3","floor":45.0,"gold_loss":0.0,"damage_taken":10.0},{"cards_removed":["Storm"],"damage_healed":30.0,"max_hp_gain":0.0,"max_hp_loss":0.0,"gold_gain":0.0,"event_name":"Bonfire Elementals","player_choice":"Offered Uncommon","floor":47.0,"gold_loss":0.0,"damage_taken":0.0}],"is_beta":false,"boss_relics":[{"not_picked":["Ectoplasm","Eternal Feather"],"picked":"Pandora\u0027s Box"},{"not_picked":["White Beast Statue","Snecko Eye"],"picked":"Fusion Hammer"}],"items_purged_floors":[20],"is_endless":false,"potions_floor_spawned":[4,7,12,14,19,21,27,33,39,41,46],"killed_by":"The Heart","ascension_level":20}