{"gold_per_floor":[119,44,44,44,62,72,72,72,72,84,100,115,115,130,130,207,207,225,2,52,52,69,69,84,84,84,534,551,365,379,409,409,481,531,541,551,551,426,426,453,468,468,548,548,498,518,518,534,534,534,534,534,534,70,98,98],"floor_reached":57,"playtime":6839,"items_purged":["Strike_G","Defend_G","Survivor","Strike_G+1","Bullet Time"],"score":3198,"play_id":"155fe53e-17ea-4a99-9d41-62a87de79dc3","local_time":"20181228225723","is_ascension_mode":true,"campfire_choices":[{"data":"Neutralize","floor":7.0,"key":"SMITH"},{"data":"Acrobatics","floor":13.0,"key":"SMITH"},{"data":"Burst","floor":15.0,"key":"SMITH"},{"data":"Acrobatics","floor":23.0,"key":"SMITH"},{"floor":25.0,"key":"RECALL"},{"data":"Catalyst","floor":32,"key":"SMITH"},{"data":"Catalyst","floor":42,"key":"SMITH"},{"data":"Catalyst","floor":44,"key":"SMITH"},{"data":"Crippling Poison","floor":47,"key":"SMITH"},{"data":"Well Laid Plans","floor":49,"key":"SMITH"},{"data":"Backflip","floor":53,"key":"SMITH"}],"neow_cost":"PERCENT_DAMAGE","seed_source_timestamp":7937684309543,"circlet_count":0,"master_deck":["AscendersBane","Defend_G","Neutralize+1","Catalyst+1","Backstab","Catalyst+1","Acrobatics+1","Burst+1","Acrobatics+1","Crippling Poison+1","Well Laid Plans+1","Catalyst+1","Backflip+1","Catalyst"],"special_seed":0,"relics":["Ring of the Snake","Pocketwatch","Sundial","Busted Crown","Bag of Preparation","Blue Candle","Singing Bowl","Tiny House","Smiling Mask","Oddly Smooth Stone","Lantern","Letter Opener"],"potions_floor_usage":[56,56],"damage_taken":[{"damage":1.0,"enemies":"2 Louse","floor":1.0,"turns":3.0},{"damage":0.0,"enemies":"Jaw Worm","floor":5.0,"turns":6.0},{"damage":0.0,"enemies":"Cultist","floor":6.0,"turns":4.0},{"damage":3.0,"enemies":"Looter","floor":10.0,"turns":4.0},{"damage":11.0,"enemies":"Exordium Thugs","floor":11.0,"turns":7.0},{"damage":10.0,"enemies":"Large Slime","floor":12.0,"turns":9.0},{"damage":0.0,"enemies":"Looter","floor":14.0,"turns":4.0},{"damage":0.0,"enemies":"The Guardian","floor":16.0,"turns":6.0},{"damage":0.0,"enemies":"Spheric Guardian","floor":18.0,"turns":2.0},{"damage":0.0,"enemies":"Shell Parasite","floor":22.0,"turns":3.0},{"damage":0.0,"enemies":"Snake Plant","floor":24.0,"turns":2.0},{"damage":0.0,"enemies":"Chosen and Byrds","floor":28.0,"turns":2.0},{"damage":0.0,"enemies":"Sentry and Sphere","floor":30.0,"turns":3.0},{"damage":1,"enemies":"Book of Stabbing","floor":31,"turns":2},{"damage":0,"enemies":"Automaton","floor":33,"turns":3},{"damage":0,"enemies":"Orb Walker","floor":35,"turns":1},{"damage":0,"enemies":"3 Darklings","floor":36,"turns":2},{"damage":4,"enemies":"Giant Head","floor":40,"turns":2},{"damage":0,"enemies":"Transient","floor":41,"turns":5},{"damage":0,"enemies":"Sphere and 2 Shapes","floor":46,"turns":2},{"damage":0,"enemies":"Maw","floor":48,"turns":1},{"damage":1,"enemies":"Awakened One","floor":50,"turns":2},{"damage":26,"enemies":"Donu and Deca","floor":51,"turns":3},{"damage":1,"enemies":"Shield and Spear","floor":55,"turns":1},{"damage":70,"enemies":"The Heart","floor":56,"turns":4}],"seed_played":"-4345004465281588621","potions_obtained":[{"floor":1.0,"key":"SmokeBomb"},{"floor":6.0,"key":"Ancient Potion"},{"floor":16.0,"key":"Ancient Potion"},{"floor":30.0,"key":"LiquidBronze"}],"is_trial":false,"path_per_floor":["M","$","?","T","M","M","R","?","T","M","M","M","R","M","R","B",null,"M","$","?","?","M","R","M","R","T","?","M","$","M","E","R","B",null,"M","M","?","$","?","E","M","R","T","R","$","M","R","M","R","B","B",null,"R","$","E","B",null],"character_chosen":"THE_SILENT","items_purchased":["Bag of Preparation","Acrobatics","Well Laid Plans","Catalyst","Oddly Smooth Stone","Lantern"],"campfire_rested":0,"item_purchase_floors":[19,19,29,54,54,54],"current_hp_per_floor":[43,43,36,36,36,36,36,36,36,33,22,12,12,12,12,12,53,53,53,53,53,53,53,53,53,53,17,17,17,17,18,18,20,63,65,67,67,67,67,63,65,65,65,65,65,67,67,69,69,68,42,71,71,71,72,2],"gold":98,"neow_bonus":"REMOVE_TWO","is_prod":false,"is_daily":false,"chose_seed":false,"campfire_upgraded":10,"win_rate":0,"timestamp":1546009043,"path_taken":["M","$","?","?","?","M","R","?","T","M","M","M","R","M","R","BOSS","M","$","?","?","M","R","M","R","T","?","M","$","M","E","R","BOSS","M","M","?","$","?","E","M","R","T","R","$","M","R","M","R","BOSS","BOSS","R","$","E","BOSS"],"build_version":"2018-12-20","purchased_purges":5,"victory":true,"max_hp_per_floor":[66,66,66,66,66,66,66,66,66,66,66,66,66,66,66,66,66,66,66,66,66,66,66,66,66,66,66,66,66,66,68,68,70,75,77,79,75,75,75,75,77,77,77,77,77,79,79,81,81,81,81,81,81,81,83,83],"card_choices":[{"not_picked":["Masterful Stab","Bane"],"picked":"Catalyst","floor":1.0},{"not_picked":["Terror","Dagger Throw","Eviscerate"],"picked":"SKIP","floor":5.0},{"not_picked":["Setup","Flying Knee"],"picked":"Backstab","floor":6.0},{"not_picked":["Slice","Dagger Spray"],"picked":"Acrobatics","floor":10.0},{"not_picked":["Dagger Throw","Slice","Choke"],"picked":"SKIP","floor":11.0},{"not_picked":["Flying Knee","Dagger Spray"],"picked":"Burst","floor":12.0},{"not_picked":["Leg Sweep","Bane","Flechettes"],"picked":"SKIP","floor":14.0},{"not_picked":["PiercingWail"],"picked":"SKIP","floor":18.0},{"not_picked":["Backflip"],"picked":"SKIP","floor":22.0},{"not_picked":["PiercingWail"],"picked":"SKIP","floor":24.0},{"not_picked":["Flying Knee+1"],"picked":"SKIP","floor":28.0},{"not_picked":["Flechettes"],"picked":"SKIP","floor":30.0},{"not_picked":["Infinite Blades+1"],"picked":"Singing Bowl","floor":31},{"not_picked":["Venomology"],"picked":"Singing Bowl","floor":33},{"not_picked":[],"picked":"Catalyst","floor":34},{"not_picked":["Backstab"],"picked":"Singing Bowl","floor":35},{"not_picked":["Blade Dance+1"],"picked":"Singing Bowl","floor":36},{"not_picked":[],"picked":"Backflip","floor":40},{"not_picked":["Choke+1"],"picked":"Singing Bowl","floor":41},{"not_picked":["Calculated Gamble"],"picked":"Singing Bowl","floor":46},{"not_picked":["Cloak And Dagger"],"picked":"Singing Bowl","floor":48},{"not_picked":["Backflip"],"picked":"Singing Bowl","floor":55}],"player_experience":1551012,"relics_obtained":[{"floor":4.0,"key":"Pocketwatch"},{"floor":9.0,"key":"Sundial"},{"floor":26.0,"key":"Blue Candle"},{"floor":31,"key":"Singing Bowl"},{"floor":40,"key":"Smiling Mask"},{"floor":55,"key":"Letter Opener"}],"event_choices":[{"cards_removed":["Defend_G"],"damage_healed":0.0,"max_hp_gain":0.0,"max_hp_loss":0.0,"gold_gain":0.0,"event_name":"Golden Wing","player_choice":"Card Removal","floor":3.0,"gold_loss":0.0,"damage_taken":7.0},{"damage_healed":0.0,"max_hp_gain":0.0,"max_hp_loss":0.0,"gold_gain":0.0,"cards_transformed":["Strike_G"],"event_name":"Transmorgrifier","player_choice":"Transformed","floor":8.0,"gold_loss":0.0,"damage_taken":0.0,"cards_obtained":["Catalyst"]},{"damage_healed":0.0,"max_hp_gain":0.0,"max_hp_loss":0.0,"gold_gain":50.0,"event_name":"Nest","player_choice":"Stole From Cult","floor":20.0,"gold_loss":0.0,"damage_taken":0.0},{"damage_healed":0.0,"max_hp_gain":0.0,"max_hp_loss":0.0,"gold_gain":0.0,"cards_transformed":["Strike_G","Defend_G"],"event_name":"Drug Dealer","player_choice":"Became Test Subject","floor":21.0,"gold_loss":0.0,"damage_taken":0.0,"cards_obtained":["Crippling Poison","Bullet Time"]},{"damage_healed":0.0,"max_hp_gain":0.0,"max_hp_loss":0.0,"gold_gain":450.0,"event_name":"Knowing Skull","player_choice":"GOLD GOLD GOLD GOLD GOLD ","floor":27.0,"potions_obtained":[],"gold_loss":0.0,"damage_taken":36.0,"cards_obtained":[]},{"damage_healed":0,"gold_gain":0,"player_choice":"Max HP","damage_taken":0,"max_hp_gain":0,"max_hp_loss":4,"event_name":"Winding Halls","floor":37,"gold_loss":0},{"damage_healed":0,"gold_gain":0,"player_choice":"Ignored","damage_taken":0,"max_hp_gain":0,"max_hp_loss":0,"event_name":"Tomb of Lord Red Mask","floor":39,"gold_loss":0}],"is_beta":false,"boss_relics":[{"not_picked":["HoveringKite","Cursed Key"],"picked":"Busted Crown"},{"not_picked":["Orrery","White Beast Statue"],"picked":"Tiny House"}],"items_purged_floors":[2,29,38,45,54],"is_endless":false,"potions_floor_spawned":[1,6,12,16,24,30,31,35,40,46,48],"ascension_level":20}