{"gold_per_floor":[110,110,110,110,110,124,141,141,141,141,66,66,84,102,102,173,173,193,193],"floor_reached":19,"playtime":422,"items_purged":["Parasite"],"score":259,"play_id":"91df2bc2-1b05-4a2f-95b4-9d296b647b8b","local_time":"20181012124042","is_ascension_mode":true,"campfire_choices":[{"data":"Zap","floor":8,"key":"SMITH"},{"data":"Dualcast","floor":12,"key":"SMITH"},{"floor":15,"key":"REST"}],"neow_cost":"","seed_source_timestamp":8751845585882,"circlet_count":0,"master_deck":["Strike_B","Strike_B","Defend_B","Defend_B","Defend_B","Zap+1","Dualcast+1","AscendersBane","Cold Snap","Cold Snap","Melter","All For One","Capacitor+1","Capacitor+1","Core Surge+1","Doom and Gloom"],"relics":["Cracked Core","Darkstone Periapt","Astrolabe"],"potions_floor_usage":[16,16],"damage_taken":[{"damage":1,"enemies":"Cultist","floor":1,"turns":3},{"damage":0,"enemies":"Small Slimes","floor":6,"turns":3},{"damage":2,"enemies":"Jaw Worm","floor":7,"turns":3},{"damage":13,"enemies":"2 Fungi Beasts","floor":13,"turns":4},{"damage":15,"enemies":"Lots of Slimes","floor":14,"turns":4},{"damage":33,"enemies":"Slime Boss","floor":16,"turns":8},{"damage":20,"enemies":"Chosen","floor":18,"turns":6},{"damage":55,"enemies":"Shell Parasite","floor":19,"turns":6}],"seed_played":"2093187061131270501","potions_obtained":[{"floor":6,"key":"Poison Potion"},{"floor":14,"key":"Fire Potion"}],"is_trial":false,"path_per_floor":["M","?","$","$","?","M","M","R","T","?","$","R","M","M","R","B",null,"M"],"character_chosen":"DEFECT","items_purchased":[],"campfire_rested":1,"item_purchase_floors":[],"current_hp_per_floor":[67,67,67,67,72,72,70,70,70,86,83,83,70,55,79,46,74,54,0],"gold":193,"neow_bonus":"","is_prod":false,"is_daily":false,"chose_seed":false,"campfire_upgraded":2,"win_rate":0,"timestamp":1539319242,"path_taken":["M","?","?","$","?","?","M","R","T","?","$","R","M","M","R","BOSS","M","M"],"build_version":"2018-10-11","purchased_purges":1,"victory":false,"max_hp_per_floor":[75,75,75,75,80,80,80,80,80,86,83,83,83,83,83,83,83,83,83],"card_choices":[{"not_picked":["Compile Driver","Steam","Beam Cell"],"picked":"SKIP","floor":1},{"not_picked":["Sweeping Beam","Scrape","FTL"],"picked":"SKIP","floor":6},{"not_picked":["Turbo","Leap"],"picked":"Cold Snap","floor":7},{"not_picked":["Turbo","Hologram"],"picked":"Cold Snap","floor":13},{"not_picked":["Chill","Go for the Eyes"],"picked":"Melter","floor":14},{"not_picked":["Amplify","Seek"],"picked":"All For One","floor":16},{"not_picked":["Compile Driver+1","Steam Power"],"picked":"Doom and Gloom","floor":18}],"player_experience":124496,"relics_obtained":[{"floor":9,"key":"Darkstone Periapt"}],"event_choices":[{"event_name":"Scrap Ooze","player_choice":"unsuccessful","floor":2,"damage_taken":0},{"event_name":"Big Fish","player_choice":"Donut","floor":5,"damage_taken":0},{"event_name":"Mushrooms","player_choice":"Healed and dodged fight","floor":10,"damage_taken":0}],"is_beta":false,"boss_relics":[{"not_picked":["Empty Cage","Calling Bell"],"picked":"Astrolabe"}],"items_purged_floors":[11],"is_endless":false,"potions_floor_spawned":[6,14],"killed_by":"Shell Parasite","ascension_level":13}