{"gold_per_floor":[110,185,185,202,202,234,249,249,319,105,30,49,78,78,78,78],"floor_reached":16,"playtime":318,"items_purged":["Strike_B"],"score":266,"play_id":"b0113559-8e8a-46a0-81e8-5f9b1e765f33","local_time":"20181119201602","is_ascension_mode":true,"campfire_choices":[{"data":"Zap","floor":8.0,"key":"SMITH"},{"data":"Defragment","floor":15,"key":"SMITH"}],"neow_cost":"NONE","seed_source_timestamp":1675394760392448,"circlet_count":0,"master_deck":["AscendersBane","Strike_B","Defend_B","Defend_B","Defend_B","Defend_B","Zap+1","Dualcast","Ball Lightning","Glacier","Reinforced Body+1","Reboot+1","Defragment+1"],"special_seed":0,"relics":["Cracked Core","NeowsBlessing","Smiling Mask","Toxic Egg 2","Bag of Preparation","Regal Pillow"],"potions_floor_usage":[16],"damage_taken":[{"damage":0.0,"enemies":"Small Slimes","floor":1.0,"turns":1.0},{"damage":0.0,"enemies":"Jaw Worm","floor":4.0,"turns":1.0},{"damage":0.0,"enemies":"3 Sentries","floor":6.0,"turns":1.0},{"damage":2.0,"enemies":"2 Louse","floor":7.0,"turns":2.0},{"damage":3.0,"enemies":"Blue Slaver","floor":12.0,"turns":3.0},{"damage":40.0,"enemies":"Gremlin Nob","floor":13.0,"turns":5.0},{"damage":21,"enemies":"Hexaghost","floor":16,"turns":11}],"seed_played":"-7425438940152139185","potions_obtained":[{"floor":1.0,"key":"Regen Potion"},{"floor":4.0,"key":"FearPotion"}],"is_trial":false,"path_per_floor":["M","?","?","M","?","E","M","R","T","$","?","M","E","?","R","B"],"character_chosen":"DEFECT","items_purchased":["Bag of Preparation"],"campfire_rested":0,"item_purchase_floors":[10],"current_hp_per_floor":[64,53,46,46,51,51,49,49,49,49,49,46,6,6,6,0],"gold":78,"neow_bonus":"THREE_ENEMY_KILL","is_prod":false,"is_daily":false,"chose_seed":false,"campfire_upgraded":2,"win_rate":0,"timestamp":1542629762,"path_taken":["M","?","?","M","?","E","?","R","T","$","?","M","E","?","R","BOSS"],"build_version":"2018-11-15","purchased_purges":1,"victory":false,"max_hp_per_floor":[71,71,71,71,76,76,76,76,76,76,76,76,76,76,76,76],"card_choices":[{"not_picked":["Auto Shields","Reprogram","Rebound"],"picked":"SKIP","floor":1.0},{"not_picked":["Gash","Go for the Eyes","Double Energy"],"picked":"SKIP","floor":4.0},{"not_picked":["Static Discharge","Compile Driver"],"picked":"Ball Lightning","floor":6.0},{"not_picked":["Chill","Redo"],"picked":"Glacier","floor":7.0},{"not_picked":["FTL","Beam Cell"],"picked":"Reinforced Body+1","floor":12.0},{"not_picked":["Rainbow+1","Steam+1"],"picked":"Reboot+1","floor":13.0}],"player_experience":565590,"relics_obtained":[{"floor":6.0,"key":"Smiling Mask"},{"floor":9.0,"key":"Toxic Egg 2"},{"floor":13.0,"key":"Regal Pillow"}],"event_choices":[{"damage_healed":0.0,"max_hp_gain":0.0,"max_hp_loss":0.0,"gold_gain":75.0,"event_name":"World of Goop","player_choice":"Gather Gold","floor":2.0,"gold_loss":0.0,"damage_taken":11.0},{"cards_removed":["Strike_B"],"damage_healed":0.0,"max_hp_gain":0.0,"max_hp_loss":0.0,"gold_gain":0.0,"event_name":"Golden Wing","player_choice":"Card Removal","floor":3.0,"gold_loss":0.0,"damage_taken":7.0},{"damage_healed":0.0,"max_hp_gain":5.0,"max_hp_loss":0.0,"gold_gain":0.0,"event_name":"Big Fish","player_choice":"Donut","floor":5.0,"gold_loss":0.0,"damage_taken":0.0},{"cards_removed":["Strike_B"],"damage_healed":0.0,"max_hp_gain":0.0,"max_hp_loss":0.0,"gold_gain":0.0,"event_name":"The Cleric","player_choice":"Card Removal","floor":11.0,"gold_loss":75.0,"damage_taken":0.0},{"damage_healed":0,"gold_gain":0,"player_choice":"1 cards matched","damage_taken":0,"max_hp_gain":0,"max_hp_loss":0,"event_name":"Match and Keep!","floor":14,"gold_loss":0,"cards_obtained":["Defragment"]}],"is_beta":true,"boss_relics":[],"items_purged_floors":[10],"is_endless":false,"potions_floor_spawned":[1,4],"killed_by":"Hexaghost","ascension_level":20}