{"gold_per_floor":[114,39,39,57,7,38,38,73,125,144,157,48,82,82,82,160,160,174,224,241,241,34,34,34,64,64,80,100,100,100,125,125,201,201,220,231,231,86,99,99,126,145,145,155,155,155,155,167,167,167,167,167,167,7,36,36],"floor_reached":57,"playtime":2895,"items_purged":["Strike_B","Pain","Strike_B+1","Strike_B+1","Defend_B+1"],"score":2851,"play_id":"ee3b3749-c835-48e0-a53d-98e11b4987af","local_time":"20190228195434","is_ascension_mode":true,"campfire_choices":[{"data":"Darkness","floor":7.0,"key":"SMITH"},{"data":"Hologram","floor":15.0,"key":"SMITH"},{"floor":23.0,"key":"REST"},{"data":"Self Repair","floor":29.0,"key":"SMITH"},{"data":"Seek","floor":32.0,"key":"SMITH"},{"floor":40.0,"key":"REST"},{"floor":47.0,"key":"RECALL"},{"floor":49.0,"key":"REST"},{"data":"Heatsinks","floor":53.0,"key":"SMITH"}],"neow_cost":"NONE","seed_source_timestamp":27910447059376,"circlet_count":0,"master_deck":["AscendersBane","Defend_B+1","Defend_B+1","Defend_B+1","Zap","Dualcast","Cold Snap+1","Hologram+1","Darkness+1","Cold Snap+1","Reboot","Stack","Coolheaded","Coolheaded","Seek+1","Self Repair+1","Heatsinks+1","Creative AI","Glacier+1","Storm","Panacea","Turbo","Cold Snap","Consume+1","Jack Of All Trades","Discovery","Forethought","Creative AI","Creative AI","Turbo","Stack+1"],"special_seed":0,"relics":["Cracked Core","NeowsBlessing","WarpedTongs","DataDisk","Smiling Mask","Bronze Scales","Bag of Marbles","Omamori","Runic Pyramid","Whetstone","Symbiotic Virus","Mummified Hand","Pocketwatch","Question Card","PreservedInsect","Cursed Key","Bottled Tornado","Incense Burner"],"potions_floor_usage":[56,56],"damage_taken":[{"damage":0.0,"enemies":"Jaw Worm","floor":1.0,"turns":1.0},{"damage":0.0,"enemies":"Cultist","floor":4.0,"turns":1.0},{"damage":0.0,"enemies":"Lagavulin","floor":6.0,"turns":1.0},{"damage":11.0,"enemies":"Gremlin Nob","floor":8.0,"turns":3.0},{"damage":0.0,"enemies":"2 Louse","floor":10.0,"turns":2.0},{"damage":2.0,"enemies":"Gremlin Gang","floor":11.0,"turns":4.0},{"damage":0.0,"enemies":"Lagavulin","floor":13.0,"turns":6.0},{"damage":14.0,"enemies":"Slime Boss","floor":16.0,"turns":12.0},{"damage":1.0,"enemies":"Spheric Guardian","floor":18.0,"turns":4.0},{"damage":15.0,"enemies":"Shell Parasite","floor":20.0,"turns":5.0},{"damage":7.0,"enemies":"Gremlin Leader","floor":25.0,"turns":6.0},{"damage":2.0,"enemies":"Sentry and Sphere","floor":27.0,"turns":3.0},{"damage":3.0,"enemies":"Cultist and Chosen","floor":28.0,"turns":6.0},{"damage":30.0,"enemies":"Slavers","floor":31.0,"turns":7.0},{"damage":25.0,"enemies":"Collector","floor":33.0,"turns":12.0},{"damage":12.0,"enemies":"3 Darklings","floor":35.0,"turns":8.0},{"damage":11.0,"enemies":"3 Shapes","floor":36.0,"turns":5.0},{"damage":25.0,"enemies":"Jaw Worm Horde","floor":39.0,"turns":4.0},{"damage":19.0,"enemies":"Reptomancer","floor":41.0,"turns":6.0},{"damage":1.0,"enemies":"4 Shapes","floor":42.0,"turns":5.0},{"damage":0.0,"enemies":"Sphere and 2 Shapes","floor":44.0,"turns":5.0},{"damage":22.0,"enemies":"3 Darklings","floor":48.0,"turns":4.0},{"damage":50.0,"enemies":"Awakened One","floor":50.0,"turns":6.0},{"damage":0.0,"enemies":"Donu and Deca","floor":51.0,"turns":6.0},{"damage":0,"enemies":"Shield and Spear","floor":55,"turns":5},{"damage":23,"enemies":"The Heart","floor":56,"turns":8}],"seed_played":"7904794874413428212","potions_obtained":[{"floor":1.0,"key":"Block Potion"},{"floor":4.0,"key":"Poison Potion"},{"floor":16.0,"key":"Poison Potion"},{"floor":20.0,"key":"FocusPotion"},{"floor":33.0,"key":"Weak Potion"},{"floor":39.0,"key":"PowerPotion"},{"floor":41.0,"key":"Energy Potion"},{"floor":48.0,"key":"Ancient Potion"}],"is_trial":false,"path_per_floor":["M","$","?","M","$","E","R","E","T","M","M","$","E","?","R","B",null,"M","?","M","?","$","R","?","E","T","M","M","R","?","E","R","B",null,"M","M","?","$","M","R","E","M","T","M","?","?","R","M","R","B","B",null,"R","$","E","B",null],"character_chosen":"DEFECT","items_purchased":["Hologram","Coolheaded","Whetstone","Panacea","FocusPotion","Turbo"],"campfire_rested":3,"item_purchase_floors":[5,12,22,38,54,54],"current_hp_per_floor":[64,64,64,64,64,64,64,53,53,53,51,51,51,16,16,2,54,53,53,38,38,38,59,59,52,52,50,54,54,54,34,34,19,58,56,55,55,55,40,61,52,61,61,71,61,61,61,49,70,30,40,63,63,63,71,58],"gold":36,"neow_bonus":"THREE_ENEMY_KILL","is_prod":false,"is_daily":false,"chose_seed":false,"campfire_upgraded":5,"win_rate":0,"timestamp":1551354874,"path_taken":["M","$","?","?","$","E","R","E","T","M","M","$","E","?","R","BOSS","M","?","?","?","$","R","?","E","T","M","?","R","?","E","R","BOSS","M","?","?","$","?","R","E","M","T","M","?","?","R","M","R","BOSS","BOSS","R","$","E","BOSS"],"build_version":"2019-01-23","purchased_purges":5,"victory":true,"max_hp_per_floor":[71,71,71,71,71,71,71,71,71,71,71,71,71,71,71,71,71,71,71,71,71,71,71,71,71,71,71,71,71,71,71,71,71,71,71,71,71,71,71,71,71,71,71,71,71,71,71,71,71,71,71,71,71,71,71,71],"card_choices":[{"not_picked":["Storm","Go for the Eyes","Sweeping Beam"],"picked":"SKIP","floor":1.0},{"not_picked":["Redo","Sweeping Beam"],"picked":"Cold Snap","floor":4.0},{"not_picked":["Sweeping Beam","Beam Cell"],"picked":"Darkness","floor":6.0},{"not_picked":["Conserve Battery","Sweeping Beam"],"picked":"Cold Snap","floor":8.0},{"not_picked":["Cold Snap","Fusion"],"picked":"Reboot","floor":10.0},{"not_picked":["Conserve Battery","Redo"],"picked":"Stack","floor":11.0},{"not_picked":["Lockon","Streamline"],"picked":"Coolheaded","floor":13.0},{"not_picked":["Machine Learning","Multi-Cast"],"picked":"Seek","floor":16.0},{"not_picked":["Barrage","Skim"],"picked":"Consume","floor":18.0},{"not_picked":["Tempest","Gash+1","Undo"],"picked":"SKIP","floor":20.0},{"not_picked":["Sunder","Coolheaded"],"picked":"Self Repair","floor":25.0},{"not_picked":["Cold Snap","Gash+1"],"picked":"Heatsinks","floor":27.0},{"not_picked":["Force Field","Conserve Battery","Ball Lightning"],"picked":"SKIP","floor":28.0},{"not_picked":["Skim+1","Static Discharge","Doom and Gloom","Compile Driver"],"picked":"SKIP","floor":31.0},{"not_picked":["Machine Learning","Biased Cognition","Multi-Cast"],"picked":"Creative AI","floor":33.0},{"not_picked":["Auto Shields+1","Beam Cell","Leap"],"picked":"Glacier+1","floor":35.0},{"not_picked":["Gash+1","Ball Lightning","Darkness+1"],"picked":"Storm","floor":36.0},{"not_picked":["Steam Power","Aggregate","Sunder"],"picked":"Turbo","floor":39.0},{"not_picked":["Conserve Battery","Static Discharge+1","Beam Cell+1"],"picked":"Cold Snap","floor":41.0},{"not_picked":["Stack","Redo","Auto Shields"],"picked":"Consume+1","floor":42.0},{"not_picked":["Steam","Conserve Battery","Chaos","Coolheaded"],"picked":"SKIP","floor":44.0},{"not_picked":["Swift Strike","Blind","Enlightenment"],"picked":"Jack Of All Trades","floor":45.0},{"not_picked":["Deep Breath","Purity","Finesse"],"picked":"Discovery","floor":45.0},{"not_picked":["Finesse","Blind","Good Instincts"],"picked":"Forethought","floor":45.0},{"not_picked":["Scrape+1","Gash","Blizzard"],"picked":"Creative AI","floor":48.0},{"not_picked":["Tempest+1","Compile Driver+1","Darkness"],"picked":"Stack+1","floor":55}],"player_experience":3233452,"relics_obtained":[{"floor":6.0,"key":"DataDisk"},{"floor":8.0,"key":"Smiling Mask"},{"floor":9.0,"key":"Bronze Scales"},{"floor":13.0,"key":"Bag of Marbles"},{"floor":25.0,"key":"Mummified Hand"},{"floor":26.0,"key":"Pocketwatch"},{"floor":30.0,"key":"Question Card"},{"floor":31.0,"key":"PreservedInsect"},{"floor":41.0,"key":"Bottled Tornado"},{"floor":55,"key":"Incense Burner"}],"event_choices":[{"damage_healed":0.0,"max_hp_gain":0.0,"max_hp_loss":0.0,"gold_gain":0.0,"event_name":"Accursed Blacksmith","player_choice":"Rummage","floor":3.0,"gold_loss":0.0,"damage_taken":0.0,"relics_obtained":["WarpedTongs"],"cards_obtained":["Pain"]},{"damage_healed":0.0,"max_hp_gain":0.0,"max_hp_loss":0.0,"gold_gain":0.0,"event_name":"Scrap Ooze","player_choice":"Success","floor":14.0,"gold_loss":0.0,"damage_taken":35.0,"relics_obtained":["Omamori"]},{"damage_healed":0.0,"max_hp_gain":0.0,"max_hp_loss":0.0,"gold_gain":100.0,"event_name":"The Joust","player_choice":"Bet on Murderer","floor":19.0,"gold_loss":50.0,"damage_taken":0.0},{"damage_healed":0.0,"max_hp_gain":0.0,"max_hp_loss":0.0,"gold_gain":0.0,"event_name":"Back to Basics","player_choice":"Simplicity","floor":21.0,"gold_loss":0.0,"damage_taken":0.0,"cards_upgraded":["Strike_B","Strike_B","Strike_B","Defend_B","Defend_B","Defend_B","Defend_B"]},{"cards_removed":["Consume"],"damage_healed":0.0,"max_hp_gain":0.0,"max_hp_loss":0.0,"gold_gain":0.0,"event_name":"WeMeetAgain","player_choice":"Gave Card","floor":24.0,"gold_loss":0.0,"damage_taken":0.0,"relics_obtained":["Symbiotic Virus"]},{"damage_healed":0.0,"max_hp_gain":0.0,"max_hp_loss":0.0,"gold_gain":0.0,"event_name":"Wheel of Change","player_choice":"Relic","floor":30.0,"gold_loss":0.0,"damage_taken":0.0},{"cards_removed":["Strike_B"],"damage_healed":0.0,"max_hp_gain":0.0,"max_hp_loss":0.0,"gold_gain":0.0,"event_name":"Purifier","player_choice":"Purged","floor":37.0,"gold_loss":0.0,"damage_taken":0.0},{"damage_healed":0.0,"max_hp_gain":0.0,"max_hp_loss":0.0,"gold_gain":0.0,"event_name":"SensoryStone","player_choice":"Memory 3","floor":45.0,"gold_loss":0.0,"damage_taken":10.0},{"damage_healed":0.0,"max_hp_gain":0.0,"max_hp_loss":0.0,"gold_gain":0.0,"event_name":"Duplicator","player_choice":"Copied","floor":46.0,"gold_loss":0.0,"damage_taken":0.0,"cards_obtained":["Creative AI"]}],"is_beta":false,"boss_relics":[{"not_picked":["Empty Cage","Busted Crown"],"picked":"Runic Pyramid"},{"not_picked":["FrozenCore","Astrolabe"],"picked":"Cursed Key"}],"items_purged_floors":[2,12,22,38,54],"is_endless":false,"potions_floor_spawned":[1,4,6,16,20,31,33,35,39,41,44,48],"ascension_level":20}