{"gold_per_floor":[112,37,37,37,51,77,77,101,174,174,190,208,220,250,250,250],"floor_reached":16,"playtime":195,"items_purged":[],"score":270,"play_id":"c1242e0c-3ff2-4060-9bf9-021da7ed085f","local_time":"20190210224159","is_ascension_mode":true,"campfire_choices":[{"data":"Carnage","floor":7,"key":"SMITH"},{"data":"Barricade","floor":15,"key":"SMITH"}],"neow_cost":"NONE","seed_source_timestamp":1144146232734677,"circlet_count":0,"master_deck":["AscendersBane","Strike_R","Strike_R","Strike_R","Strike_R","Defend_R","Defend_R","Defend_R","Defend_R","Bash","Carnage+1","Pain","Body Slam","Barricade+1"],"relics":["Burning Blood","NeowsBlessing","WarpedTongs","Potion Belt","Bag of Preparation","Mercury Hourglass","Ice Cream"],"potions_floor_usage":[],"damage_taken":[{"damage":0,"enemies":"2 Louse","floor":1,"turns":1},{"damage":0,"enemies":"Cultist","floor":5,"turns":1},{"damage":0,"enemies":"Lagavulin","floor":6,"turns":1},{"damage":2,"enemies":"Small Slimes","floor":11,"turns":2},{"damage":3,"enemies":"Exordium Wildlife","floor":12,"turns":2},{"damage":4,"enemies":"2 Fungi Beasts","floor":13,"turns":2},{"damage":32,"enemies":"Gremlin Nob","floor":14,"turns":4},{"damage":20,"enemies":"Hexaghost","floor":16,"turns":4}],"seed_played":"-1950509645694100917","potions_obtained":[{"floor":5,"key":"Regen Potion"},{"floor":6,"key":"Ancient Potion"},{"floor":12,"key":"Regen Potion"}],"is_trial":false,"path_per_floor":["M","?","?","$","M","E","R","T","T","?","M","M","M","E","R","B"],"character_chosen":"IRONCLAD","items_purchased":[],"campfire_rested":0,"item_purchase_floors":[],"current_hp_per_floor":[74,74,74,74,75,75,75,75,75,75,75,75,75,49,49,29],"gold":250,"neow_bonus":"THREE_ENEMY_KILL","is_prod":false,"is_daily":false,"chose_seed":false,"campfire_upgraded":2,"win_rate":0,"timestamp":1549809719,"path_taken":["M","?","?","$","?","E","R","?","T","?","M","M","M","E","R","BOSS"],"build_version":"2019-01-23","purchased_purges":0,"victory":false,"max_hp_per_floor":[75,75,75,75,75,75,75,75,75,75,75,75,75,75,75,75],"card_choices":[{"not_picked":["Headbutt","Reckless Charge"],"picked":"Carnage","floor":1},{"not_picked":["Armaments","Cleave","Blood for Blood"],"picked":"SKIP","floor":5},{"not_picked":["Twin Strike","Armaments","Pommel Strike"],"picked":"SKIP","floor":6},{"not_picked":["Havoc","Entrench"],"picked":"Body Slam","floor":11},{"not_picked":["Sword Boomerang","Flex","Armaments"],"picked":"SKIP","floor":12},{"not_picked":["Sever Soul","Ghostly Armor"],"picked":"Barricade","floor":13},{"not_picked":["Ghostly Armor","Carnage","Thunderclap"],"picked":"SKIP","floor":14}],"player_experience":720278,"relics_obtained":[{"floor":6,"key":"Potion Belt"},{"floor":8,"key":"Bag of Preparation"},{"floor":9,"key":"Mercury Hourglass"},{"floor":14,"key":"Ice Cream"}],"event_choices":[{"cards_removed":["Strike_R"],"damage_healed":0,"gold_gain":0,"player_choice":"Card Removal","damage_taken":0,"max_hp_gain":0,"max_hp_loss":0,"event_name":"The Cleric","floor":2,"gold_loss":75},{"damage_healed":0,"gold_gain":0,"player_choice":"Rummage","damage_taken":0,"relics_obtained":["WarpedTongs"],"max_hp_gain":0,"max_hp_loss":0,"event_name":"Accursed Blacksmith","floor":3,"gold_loss":0,"cards_obtained":["Pain"]},{"damage_healed":0,"gold_gain":0,"player_choice":"Ignored","damage_taken":0,"max_hp_gain":0,"max_hp_loss":0,"event_name":"Liars Game","floor":10,"gold_loss":0}],"is_beta":false,"boss_relics":[],"items_purged_floors":[],"is_endless":false,"potions_floor_spawned":[5,6,12],"killed_by":"Hexaghost","ascension_level":20}