{"gold_per_floor":[109,109,109,30,54,54,54,54,54,97,109,141,153,90,90,214,214,228,228,243,258,272,272,272,272,297,320,320,500,500,514,514,640,640,663,681,425,425,450,485,500,500,575,575,575,591,591,604,604,604],"floor_reached":51,"playtime":2149,"items_purged":["Strike_G","Strike_G"],"score":700,"play_id":"9835c6bd-3796-429d-b2a0-68caa88f55ba","local_time":"20181026141846","is_ascension_mode":false,"campfire_choices":[{"data":"Neutralize","floor":6.0,"key":"SMITH"},{"data":"Predator","floor":8.0,"key":"SMITH"},{"data":"Deadly Poison","floor":11.0,"key":"SMITH"},{"data":"Deadly Poison","floor":13.0,"key":"SMITH"},{"data":"Footwork","floor":15.0,"key":"SMITH"},{"data":"Glass Knife","floor":23.0,"key":"SMITH"},{"data":"Backflip","floor":25.0,"key":"SMITH"},{"data":"Defend_G","floor":28.0,"key":"SMITH"},{"data":"Defend_G","floor":30.0,"key":"SMITH"},{"data":"Deflect","floor":32.0,"key":"SMITH"},{"floor":42,"key":"REST"},{"floor":45,"key":"REST"},{"data":"Corpse Explosion","floor":47,"key":"SMITH"},{"data":"Night Terror","floor":49,"key":"SMITH"}],"neow_cost":"NONE","seed_source_timestamp":18819693284520,"circlet_count":0,"master_deck":["Defend_G+1","Defend_G+1","Defend_G+1","Defend_G","Defend_G","Strike_G","Strike_G","Survivor+1","Neutralize+1","Predator+1","Footwork+1","Deadly Poison+1","Deadly Poison+1","Glass Knife+1","PiercingWail+1","Backflip+1","Escape Plan+1","Deflect+1","Night Terror+1","Cloak And Dagger+1","Corpse Explosion+1","Parasite","Well Laid Plans+1"],"special_seed":0,"relics":["Ring of the Snake","Golden Idol","Unceasing Top","MawBank","Runic Dome","War Paint","Busted Crown","Molten Egg 2","Orichalcum","Mercury Hourglass","SsserpentHead"],"potions_floor_usage":[50,50],"damage_taken":[{"damage":3.0,"enemies":"Jaw Worm","floor":1.0,"turns":6.0},{"damage":0.0,"enemies":"Small Slimes","floor":5.0,"turns":3.0},{"damage":13.0,"enemies":"Lagavulin","floor":10.0,"turns":6.0},{"damage":0.0,"enemies":"Cultist","floor":12.0,"turns":3.0},{"damage":34.0,"enemies":"Slime Boss","floor":16.0,"turns":9.0},{"damage":0.0,"enemies":"Shell Parasite","floor":18.0,"turns":5.0},{"damage":2.0,"enemies":"Colosseum Slavers","floor":19.0,"turns":6.0},{"damage":0.0,"enemies":"Chosen","floor":20.0,"turns":3.0},{"damage":3.0,"enemies":"Centurion and Healer","floor":21.0,"turns":7.0},{"damage":3.0,"enemies":"Snecko","floor":22.0,"turns":4.0},{"damage":3.0,"enemies":"Sentry and Sphere","floor":27.0,"turns":6.0},{"damage":2.0,"enemies":"3 Cultists","floor":31.0,"turns":5.0},{"damage":4.0,"enemies":"Collector","floor":33.0,"turns":13.0},{"damage":0.0,"enemies":"Orb Walker","floor":35.0,"turns":4.0},{"damage":0.0,"enemies":"3 Darklings","floor":36.0,"turns":5.0},{"damage":5.0,"enemies":"Transient","floor":39.0,"turns":5.0},{"damage":31.0,"enemies":"Giant Head","floor":40.0,"turns":10.0},{"damage":1,"enemies":"Spire Growth","floor":41,"turns":5},{"damage":0,"enemies":"Writhing Mass","floor":46,"turns":6},{"damage":0,"enemies":"Maw","floor":48,"turns":7},{"damage":28,"enemies":"Donu and Deca","floor":50,"turns":8}],"seed_played":"-1747684416147652322","potions_obtained":[{"floor":5.0,"key":"Dexterity Potion"},{"floor":10.0,"key":"AttackPotion"},{"floor":16.0,"key":"Dexterity Potion"},{"floor":18.0,"key":"GhostInAJar"},{"floor":20.0,"key":"AttackPotion"},{"floor":22.0,"key":"Dexterity Potion"},{"floor":36.0,"key":"Dexterity Potion"},{"floor":39.0,"key":"Weak Potion"},{"floor":48,"key":"Explosive Potion"}],"is_trial":false,"path_per_floor":["M","?","?","$","M","R","$","R","T","E","R","M","R","$","R","B",null,"M","?","M","M","M","R","?","R","T","M","R","?","R","M","R","B",null,"M","M","$","?","M","E","M","R","T","?","R","M","R","M","R","B"],"character_chosen":"THE_SILENT","items_purchased":["Footwork","Corpse Explosion"],"campfire_rested":2,"item_purchase_floors":[4,37],"current_hp_per_floor":[67,67,65,65,65,65,65,65,65,52,52,52,52,52,52,18,65,65,63,63,60,57,57,57,57,57,54,54,36,36,34,34,30,65,65,65,65,65,60,29,28,47,47,47,65,65,65,65,65,37],"gold":604,"neow_bonus":"REMOVE_CARD","is_prod":false,"is_daily":false,"chose_seed":false,"campfire_upgraded":12,"win_rate":0,"timestamp":1540534726,"path_taken":["M","?","?","$","M","R","$","R","T","E","R","M","R","?","R","BOSS","M","?","?","M","M","R","?","R","T","M","R","?","R","M","R","BOSS","M","M","$","?","M","E","M","R","T","?","R","M","R","M","R","BOSS"],"build_version":"2018-10-25","purchased_purges":2,"victory":true,"max_hp_per_floor":[70,70,65,65,65,65,65,65,65,65,65,65,65,65,65,65,65,65,65,65,65,65,65,65,65,65,65,65,65,65,65,65,65,65,65,65,65,65,65,65,65,65,65,65,65,65,65,65,65,65],"card_choices":[{"not_picked":["Underhanded Strike","Sucker Punch"],"picked":"Predator","floor":1.0},{"not_picked":["Flying Knee","Quick Slash","Slice"],"picked":"SKIP","floor":5.0},{"not_picked":["Terror","Prepared"],"picked":"Deadly Poison","floor":10.0},{"not_picked":["Blur","PiercingWail"],"picked":"Deadly Poison","floor":12.0},{"not_picked":["Die Die Die","Storm of Steel"],"picked":"Glass Knife","floor":16.0},{"not_picked":["Slice","Prepared+1","Acrobatics"],"picked":"SKIP","floor":18.0},{"not_picked":["Quick Slash","Deflect"],"picked":"PiercingWail+1","floor":20.0},{"not_picked":["Underhanded Strike","Distraction","Flying Knee+1"],"picked":"SKIP","floor":21.0},{"not_picked":["Deflect+1","Die Die Die"],"picked":"Backflip","floor":22.0},{"not_picked":["Cloak And Dagger","PiercingWail"],"picked":"Escape Plan+1","floor":27.0},{"not_picked":["Accuracy","Dash"],"picked":"Deflect","floor":31.0},{"not_picked":["Die Die Die","Unload"],"picked":"Night Terror","floor":33.0},{"not_picked":["Poisoned Stab+1"],"picked":"SKIP","floor":35.0},{"not_picked":[],"picked":"Cloak And Dagger+1","floor":36.0},{"not_picked":["Flying Knee+1"],"picked":"SKIP","floor":39.0},{"not_picked":["Bullet Time"],"picked":"SKIP","floor":40.0},{"not_picked":["Underhanded Strike+1"],"picked":"SKIP","floor":41},{"not_picked":["Reflex+1"],"picked":"SKIP","floor":46},{"not_picked":[],"picked":"Well Laid Plans+1","floor":48}],"player_experience":653743,"relics_obtained":[{"floor":9.0,"key":"Unceasing Top"},{"floor":10.0,"key":"MawBank"},{"floor":26.0,"key":"War Paint"},{"floor":40.0,"key":"Orichalcum"},{"floor":43,"key":"Mercury Hourglass"}],"event_choices":[{"damage_healed":0.0,"max_hp_gain":0.0,"max_hp_loss":0.0,"gold_gain":0.0,"event_name":"Scrap Ooze","player_choice":"Fled","floor":2.0,"gold_loss":0.0,"damage_taken":0.0},{"damage_healed":0.0,"max_hp_gain":0.0,"max_hp_loss":5.0,"gold_gain":0.0,"event_name":"Golden Idol","player_choice":"Lose Max HP","floor":3.0,"gold_loss":0.0,"damage_taken":0.0,"relics_obtained":["Golden Idol"]},{"damage_healed":0.0,"max_hp_gain":0.0,"max_hp_loss":0.0,"gold_gain":0.0,"event_name":"Colosseum","player_choice":"Fight","floor":19.0,"gold_loss":0.0,"damage_taken":0.0},{"damage_healed":0.0,"max_hp_gain":0.0,"max_hp_loss":0.0,"gold_gain":0.0,"event_name":"Colosseum","player_choice":"Fled From Nobs","floor":19.0,"gold_loss":0.0,"damage_taken":0.0},{"damage_healed":0.0,"max_hp_gain":0.0,"max_hp_loss":0.0,"gold_gain":0.0,"event_name":"Cursed Tome","player_choice":"Ignored","floor":24.0,"gold_loss":0.0,"damage_taken":0.0},{"damage_healed":0.0,"max_hp_gain":0.0,"max_hp_loss":0.0,"gold_gain":180.0,"event_name":"Knowing Skull","player_choice":"GOLD GOLD ","floor":29.0,"potions_obtained":[],"gold_loss":0.0,"damage_taken":18.0,"cards_obtained":[]},{"damage_healed":0.0,"max_hp_gain":0.0,"max_hp_loss":0.0,"gold_gain":0.0,"event_name":"WeMeetAgain","player_choice":"Gave Potion","floor":38.0,"gold_loss":0.0,"damage_taken":0.0,"relics_obtained":["Molten Egg 2"]},{"damage_healed":0,"gold_gain":0,"player_choice":"Trade","damage_taken":0,"relics_obtained":["SsserpentHead"],"max_hp_gain":0,"max_hp_loss":0,"event_name":"FaceTrader","floor":44,"gold_loss":0}],"is_beta":false,"boss_relics":[{"not_picked":["White Beast Statue","Astrolabe"],"picked":"Runic Dome"},{"not_picked":["Tiny House","Black Star"],"picked":"Busted Crown"}],"items_purged_floors":[14,37],"is_endless":false,"potions_floor_spawned":[5,10,16,18,20,22,36,39,48],"ascension_level":0}