{"gold_per_floor":[146,160,160,160,160,160,173,173,173,214,214,233,233,248,248,367,430,444,444,369,392,57,57,77,97,97,116,116,116,116],"floor_reached":30,"playtime":1414,"items_purged":["Strike_R","Strike_R"],"score":250,"play_id":"d521ec92-c015-49d6-9210-ad6d22accada","local_time":"20190723065553","is_ascension_mode":false,"campfire_choices":[{"floor":6,"key":"REST"},{"data":"Whirlwind","floor":11,"key":"SMITH"},{"data":"Rampage","floor":15,"key":"SMITH"},{"data":"Cleave","floor":23,"key":"SMITH"}],"neow_cost":"NONE","seed_source_timestamp":1138740684390592,"circlet_count":0,"master_deck":["Strike_R+1","Strike_R","Strike_R+1","Defend_R","Defend_R","Defend_R","Defend_R","Bash","Pummel","Cleave+1","Shrug It Off","Whirlwind+1","Rampage+1","Pain","Ghostly Armor","Immolate+1","Cleave","Twin Strike+1","Armaments+1","Metallicize","Ghostly Armor","Thunderclap","True Grit"],"relics":["Burning Blood","Tiny Chest","Golden Idol","Sundial","Ice Cream","Self Forming Clay","Pantograph","WarpedTongs","Tiny House","StoneCalendar","ClockworkSouvenir","Bottled Lightning","Frozen Egg 2"],"potions_floor_usage":[10,18,25,28,28,28],"damage_taken":[{"damage":15,"enemies":"Jaw Worm","floor":1,"turns":5},{"damage":7,"enemies":"2 Louse","floor":2,"turns":2},{"damage":12,"enemies":"Small Slimes","floor":7,"turns":3},{"damage":22,"enemies":"3 Sentries","floor":10,"turns":7},{"damage":11,"enemies":"Looter","floor":12,"turns":4},{"damage":2,"enemies":"Exordium Wildlife","floor":14,"turns":2},{"damage":30,"enemies":"Hexaghost","floor":16,"turns":11},{"damage":18,"enemies":"Chosen","floor":18,"turns":5},{"damage":1,"enemies":"3 Byrds","floor":21,"turns":3},{"damage":31,"enemies":"Snecko","floor":24,"turns":5},{"damage":26,"enemies":"Cultist and Chosen","floor":25,"turns":5},{"damage":10,"enemies":"3 Cultists","floor":27,"turns":4},{"damage":24,"enemies":"Gremlin Leader","floor":28,"turns":6},{"damage":14,"enemies":"Shelled Parasite and Fungi","floor":30,"turns":4}],"seed_played":"-4559635747440733420","potions_obtained":[{"floor":2,"key":"FearPotion"},{"floor":16,"key":"Ancient Potion"},{"floor":17,"key":"SmokeBomb"},{"floor":21,"key":"Energy Potion"},{"floor":24,"key":"Swift Potion"},{"floor":27,"key":"Energy Potion"}],"is_trial":false,"path_per_floor":["M","M","?","?","?","R","M","T","T","E","R","M","?","M","R","B",null,"M","T","$","M","$","R","M","M","T","M","E","T","M"],"character_chosen":"IRONCLAD","items_purchased":["ClockworkSouvenir","Metallicize"],"campfire_rested":1,"item_purchase_floors":[22,22],"current_hp_per_floor":[71,70,50,43,27,51,45,45,45,29,29,24,24,28,28,29,85,73,73,73,78,78,78,53,33,33,29,11,11,0],"gold":116,"neow_bonus":"RANDOM_COMMON_RELIC","is_prod":false,"is_daily":false,"chose_seed":false,"campfire_upgraded":3,"win_rate":0.0,"timestamp":1563854153,"path_taken":["M","M","?","?","?","R","M","?","T","E","R","?","?","M","R","BOSS","M","?","$","M","$","R","M","?","T","?","E","?","M"],"build_version":"2019-07-17","purchased_purges":2,"victory":false,"max_hp_per_floor":[80,80,80,80,80,80,80,80,80,80,80,80,80,80,80,80,85,85,85,85,85,85,85,85,85,85,85,85,85,85],"card_choices":[{"not_picked":["Wild Strike","Anger"],"picked":"Pummel","floor":1},{"not_picked":["Twin Strike","Flex"],"picked":"Cleave","floor":2},{"not_picked":["Uppercut","Seeing Red"],"picked":"Shrug It Off","floor":7},{"not_picked":["Flex","Corruption"],"picked":"Whirlwind","floor":10},{"not_picked":["Dark Embrace","Perfected Strike"],"picked":"Rampage","floor":12},{"not_picked":["Perfected Strike","Wild Strike"],"picked":"Ghostly Armor","floor":14},{"not_picked":["Dark Embrace","Limit Break"],"picked":"Immolate","floor":16},{"not_picked":["Intimidate","Iron Wave"],"picked":"Cleave","floor":17},{"not_picked":["Havoc","Entrench"],"picked":"Twin Strike+1","floor":18},{"not_picked":["Body Slam","Intimidate+1"],"picked":"Armaments+1","floor":21},{"not_picked":["Twin Strike","Clash"],"picked":"Ghostly Armor","floor":24},{"not_picked":["Feel No Pain","Feed"],"picked":"Thunderclap","floor":25},{"not_picked":["Cleave","Perfected Strike+1"],"picked":"True Grit","floor":27}],"player_experience":74390,"relics_obtained":[{"floor":8,"key":"Ice Cream"},{"floor":9,"key":"Self Forming Clay"},{"floor":10,"key":"Pantograph"},{"floor":19,"key":"StoneCalendar"},{"floor":26,"key":"Bottled Lightning"},{"floor":29,"key":"Frozen Egg 2"}],"event_choices":[{"damage_healed":0,"gold_gain":0,"player_choice":"Take Damage","damage_taken":20,"relics_obtained":["Golden Idol"],"max_hp_gain":0,"max_hp_loss":0,"event_name":"Golden Idol","floor":3,"gold_loss":0},{"damage_healed":0,"gold_gain":0,"player_choice":"Success","damage_taken":7,"relics_obtained":["Sundial"],"max_hp_gain":0,"max_hp_loss":0,"event_name":"Scrap Ooze","floor":4,"gold_loss":0},{"damage_healed":0,"gold_gain":0,"player_choice":"Entered Light","damage_taken":16,"max_hp_gain":0,"max_hp_loss":0,"event_name":"Shining Light","floor":5,"gold_loss":0,"cards_upgraded":["Strike_R","Strike_R"]},{"damage_healed":0,"gold_gain":0,"player_choice":"Rummage","damage_taken":0,"relics_obtained":["WarpedTongs"],"max_hp_gain":0,"max_hp_loss":0,"event_name":"Accursed Blacksmith","floor":13,"gold_loss":0,"cards_obtained":["Pain"]}],"is_beta":false,"boss_relics":[{"not_picked":["Ectoplasm","Runic Cube"],"picked":"Tiny House"}],"items_purged_floors":[20,22],"is_endless":false,"potions_floor_spawned":[2,16,21,24,27],"killed_by":"Shelled Parasite and Fungi","ascension_level":0}