{"gold_per_floor":[110,54,64,64,139,197,197,212,237,265,265,276,302,41,41,116,116,131,148,57,70,70,70,99,113,113,130,130,142,175,189,189,267,267,277,277,290,290,340,340],"floor_reached":40,"playtime":3226,"items_purged":["Strike_R"],"score":892,"play_id":"a25557ab-2dc2-47ad-9d62-6a5329054b72","local_time":"20190710220623","is_ascension_mode":true,"campfire_choices":[{"floor":7.0,"key":"REST"},{"floor":11.0,"key":"REST"},{"data":"Armaments","floor":15.0,"key":"SMITH"},{"floor":23,"key":"REST"},{"floor":28,"key":"REST"},{"floor":32,"key":"REST"}],"neow_cost":"NONE","seed_source_timestamp":0,"circlet_count":0,"master_deck":["AscendersBane","Strike_R","Defend_R","Defend_R","Defend_R","Defend_R","Bash","Headbutt","Shockwave","Iron Wave","Dual Wield","Armaments+1","Rage","The Bomb","Berserk","Shrug It Off+1","Disarm","Panacea","Corruption","Perfected Strike","Rage","Rampage","Burning Pact","Feed","Shrug It Off","Metallicize","Brutality"],"special_seed":0,"relics":["Burning Blood","Tiny Chest","Art of War","Question Card","Pocketwatch","Fusion Hammer","Du-Vu Doll","Self Forming Clay","Gremlin Horn","Runic Cube","Bag of Preparation"],"potions_floor_usage":[25],"damage_taken":[{"damage":2.0,"enemies":"2 Louse","floor":1.0,"turns":4.0},{"damage":9.0,"enemies":"Jaw Worm","floor":3.0,"turns":4.0},{"damage":41.0,"enemies":"3 Sentries","floor":6.0,"turns":11.0},{"damage":0.0,"enemies":"Cultist","floor":8.0,"turns":3.0},{"damage":53.0,"enemies":"Lagavulin","floor":10.0,"turns":7.0},{"damage":9.0,"enemies":"2 Fungi Beasts","floor":12.0,"turns":5.0},{"damage":12.0,"enemies":"Gremlin Nob","floor":13.0,"turns":4.0},{"damage":19.0,"enemies":"Hexaghost","floor":16.0,"turns":8.0},{"damage":19.0,"enemies":"Shell Parasite","floor":18.0,"turns":4.0},{"damage":20.0,"enemies":"Spheric Guardian","floor":19.0,"turns":6.0},{"damage":18.0,"enemies":"Snake Plant","floor":21.0,"turns":6.0},{"damage":17,"enemies":"Book of Stabbing","floor":24,"turns":6},{"damage":8,"enemies":"Centurion and Healer","floor":25,"turns":4},{"damage":37,"enemies":"Sentry and Sphere","floor":27,"turns":8},{"damage":28,"enemies":"Cultist and Chosen","floor":29,"turns":8},{"damage":18,"enemies":"Gremlin Leader","floor":30,"turns":7},{"damage":9,"enemies":"Snecko","floor":31,"turns":5},{"damage":20,"enemies":"Automaton","floor":33,"turns":11},{"damage":31,"enemies":"3 Shapes","floor":35,"turns":4},{"damage":5,"enemies":"Orb Walker","floor":37,"turns":4},{"damage":66,"enemies":"Reptomancer","floor":40,"turns":5}],"seed_played":"-6155186643052239205","potions_obtained":[{"floor":1.0,"key":"SneckoOil"},{"floor":6.0,"key":"SpeedPotion"},{"floor":12.0,"key":"SteroidPotion"},{"floor":16.0,"key":"Swift Potion"},{"floor":18.0,"key":"BloodPotion"},{"floor":21.0,"key":"BloodPotion"},{"floor":30,"key":"Ancient Potion"},{"floor":37,"key":"SteroidPotion"}],"is_trial":false,"path_per_floor":["M","$","M","?","?","E","R","M","T","E","R","M","E","$","R","B",null,"M","M","$","M","?","R","E","M","T","M","R","M","E","M","R","B",null,"M","?","M","?","T","E"],"character_chosen":"IRONCLAD","items_purchased":["Headbutt","The Bomb","Panacea"],"campfire_rested":5,"item_purchase_floors":[2,14,20],"current_hp_per_floor":[72,72,69,74,63,28,52,58,58,11,35,32,26,26,26,13,63,50,56,56,44,44,68,57,75,75,44,68,46,37,37,62,52,81,59,59,63,63,63,0],"gold":340,"neow_bonus":"REMOVE_CARD","is_prod":false,"is_daily":false,"chose_seed":false,"campfire_upgraded":1,"win_rate":0,"timestamp":1562789183,"path_taken":["M","$","M","?","?","E","R","M","T","E","R","M","E","?","R","BOSS","M","M","$","?","?","R","E","M","T","M","R","M","E","M","R","BOSS","M","?","M","?","?","E"],"build_version":"2019-07-05","purchased_purges":1,"victory":false,"max_hp_per_floor":[75,75,75,80,80,80,80,80,80,80,80,80,80,80,80,80,80,80,80,80,80,80,80,80,80,80,80,80,80,83,86,86,90,90,93,88,91,91,91,91],"card_choices":[{"not_picked":["Seeing Red","Entrench"],"picked":"Thunderclap","floor":1.0},{"not_picked":["Headbutt","Body Slam"],"picked":"Shockwave","floor":3.0},{"not_picked":["Havoc","True Grit"],"picked":"Iron Wave","floor":6.0},{"not_picked":["Flex","Perfected Strike","Clothesline"],"picked":"SKIP","floor":8.0},{"not_picked":["Body Slam","Clothesline"],"picked":"Dual Wield","floor":10.0},{"not_picked":["Blood for Blood","Anger","Wild Strike"],"picked":"Armaments","floor":12.0},{"not_picked":["Reckless Charge","Dark Embrace","Twin Strike"],"picked":"Rage","floor":13.0},{"not_picked":["Reaper","Limit Break","Offering"],"picked":"Berserk","floor":16.0},{"not_picked":["Armaments","True Grit","Flex"],"picked":"Shrug It Off+1","floor":18.0},{"not_picked":["Spot Weakness","Bloodletting","Seeing Red"],"picked":"Disarm","floor":19.0},{"not_picked":["Metallicize","Clash","Carnage"],"picked":"Corruption","floor":21.0},{"not_picked":["Perfected Strike","Corruption+1","Cleave","Armaments"],"picked":"SKIP","floor":24},{"not_picked":["Seeing Red","Flex+1","Armaments"],"picked":"Rampage","floor":25},{"not_picked":["Ghostly Armor","Twin Strike","Clothesline+1"],"picked":"Burning Pact","floor":27},{"not_picked":["Sentinel","Iron Wave","Twin Strike+1"],"picked":"Feed","floor":29},{"not_picked":["Clash","Headbutt","Bloodletting"],"picked":"Shrug It Off","floor":30},{"not_picked":["Rage","Iron Wave","Reckless Charge","Metallicize"],"picked":"SKIP","floor":31},{"not_picked":["Rage","Iron Wave","Reckless Charge"],"picked":"Metallicize","floor":31},{"not_picked":["Bludgeon","Limit Break","Berserk"],"picked":"Brutality","floor":33},{"not_picked":["Armaments","Dual Wield","Anger","True Grit"],"picked":"SKIP","floor":35},{"not_picked":["True Grit","Pommel Strike","Wild Strike","Shockwave+1"],"picked":"SKIP","floor":37}],"player_experience":682259,"relics_obtained":[{"floor":6.0,"key":"Tiny Chest"},{"floor":9.0,"key":"Art of War"},{"floor":10.0,"key":"Question Card"},{"floor":13.0,"key":"Pocketwatch"},{"floor":24,"key":"Du-Vu Doll"},{"floor":26,"key":"Self Forming Clay"},{"floor":30,"key":"Gremlin Horn"},{"floor":39,"key":"Bag of Preparation"}],"event_choices":[{"damage_healed":0.0,"max_hp_gain":5.0,"max_hp_loss":0.0,"gold_gain":0.0,"event_name":"Big Fish","player_choice":"Donut","floor":4.0,"gold_loss":0.0,"damage_taken":0.0},{"damage_healed":0.0,"max_hp_gain":0.0,"max_hp_loss":0.0,"gold_gain":75.0,"event_name":"World of Goop","player_choice":"Gather Gold","floor":5.0,"gold_loss":0.0,"damage_taken":11.0},{"damage_healed":0.0,"max_hp_gain":0.0,"max_hp_loss":0.0,"gold_gain":0.0,"cards_transformed":["Strike_R","Strike_R"],"event_name":"Drug Dealer","player_choice":"Became Test Subject","floor":22.0,"gold_loss":0.0,"damage_taken":0.0,"cards_obtained":["Perfected Strike","Rage"]},{"damage_healed":0,"gold_gain":0,"player_choice":"Max HP","damage_taken":0,"max_hp_gain":0,"max_hp_loss":5,"event_name":"Winding Halls","floor":36,"gold_loss":0},{"cards_removed":["Thunderclap"],"damage_healed":0,"gold_gain":0,"player_choice":"Removed Attack","damage_taken":0,"max_hp_gain":0,"max_hp_loss":0,"event_name":"Falling","floor":38,"gold_loss":0}],"is_beta":false,"boss_relics":[{"not_picked":["White Beast Statue","Empty Cage"],"picked":"Fusion Hammer"},{"not_picked":["Cursed Key","Black Star"],"picked":"Runic Cube"}],"items_purged_floors":[14],"is_endless":false,"potions_floor_spawned":[1,6,12,16,18,21,24,30,33,35,37],"killed_by":"Reptomancer","ascension_level":20}