{"gold_per_floor":[110,123,5,19,35,35,35,62,139,159,159,159,74,100,100,175,175,187,112,12,12,31,31,31,31,31,31,31],"floor_reached":28,"playtime":778,"items_purged":["Strike_B","Strike_B"],"score":598,"play_id":"46e524fd-32b7-4f5b-9097-18c62a1c2492","local_time":"20190425045652","is_ascension_mode":true,"campfire_choices":[{"data":"Defragment","floor":7.0,"key":"SMITH"},{"data":"Coolheaded","floor":12.0,"key":"SMITH"},{"data":"Defragment","floor":15.0,"key":"SMITH"},{"data":"Defragment","floor":23,"key":"SMITH"}],"neow_cost":"NONE","seed_source_timestamp":218144926849302,"circlet_count":0,"master_deck":["AscendersBane","Defend_B","Zap","Dualcast","Coolheaded+1","Defragment+1","Reinforced Body","White Noise","Amplify","Rainbow","Defragment+1","Echo Form","Defragment+1","Meteor Strike","Hyperbeam"],"special_seed":0,"relics":["Coffee Dripper","Dead Branch","Gremlin Horn","Omamori","Busted Crown","Mummified Hand"],"potions_floor_usage":[18],"damage_taken":[{"damage":4.0,"enemies":"Small Slimes","floor":1.0,"turns":3.0},{"damage":0.0,"enemies":"2 Louse","floor":2.0,"turns":3.0},{"damage":5.0,"enemies":"Jaw Worm","floor":4.0,"turns":5.0},{"damage":5.0,"enemies":"2 Fungi Beasts","floor":5.0,"turns":4.0},{"damage":16.0,"enemies":"3 Sentries","floor":8.0,"turns":9.0},{"damage":6.0,"enemies":"Large Slime","floor":10.0,"turns":8.0},{"damage":0.0,"enemies":"Lagavulin","floor":14.0,"turns":5.0},{"damage":0,"enemies":"Hexaghost","floor":16,"turns":8},{"damage":8,"enemies":"2 Thieves","floor":18,"turns":4},{"damage":16,"enemies":"Shell Parasite","floor":22,"turns":6},{"damage":24,"enemies":"Slavers","floor":28,"turns":1}],"seed_played":"8639564439303644519","potions_obtained":[{"floor":2.0,"key":"GamblersBrew"},{"floor":8.0,"key":"EssenceOfSteel"}],"is_trial":false,"path_per_floor":["M","M","$","M","M","?","R","E","T","M","?","R","$","E","R","B",null,"M","?","$","?","M","R","?","T","T","?","E"],"character_chosen":"DEFECT","items_purchased":["Defragment","Defragment"],"campfire_rested":0,"item_purchase_floors":[3,13],"current_hp_per_floor":[60,60,60,55,50,43,43,27,27,21,21,21,21,21,21,21,59,51,51,51,31,15,15,15,15,15,15,0],"gold":31,"neow_bonus":"BOSS_RELIC","is_prod":false,"is_daily":false,"chose_seed":false,"campfire_upgraded":4,"win_rate":0,"timestamp":1556139412,"path_taken":["M","M","$","M","M","?","R","E","T","M","?","R","$","E","R","BOSS","M","?","$","?","M","R","?","?","T","?","E"],"build_version":"2019-01-23","purchased_purges":2,"victory":false,"max_hp_per_floor":[71,71,71,71,71,71,71,71,71,71,71,71,71,71,71,71,71,71,71,71,76,76,76,76,76,76,76,76],"card_choices":[{"not_picked":["Cold Snap","Gash"],"picked":"Coolheaded","floor":1.0},{"not_picked":["Blizzard","Compile Driver","Barrage"],"picked":"SKIP","floor":2.0},{"not_picked":["Barrage","Sweeping Beam"],"picked":"Reinforced Body","floor":4.0},{"not_picked":["Conserve Battery","Leap"],"picked":"White Noise","floor":5.0},{"not_picked":["Leap","Gash"],"picked":"Amplify","floor":8.0},{"not_picked":["Sweeping Beam","Steam Power","Static Discharge"],"picked":"SKIP","floor":10.0},{"not_picked":["Scrape","Beam Cell","Auto Shields"],"picked":"SKIP","floor":14.0},{"not_picked":["Rainbow","Seek"],"picked":"Echo Form","floor":16},{"not_picked":["Reinforced Body"],"picked":"SKIP","floor":18},{"not_picked":[],"picked":"Defragment","floor":22}],"player_experience":4509866,"relics_obtained":[{"floor":8.0,"key":"Dead Branch"},{"floor":9.0,"key":"Gremlin Horn"},{"floor":14.0,"key":"Omamori"},{"floor":26,"key":"Mummified Hand"}],"event_choices":[{"cards_removed":["Defend_B"],"damage_healed":0.0,"max_hp_gain":0.0,"max_hp_loss":0.0,"gold_gain":0.0,"event_name":"Golden Wing","player_choice":"Card Removal","floor":6.0,"gold_loss":0.0,"damage_taken":7.0},{"damage_healed":0.0,"max_hp_gain":0.0,"max_hp_loss":0.0,"gold_gain":0.0,"cards_transformed":["Strike_B"],"event_name":"Living Wall","player_choice":"Change","floor":11.0,"gold_loss":0.0,"damage_taken":0.0,"cards_obtained":["Rainbow"]},{"cards_removed":["Strike_B"],"damage_healed":0,"gold_gain":0,"player_choice":"Gave Gold","damage_taken":0,"max_hp_gain":0,"max_hp_loss":0,"event_name":"Beggar","floor":19,"gold_loss":75},{"damage_healed":0,"gold_gain":0,"player_choice":"Shed Blood","damage_taken":25,"max_hp_gain":5,"max_hp_loss":0,"event_name":"Forgotten Altar","floor":21,"gold_loss":0},{"damage_healed":0,"gold_gain":0,"cards_transformed":["Defend_B","Defend_B"],"player_choice":"Became Test Subject","damage_taken":0,"max_hp_gain":0,"max_hp_loss":0,"event_name":"Drug Dealer","floor":24,"gold_loss":0,"cards_obtained":["Meteor Strike","Hyperbeam"]},{"damage_healed":0,"gold_gain":0,"player_choice":"Ignored","damage_taken":0,"max_hp_gain":0,"max_hp_loss":0,"event_name":"Vampires","floor":27,"gold_loss":0}],"is_beta":false,"boss_relics":[{"not_picked":["Inserter","Fusion Hammer"],"picked":"Busted Crown"}],"items_purged_floors":[3,20],"is_endless":false,"potions_floor_spawned":[2,8],"killed_by":"Slavers","ascension_level":20}