{"gold_per_floor":[115,115,115,140,195,195,65,103,176,176,191,227,241,266,266,357,357,376,3,3,3,26,26,41],"floor_reached":24,"playtime":659,"items_purged":["Defend_B","Defend_B"],"score":408,"play_id":"578421cd-9086-4d5a-80be-4789a1fd5352","local_time":"20181119211919","is_ascension_mode":true,"campfire_choices":[{"data":"Dualcast","floor":6.0,"key":"SMITH"},{"floor":10.0,"key":"REST"},{"data":"Consume","floor":15.0,"key":"SMITH"},{"data":"Capacitor","floor":23,"key":"SMITH"}],"neow_cost":"TEN_PERCENT_HP_LOSS","seed_source_timestamp":1678800759609283,"circlet_count":0,"master_deck":["AscendersBane","Strike_B+1","Strike_B+1","Defend_B","Defend_B","Zap+1","Dualcast+1","Darkness+1","Rainbow","Conserve Battery","Hologram","Blizzard","Consume+1","Capacitor+1","Redo","Electrodynamics","Undo+1"],"special_seed":0,"relics":["Cracked Core","Golden Idol","Whetstone","Pen Nib","Anchor","Question Card","Bag of Preparation","Cursed Key","Frozen Egg 2","Blood Vial"],"potions_floor_usage":[16],"damage_taken":[{"damage":2.0,"enemies":"Jaw Worm","floor":1.0,"turns":3.0},{"damage":11.0,"enemies":"Lagavulin","floor":8.0,"turns":4.0},{"damage":0.0,"enemies":"2 Louse","floor":11.0,"turns":2.0},{"damage":10.0,"enemies":"3 Sentries","floor":12.0,"turns":8.0},{"damage":0.0,"enemies":"Cultist","floor":13.0,"turns":4.0},{"damage":7.0,"enemies":"2 Fungi Beasts","floor":14.0,"turns":3.0},{"damage":16,"enemies":"Slime Boss","floor":16,"turns":10},{"damage":0,"enemies":"3 Byrds","floor":18,"turns":1},{"damage":2,"enemies":"Spheric Guardian","floor":22,"turns":3},{"damage":40,"enemies":"Shelled Parasite and Fungi","floor":24,"turns":6}],"seed_played":"-1993845190802277597","potions_obtained":[{"floor":1.0,"key":"Weak Potion"},{"floor":8.0,"key":"Regen Potion"},{"floor":18,"key":"Regen Potion"}],"is_trial":false,"path_per_floor":["M","?","?","T","T","R","$","E","T","R","M","E","M","M","R","B",null,"M","$","?","?","M","R","M"],"character_chosen":"DEFECT","items_purchased":["Hologram","Frozen Egg 2"],"campfire_rested":1,"item_purchase_floors":[7,19],"current_hp_per_floor":[62,40,21,21,21,21,21,10,10,29,29,19,19,12,12,11,51,51,51,51,51,51,51,13],"gold":41,"neow_bonus":"TRANSFORM_TWO_CARDS","is_prod":false,"is_daily":false,"chose_seed":false,"campfire_upgraded":3,"win_rate":0,"timestamp":1542633559,"path_taken":["M","?","?","?","?","R","$","E","T","R","?","E","M","M","R","BOSS","M","?","?","?","M","R","M"],"build_version":"2018-11-15","purchased_purges":2,"victory":false,"max_hp_per_floor":[64,64,64,64,64,64,64,64,64,64,64,64,64,64,64,64,64,64,64,64,64,64,64,64],"card_choices":[{"not_picked":["Heatsinks","Doom and Gloom"],"picked":"Conserve Battery","floor":1.0},{"not_picked":["Meteor Strike","Sunder"],"picked":"Blizzard","floor":8.0},{"not_picked":["Heatsinks","Rebound","Stack"],"picked":"Consume","floor":11.0},{"not_picked":["Double Energy","Compile Driver","Coolheaded"],"picked":"Capacitor","floor":12.0},{"not_picked":["Ball Lightning","Steam","Steam Power","Cold Snap"],"picked":"SKIP","floor":13.0},{"not_picked":["Rebound","Compile Driver","Fission"],"picked":"Redo","floor":14.0},{"not_picked":["Rainbow","Machine Learning","Thunder Strike"],"picked":"Electrodynamics","floor":16},{"not_picked":["Double Energy","Auto Shields","Sweeping Beam","BootSequence"],"picked":"SKIP","floor":18},{"not_picked":["Gash","Beam Cell+1","Skim"],"picked":"Undo+1","floor":22}],"player_experience":568449,"relics_obtained":[{"floor":4.0,"key":"Whetstone"},{"floor":5.0,"key":"Pen Nib"},{"floor":8.0,"key":"Anchor"},{"floor":9.0,"key":"Question Card"},{"floor":12.0,"key":"Bag of Preparation"}],"event_choices":[{"damage_healed":0.0,"max_hp_gain":0.0,"max_hp_loss":0.0,"gold_gain":0.0,"event_name":"Golden Idol","player_choice":"Take Damage","floor":2.0,"gold_loss":0.0,"damage_taken":22.0,"relics_obtained":["Golden Idol"]},{"damage_healed":0.0,"max_hp_gain":0.0,"max_hp_loss":0.0,"gold_gain":0.0,"event_name":"Shining Light","player_choice":"Entered Light","floor":3.0,"gold_loss":0.0,"damage_taken":19.0,"cards_upgraded":["Zap","Darkness"]},{"damage_healed":0,"gold_gain":0,"player_choice":"Opened","damage_taken":0,"relics_obtained":["Blood Vial"],"max_hp_gain":0,"max_hp_loss":0,"event_name":"The Mausoleum","floor":20,"gold_loss":0,"cards_obtained":["Writhe"]},{"cards_removed":["Writhe"],"damage_healed":0,"gold_gain":0,"player_choice":"Removed Curses","damage_taken":0,"max_hp_gain":0,"max_hp_loss":0,"event_name":"Fountain of Cleansing","floor":21,"gold_loss":0}],"is_beta":true,"boss_relics":[{"not_picked":["FrozenCore","Nuclear Battery"],"picked":"Cursed Key"}],"items_purged_floors":[7,19],"is_endless":false,"potions_floor_spawned":[1,8,12,14,18],"killed_by":"Shelled Parasite and Fungi","ascension_level":20}