{"gold_per_floor":[115,134,151,91,110,110,110,129,129,129,129],"floor_reached":11,"playtime":402,"items_purged":[],"score":130,"play_id":"c3554477-821a-40f9-a22e-99a7d0ddfeb5","local_time":"20181120191930","is_ascension_mode":true,"campfire_choices":[{"data":"Well Laid Plans","floor":6,"key":"SMITH"},{"data":"Neutralize","floor":10,"key":"SMITH"}],"neow_cost":"NONE","seed_source_timestamp":1858144033498,"circlet_count":0,"master_deck":["AscendersBane","Defend_G","Defend_G","Defend_G","Defend_G","Defend_G","Strike_G","Strike_G","Strike_G","Strike_G","Survivor","Neutralize+1","Prepared","Acrobatics","Backflip","Well Laid Plans+1","Well Laid Plans","Heel Hook"],"relics":["Ring of the Snake","NeowsBlessing","Happy Flower"],"potions_floor_usage":[],"damage_taken":[{"damage":0,"enemies":"Jaw Worm","floor":1,"turns":1},{"damage":0,"enemies":"Small Slimes","floor":2,"turns":1},{"damage":0,"enemies":"Cultist","floor":3,"turns":1},{"damage":3,"enemies":"Looter","floor":4,"turns":5},{"damage":1,"enemies":"Blue Slaver","floor":5,"turns":7},{"damage":9,"enemies":"Large Slime","floor":8,"turns":17},{"damage":11,"enemies":"Exordium Wildlife","floor":11,"turns":6}],"seed_played":"-6279186277126400398","potions_obtained":[{"floor":1,"key":"GhostInAJar"},{"floor":2,"key":"Regen Potion"},{"floor":5,"key":"Explosive Potion"},{"floor":8,"key":"PowerPotion"}],"is_trial":false,"path_per_floor":["M","M","M","M","M","R","?","M","T","R","M"],"character_chosen":"THE_SILENT","items_purchased":[],"campfire_rested":0,"item_purchase_floors":[],"current_hp_per_floor":[59,59,59,56,55,55,55,46,46,46,35],"gold":129,"neow_bonus":"THREE_ENEMY_KILL","is_prod":false,"is_daily":false,"chose_seed":false,"campfire_upgraded":2,"win_rate":0,"timestamp":1542712770,"path_taken":["M","M","M","M","M","R","?","M","T","R","M"],"build_version":"2018-11-15","purchased_purges":0,"victory":false,"max_hp_per_floor":[66,66,66,66,66,66,66,66,66,66,66],"card_choices":[{"not_picked":["Reflex","Blur"],"picked":"Prepared","floor":1},{"not_picked":["Bane","Leg Sweep"],"picked":"Acrobatics","floor":2},{"not_picked":["Slice","Dodge and Roll"],"picked":"Backflip","floor":3},{"not_picked":["Poisoned Stab","Prepared","Backflip"],"picked":"SKIP","floor":4},{"not_picked":["Outmaneuver","Skewer"],"picked":"Well Laid Plans","floor":5},{"not_picked":["Burst","Prepared"],"picked":"Heel Hook","floor":8}],"player_experience":1119489,"relics_obtained":[{"floor":9,"key":"Happy Flower"}],"event_choices":[{"damage_healed":0,"gold_gain":0,"cards_transformed":["Strike_G"],"player_choice":"Change","damage_taken":0,"max_hp_gain":0,"max_hp_loss":0,"event_name":"Living Wall","floor":7,"gold_loss":0,"cards_obtained":["Well Laid Plans"]}],"is_beta":true,"boss_relics":[],"items_purged_floors":[],"is_endless":false,"potions_floor_spawned":[1,2,5,8],"killed_by":"Exordium Wildlife","ascension_level":20}