{"gold_per_floor":[110,110,185,185,210,245,245,288,359,359,183,201,26,26,26,121,121,141,157,157],"floor_reached":20,"playtime":432,"items_purged":["Strike_G","Strike_G"],"score":399,"play_id":"90d8caf4-710c-4ba5-b201-acab57555e4a","local_time":"20190219162441","is_ascension_mode":true,"campfire_choices":[{"data":"Deadly Poison","floor":7,"key":"SMITH"},{"floor":10,"key":"RECALL"},{"data":"Well Laid Plans","floor":15,"key":"SMITH"}],"neow_cost":"NONE","seed_source_timestamp":160145838846200,"circlet_count":0,"master_deck":["AscendersBane","Defend_G","Defend_G","Defend_G","Defend_G","Defend_G","Strike_G","Strike_G+1","Survivor","Neutralize+1","Deadly Poison+1","Well Laid Plans+1","Backflip","Burst","Footwork","Pain","Acrobatics"],"relics":["Ring of the Snake","NeowsBlessing","Golden Idol","Whetstone","Ancient Tea Set","Calipers","Shuriken","WarpedTongs","Busted Crown"],"potions_floor_usage":[],"damage_taken":[{"damage":0,"enemies":"Small Slimes","floor":1,"turns":1},{"damage":0,"enemies":"3 Sentries","floor":6,"turns":1},{"damage":0,"enemies":"Lagavulin","floor":8,"turns":1},{"damage":0,"enemies":"2 Louse","floor":12,"turns":2},{"damage":12,"enemies":"Hexaghost","floor":16,"turns":8},{"damage":5,"enemies":"Shell Parasite","floor":18,"turns":6},{"damage":10,"enemies":"Spheric Guardian","floor":19,"turns":7},{"damage":0,"enemies":"Centurion and Healer","floor":20,"turns":1}],"seed_played":"4411862321473360115","potions_obtained":[{"floor":1,"key":"Swift Potion"},{"floor":8,"key":"FairyPotion"}],"is_trial":false,"path_per_floor":["M","?","?","?","T","E","R","E","T","R","$","M","$","?","R","B",null,"M","M","M"],"character_chosen":"THE_SILENT","items_purchased":["Well Laid Plans","Backflip","Footwork"],"campfire_rested":0,"item_purchase_floors":[11,11,13],"current_hp_per_floor":[59,59,48,41,41,41,41,41,41,41,41,41,41,41,41,29,52,47,37,37],"gold":157,"neow_bonus":"THREE_ENEMY_KILL","is_prod":false,"is_daily":false,"chose_seed":false,"campfire_upgraded":2,"win_rate":0,"timestamp":1550564681,"path_taken":["M","?","?","?","?","E","R","E","T","R","?","?","$","?","R","BOSS","M","M","?"],"build_version":"2019-01-23","purchased_purges":2,"victory":false,"max_hp_per_floor":[66,60,60,60,60,60,60,60,60,60,60,60,60,60,60,60,60,60,60,60],"card_choices":[{"not_picked":["Dagger Spray","Choke","PiercingWail"],"picked":"SKIP","floor":1},{"not_picked":["Blade Dance","Expertise"],"picked":"Deadly Poison","floor":6},{"not_picked":["Dagger Spray","PiercingWail","Blur"],"picked":"SKIP","floor":8},{"not_picked":["Outmaneuver","Deadly Poison"],"picked":"Burst","floor":12},{"not_picked":["Flying Knee"],"picked":"SKIP","floor":18},{"not_picked":[],"picked":"Acrobatics","floor":19}],"player_experience":842378,"relics_obtained":[{"floor":5,"key":"Whetstone"},{"floor":6,"key":"Ancient Tea Set"},{"floor":8,"key":"Calipers"},{"floor":9,"key":"Shuriken"}],"event_choices":[{"damage_healed":0,"gold_gain":0,"player_choice":"Lose Max HP","damage_taken":0,"relics_obtained":["Golden Idol"],"max_hp_gain":0,"max_hp_loss":6,"event_name":"Golden Idol","floor":2,"gold_loss":0},{"damage_healed":0,"gold_gain":75,"player_choice":"Gather Gold","damage_taken":11,"max_hp_gain":0,"max_hp_loss":0,"event_name":"World of Goop","floor":3,"gold_loss":0},{"cards_removed":["Strike_G"],"damage_healed":0,"gold_gain":0,"player_choice":"Card Removal","damage_taken":7,"max_hp_gain":0,"max_hp_loss":0,"event_name":"Golden Wing","floor":4,"gold_loss":0},{"damage_healed":0,"gold_gain":0,"player_choice":"Rummage","damage_taken":0,"relics_obtained":["WarpedTongs"],"max_hp_gain":0,"max_hp_loss":0,"event_name":"Accursed Blacksmith","floor":14,"gold_loss":0,"cards_obtained":["Pain"]}],"is_beta":false,"boss_relics":[{"not_picked":["HoveringKite","Velvet Choker"],"picked":"Busted Crown"}],"items_purged_floors":[11,13],"is_endless":false,"potions_floor_spawned":[1,8,16],"killed_by":"Centurion and Healer","ascension_level":15}