{"gold_per_floor":[367,378,388,46,46,46,56,56,101,101,114,114,129,162,162,236,236,255,274,274,274,48,61,96,110,137,152,182,182,214,214,214,289,289,309,323,341,341,354,354,381,381,427,447,461,133,133,166,166,166,166,166,166,17,45,45],"floor_reached":57,"playtime":3080,"items_purged":["Strike_G","Shame","Strike_G+1"],"score":2923,"play_id":"c0ce46e1-2d4d-4440-9828-1ee6ec857ae4","local_time":"20190127114536","is_ascension_mode":true,"campfire_choices":[{"data":"Apotheosis","floor":6.0,"key":"SMITH"},{"data":"Wraith Form v2","floor":8.0,"key":"SMITH"},{"floor":10.0,"key":"REST"},{"data":"Footwork","floor":15.0,"key":"SMITH"},{"floor":29.0,"key":"REST"},{"floor":32.0,"key":"RECALL"},{"floor":40.0,"key":"REST"},{"floor":49.0,"key":"REST"},{"floor":53,"key":"REST"}],"neow_cost":"PERCENT_DAMAGE","seed_source_timestamp":3878465868372,"circlet_count":0,"master_deck":["AscendersBane","Defend_G+1","Defend_G+1","Defend_G+1","Defend_G+1","Defend_G+1","Strike_G+1","Survivor+1","Neutralize+1","Cloak And Dagger+1","Storm of Steel+1","Apotheosis+1","Catalyst+1","Wraith Form v2+1","Poisoned Stab+1","Footwork+1","Deadly Poison+1","Corpse Explosion+1","Escape Plan+1","Wraith Form v2+1","Wraith Form v2+1","Backflip+1","Calculated Gamble+1","Footwork+1","Adrenaline+1","Footwork+1","Noxious Fumes+1","Acrobatics","Backflip","Prepared","After Image"],"special_seed":0,"relics":["Ring of the Snake","Centennial Puzzle","Snake Skull","Fusion Hammer","theJungle:PaperFaux","DollysMirror","Tingsha","Dream Catcher","Bottled Flame","The Specimen","Philosopher\u0027s Stone","Happy Flower","Mark of the Bloom","Frozen Eye","Bag of Preparation","Art of War"],"potions_floor_usage":[50,56],"damage_taken":[{"damage":4.0,"enemies":"Small Slimes","floor":1.0,"turns":6.0},{"damage":2.0,"enemies":"Cultist","floor":2.0,"turns":4.0},{"damage":1.0,"enemies":"2 Louse","floor":3.0,"turns":4.0},{"damage":5.0,"enemies":"Blue Slaver","floor":7.0,"turns":4.0},{"damage":10.0,"enemies":"Gremlin Gang","floor":11.0,"turns":5.0},{"damage":10.0,"enemies":"Lots of Slimes","floor":13.0,"turns":6.0},{"damage":11.0,"enemies":"3 Sentries","floor":14.0,"turns":8.0},{"damage":8.0,"enemies":"The Guardian","floor":16.0,"turns":9.0},{"damage":7.0,"enemies":"Shell Parasite","floor":18.0,"turns":5.0},{"damage":19.0,"enemies":"theJungle:GiantWrat","floor":19.0,"turns":4.0},{"damage":0.0,"enemies":"theJungle:2_Snecko_Cultists","floor":23.0,"turns":4.0},{"damage":1.0,"enemies":"theJungle:Cassacara","floor":24.0,"turns":6.0},{"damage":2.0,"enemies":"theJungle:Lyon","floor":25.0,"turns":4.0},{"damage":3.0,"enemies":"theJungle:SlimyTreeVines","floor":27.0,"turns":5.0},{"damage":1.0,"enemies":"theJungle:2_Phrogs","floor":28.0,"turns":4.0},{"damage":3.0,"enemies":"theJungle:Cassacara","floor":30.0,"turns":5.0},{"damage":3.0,"enemies":"theJungle:QueenSpyder","floor":33.0,"turns":7.0},{"damage":0.0,"enemies":"3 Darklings","floor":35.0,"turns":3.0},{"damage":4.0,"enemies":"Orb Walker","floor":36.0,"turns":4.0},{"damage":0.0,"enemies":"Maw","floor":37.0,"turns":8.0},{"damage":1.0,"enemies":"Writhing Mass","floor":39.0,"turns":4.0},{"damage":6.0,"enemies":"Nemesis","floor":41.0,"turns":9.0},{"damage":1.0,"enemies":"Sphere and 2 Shapes","floor":44.0,"turns":6.0},{"damage":0.0,"enemies":"3 Darklings","floor":45.0,"turns":3.0},{"damage":0.0,"enemies":"Giant Head","floor":48.0,"turns":7.0},{"damage":31,"enemies":"Awakened One","floor":50,"turns":16},{"damage":0,"enemies":"Donu and Deca","floor":51,"turns":7},{"damage":0,"enemies":"Shield and Spear","floor":55,"turns":4},{"damage":1,"enemies":"The Heart","floor":56,"turns":10}],"seed_played":"2824019243586089927","potions_obtained":[{"floor":2.0,"key":"FairyPotion"},{"floor":3.0,"key":"SneckoOil"},{"floor":13.0,"key":"Poison Potion"},{"floor":30.0,"key":"Regen Potion"},{"floor":37.0,"key":"Block Potion"}],"is_trial":false,"path_per_floor":["M","M","M","$","?","R","M","R","T","R","M","?","M","E","R","B",null,"M","M","?","?","$","M","E","M","T","M","E","R","E","?","R","B",null,"M","M","M","?","M","R","E","?","T","M","M","$","?","E","R","B","B",null,"R","$","E","B",null],"character_chosen":"THE_SILENT","items_purchased":["Apotheosis","Catalyst","DollysMirror","Frozen Eye","Prepared"],"campfire_rested":5,"item_purchase_floors":[4,4,22,46,54],"current_hp_per_floor":[40,38,37,37,37,37,32,32,32,51,41,41,31,20,20,12,53,46,27,27,27,27,27,26,24,24,27,26,45,42,66,66,63,65,65,66,66,66,65,66,60,60,60,59,59,59,59,59,59,28,28,28,28,28,28,27],"gold":45,"neow_bonus":"TWO_FIFTY_GOLD","is_prod":false,"is_daily":false,"chose_seed":false,"campfire_upgraded":3,"win_rate":0,"timestamp":1548560736,"path_taken":["M","M","M","$","?","R","?","R","T","R","M","?","?","E","R","BOSS","M","M","?","?","$","M","E","M","T","?","E","R","E","?","R","BOSS","M","M","?","?","M","R","E","?","T","M","M","?","?","E","R","BOSS","BOSS","R","$","E","BOSS"],"build_version":"2019-01-23","purchased_purges":3,"victory":true,"max_hp_per_floor":[66,66,66,66,66,66,66,66,66,66,66,66,66,66,66,66,66,66,66,66,66,66,66,66,66,66,66,66,66,66,66,66,66,66,66,66,66,66,66,66,66,66,66,66,66,66,66,66,66,66,66,66,66,66,66,66],"card_choices":[{"not_picked":["Blade Dance","Poisoned Stab"],"picked":"Cloak And Dagger","floor":1.0},{"not_picked":["Finisher","Underhanded Strike"],"picked":"Storm of Steel","floor":2.0},{"not_picked":["Choke","PiercingWail","Flechettes"],"picked":"SKIP","floor":3.0},{"not_picked":["Endless Agony","All Out Attack"],"picked":"Poisoned Stab","floor":7.0},{"not_picked":["Riddle With Holes","Prepared","Underhanded Strike"],"picked":"SKIP","floor":11.0},{"not_picked":["Backflip","Dash"],"picked":"Footwork","floor":13.0},{"not_picked":["Flying Knee","Calculated Gamble"],"picked":"Deadly Poison","floor":14.0},{"not_picked":["Glass Knife","Grand Finale"],"picked":"Corpse Explosion","floor":16.0},{"not_picked":["All Out Attack","Flying Knee"],"picked":"Escape Plan","floor":18.0},{"not_picked":["Deflect","Prepared","PiercingWail"],"picked":"SKIP","floor":19.0},{"not_picked":["PiercingWail","Choke","Blade Dance+1"],"picked":"SKIP","floor":23.0},{"not_picked":["Quick Slash","Dagger Throw"],"picked":"Backflip+1","floor":24.0},{"not_picked":["Backflip","Reflex","Sucker Punch"],"picked":"SKIP","floor":25.0},{"not_picked":["Quick Slash","Die Die Die"],"picked":"Calculated Gamble","floor":27.0},{"not_picked":["Flying Knee","Deadly Poison"],"picked":"Footwork","floor":28.0},{"not_picked":["Blur","Dagger Throw","Slice"],"picked":"SKIP","floor":30.0},{"not_picked":["Grand Finale","Corpse Explosion"],"picked":"Adrenaline","floor":33.0},{"not_picked":["Outmaneuver","Flying Knee+1","Poisoned Stab"],"picked":"SKIP","floor":35.0},{"not_picked":["Dagger Spray","Heel Hook"],"picked":"Footwork","floor":36.0},{"not_picked":["Slice+1","Sucker Punch+1","Underhanded Strike"],"picked":"SKIP","floor":37.0},{"not_picked":["Predator+1","Phantasmal Killer","Blade Dance"],"picked":"SKIP","floor":39.0},{"not_picked":["Bane","Calculated Gamble"],"picked":"Noxious Fumes","floor":40.0},{"not_picked":["Blade Dance","Cloak And Dagger","Choke"],"picked":"SKIP","floor":41.0},{"not_picked":["Masterful Stab","Setup+1","Flying Knee"],"picked":"SKIP","floor":44.0},{"not_picked":["Flying Knee","Infinite Blades+1","Poisoned Stab"],"picked":"SKIP","floor":45.0},{"not_picked":["Underhanded Strike","Glass Knife"],"picked":"Acrobatics","floor":48.0},{"not_picked":["Poisoned Stab","Accuracy"],"picked":"Backflip","floor":53},{"not_picked":["Acrobatics","Skewer+1"],"picked":"After Image","floor":55}],"player_experience":2309595,"relics_obtained":[{"floor":9.0,"key":"Centennial Puzzle"},{"floor":14.0,"key":"Snake Skull"},{"floor":24.0,"key":"Tingsha"},{"floor":26.0,"key":"Dream Catcher"},{"floor":28.0,"key":"Bottled Flame"},{"floor":30.0,"key":"The Specimen"},{"floor":41.0,"key":"Happy Flower"},{"floor":48.0,"key":"Bag of Preparation"},{"floor":55,"key":"Art of War"}],"event_choices":[{"damage_healed":0.0,"max_hp_gain":0.0,"max_hp_loss":0.0,"gold_gain":0.0,"event_name":"Match and Keep!","player_choice":"1 cards matched","floor":5.0,"gold_loss":0.0,"damage_taken":0.0,"cards_obtained":["Wraith Form v2"]},{"cards_removed":["Strike_G"],"damage_healed":0.0,"max_hp_gain":0.0,"max_hp_loss":0.0,"gold_gain":0.0,"event_name":"Wheel of Change","player_choice":"Card Removal","floor":12.0,"gold_loss":0.0,"damage_taken":0.0},{"damage_healed":0.0,"max_hp_gain":0.0,"max_hp_loss":0.0,"gold_gain":0.0,"cards_transformed":["Strike_G"],"event_name":"Transmorgrifier","player_choice":"Transformed","floor":21.0,"gold_loss":0.0,"damage_taken":0.0,"cards_obtained":["Wraith Form v2"]},{"damage_healed":24.0,"max_hp_gain":0.0,"max_hp_loss":0.0,"gold_gain":0.0,"event_name":"Wheel of Change","player_choice":"Full Heal","floor":31.0,"gold_loss":0.0,"damage_taken":0.0},{"damage_healed":0.0,"max_hp_gain":0.0,"max_hp_loss":0.0,"gold_gain":0.0,"event_name":"Tomb of Lord Red Mask","player_choice":"Ignored","floor":38.0,"gold_loss":0.0,"damage_taken":0.0},{"damage_healed":0.0,"max_hp_gain":0.0,"max_hp_loss":0.0,"gold_gain":0.0,"event_name":"MindBloom","player_choice":"Upgrade","floor":42.0,"gold_loss":0.0,"damage_taken":0.0,"cards_upgraded":["Defend_G","Defend_G","Defend_G","Defend_G","Defend_G","Strike_G","Strike_G","Survivor","Neutralize","Cloak And Dagger","Storm of Steel","Catalyst","Poisoned Stab","Deadly Poison","Corpse Explosion","Escape Plan","Wraith Form v2","Calculated Gamble","Footwork","Adrenaline","Footwork","Noxious Fumes"],"relics_obtained":["Mark of the Bloom"]},{"damage_healed":0.0,"max_hp_gain":0.0,"max_hp_loss":0.0,"gold_gain":0.0,"event_name":"SecretPortal","player_choice":"Ignored","floor":47.0,"gold_loss":0.0,"damage_taken":0.0}],"is_beta":false,"boss_relics":[{"not_picked":["Coffee Dripper","Empty Cage"],"picked":"Fusion Hammer"},{"not_picked":["Snecko Eye","Cursed Key"],"picked":"Philosopher\u0027s Stone"}],"items_purged_floors":[4,46,54],"is_endless":false,"potions_floor_spawned":[2,3,13,16,23,28,30,33,37,41,45],"ascension_level":20}