{"gold_per_floor":[117,130,130,140,157,157,175,175,202,214,238,278,305,328,340,352],"floor_reached":16,"playtime":700,"items_purged":[],"score":212,"play_id":"c3d70a94-c665-4ee6-870e-95a83f5633be","local_time":"20190214150547","is_ascension_mode":true,"campfire_choices":[{"data":"Neutralize","floor":6,"key":"SMITH"},{"data":"Catalyst","floor":8,"key":"SMITH"},{"data":"Footwork","floor":10,"key":"SMITH"},{"data":"Caltrops","floor":15,"key":"SMITH"}],"neow_cost":"NONE","seed_source_timestamp":22055302672285,"circlet_count":0,"master_deck":["AscendersBane","Defend_G","Defend_G","Defend_G","Defend_G","Defend_G","Strike_G","Strike_G","Strike_G","Strike_G","Strike_G","Survivor","Neutralize+1","Finisher","Dagger Throw","Catalyst+1","Footwork+1","Backstab","Caltrops+1"],"relics":["Ring of the Snake","Bag of Preparation","Strawberry","MawBank","Dream Catcher"],"potions_floor_usage":[5,12,13],"damage_taken":[{"damage":0,"enemies":"Small Slimes","floor":1,"turns":3},{"damage":0,"enemies":"Cultist","floor":2,"turns":4},{"damage":0,"enemies":"2 Louse","floor":4,"turns":2},{"damage":0,"enemies":"Gremlin Gang","floor":5,"turns":3},{"damage":9,"enemies":"Blue Slaver","floor":7,"turns":5},{"damage":13,"enemies":"Lots of Slimes","floor":11,"turns":6},{"damage":24,"enemies":"Gremlin Nob","floor":12,"turns":4},{"damage":16,"enemies":"Large Slime","floor":13,"turns":7},{"damage":0,"enemies":"Looter","floor":14,"turns":1},{"damage":4,"enemies":"Hexaghost","floor":16,"turns":3}],"seed_played":"7646224075884215866","potions_obtained":[{"floor":1,"key":"Dexterity Potion"},{"floor":2,"key":"SkillPotion"},{"floor":4,"key":"Explosive Potion"},{"floor":11,"key":"SkillPotion"},{"floor":12,"key":"GhostInAJar"}],"is_trial":false,"path_per_floor":["M","M","?","M","M","R","M","R","T","R","M","E","M","M","R","B"],"character_chosen":"THE_SILENT","items_purchased":[],"campfire_rested":0,"item_purchase_floors":[],"current_hp_per_floor":[59,59,66,66,66,66,57,57,57,57,44,20,4,4,4,0],"gold":352,"neow_bonus":"RANDOM_COMMON_RELIC","is_prod":false,"is_daily":false,"chose_seed":false,"campfire_upgraded":4,"win_rate":0,"timestamp":1550127947,"path_taken":["M","M","?","?","M","R","M","R","T","R","?","E","?","M","R","BOSS"],"build_version":"2019-01-23","purchased_purges":0,"victory":false,"max_hp_per_floor":[66,66,73,73,73,73,73,73,73,73,73,73,73,73,73,73],"card_choices":[{"not_picked":["Underhanded Strike","Outmaneuver"],"picked":"Finisher","floor":1},{"not_picked":["Slice","Flechettes","Outmaneuver"],"picked":"SKIP","floor":2},{"not_picked":["Accuracy","Prepared","Dagger Throw"],"picked":"SKIP","floor":4},{"not_picked":["Accuracy","Prepared"],"picked":"Dagger Throw","floor":4},{"not_picked":["Expertise","Sucker Punch"],"picked":"Catalyst","floor":5},{"not_picked":["Bane","Phantasmal Killer"],"picked":"Footwork","floor":7},{"not_picked":["Slice","Prepared","PiercingWail"],"picked":"SKIP","floor":11},{"not_picked":["Sucker Punch","Slice"],"picked":"Backstab","floor":12},{"not_picked":["Cloak And Dagger","Dodge and Roll"],"picked":"Caltrops","floor":13},{"not_picked":["Underhanded Strike","Deflect","Eviscerate"],"picked":"SKIP","floor":14}],"player_experience":2725152,"relics_obtained":[{"floor":9,"key":"MawBank"},{"floor":12,"key":"Dream Catcher"}],"event_choices":[{"damage_healed":0,"gold_gain":0,"player_choice":"Gave Potion","damage_taken":0,"relics_obtained":["Strawberry"],"max_hp_gain":0,"max_hp_loss":0,"event_name":"WeMeetAgain","floor":3,"gold_loss":0}],"is_beta":false,"boss_relics":[],"items_purged_floors":[],"is_endless":false,"potions_floor_spawned":[1,2,4,11,12],"killed_by":"Hexaghost","ascension_level":20}