{"gold_per_floor":[112,132,57,57,57,87,3,3,28,45,79,79,105,123,123,123],"floor_reached":16,"playtime":376,"items_purged":[],"score":250,"play_id":"13c91f20-2eae-4eb1-8d8f-99da964a1a61","local_time":"20181112194455","is_ascension_mode":true,"campfire_choices":[{"data":"Deep Breath","floor":8,"key":"SMITH"},{"data":"Eviscerate","floor":15,"key":"SMITH"}],"neow_cost":"NONE","seed_source_timestamp":3832941186602,"circlet_count":0,"master_deck":["AscendersBane","Defend_G","Defend_G+1","Defend_G","Defend_G+1","Defend_G","Strike_G","Strike_G","Strike_G","Survivor","Neutralize","Eviscerate+1","Flying Knee","Tactician","Deep Breath+1","Dagger Throw","Terror","Underhanded Strike"],"relics":["Ring of the Snake","NeowsBlessing","Lantern","Happy Flower","Oddly Smooth Stone","Strawberry","The Courier"],"potions_floor_usage":[11,11],"damage_taken":[{"damage":0,"enemies":"Small Slimes","floor":1,"turns":1},{"damage":0,"enemies":"2 Louse","floor":2,"turns":1},{"damage":0,"enemies":"3 Sentries","floor":6,"turns":1},{"damage":2,"enemies":"Jaw Worm","floor":10,"turns":5},{"damage":14,"enemies":"Lagavulin","floor":11,"turns":8},{"damage":15,"enemies":"Gremlin Nob","floor":13,"turns":4},{"damage":0,"enemies":"2 Fungi Beasts","floor":14,"turns":4},{"damage":0,"enemies":"Slime Boss","floor":16,"turns":3}],"seed_played":"-4418924530611349846","potions_obtained":[{"floor":1,"key":"GhostInAJar"},{"floor":10,"key":"AttackPotion"}],"is_trial":false,"path_per_floor":["M","M","?","?","T","E","$","R","T","M","E","?","E","M","R","B"],"character_chosen":"THE_SILENT","items_purchased":["Deep Breath"],"campfire_rested":0,"item_purchase_floors":[7],"current_hp_per_floor":[59,59,59,39,39,39,39,39,39,37,30,30,15,15,15,15],"gold":123,"neow_bonus":"THREE_ENEMY_KILL","is_prod":false,"is_daily":false,"chose_seed":false,"campfire_upgraded":2,"win_rate":0,"timestamp":1542023095,"path_taken":["M","M","?","?","?","E","$","R","T","M","E","?","E","M","R","BOSS"],"build_version":"2018-11-08","purchased_purges":0,"victory":false,"max_hp_per_floor":[66,66,66,66,66,66,66,66,66,66,73,73,73,73,73,73],"card_choices":[{"not_picked":["Riddle With Holes","Dodge and Roll"],"picked":"Eviscerate","floor":1},{"not_picked":["Outmaneuver","Cloak And Dagger"],"picked":"Flying Knee","floor":2},{"not_picked":["Caltrops","Flechettes"],"picked":"Tactician","floor":6},{"not_picked":["Sucker Punch","Outmaneuver"],"picked":"Dagger Throw","floor":10},{"not_picked":["Phantasmal Killer","Blade Dance"],"picked":"Terror","floor":11},{"not_picked":["Backflip","Prepared"],"picked":"Underhanded Strike","floor":13},{"not_picked":["Noxious Fumes","Quick Slash","Dagger Throw"],"picked":"SKIP","floor":14}],"player_experience":1031364,"relics_obtained":[{"floor":5,"key":"Lantern"},{"floor":6,"key":"Happy Flower"},{"floor":9,"key":"Oddly Smooth Stone"},{"floor":11,"key":"Strawberry"},{"floor":13,"key":"The Courier"}],"event_choices":[{"cards_removed":["Strike_G"],"damage_healed":0,"gold_gain":0,"player_choice":"Card Removal","damage_taken":0,"max_hp_gain":0,"max_hp_loss":0,"event_name":"The Cleric","floor":3,"gold_loss":75},{"damage_healed":0,"gold_gain":0,"player_choice":"Entered Light","damage_taken":20,"max_hp_gain":0,"max_hp_loss":0,"event_name":"Shining Light","floor":4,"gold_loss":0,"cards_upgraded":["Defend_G","Defend_G"]},{"cards_removed":["Strike_G"],"damage_healed":0,"gold_gain":0,"player_choice":"Purged","damage_taken":0,"max_hp_gain":0,"max_hp_loss":0,"event_name":"Purifier","floor":12,"gold_loss":0}],"is_beta":true,"boss_relics":[],"items_purged_floors":[],"is_endless":false,"potions_floor_spawned":[1,10],"killed_by":"Slime Boss","ascension_level":15}