{"gold_per_floor":[116,29,43,43,43,69,83,100,124,144,144,172,172,97,97,192,192,203,32,49,49,148,176,188,188,188,199,124,140,140,173,173,273,273,288,46,60,75,95,95,195,195,242,242,242],"floor_reached":45,"playtime":2247,"items_purged":["Defend_G","Terror"],"score":538,"play_id":"5d0735d6-64b7-4e14-acbd-34c56706d9a1","local_time":"20190530164350","is_ascension_mode":false,"campfire_choices":[{"data":"Catalyst","floor":11.0,"key":"SMITH"},{"floor":15.0,"key":"REST"},{"data":"Catalyst","floor":25.0,"key":"SMITH"},{"data":"Deadly Poison","floor":30.0,"key":"SMITH"},{"data":"Bouncing Flask","floor":32,"key":"SMITH"},{"floor":40,"key":"RECALL"},{"floor":44,"key":"REST"}],"neow_cost":"NONE","seed_source_timestamp":9506579065957,"circlet_count":0,"master_deck":["Survivor","Neutralize","Prepared","Deadly Poison+1","Expertise","Catalyst+1","Slice","Endless Agony","Setup","Bouncing Flask+1","Well Laid Plans","Deadly Poison","Catalyst+1","Adrenaline","Leg Sweep+1","Tools of the Trade","Dark Shackles","Outmaneuver+1","Madness","Madness"],"special_seed":0,"relics":["Busted Crown","Bag of Marbles","Orichalcum","Bottled Lightning","Potion Belt","Calipers","Pandora\u0027s Box","Bag of Preparation","Bottled Flame","Regal Pillow","Black Star","Ancient Tea Set","Shovel","Snake Skull"],"potions_floor_usage":[31,33,35,37,37,37,39],"damage_taken":[{"damage":0.0,"enemies":"2 Louse","floor":1.0,"turns":4.0},{"damage":0.0,"enemies":"Cultist","floor":3.0,"turns":4.0},{"damage":18.0,"enemies":"Lagavulin","floor":6.0,"turns":7.0},{"damage":0.0,"enemies":"Small Slimes","floor":7.0,"turns":3.0},{"damage":0.0,"enemies":"2 Fungi Beasts","floor":8.0,"turns":2.0},{"damage":8.0,"enemies":"Large Slime","floor":10.0,"turns":4.0},{"damage":4.0,"enemies":"Gremlin Nob","floor":12.0,"turns":4.0},{"damage":7.0,"enemies":"The Guardian","floor":16.0,"turns":11.0},{"damage":1.0,"enemies":"Shell Parasite","floor":18.0,"turns":2.0},{"damage":0.0,"enemies":"Chosen","floor":20.0,"turns":3.0},{"damage":15.0,"enemies":"Gremlin Leader","floor":23.0,"turns":3.0},{"damage":0.0,"enemies":"Snake Plant","floor":24.0,"turns":2.0},{"damage":5.0,"enemies":"Centurion and Healer","floor":27.0,"turns":3.0},{"damage":0.0,"enemies":"Cultist and Chosen","floor":29.0,"turns":3.0},{"damage":2,"enemies":"Book of Stabbing","floor":31,"turns":2},{"damage":0,"enemies":"Collector","floor":33,"turns":2},{"damage":3,"enemies":"3 Shapes","floor":35,"turns":2},{"damage":12,"enemies":"3 Darklings","floor":37,"turns":6},{"damage":2,"enemies":"Maw","floor":38,"turns":3},{"damage":5,"enemies":"4 Shapes","floor":39,"turns":6},{"damage":0,"enemies":"Mind Bloom Boss Battle","floor":41,"turns":2},{"damage":0,"enemies":"3 Darklings","floor":45,"turns":2}],"seed_played":"3560077894838724226","potions_obtained":[{"floor":3.0,"key":"Energy Potion"},{"floor":6.0,"key":"Poison Potion"},{"floor":10.0,"key":"Weak Potion"},{"floor":12.0,"key":"Swift Potion"},{"floor":16.0,"key":"FearPotion"},{"floor":18.0,"key":"PowerPotion"},{"floor":27.0,"key":"Fire Potion"},{"floor":29.0,"key":"Poison Potion"},{"floor":31,"key":"Poison Potion"},{"floor":33,"key":"LiquidBronze"},{"floor":35,"key":"Weak Potion"},{"floor":37,"key":"Swift Potion"},{"floor":41,"key":"Weak Potion"}],"is_trial":false,"path_per_floor":["M","?","M","?","?","E","M","M","T","M","R","E","?","$","R","B",null,"M","$","M","?","?","E","M","R","T","M","?","M","R","E","R","B",null,"M","$","M","M","M","R","?","?","T","R","M"],"character_chosen":"THE_SILENT","items_purchased":["Catalyst","Dark Shackles","Ancient Tea Set"],"campfire_rested":2,"item_purchase_floors":[19,36,36],"current_hp_per_floor":[70,70,70,56,53,35,35,35,35,27,27,23,16,16,37,30,70,69,69,69,69,69,54,54,54,54,49,49,49,49,47,47,47,70,67,67,55,53,48,48,48,39,39,70,70],"gold":242,"neow_bonus":"BOSS_RELIC","is_prod":false,"is_daily":false,"chose_seed":false,"campfire_upgraded":4,"win_rate":0,"timestamp":1559227430,"path_taken":["M","?","?","?","?","E","M","M","T","M","R","E","?","$","R","BOSS","M","$","M","?","?","E","M","R","T","?","?","M","R","E","R","BOSS","M","$","M","M","M","R","?","?","T","R","M"],"build_version":"2019-01-23","purchased_purges":2,"victory":false,"max_hp_per_floor":[70,70,70,70,70,70,70,70,70,70,70,70,70,70,70,70,70,70,70,70,70,70,70,70,70,70,70,70,70,70,70,70,70,70,70,70,70,70,70,70,70,70,70,70,70],"card_choices":[{"not_picked":[],"picked":"Prepared","floor":1.0},{"not_picked":[],"picked":"Deadly Poison","floor":3.0},{"not_picked":[],"picked":"Expertise","floor":6.0},{"not_picked":["Backflip"],"picked":"SKIP","floor":7.0},{"not_picked":[],"picked":"Catalyst","floor":8.0},{"not_picked":["Prepared"],"picked":"SKIP","floor":10.0},{"not_picked":["Masterful Stab"],"picked":"SKIP","floor":12.0},{"not_picked":[],"picked":"Deadly Poison","floor":18.0},{"not_picked":["Poisoned Stab"],"picked":"SKIP","floor":20.0},{"not_picked":[],"picked":"Adrenaline","floor":23.0},{"not_picked":["Flying Knee"],"picked":"SKIP","floor":24.0},{"not_picked":["Outmaneuver"],"picked":"SKIP","floor":27.0},{"not_picked":[],"picked":"Leg Sweep+1","floor":29.0},{"not_picked":["Dagger Throw+1"],"picked":"SKIP","floor":31},{"not_picked":[],"picked":"Tools of the Trade","floor":33},{"not_picked":["Terror"],"picked":"SKIP","floor":35},{"not_picked":[],"picked":"Outmaneuver+1","floor":37},{"not_picked":["Outmaneuver+1"],"picked":"SKIP","floor":38},{"not_picked":["Sucker Punch"],"picked":"SKIP","floor":39}],"player_experience":443127,"relics_obtained":[{"floor":6.0,"key":"Bottled Lightning"},{"floor":9.0,"key":"Potion Belt"},{"floor":12.0,"key":"Calipers"},{"floor":23.0,"key":"Bag of Preparation"},{"floor":26.0,"key":"Bottled Flame"},{"floor":31,"key":"Regal Pillow"},{"floor":41,"key":"Shovel"},{"floor":43,"key":"Snake Skull"}],"event_choices":[{"damage_healed":0.0,"max_hp_gain":0.0,"max_hp_loss":0.0,"gold_gain":0.0,"event_name":"WeMeetAgain","player_choice":"Paid Gold","floor":2.0,"gold_loss":87.0,"damage_taken":0.0,"relics_obtained":["Bag of Marbles"]},{"damage_healed":0.0,"max_hp_gain":0.0,"max_hp_loss":0.0,"gold_gain":0.0,"event_name":"Shining Light","player_choice":"Entered Light","floor":4.0,"gold_loss":0.0,"damage_taken":14.0,"cards_upgraded":["Defend_G","Defend_G"]},{"damage_healed":0.0,"max_hp_gain":0.0,"max_hp_loss":0.0,"gold_gain":0.0,"event_name":"Scrap Ooze","player_choice":"Success","floor":5.0,"gold_loss":0.0,"damage_taken":3.0,"relics_obtained":["Orichalcum"]},{"cards_removed":["Strike_G"],"damage_healed":0.0,"max_hp_gain":0.0,"max_hp_loss":0.0,"gold_gain":0.0,"event_name":"Golden Wing","player_choice":"Card Removal","floor":13.0,"gold_loss":0.0,"damage_taken":7.0},{"cards_removed":["Crippling Poison"],"damage_healed":0.0,"max_hp_gain":0.0,"max_hp_loss":0.0,"gold_gain":0.0,"event_name":"Back to Basics","player_choice":"Elegance","floor":21.0,"gold_loss":0.0,"damage_taken":0.0},{"damage_healed":0.0,"max_hp_gain":0.0,"max_hp_loss":0.0,"gold_gain":99.0,"event_name":"Nest","player_choice":"Stole From Cult","floor":22.0,"gold_loss":0.0,"damage_taken":0.0},{"cards_removed":["Crippling Poison"],"damage_healed":0.0,"max_hp_gain":0.0,"max_hp_loss":0.0,"gold_gain":0.0,"event_name":"Beggar","player_choice":"Gave Gold","floor":28.0,"gold_loss":75.0,"damage_taken":0.0},{"damage_healed":0,"gold_gain":0,"player_choice":"Fight","damage_taken":0,"max_hp_gain":0,"max_hp_loss":0,"event_name":"MindBloom","floor":41,"gold_loss":0},{"damage_healed":0,"gold_gain":0,"player_choice":"Embrace Madness","damage_taken":9,"max_hp_gain":0,"max_hp_loss":0,"event_name":"Winding Halls","floor":42,"gold_loss":0,"cards_obtained":["Madness","Madness"]}],"is_beta":false,"boss_relics":[{"not_picked":["Ectoplasm","Philosopher\u0027s Stone"],"picked":"Pandora\u0027s Box"},{"not_picked":["Orrery","Runic Dome"],"picked":"Black Star"}],"items_purged_floors":[14,19],"is_endless":false,"potions_floor_spawned":[3,6,10,12,16,18,27,29,31,33,35,37,41],"killed_by":"3 Darklings","ascension_level":0}