{"gold_per_floor":[112,129,41,41,41,67,83,83,83,83,110,110,128,146,146,223,223,242,262,163,177,102,102,102],"floor_reached":24,"playtime":629,"items_purged":["Pain"],"score":462,"play_id":"ebc8711a-7909-49f6-89f9-a2f183f28dae","local_time":"20190302153452","is_ascension_mode":true,"campfire_choices":[{"data":"Barrage","floor":10.0,"key":"SMITH"},{"data":"Zap","floor":12.0,"key":"SMITH"},{"data":"Beam Cell","floor":15.0,"key":"SMITH"},{"floor":23.0,"key":"REST"}],"neow_cost":"NONE","seed_source_timestamp":172723947068801,"circlet_count":0,"master_deck":["AscendersBane","Strike_B","Strike_B","Strike_B","Defend_B","Defend_B","Defend_B","Defend_B","Zap+1","Dualcast","Go for the Eyes+1","Heatsinks","Capacitor+1","Capacitor","Barrage+1","Beam Cell+1","Coolheaded","Coolheaded","Buffer","Ball Lightning","Barrage+1","Leap","Coolheaded"],"special_seed":0,"relics":["Cracked Core","NeowsBlessing","WarpedTongs","Turnip","Pantograph","Sundial","Nuclear Battery"],"potions_floor_usage":[],"damage_taken":[{"damage":0.0,"enemies":"Small Slimes","floor":1.0,"turns":1.0},{"damage":0.0,"enemies":"2 Louse","floor":2.0,"turns":1.0},{"damage":0.0,"enemies":"Gremlin Nob","floor":6.0,"turns":1.0},{"damage":13.0,"enemies":"Cultist","floor":7.0,"turns":5.0},{"damage":30.0,"enemies":"Lagavulin","floor":11.0,"turns":7.0},{"damage":13.0,"enemies":"Large Slime","floor":13.0,"turns":4.0},{"damage":1.0,"enemies":"3 Louse","floor":14.0,"turns":3.0},{"damage":24.0,"enemies":"Slime Boss","floor":16.0,"turns":9.0},{"damage":18.0,"enemies":"Shell Parasite","floor":18.0,"turns":6.0},{"damage":12.0,"enemies":"Spheric Guardian","floor":19.0,"turns":4.0},{"damage":23.0,"enemies":"Snake Plant","floor":21.0,"turns":5.0},{"damage":25,"enemies":"Slavers","floor":24,"turns":2}],"seed_played":"7770457534335380422","potions_obtained":[{"floor":1.0,"key":"Energy Potion"},{"floor":2.0,"key":"Regen Potion"}],"is_trial":false,"path_per_floor":["M","M","$","?","?","E","M","?","T","R","E","R","M","M","R","B",null,"M","M","$","M","?","R","E"],"character_chosen":"DEFECT","items_purchased":["Capacitor","Leap"],"campfire_rested":1,"item_purchase_floors":[3,20],"current_hp_per_floor":[64,64,64,43,43,43,30,30,30,30,15,15,2,1,1,2,54,36,24,24,1,1,22,0],"gold":102,"neow_bonus":"THREE_ENEMY_KILL","is_prod":false,"is_daily":false,"chose_seed":false,"campfire_upgraded":3,"win_rate":0,"timestamp":1551512092,"path_taken":["M","M","$","?","?","E","?","?","T","R","E","R","M","M","R","BOSS","M","M","$","M","?","R","E"],"build_version":"2019-01-23","purchased_purges":1,"victory":false,"max_hp_per_floor":[71,71,71,71,71,71,71,71,71,71,71,71,71,71,71,71,71,71,71,71,71,71,71,71],"card_choices":[{"not_picked":["Redo","Steam Power"],"picked":"Go for the Eyes","floor":1.0},{"not_picked":["Hello World","Compile Driver"],"picked":"Heatsinks","floor":2.0},{"not_picked":["Self Repair","Gash"],"picked":"Capacitor","floor":6.0},{"not_picked":["Hologram","Blizzard"],"picked":"Barrage","floor":7.0},{"not_picked":["Rebound","Streamline"],"picked":"Beam Cell","floor":11.0},{"not_picked":["Blizzard","Go for the Eyes"],"picked":"Coolheaded","floor":13.0},{"not_picked":["Compile Driver","BootSequence"],"picked":"Coolheaded","floor":14.0},{"not_picked":["Multi-Cast","Thunder Strike"],"picked":"Buffer","floor":16.0},{"not_picked":["Redo","Reprogram"],"picked":"Ball Lightning","floor":18.0},{"not_picked":["Streamline","Capacitor"],"picked":"Barrage+1","floor":19.0},{"not_picked":["Leap","Conserve Battery"],"picked":"Coolheaded","floor":21.0}],"player_experience":1068406,"relics_obtained":[{"floor":6.0,"key":"Turnip"},{"floor":9.0,"key":"Pantograph"},{"floor":11.0,"key":"Sundial"}],"event_choices":[{"damage_healed":0.0,"max_hp_gain":0.0,"max_hp_loss":0.0,"gold_gain":0.0,"event_name":"Shining Light","player_choice":"Entered Light","floor":4.0,"gold_loss":0.0,"damage_taken":21.0,"cards_upgraded":["Go for the Eyes","Capacitor"]},{"damage_healed":0.0,"max_hp_gain":0.0,"max_hp_loss":0.0,"gold_gain":0.0,"event_name":"Accursed Blacksmith","player_choice":"Rummage","floor":5.0,"gold_loss":0.0,"damage_taken":0.0,"relics_obtained":["WarpedTongs"],"cards_obtained":["Pain"]},{"damage_healed":0.0,"max_hp_gain":0.0,"max_hp_loss":0.0,"gold_gain":0.0,"event_name":"Liars Game","player_choice":"Ignored","floor":8.0,"gold_loss":0.0,"damage_taken":0.0},{"cards_removed":["Strike_B"],"damage_healed":0.0,"max_hp_gain":0.0,"max_hp_loss":0.0,"gold_gain":0.0,"event_name":"Beggar","player_choice":"Gave Gold","floor":22.0,"gold_loss":75.0,"damage_taken":0.0}],"is_beta":false,"boss_relics":[{"not_picked":["FrozenCore","Black Star"],"picked":"Nuclear Battery"}],"items_purged_floors":[20],"is_endless":false,"potions_floor_spawned":[1,2,6],"killed_by":"Slavers","ascension_level":20}