{"gold_per_floor":[117,129,73,85,105,105,85,104,104,114,114],"floor_reached":11,"playtime":263,"items_purged":[],"score":134,"play_id":"ccd8c63e-1f77-418c-b561-e021eeab292d","local_time":"20190225135731","is_ascension_mode":true,"campfire_choices":[{"data":"Zap","floor":6.0,"key":"SMITH"}],"neow_cost":"PERCENT_DAMAGE","seed_source_timestamp":669873875673666,"circlet_count":0,"master_deck":["AscendersBane","Strike_B","Strike_B","Strike_B","Strike_B","Defend_B","Defend_B","Defend_B","Defend_B","Zap+1","Dualcast","Core Surge","Turbo","Coolheaded","Cold Snap","All For One","Auto Shields","Beam Cell"],"special_seed":0,"relics":["Cracked Core","Cables"],"potions_floor_usage":[8,8],"damage_taken":[{"damage":0.0,"enemies":"Cultist","floor":1.0,"turns":3.0},{"damage":14.0,"enemies":"2 Louse","floor":2.0,"turns":2.0},{"damage":4.0,"enemies":"Jaw Worm","floor":4.0,"turns":4.0},{"damage":16.0,"enemies":"Exordium Wildlife","floor":5.0,"turns":6.0},{"damage":3,"enemies":"Large Slime","floor":8,"turns":5},{"damage":8,"enemies":"2 Fungi Beasts","floor":10,"turns":3},{"damage":10,"enemies":"Lagavulin","floor":11,"turns":3}],"seed_played":"-1067788547778792842","potions_obtained":[{"floor":1.0,"key":"Poison Potion"},{"floor":4.0,"key":"FearPotion"},{"floor":10,"key":"Explosive Potion"}],"is_trial":false,"path_per_floor":["M","M","$","M","M","R","?","M","T","M","E"],"character_chosen":"DEFECT","items_purchased":["Coolheaded"],"campfire_rested":0,"item_purchase_floors":[3],"current_hp_per_floor":[46,32,32,28,12,12,12,9,9,1,0],"gold":114,"neow_bonus":"THREE_RARE_CARDS","is_prod":false,"is_daily":false,"chose_seed":false,"campfire_upgraded":1,"win_rate":0,"timestamp":1551074251,"path_taken":["M","M","$","M","M","R","?","M","T","?","E"],"build_version":"2019-01-23","purchased_purges":0,"victory":false,"max_hp_per_floor":[71,71,71,71,71,71,71,71,71,71,71],"card_choices":[{"not_picked":["Amplify","Seek"],"picked":"Core Surge","floor":0.0},{"not_picked":["Melter","Hologram"],"picked":"Turbo","floor":1.0},{"not_picked":["Scrape","Sweeping Beam","Reprogram"],"picked":"SKIP","floor":2.0},{"not_picked":["Sweeping Beam","Hologram"],"picked":"Cold Snap","floor":4.0},{"not_picked":["Ball Lightning","Steam"],"picked":"All For One","floor":5.0},{"not_picked":["Aggregate","Loop"],"picked":"Auto Shields","floor":8},{"not_picked":["Leap","Redo"],"picked":"Beam Cell","floor":10}],"player_experience":992149,"relics_obtained":[{"floor":9,"key":"Cables"}],"event_choices":[{"damage_healed":0.0,"max_hp_gain":0.0,"max_hp_loss":0.0,"gold_gain":0.0,"event_name":"The Woman in Blue","player_choice":"Bought 1 Potion","floor":7.0,"gold_loss":0.0,"damage_taken":0.0}],"is_beta":false,"boss_relics":[],"items_purged_floors":[],"is_endless":false,"potions_floor_spawned":[1,4,10],"killed_by":"Lagavulin","ascension_level":20}