{"gold_per_floor":[118,135,151,167,13,42,42,42,42,71,90,90,60,60],"floor_reached":14,"playtime":248,"items_purged":["Strike_G"],"score":200,"play_id":"1b15bd8e-f3e5-49fc-98ad-3185abfc16a9","local_time":"20190205002346","is_ascension_mode":true,"campfire_choices":[{"data":"Catalyst","floor":7,"key":"SMITH"}],"neow_cost":"NONE","seed_source_timestamp":902239195204,"circlet_count":0,"master_deck":["AscendersBane","Defend_G","Defend_G","Defend_G","Defend_G","Defend_G","Strike_G","Strike_G","Strike_G","Strike_G","Survivor","Neutralize","Poisoned Stab","Backflip","Catalyst+1","Flying Knee","Noxious Fumes","Corpse Explosion","Poisoned Stab+1"],"relics":["Ring of the Snake","NeowsBlessing","Bag of Preparation","Omamori","Molten Egg 2"],"potions_floor_usage":[6],"damage_taken":[{"damage":0,"enemies":"Cultist","floor":1,"turns":1},{"damage":0,"enemies":"Jaw Worm","floor":2,"turns":1},{"damage":0,"enemies":"2 Louse","floor":3,"turns":1},{"damage":10,"enemies":"Looter","floor":4,"turns":4},{"damage":36,"enemies":"Gremlin Nob","floor":6,"turns":4},{"damage":10,"enemies":"3 Sentries","floor":10,"turns":4},{"damage":1,"enemies":"Red Slaver","floor":11,"turns":3},{"damage":6,"enemies":"Gremlin Nob","floor":14,"turns":2}],"seed_played":"-4044868670246181663","potions_obtained":[{"floor":2,"key":"Explosive Potion"},{"floor":6,"key":"Explosive Potion"},{"floor":13,"key":"Fire Potion"}],"is_trial":false,"path_per_floor":["M","M","M","M","$","E","R","$","T","E","M","$","?","E"],"character_chosen":"THE_SILENT","items_purchased":["Noxious Fumes"],"campfire_rested":0,"item_purchase_floors":[5],"current_hp_per_floor":[59,59,59,49,49,13,13,13,13,3,2,2,2,0],"gold":60,"neow_bonus":"THREE_ENEMY_KILL","is_prod":false,"is_daily":false,"chose_seed":false,"campfire_upgraded":1,"win_rate":0,"timestamp":1549297426,"path_taken":["M","M","M","M","$","E","R","$","T","E","M","$","?","E"],"build_version":"2019-01-23","purchased_purges":1,"victory":false,"max_hp_per_floor":[66,66,66,66,66,66,66,66,66,66,66,66,66,66],"card_choices":[{"not_picked":["Deadly Poison","Cloak And Dagger"],"picked":"Poisoned Stab","floor":1},{"not_picked":["Skewer","Deadly Poison"],"picked":"Backflip","floor":2},{"not_picked":["Bane","Slice"],"picked":"Catalyst","floor":3},{"not_picked":["Sucker Punch","Outmaneuver"],"picked":"Flying Knee","floor":4},{"not_picked":["Glass Knife","Wraith Form v2"],"picked":"Corpse Explosion","floor":6},{"not_picked":["Sucker Punch","Eviscerate"],"picked":"Poisoned Stab","floor":10},{"not_picked":["Poisoned Stab+1","Dagger Throw+1","Tactician"],"picked":"SKIP","floor":11}],"player_experience":1418437,"relics_obtained":[{"floor":6,"key":"Bag of Preparation"},{"floor":9,"key":"Omamori"},{"floor":10,"key":"Molten Egg 2"}],"event_choices":[{"damage_healed":0,"gold_gain":0,"player_choice":"Bought 2 Potions","damage_taken":0,"max_hp_gain":0,"max_hp_loss":0,"event_name":"The Woman in Blue","floor":13,"gold_loss":0}],"is_beta":true,"boss_relics":[],"items_purged_floors":[5],"is_endless":false,"potions_floor_spawned":[2,6],"killed_by":"Gremlin Nob","ascension_level":20}