{"gold_per_floor":[112,112,122,122,47,47,75,75,102,102,122,137,137,37,37,115,115,132,7,26,26,26,26,44,44,44,78,88,88,88,98,98,175,175,190,40,58,58,58,86,141,141,141,141,141,141,167,177,177,177,177,177,177,2,31,31],"floor_reached":57,"playtime":1916,"items_purged":["Strike_G","Strike_G","Strike_G","Defend_G","Survivor+1"],"score":3348,"play_id":"0e978da6-3729-44f9-8889-408b21b36e7e","local_time":"20190125175809","is_ascension_mode":true,"campfire_choices":[{"data":"Acrobatics","floor":6.0,"key":"SMITH"},{"data":"Grand Finale","floor":8.0,"key":"SMITH"},{"data":"Neutralize","floor":10.0,"key":"SMITH"},{"data":"Night Terror","floor":13.0,"key":"SMITH"},{"floor":15.0,"key":"RECALL"},{"data":"Prepared","floor":23.0,"key":"SMITH"},{"data":"After Image","floor":25.0,"key":"SMITH"},{"data":"Tactician","floor":29.0,"key":"SMITH"},{"data":"Survivor","floor":32.0,"key":"SMITH"},{"data":"Acrobatics","floor":42,"key":"SMITH"},{"data":"Defend_G","floor":44,"key":"SMITH"},{"data":"Defend_G","floor":46,"key":"SMITH"},{"data":"Defend_G","floor":49,"key":"SMITH"}],"neow_cost":"NONE","seed_source_timestamp":18010727103279,"circlet_count":0,"master_deck":["AscendersBane","Defend_G+1","Defend_G+1","Defend_G+1","Neutralize+1","Acrobatics+1","Grand Finale+1","Night Terror+1","After Image+1","Prepared+1","Tactician+1","Acrobatics+1"],"special_seed":0,"relics":["Ring of the Snake","NeowsBlessing","Mercury Hourglass","Centennial Puzzle","Coffee Dripper","theJungle:WildStrawberry","Matryoshka","Dodecahedron","Runic Pyramid","Oddly Smooth Stone","Bottled Lightning","StoneCalendar","Bag of Marbles","Singing Bowl","Juzu Bracelet","Boot"],"potions_floor_usage":[56],"damage_taken":[{"damage":0.0,"enemies":"Small Slimes","floor":1.0,"turns":1.0},{"damage":0.0,"enemies":"Cultist","floor":3.0,"turns":1.0},{"damage":0.0,"enemies":"Lagavulin","floor":7.0,"turns":1.0},{"damage":0.0,"enemies":"Jaw Worm","floor":11.0,"turns":4.0},{"damage":2.0,"enemies":"Red Slaver","floor":12.0,"turns":6.0},{"damage":38.0,"enemies":"Slime Boss","floor":16.0,"turns":8.0},{"damage":4.0,"enemies":"theJungle:GiantWrat","floor":18.0,"turns":8.0},{"damage":4.0,"enemies":"theJungle:MUSHROOMGANG","floor":20.0,"turns":2.0},{"damage":0.0,"enemies":"theJungle:Snecko_Cultist_And_Trap","floor":24.0,"turns":3.0},{"damage":0.0,"enemies":"theJungle:2_Phrogs","floor":27.0,"turns":2.0},{"damage":0.0,"enemies":"theJungle:Lyon","floor":28.0,"turns":3.0},{"damage":0.0,"enemies":"theJungle:SlimyTreeVines","floor":31.0,"turns":2.0},{"damage":0,"enemies":"theJungle:QueenSpyder","floor":33,"turns":2},{"damage":0,"enemies":"3 Shapes","floor":35,"turns":2},{"damage":0,"enemies":"Orb Walker","floor":37,"turns":2},{"damage":0,"enemies":"Nemesis","floor":40,"turns":1},{"damage":0,"enemies":"2 Orb Walkers","floor":41,"turns":1},{"damage":0,"enemies":"Giant Head","floor":47,"turns":1},{"damage":0,"enemies":"Writhing Mass","floor":48,"turns":1},{"damage":0,"enemies":"Awakened One","floor":50,"turns":2},{"damage":0,"enemies":"Time Eater","floor":51,"turns":2},{"damage":0,"enemies":"Shield and Spear","floor":55,"turns":1},{"damage":48,"enemies":"The Heart","floor":56,"turns":5}],"seed_played":"3270912205110667043","potions_obtained":[{"floor":3.0,"key":"Regen Potion"},{"floor":11.0,"key":"Strength Potion"},{"floor":16.0,"key":"Block Potion"},{"floor":18.0,"key":"Energy Potion"},{"floor":24.0,"key":"GhostInAJar"}],"is_trial":false,"path_per_floor":["M","?","M","?","$","R","E","R","T","R","M","M","R","$","R","B",null,"M","$","M","?","?","R","M","R","T","E","M","R","$","M","R","B",null,"M","$","M","?","T","E","?","R","T","R","$","R","E","M","R","B","B",null,"R","$","E","B",null],"character_chosen":"THE_SILENT","items_purchased":[],"campfire_rested":0,"item_purchase_floors":[],"current_hp_per_floor":[59,59,59,59,59,59,59,59,59,59,59,66,66,66,66,28,57,53,53,49,42,42,42,42,42,42,42,42,42,42,42,42,42,65,65,65,65,65,65,65,65,65,65,65,65,65,67,69,69,69,69,75,75,75,77,29],"gold":31,"neow_bonus":"THREE_ENEMY_KILL","is_prod":false,"is_daily":false,"chose_seed":false,"campfire_upgraded":12,"win_rate":0,"timestamp":1548410289,"path_taken":["M","?","?","?","$","R","E","R","T","R","?","M","R","?","R","BOSS","M","$","M","?","?","R","M","R","T","E","?","R","$","M","R","BOSS","M","$","M","?","?","E","?","R","T","R","$","R","E","M","R","BOSS","BOSS","R","$","E","BOSS"],"build_version":"2019-01-23","purchased_purges":5,"victory":true,"max_hp_per_floor":[66,66,66,66,66,66,66,66,66,66,66,66,66,66,66,66,66,66,66,66,73,73,73,73,73,73,73,73,73,73,73,73,73,73,73,73,73,73,73,73,73,73,73,73,73,73,75,77,77,77,77,77,77,77,79,79],"card_choices":[{"not_picked":["Cloak And Dagger","Finisher"],"picked":"Acrobatics","floor":1.0},{"not_picked":["Crippling Poison","Dagger Spray","Deadly Poison"],"picked":"SKIP","floor":3.0},{"not_picked":["Outmaneuver","Cloak And Dagger","Underhanded Strike"],"picked":"SKIP","floor":7.0},{"not_picked":["Setup","Finisher"],"picked":"Night Terror","floor":11.0},{"not_picked":["Reflex","Sucker Punch","Underhanded Strike"],"picked":"SKIP","floor":12.0},{"not_picked":["Die Die Die","Unload"],"picked":"After Image","floor":16.0},{"not_picked":["Terror","Sucker Punch","PiercingWail"],"picked":"SKIP","floor":18.0},{"not_picked":["Prepared","Skewer+1","Riddle With Holes"],"picked":"SKIP","floor":20.0},{"not_picked":["Skewer+1","Riddle With Holes"],"picked":"Prepared","floor":20.0},{"not_picked":["Finisher","Prepared+1","All Out Attack"],"picked":"SKIP","floor":24.0},{"not_picked":["Acrobatics","Prepared+1"],"picked":"Tactician","floor":27.0},{"not_picked":["Catalyst","Calculated Gamble","Setup"],"picked":"SKIP","floor":28.0},{"not_picked":["Calculated Gamble","Quick Slash","Deadly Poison"],"picked":"SKIP","floor":31.0},{"not_picked":["Sucker Punch","Skewer"],"picked":"Acrobatics","floor":35},{"not_picked":["Eviscerate+1","Endless Agony","Dagger Spray+1"],"picked":"SKIP","floor":37},{"not_picked":["Cloak And Dagger","Deadly Poison","Noxious Fumes"],"picked":"SKIP","floor":40},{"not_picked":["Die Die Die","Catalyst","Unload"],"picked":"Singing Bowl","floor":47},{"not_picked":["Sucker Punch+1","Quick Slash+1","Slice"],"picked":"Singing Bowl","floor":48},{"not_picked":["Deadly Poison","Deflect","Blur+1"],"picked":"Singing Bowl","floor":55}],"player_experience":2238329,"relics_obtained":[{"floor":7.0,"key":"Mercury Hourglass"},{"floor":9.0,"key":"Centennial Puzzle"},{"floor":26.0,"key":"Matryoshka"},{"floor":27.0,"key":"Dodecahedron"},{"floor":39,"key":"Oddly Smooth Stone"},{"floor":40,"key":"Bottled Lightning"},{"floor":41,"key":"StoneCalendar"},{"floor":43,"key":"Bag of Marbles"},{"floor":43,"key":"Singing Bowl"},{"floor":47,"key":"Juzu Bracelet"},{"floor":55,"key":"Boot"}],"event_choices":[{"damage_healed":0.0,"max_hp_gain":0.0,"max_hp_loss":0.0,"gold_gain":0.0,"event_name":"Match and Keep!","player_choice":"1 cards matched","floor":2.0,"gold_loss":0.0,"damage_taken":0.0,"cards_obtained":["Grand Finale"]},{"cards_removed":["Strike_G"],"damage_healed":0.0,"max_hp_gain":0.0,"max_hp_loss":0.0,"gold_gain":0.0,"event_name":"Purifier","player_choice":"Purged","floor":4.0,"gold_loss":0.0,"damage_taken":0.0},{"cards_removed":["Strike_G"],"damage_healed":0.0,"max_hp_gain":0.0,"max_hp_loss":0.0,"gold_gain":0.0,"event_name":"Bonfire Elementals","player_choice":"Offered Basic","floor":22.0,"gold_loss":0.0,"damage_taken":0.0},{"cards_removed":["Defend_G"],"damage_healed":0,"gold_gain":0,"player_choice":"Removed Skill","damage_taken":0,"max_hp_gain":0,"max_hp_loss":0,"event_name":"Falling","floor":38,"gold_loss":0},{"damage_healed":0,"gold_gain":0,"player_choice":"Fight","damage_taken":0,"max_hp_gain":0,"max_hp_loss":0,"event_name":"Mysterious Sphere","floor":41,"gold_loss":0}],"is_beta":false,"boss_relics":[{"not_picked":["Lizard Tail","Black Star"],"picked":"Coffee Dripper"},{"not_picked":["Ectoplasm","HoveringKite"],"picked":"Runic Pyramid"}],"items_purged_floors":[5,14,19,36,54],"is_endless":false,"potions_floor_spawned":[3,11,16,18,24,31,40,48],"ascension_level":20}