{"gold_per_floor":[117,47,62,73,73,73,86,86,86,106,124,124,134,62,62,162,162,178,178,103,121,132,132,32,32,32,32,49,49,49,61,61,165,165,184,201,201,217,92,92,125,145,145,145,163,13,32,32,32,32],"floor_reached":51,"playtime":1272,"items_purged":["Strike_G","Defend_G","Strike_G","Tactician"],"score":996,"play_id":"2d756724-93ad-47c1-ae3b-963dc3bee057","local_time":"20181031131258","is_ascension_mode":false,"campfire_choices":[{"data":"Catalyst","floor":6.0,"key":"SMITH"},{"data":"Deadly Poison","floor":8.0,"key":"SMITH"},{"data":"Bouncing Flask","floor":12.0,"key":"SMITH"},{"data":"Night Terror","floor":15.0,"key":"SMITH"},{"data":"Neutralize","floor":23.0,"key":"SMITH"},{"data":"Adrenaline","floor":27.0,"key":"SMITH"},{"data":"Noxious Fumes","floor":29.0,"key":"SMITH"},{"data":"Footwork","floor":32.0,"key":"SMITH"},{"data":"Corpse Explosion","floor":40,"key":"SMITH"},{"data":"Survivor","floor":44,"key":"SMITH"},{"floor":49,"key":"REST"}],"neow_cost":"NONE","seed_source_timestamp":12094166629396,"circlet_count":0,"master_deck":["Defend_G","Defend_G","Defend_G","Survivor+1","Neutralize+1","Bouncing Flask+1","Catalyst+1","Deadly Poison+1","Footwork+1","Night Terror+1","Adrenaline+1","Noxious Fumes+1","Calculated Gamble","Escape Plan","Corpse Explosion+1"],"special_seed":0,"relics":["Ring of the Snake","Art of War","Cursed Key","Eternal Feather","Meat on the Bone"],"potions_floor_usage":[50,50],"damage_taken":[{"damage":0.0,"enemies":"Jaw Worm","floor":1.0,"turns":5.0},{"damage":1.0,"enemies":"Cultist","floor":3.0,"turns":3.0},{"damage":0.0,"enemies":"Small Slimes","floor":4.0,"turns":3.0},{"damage":22.0,"enemies":"Gremlin Gang","floor":7.0,"turns":5.0},{"damage":21.0,"enemies":"Lots of Slimes","floor":10.0,"turns":4.0},{"damage":15.0,"enemies":"Exordium Thugs","floor":11.0,"turns":5.0},{"damage":0.0,"enemies":"Blue Slaver","floor":13.0,"turns":4.0},{"damage":0.0,"enemies":"Hexaghost","floor":16.0,"turns":4.0},{"damage":10.0,"enemies":"2 Thieves","floor":18.0,"turns":4.0},{"damage":0.0,"enemies":"Chosen","floor":21.0,"turns":3.0},{"damage":7.0,"enemies":"Centurion and Healer","floor":22.0,"turns":9.0},{"damage":0.0,"enemies":"Snecko","floor":28.0,"turns":2.0},{"damage":0.0,"enemies":"3 Cultists","floor":31.0,"turns":4.0},{"damage":0.0,"enemies":"Collector","floor":33.0,"turns":2.0},{"damage":9.0,"enemies":"3 Darklings","floor":35.0,"turns":2.0},{"damage":3.0,"enemies":"3 Shapes","floor":36.0,"turns":3.0},{"damage":1,"enemies":"Writhing Mass","floor":38,"turns":3},{"damage":38,"enemies":"Reptomancer","floor":41,"turns":5},{"damage":0,"enemies":"3 Darklings","floor":42,"turns":2},{"damage":5,"enemies":"Jaw Worm Horde","floor":45,"turns":2},{"damage":0,"enemies":"Transient","floor":47,"turns":5},{"damage":0,"enemies":"Donu and Deca","floor":50,"turns":2}],"seed_played":"-3092393908716804061","potions_obtained":[{"floor":3.0,"key":"SkillPotion"},{"floor":4.0,"key":"GhostInAJar"},{"floor":7.0,"key":"Poison Potion"},{"floor":13.0,"key":"SteroidPotion"},{"floor":18.0,"key":"Block Potion"},{"floor":22.0,"key":"Weak Potion"}],"is_trial":false,"path_per_floor":["M","$","M","M","?","R","M","R","T","M","M","R","M","$","R","B",null,"M","?","$","M","M","R","$","?","T","R","M","R","?","M","R","B",null,"M","M","?","M","$","R","E","M","T","R","M","$","M","T","R","B"],"character_chosen":"THE_SILENT","items_purchased":["Bouncing Flask","Night Terror"],"campfire_rested":1,"item_purchase_floors":[2,14],"current_hp_per_floor":[77,77,76,76,76,76,54,54,54,33,18,18,18,18,18,18,77,67,67,67,67,60,60,60,60,60,60,60,60,60,60,60,60,77,68,65,65,64,64,73,35,47,47,56,51,51,51,51,77,77],"gold":32,"neow_bonus":"TEN_PERCENT_HP_BONUS","is_prod":false,"is_daily":false,"chose_seed":false,"campfire_upgraded":10,"win_rate":0,"timestamp":1540962778,"path_taken":["M","$","M","M","?","R","M","R","T","M","M","R","?","$","R","BOSS","M","?","$","M","M","R","?","?","T","R","?","R","?","M","R","BOSS","M","M","?","M","$","R","E","M","T","R","M","$","M","?","R","BOSS"],"build_version":"2018-10-25v2","purchased_purges":4,"victory":true,"max_hp_per_floor":[77,77,77,77,77,77,77,77,77,77,77,77,77,77,77,77,77,77,77,77,77,77,77,77,77,77,77,77,77,77,77,77,77,77,77,77,77,77,77,77,77,77,77,77,77,77,77,77,77,77],"card_choices":[{"not_picked":["PiercingWail","Prepared","Flechettes"],"picked":"SKIP","floor":1.0},{"not_picked":["Outmaneuver","Dagger Spray","Prepared"],"picked":"SKIP","floor":3.0},{"not_picked":["Slice","Accuracy","Prepared"],"picked":"SKIP","floor":4.0},{"not_picked":["Prepared","Bane"],"picked":"Deadly Poison","floor":7.0},{"not_picked":["Poisoned Stab","Blur","Quick Slash"],"picked":"SKIP","floor":10.0},{"not_picked":["Terror","Bouncing Flask"],"picked":"Footwork","floor":11.0},{"not_picked":["Bane","Doppelganger","Quick Slash"],"picked":"SKIP","floor":13.0},{"not_picked":["A Thousand Cuts","Grand Finale"],"picked":"Adrenaline","floor":16.0},{"not_picked":["Riddle With Holes","Dagger Throw+1","Outmaneuver+1"],"picked":"SKIP","floor":18.0},{"not_picked":["Quick Slash","Poisoned Stab","Deadly Poison"],"picked":"SKIP","floor":21.0},{"not_picked":["Bane","Heel Hook","Underhanded Strike+1"],"picked":"SKIP","floor":22.0},{"not_picked":["Dagger Spray+1","Blur"],"picked":"Noxious Fumes","floor":28.0},{"not_picked":["Sucker Punch","Dash"],"picked":"Escape Plan","floor":31.0},{"not_picked":["Doppelganger","Bullet Time"],"picked":"Corpse Explosion","floor":33.0},{"not_picked":["Outmaneuver+1","Skewer+1","Deadly Poison+1"],"picked":"SKIP","floor":35.0},{"not_picked":["All Out Attack+1","Deadly Poison+1","Poisoned Stab+1"],"picked":"SKIP","floor":36.0},{"not_picked":["Blade Dance","Sucker Punch","Endless Agony+1"],"picked":"SKIP","floor":38},{"not_picked":["Dash+1","Setup+1","Quick Slash"],"picked":"SKIP","floor":41},{"not_picked":["Dodge and Roll","Poisoned Stab","Masterful Stab+1"],"picked":"SKIP","floor":42},{"not_picked":["Predator","Flying Knee+1","Prepared"],"picked":"SKIP","floor":45},{"not_picked":["Blur+1","Flying Knee+1","Prepared"],"picked":"SKIP","floor":47}],"player_experience":773168,"relics_obtained":[{"floor":9.0,"key":"Art of War"},{"floor":41,"key":"Meat on the Bone"}],"event_choices":[{"damage_healed":0.0,"max_hp_gain":0.0,"max_hp_loss":0.0,"gold_gain":0.0,"cards_transformed":["Strike_G"],"event_name":"Transmorgrifier","player_choice":"Transformed","floor":5.0,"gold_loss":0.0,"damage_taken":0.0,"cards_obtained":["Catalyst"]},{"cards_removed":["Strike_G"],"damage_healed":0.0,"max_hp_gain":0.0,"max_hp_loss":0.0,"gold_gain":0.0,"event_name":"Bonfire Elementals","player_choice":"Offered Basic","floor":19.0,"gold_loss":0.0,"damage_taken":0.0},{"damage_healed":0.0,"max_hp_gain":0.0,"max_hp_loss":0.0,"gold_gain":0.0,"event_name":"Vampires","player_choice":"Ignored","floor":25.0,"gold_loss":0.0,"damage_taken":0.0},{"damage_healed":0.0,"max_hp_gain":0.0,"max_hp_loss":0.0,"gold_gain":0.0,"cards_transformed":["Strike_G","Defend_G"],"event_name":"Drug Dealer","player_choice":"Became Test Subject","floor":30.0,"gold_loss":0.0,"damage_taken":0.0,"cards_obtained":["Tactician","Calculated Gamble"]},{"damage_healed":0,"gold_gain":0,"player_choice":"Ignored","damage_taken":0,"max_hp_gain":0,"max_hp_loss":0,"event_name":"Mysterious Sphere","floor":37,"gold_loss":0}],"is_beta":false,"boss_relics":[{"not_picked":["Lizard Tail","Busted Crown"],"picked":"Cursed Key"},{"not_picked":["Ring of the Serpent","Philosopher\u0027s Stone"],"picked":"Eternal Feather"}],"items_purged_floors":[20,24,39,46],"is_endless":false,"potions_floor_spawned":[3,4,7,13,18,22,31,35,38,47],"ascension_level":0}