{"gold_per_floor":[112,130,130,130,130,130,158,158,181,215,140,140,174,186,186,264,264,280,299,326,340,353,353,367,378,454,454,471,471],"floor_reached":29,"playtime":1143,"items_purged":["Injury"],"score":429,"play_id":"c9044077-3f24-4813-97f2-5d1d19610d73","local_time":"20180722235150","is_ascension_mode":true,"campfire_choices":[{"data":"Neutralize","floor":6,"key":"SMITH"},{"floor":8,"key":"REST"},{"floor":15,"key":"REST"},{"floor":23,"key":"REST"},{"data":"Deadly Poison","floor":27,"key":"SMITH"}],"neow_cost":"CURSE","seed_source_timestamp":23954091907554,"circlet_count":0,"master_deck":["Defend_G","Defend_G+1","Defend_G","Defend_G","Defend_G","Strike_G","Strike_G","Strike_G+1","Strike_G","Strike_G","Survivor","Neutralize+1","AscendersBane","Dash","Noxious Fumes+1","Distraction","Slice","Escape Plan","Bullet Time","Sucker Punch+1","Deadly Poison+1","Outmaneuver+1","Backstab+1","Underhanded Strike+1","Poisoned Stab+1","Burst"],"relics":["Ring of the Snake","Unceasing Top","Letter Opener","Bag of Preparation","Bronze Scales","Molten Egg 2","Sozu","Red Mask","Tiny Chest"],"potions_floor_usage":[7,16,28],"damage_taken":[{"damage":3,"enemies":"2 Louse","floor":1,"turns":6},{"damage":0,"enemies":"Cultist","floor":2,"turns":5},{"damage":33,"enemies":"Gremlin Nob","floor":7,"turns":5},{"damage":6,"enemies":"Lagavulin","floor":10,"turns":9},{"damage":4,"enemies":"3 Sentries","floor":13,"turns":5},{"damage":1,"enemies":"Jaw Worm","floor":14,"turns":3},{"damage":17,"enemies":"Slime Boss","floor":16,"turns":10},{"damage":11,"enemies":"Shell Parasite","floor":18,"turns":5},{"damage":19,"enemies":"2 Thieves","floor":19,"turns":4},{"damage":8,"floor":20,"turns":3},{"damage":7,"enemies":"Slaver and Parasite","floor":21,"turns":8},{"damage":9,"enemies":"Centurion and Healer","floor":22,"turns":6},{"damage":10,"enemies":"Snake Plant","floor":24,"turns":3},{"damage":0,"enemies":"Chosen and Byrds","floor":25,"turns":5},{"damage":12,"enemies":"Centurion and Healer","floor":28,"turns":6},{"damage":16,"enemies":"3 Cultists","floor":29,"turns":4}],"seed_played":"7519375532561145929","potions_obtained":[{"floor":2,"key":"Fruit Juice"},{"floor":7,"key":"GamblersBrew"},{"floor":10,"key":"EssenceOfSteel"}],"is_trial":false,"path_per_floor":["M","M","?","?","?","R","E","R","T","E","$","?","E","M","R","B",null,"M","M","?","M","M","R","M","M","T","R","M"],"character_chosen":"THE_SILENT","items_purchased":[],"campfire_rested":3,"item_purchase_floors":[],"current_hp_per_floor":[56,56,56,56,36,36,8,29,29,23,23,23,19,18,39,22,59,48,29,21,14,5,26,16,16,16,16,4,0],"gold":471,"neow_bonus":"ONE_RARE_RELIC","is_prod":false,"is_daily":false,"chose_seed":false,"campfire_upgraded":2,"win_rate":0,"timestamp":1532274710,"path_taken":["M","M","?","?","?","R","E","R","T","E","$","?","E","M","R","BOSS","M","M","?","M","?","R","M","M","T","R","M","M"],"build_version":"2018-07-19","purchased_purges":1,"victory":false,"max_hp_per_floor":[66,66,66,66,66,66,71,71,71,71,71,71,71,71,71,71,71,71,71,71,71,71,71,71,71,71,71,71,71],"card_choices":[{"not_picked":["Underhanded Strike","Flechettes"],"picked":"Dash","floor":1},{"not_picked":["Poisoned Stab","Acrobatics"],"picked":"Noxious Fumes","floor":2},{"not_picked":["Reflex","Setup"],"picked":"Distraction","floor":7},{"not_picked":["Acrobatics","Sucker Punch"],"picked":"Slice","floor":10},{"not_picked":["Skewer","Bouncing Flask","Acrobatics"],"picked":"SKIP","floor":13},{"not_picked":["Infinite Blades","Distraction"],"picked":"Escape Plan","floor":14},{"not_picked":["Envenom","Burst"],"picked":"Bullet Time","floor":16},{"not_picked":["PiercingWail","Prepared"],"picked":"Sucker Punch+1","floor":18},{"not_picked":["Prepared","Slice+1"],"picked":"Deadly Poison","floor":19},{"not_picked":["Dodge and Roll","Quick Slash+1"],"picked":"Outmaneuver+1","floor":20},{"not_picked":["Outmaneuver","Crippling Poison"],"picked":"Backstab+1","floor":21},{"not_picked":["Deadly Poison","Night Terror","Accuracy"],"picked":"SKIP","floor":22},{"not_picked":["Dodge and Roll","Flechettes+1"],"picked":"Underhanded Strike+1","floor":24},{"not_picked":["Flying Knee+1","Backflip"],"picked":"Poisoned Stab+1","floor":25},{"not_picked":["Sucker Punch+1","Poisoned Stab+1"],"picked":"Burst","floor":28}],"player_experience":773086,"relics_obtained":[{"floor":7,"key":"Letter Opener"},{"floor":9,"key":"Bag of Preparation"},{"floor":10,"key":"Bronze Scales"},{"floor":13,"key":"Molten Egg 2"},{"floor":20,"key":"Red Mask"},{"floor":26,"key":"Tiny Chest"}],"event_choices":[{"event_name":"Accursed Blacksmith","player_choice":"Forge","floor":3,"damage_taken":0},{"event_name":"Liars Game","player_choice":"disagreed","floor":4,"damage_taken":0},{"event_name":"Shining Light","player_choice":"Entered Light","floor":5,"damage_taken":0},{"event_name":"Purifier","player_choice":"Skipped","floor":12,"damage_taken":0},{"event_name":"Masked Bandits","player_choice":"Fought over 299 gold","floor":20,"damage_taken":0}],"is_beta":true,"boss_relics":[{"not_picked":["Lizard Tail","Fusion Hammer"],"picked":"Sozu"}],"items_purged_floors":[11],"is_endless":false,"potions_floor_spawned":[2,7,10,14,19,21,24,25,28],"killed_by":"3 Cultists","ascension_level":15}