{"gold_per_floor":[118,118,118,43,43,87,107,107,107,107,123,123,141,185,185,283,283,298,318,368,368],"floor_reached":21,"playtime":549,"items_purged":["Strike_G"],"score":424,"play_id":"68a2c4b6-9759-4404-90d5-cf7e67b35a3c","local_time":"20190408173215","is_ascension_mode":true,"campfire_choices":[{"data":"Neutralize","floor":8,"key":"SMITH"},{"data":"Tactician","floor":10,"key":"SMITH"},{"data":"Acrobatics","floor":12,"key":"SMITH"},{"data":"Bouncing Flask","floor":15,"key":"SMITH"}],"neow_cost":"NONE","seed_source_timestamp":20304711309347,"circlet_count":0,"master_deck":["AscendersBane","Defend_G","Defend_G","Defend_G","Defend_G","Defend_G","Strike_G","Strike_G","Strike_G","Strike_G","Survivor","Neutralize+1","Tactician+1","Acrobatics+1","Bouncing Flask+1","Malaise"],"relics":["Ring of the Serpent","NeowsBlessing","Golden Idol","GremlinMask","Snake Skull","Ornamental Fan","Question Card"],"potions_floor_usage":[],"damage_taken":[{"damage":0,"enemies":"Jaw Worm","floor":1,"turns":1},{"damage":0,"enemies":"Lagavulin","floor":6,"turns":1},{"damage":0,"enemies":"2 Louse","floor":7,"turns":1},{"damage":3,"enemies":"Cultist","floor":11,"turns":5},{"damage":8,"enemies":"2 Fungi Beasts","floor":13,"turns":6},{"damage":31,"enemies":"3 Sentries","floor":14,"turns":12},{"damage":10,"enemies":"Hexaghost","floor":16,"turns":9},{"damage":4,"enemies":"3 Byrds","floor":18,"turns":5},{"damage":12,"enemies":"Shell Parasite","floor":19,"turns":6},{"damage":0,"enemies":"3 Cultists","floor":21,"turns":1}],"seed_played":"-7829437205297457717","potions_obtained":[{"floor":1,"key":"Weak Potion"},{"floor":13,"key":"Dexterity Potion"},{"floor":14,"key":"PowerPotion"}],"is_trial":false,"path_per_floor":["M","?","?","$","?","E","M","R","T","R","M","R","M","E","R","B",null,"M","M","?","M"],"character_chosen":"THE_SILENT","items_purchased":[],"campfire_rested":0,"item_purchase_floors":[],"current_hp_per_floor":[59,64,64,64,64,64,64,64,64,64,61,61,53,22,22,12,51,47,35,35,35],"gold":368,"neow_bonus":"THREE_ENEMY_KILL","is_prod":false,"is_daily":false,"chose_seed":false,"campfire_upgraded":4,"win_rate":0,"timestamp":1554715935,"path_taken":["M","?","?","$","?","E","M","R","T","R","M","R","?","E","R","BOSS","M","M","?","M"],"build_version":"2019-01-23","purchased_purges":1,"victory":false,"max_hp_per_floor":[66,71,64,64,64,64,64,64,64,64,64,64,64,64,64,64,64,64,64,64,64],"card_choices":[{"not_picked":["Eviscerate","Blade Dance","Outmaneuver"],"picked":"SKIP","floor":1},{"not_picked":["Prepared","PiercingWail"],"picked":"Tactician","floor":6},{"not_picked":["Skewer","Underhanded Strike","Sucker Punch"],"picked":"SKIP","floor":7},{"not_picked":["Cloak And Dagger","Sucker Punch"],"picked":"Acrobatics","floor":11},{"not_picked":["Infinite Blades","Dagger Throw"],"picked":"Bouncing Flask","floor":13},{"not_picked":["Accuracy","Cloak And Dagger","Dagger Spray"],"picked":"SKIP","floor":14},{"not_picked":["Venomology","Storm of Steel","Doppelganger"],"picked":"Malaise","floor":16},{"not_picked":["Sucker Punch","Deflect","Eviscerate","Distraction"],"picked":"SKIP","floor":18},{"not_picked":["Underhanded Strike","Slice+1","Dagger Spray","Deflect"],"picked":"SKIP","floor":19}],"player_experience":4159845,"relics_obtained":[{"floor":6,"key":"Snake Skull"},{"floor":9,"key":"Ornamental Fan"},{"floor":14,"key":"Question Card"}],"event_choices":[{"damage_healed":0,"gold_gain":0,"player_choice":"Donut","damage_taken":0,"max_hp_gain":5,"max_hp_loss":0,"event_name":"Big Fish","floor":2,"gold_loss":0},{"damage_healed":0,"gold_gain":0,"player_choice":"Lose Max HP","damage_taken":0,"relics_obtained":["Golden Idol"],"max_hp_gain":0,"max_hp_loss":7,"event_name":"Golden Idol","floor":3,"gold_loss":0},{"damage_healed":0,"gold_gain":0,"player_choice":"Trade","damage_taken":0,"relics_obtained":["GremlinMask"],"max_hp_gain":0,"max_hp_loss":0,"event_name":"FaceTrader","floor":5,"gold_loss":0},{"damage_healed":0,"gold_gain":50,"player_choice":"Pray","damage_taken":0,"max_hp_gain":0,"max_hp_loss":0,"event_name":"Golden Shrine","floor":20,"gold_loss":0}],"is_beta":false,"boss_relics":[{"not_picked":["Runic Dome","Busted Crown"],"picked":"Ring of the Serpent"}],"items_purged_floors":[4],"is_endless":false,"potions_floor_spawned":[1,13,14],"killed_by":"3 Cultists","ascension_level":20}