{"gold_per_floor":[114,114,129,141,157,157,188,113,113,113,147,147,64,98,98,98],"floor_reached":16,"playtime":317,"items_purged":["Strike_R"],"score":236,"play_id":"f6d1919a-44b4-4981-a010-8693cde22f49","local_time":"20190224222035","is_ascension_mode":true,"campfire_choices":[{"data":"Carnage","floor":6,"key":"SMITH"},{"data":"Body Slam","floor":10,"key":"SMITH"},{"data":"Bash","floor":12,"key":"SMITH"},{"data":"Immolate","floor":15,"key":"SMITH"}],"neow_cost":"NONE","seed_source_timestamp":36558950327721,"circlet_count":0,"master_deck":["AscendersBane","Strike_R","Strike_R","Strike_R","Defend_R","Defend_R","Defend_R","Defend_R","Bash+1","Body Slam+1","Carnage+1","Shrug It Off","Immolate+1","Inflame"],"relics":["Burning Blood","NeowsBlessing","Orichalcum","PreservedInsect","Mummified Hand","Omamori"],"potions_floor_usage":[],"damage_taken":[{"damage":0,"enemies":"Small Slimes","floor":1,"turns":1},{"damage":0,"enemies":"Cultist","floor":3,"turns":1},{"damage":0,"enemies":"2 Louse","floor":4,"turns":1},{"damage":14,"enemies":"Blue Slaver","floor":5,"turns":5},{"damage":31,"enemies":"Gremlin Nob","floor":7,"turns":4},{"damage":5,"enemies":"3 Sentries","floor":11,"turns":4},{"damage":22,"enemies":"Lagavulin","floor":14,"turns":5},{"damage":30,"enemies":"The Guardian","floor":16,"turns":2}],"seed_played":"-4946292814979612129","potions_obtained":[{"floor":3,"key":"SpeedPotion"},{"floor":7,"key":"LiquidBronze"}],"is_trial":false,"path_per_floor":["M","?","M","M","M","R","E","$","T","R","E","R","$","E","R","B"],"character_chosen":"IRONCLAD","items_purchased":["Immolate"],"campfire_rested":0,"item_purchase_floors":[13],"current_hp_per_floor":[74,74,75,75,67,67,42,42,42,42,43,43,43,27,27,0],"gold":98,"neow_bonus":"THREE_ENEMY_KILL","is_prod":false,"is_daily":false,"chose_seed":false,"campfire_upgraded":4,"win_rate":0,"timestamp":1551018035,"path_taken":["M","?","M","?","M","R","E","$","T","R","E","R","$","E","R","BOSS"],"build_version":"2019-01-23","purchased_purges":1,"victory":false,"max_hp_per_floor":[75,75,75,75,75,75,75,75,75,75,75,75,75,75,75,75],"card_choices":[{"not_picked":["Wild Strike","Havoc"],"picked":"Body Slam","floor":1},{"not_picked":["Rage","Sword Boomerang","Clash"],"picked":"SKIP","floor":3},{"not_picked":["Shrug It Off","Heavy Blade"],"picked":"Carnage","floor":4},{"not_picked":["Headbutt","Whirlwind"],"picked":"Shrug It Off","floor":5},{"not_picked":["Juggernaut","Warcry","Sword Boomerang"],"picked":"SKIP","floor":7},{"not_picked":["Havoc","Feel No Pain","Whirlwind"],"picked":"SKIP","floor":11},{"not_picked":["Clash","Perfected Strike"],"picked":"Inflame","floor":14}],"player_experience":3111705,"relics_obtained":[{"floor":7,"key":"Orichalcum"},{"floor":9,"key":"PreservedInsect"},{"floor":11,"key":"Mummified Hand"},{"floor":14,"key":"Omamori"}],"event_choices":[{"cards_removed":["Strike_R"],"damage_healed":0,"gold_gain":0,"player_choice":"Purged","damage_taken":0,"max_hp_gain":0,"max_hp_loss":0,"event_name":"Purifier","floor":2,"gold_loss":0}],"is_beta":false,"boss_relics":[],"items_purged_floors":[8],"is_endless":false,"potions_floor_spawned":[3,7,11,14],"killed_by":"The Guardian","ascension_level":20}