{"gold_per_floor":[116,129,145,145,145,145,158,169,169,169,94,114,114,25,25,25],"floor_reached":16,"playtime":415,"items_purged":["Strike_G"],"score":184,"play_id":"5f6332cf-8efb-49af-b1d6-6f7bb9632c88","local_time":"20190104101730","is_ascension_mode":true,"campfire_choices":[{"data":"Neutralize","floor":6.0,"key":"SMITH"},{"data":"Tactician","floor":10,"key":"SMITH"},{"data":"Noxious Fumes","floor":15,"key":"SMITH"}],"neow_cost":"NONE","seed_source_timestamp":3803750706705,"circlet_count":0,"master_deck":["AscendersBane","Defend_G","Defend_G","Defend_G","Defend_G","Strike_G","Strike_G","Survivor","Neutralize+1","Riddle With Holes","Escape Plan","Tactician+1","Backflip","Acrobatics","Malaise","Noxious Fumes+1"],"special_seed":0,"relics":["Ring of the Snake","Bag of Preparation","Pantograph"],"potions_floor_usage":[8],"damage_taken":[{"damage":1.0,"enemies":"Cultist","floor":1.0,"turns":4.0},{"damage":0.0,"enemies":"2 Louse","floor":2.0,"turns":2.0},{"damage":6.0,"enemies":"Small Slimes","floor":3.0,"turns":5.0},{"damage":12.0,"enemies":"2 Fungi Beasts","floor":7.0,"turns":4.0},{"damage":10,"enemies":"Large Slime","floor":8,"turns":3},{"damage":5,"enemies":"Exordium Wildlife","floor":12,"turns":5},{"damage":0,"enemies":"Hexaghost","floor":16,"turns":7}],"seed_played":"4205919760425737378","potions_obtained":[{"floor":2.0,"key":"SteroidPotion"},{"floor":7.0,"key":"EssenceOfSteel"}],"is_trial":false,"path_per_floor":["M","M","M","?","?","R","M","M","T","R","$","M","?","$","R","B"],"character_chosen":"THE_SILENT","items_purchased":["Noxious Fumes"],"campfire_rested":0,"item_purchase_floors":[14],"current_hp_per_floor":[58,58,52,41,34,34,22,12,12,12,12,7,7,7,7,32],"gold":25,"neow_bonus":"TRANSFORM_CARD","is_prod":false,"is_daily":false,"chose_seed":false,"campfire_upgraded":3,"win_rate":0,"timestamp":1546568250,"path_taken":["M","M","M","?","?","R","M","M","T","R","$","M","?","$","R","BOSS"],"build_version":"2019-01-03","purchased_purges":1,"victory":false,"max_hp_per_floor":[66,66,66,66,66,66,66,66,66,66,66,66,66,66,66,66],"card_choices":[{"not_picked":["Dagger Throw","Poisoned Stab","Acrobatics"],"picked":"SKIP","floor":1.0},{"not_picked":["Crippling Poison","Prepared"],"picked":"Escape Plan","floor":2.0},{"not_picked":["Dagger Spray","Deflect"],"picked":"Tactician","floor":3.0},{"not_picked":["Poisoned Stab","Dagger Throw","Leg Sweep"],"picked":"SKIP","floor":7.0},{"not_picked":["Underhanded Strike","Blur"],"picked":"Backflip","floor":8},{"not_picked":["Backflip","Reflex"],"picked":"Acrobatics","floor":12}],"player_experience":1716513,"relics_obtained":[{"floor":9,"key":"Pantograph"}],"event_choices":[{"damage_healed":0.0,"max_hp_gain":0.0,"max_hp_loss":0.0,"gold_gain":0.0,"event_name":"Scrap Ooze","player_choice":"Success","floor":4.0,"gold_loss":0.0,"damage_taken":11.0,"relics_obtained":["Bag of Preparation"]},{"cards_removed":["Strike_G"],"damage_healed":0.0,"max_hp_gain":0.0,"max_hp_loss":0.0,"gold_gain":0.0,"event_name":"Golden Wing","player_choice":"Card Removal","floor":5.0,"gold_loss":0.0,"damage_taken":7.0},{"damage_healed":0,"gold_gain":0,"cards_transformed":["Defend_G"],"player_choice":"Change","damage_taken":0,"max_hp_gain":0,"max_hp_loss":0,"event_name":"Living Wall","floor":13,"gold_loss":0,"cards_obtained":["Malaise"]}],"is_beta":false,"boss_relics":[],"items_purged_floors":[11],"is_endless":false,"potions_floor_spawned":[2,7],"killed_by":"Hexaghost","ascension_level":20}