{"gold_per_floor":[109,122,137,150,34,34,65,65,91,115,87],"floor_reached":11,"playtime":367,"items_purged":["Strike_B"],"score":150,"play_id":"8ee91497-e06f-4871-a7f3-3712c9bb6219","local_time":"20190301160334","is_ascension_mode":true,"campfire_choices":[{"data":"Darkness","floor":6,"key":"SMITH"},{"data":"Zap","floor":8,"key":"SMITH"}],"neow_cost":"NONE","seed_source_timestamp":88332436162735,"circlet_count":0,"master_deck":["AscendersBane","Strike_B","Strike_B","Strike_B","Defend_B","Defend_B","Defend_B","Defend_B","Zap+1","Dualcast","BootSequence","Redo","Tempest","Leap","Darkness+1","Reboot","Go for the Eyes"],"relics":["Nuclear Battery","Lantern","MawBank"],"potions_floor_usage":[4],"damage_taken":[{"damage":19,"enemies":"Jaw Worm","floor":1,"turns":5},{"damage":0,"enemies":"2 Louse","floor":2,"turns":3},{"damage":1,"enemies":"Cultist","floor":3,"turns":4},{"damage":0,"enemies":"Lots of Slimes","floor":4,"turns":2},{"damage":41,"enemies":"3 Sentries","floor":7,"turns":7},{"damage":0,"enemies":"Large Slime","floor":10,"turns":4},{"damage":3,"enemies":"Looter","floor":11,"turns":2}],"seed_played":"2526997771235089837","potions_obtained":[{"floor":2,"key":"Explosive Potion"},{"floor":3,"key":"PowerPotion"},{"floor":10,"key":"Explosive Potion"}],"is_trial":false,"path_per_floor":["M","M","M","M","$","R","E","R","T","M","M"],"character_chosen":"DEFECT","items_purchased":["Darkness"],"campfire_rested":0,"item_purchase_floors":[5],"current_hp_per_floor":[45,45,44,44,44,44,3,3,3,3,0],"gold":87,"neow_bonus":"BOSS_RELIC","is_prod":false,"is_daily":false,"chose_seed":false,"campfire_upgraded":2,"win_rate":0,"timestamp":1551427414,"path_taken":["M","M","M","M","$","R","E","R","T","M","M"],"build_version":"2019-01-23","purchased_purges":1,"victory":false,"max_hp_per_floor":[71,71,71,71,71,71,71,71,71,71,71],"card_choices":[{"not_picked":["Streamline","Leap"],"picked":"BootSequence","floor":1},{"not_picked":["Steam Power","Beam Cell"],"picked":"Redo","floor":2},{"not_picked":["Rebound","Redo"],"picked":"Tempest","floor":3},{"not_picked":["Storm","Steam Power"],"picked":"Leap","floor":4},{"not_picked":["Sweeping Beam","Stack"],"picked":"Reboot","floor":7},{"not_picked":["BootSequence","Blizzard"],"picked":"Go for the Eyes","floor":10}],"player_experience":1052847,"relics_obtained":[{"floor":7,"key":"Lantern"},{"floor":9,"key":"MawBank"}],"event_choices":[],"is_beta":false,"boss_relics":[],"items_purged_floors":[5],"is_endless":false,"potions_floor_spawned":[2,3,10],"killed_by":"Looter","ascension_level":20}