{"gold_per_floor":[119,119,133,58,78,78,353,353,353,367,192,192,205,224,224,224],"floor_reached":16,"playtime":323,"items_purged":["Regret","Regret"],"score":184,"play_id":"9f06a5db-92e9-490f-b68b-e58dec43a11a","local_time":"20190117002144","is_ascension_mode":true,"campfire_choices":[{"data":"Sunder","floor":6.0,"key":"SMITH"},{"data":"Loop","floor":8.0,"key":"SMITH"},{"data":"Capacitor","floor":12.0,"key":"SMITH"},{"floor":15,"key":"REST"}],"neow_cost":"NONE","seed_source_timestamp":48236957306269,"circlet_count":0,"master_deck":["AscendersBane","Strike_B","Strike_B","Strike_B","Strike_B","Defend_B","Defend_B","Defend_B","Defend_B","Zap","Dualcast","Writhe","Doubt","Sunder+1","Loop+1","Ball Lightning","Capacitor+1","Meteor Strike"],"special_seed":0,"relics":["Calling Bell","Lantern","Kunai","Torii","Matryoshka","Dream Catcher","Cables"],"potions_floor_usage":[14],"damage_taken":[{"damage":11.0,"enemies":"2 Louse","floor":1.0,"turns":5.0},{"damage":2.0,"enemies":"Cultist","floor":3.0,"turns":3.0},{"damage":7.0,"enemies":"Small Slimes","floor":5.0,"turns":4.0},{"damage":14.0,"enemies":"3 Louse","floor":10.0,"turns":4.0},{"damage":26,"enemies":"Red Slaver","floor":13,"turns":4},{"damage":1,"enemies":"Blue Slaver","floor":14,"turns":2},{"damage":0,"enemies":"The Guardian","floor":16,"turns":1}],"seed_played":"362995074517520642","potions_obtained":[{"floor":1.0,"key":"SkillPotion"},{"floor":5.0,"key":"Ancient Potion"},{"floor":10.0,"key":"EssenceOfSteel"}],"is_trial":false,"path_per_floor":["M","?","M","$","M","R","?","R","T","M","$","R","M","M","R","B"],"character_chosen":"DEFECT","items_purchased":["Capacitor"],"campfire_rested":1,"item_purchase_floors":[11],"current_hp_per_floor":[53,53,51,51,44,44,44,44,44,30,30,30,4,3,24,24],"gold":224,"neow_bonus":"BOSS_RELIC","is_prod":false,"is_daily":false,"chose_seed":false,"campfire_upgraded":3,"win_rate":0,"timestamp":1547655704,"path_taken":["M","?","M","?","?","R","?","R","T","M","$","R","M","M","R","BOSS"],"build_version":"2019-01-10","purchased_purges":2,"victory":false,"max_hp_per_floor":[71,71,71,71,71,71,71,71,71,71,71,71,71,71,71,71],"card_choices":[{"not_picked":["Leap","Rip and Tear"],"picked":"Sunder","floor":1.0},{"not_picked":["Leap","Compile Driver"],"picked":"Loop","floor":3.0},{"not_picked":["Turbo","Steam Power"],"picked":"Ball Lightning","floor":5.0},{"not_picked":["Storm","Barrage","Doom and Gloom"],"picked":"SKIP","floor":10.0},{"not_picked":["Beam Cell","Chill","Static Discharge"],"picked":"SKIP","floor":13},{"not_picked":["Barrage","Sunder"],"picked":"Meteor Strike","floor":14}],"player_experience":1967451,"relics_obtained":[{"floor":0.0,"key":"Lantern"},{"floor":0.0,"key":"Kunai"},{"floor":0.0,"key":"Torii"},{"floor":9.0,"key":"Dream Catcher"},{"floor":9.0,"key":"Cables"}],"event_choices":[{"damage_healed":0.0,"max_hp_gain":0.0,"max_hp_loss":0.0,"gold_gain":0.0,"event_name":"WeMeetAgain","player_choice":"Gave Potion","floor":2.0,"gold_loss":0.0,"damage_taken":0.0,"relics_obtained":["Matryoshka"]},{"damage_healed":0.0,"max_hp_gain":0.0,"max_hp_loss":0.0,"gold_gain":275.0,"event_name":"Golden Shrine","player_choice":"Desecrate","floor":7.0,"gold_loss":0.0,"damage_taken":0.0,"cards_obtained":["Regret"]}],"is_beta":false,"boss_relics":[],"items_purged_floors":[4,11],"is_endless":false,"potions_floor_spawned":[1,5,10],"killed_by":"The Guardian","ascension_level":20}