{"gold_per_floor":[114,132,207,55,5,5,30,46,46,65,94,110,12,26,26,26],"floor_reached":16,"playtime":363,"items_purged":["Strike_G"],"score":274,"play_id":"67528211-e06a-4fb1-a7d5-126516c1abc9","local_time":"20181121231724","is_ascension_mode":true,"campfire_choices":[{"data":"Tactician","floor":6,"key":"SMITH"},{"data":"Neutralize","floor":15,"key":"SMITH"}],"neow_cost":"NONE","seed_source_timestamp":17225687186172,"circlet_count":0,"master_deck":["AscendersBane","Defend_G","Defend_G","Defend_G","Defend_G","Defend_G","Strike_G","Strike_G","Strike_G","Strike_G","Survivor","Neutralize+1","Escape Plan","Tactician+1","Masterful Stab","Dash","Footwork","Acrobatics","Heel Hook"],"relics":["Ring of the Snake","NeowsBlessing","Mummified Hand","Blood Vial","Potion Belt","Juzu Bracelet"],"potions_floor_usage":[11,11,11,16],"damage_taken":[{"damage":0,"enemies":"Cultist","floor":1,"turns":1},{"damage":0,"enemies":"Small Slimes","floor":2,"turns":1},{"damage":0,"enemies":"3 Sentries","floor":7,"turns":2},{"damage":0,"enemies":"2 Louse","floor":8,"turns":2},{"damage":17,"enemies":"Exordium Thugs","floor":10,"turns":7},{"damage":29,"enemies":"Lagavulin","floor":11,"turns":8},{"damage":0,"enemies":"Red Slaver","floor":12,"turns":3},{"damage":9,"enemies":"Exordium Wildlife","floor":14,"turns":7},{"damage":9,"enemies":"Slime Boss","floor":16,"turns":3}],"seed_played":"1867078633381235563","potions_obtained":[{"floor":2,"key":"Fire Potion"},{"floor":7,"key":"Poison Potion"},{"floor":10,"key":"GamblersBrew"},{"floor":12,"key":"Block Potion"}],"is_trial":false,"path_per_floor":["M","M","?","$","?","R","E","M","T","M","E","M","$","M","R","B"],"character_chosen":"THE_SILENT","items_purchased":["Tactician","Footwork","Acrobatics"],"campfire_rested":0,"item_purchase_floors":[4,13,13],"current_hp_per_floor":[59,59,48,48,48,48,48,50,50,35,8,10,10,3,3,0],"gold":26,"neow_bonus":"THREE_ENEMY_KILL","is_prod":false,"is_daily":false,"chose_seed":false,"campfire_upgraded":2,"win_rate":0,"timestamp":1542813444,"path_taken":["M","?","?","$","?","R","E","M","T","?","E","M","?","M","R","BOSS"],"build_version":"2018-11-15","purchased_purges":1,"victory":false,"max_hp_per_floor":[66,66,66,66,66,66,66,66,66,66,66,66,66,66,66,66],"card_choices":[{"not_picked":["PiercingWail","Accuracy","Eviscerate"],"picked":"SKIP","floor":1},{"not_picked":["Eviscerate","Sucker Punch"],"picked":"Escape Plan","floor":2},{"not_picked":["Dagger Throw","Backflip"],"picked":"Masterful Stab","floor":7},{"not_picked":["Doppelganger","Dash","Slice"],"picked":"SKIP","floor":8},{"not_picked":["Doppelganger","Slice"],"picked":"Dash","floor":8},{"not_picked":["Slice","Poisoned Stab","Dodge and Roll"],"picked":"SKIP","floor":10},{"not_picked":["Backstab","Concentrate","Cloak And Dagger"],"picked":"SKIP","floor":11},{"not_picked":["Sucker Punch","Dagger Throw","Escape Plan"],"picked":"SKIP","floor":12},{"not_picked":["Sucker Punch","Dagger Throw","Escape Plan"],"picked":"SKIP","floor":12},{"not_picked":["Distraction","Caltrops"],"picked":"Heel Hook","floor":14}],"player_experience":1135665,"relics_obtained":[{"floor":7,"key":"Blood Vial"},{"floor":9,"key":"Potion Belt"},{"floor":11,"key":"Juzu Bracelet"}],"event_choices":[{"damage_healed":0,"gold_gain":75,"player_choice":"Gather Gold","damage_taken":11,"max_hp_gain":0,"max_hp_loss":0,"event_name":"World of Goop","floor":3,"gold_loss":0},{"damage_healed":0,"gold_gain":0,"player_choice":"Paid Gold","damage_taken":0,"relics_obtained":["Mummified Hand"],"max_hp_gain":0,"max_hp_loss":0,"event_name":"WeMeetAgain","floor":5,"gold_loss":50}],"is_beta":true,"boss_relics":[],"items_purged_floors":[4],"is_endless":false,"potions_floor_spawned":[2,7,10,12],"killed_by":"Slime Boss","ascension_level":20}