{"gold_per_floor":[366,382,401,92,92,92,42,61,61,72,83,83,97,115,115,115],"floor_reached":16,"playtime":450,"items_purged":["Strike_G","Strike_G"],"score":192,"play_id":"e7941795-627c-4632-be26-0284b3e740df","local_time":"20181205223305","is_ascension_mode":true,"campfire_choices":[{"data":"Deadly Poison","floor":6.0,"key":"SMITH"},{"data":"Catalyst","floor":12.0,"key":"SMITH"},{"data":"Neutralize","floor":15.0,"key":"SMITH"}],"neow_cost":"PERCENT_DAMAGE","seed_source_timestamp":802940865233,"circlet_count":0,"master_deck":["AscendersBane","Defend_G","Defend_G","Defend_G","Defend_G","Defend_G","Strike_G+1","Strike_G+1","Strike_G","Survivor","Neutralize+1","Deadly Poison+1","Catalyst+1","Well Laid Plans","Acrobatics"],"special_seed":0,"relics":["Ring of the Snake","Membership Card","Sundial"],"potions_floor_usage":[16],"damage_taken":[{"damage":5.0,"enemies":"Small Slimes","floor":1.0,"turns":5.0},{"damage":4.0,"enemies":"2 Louse","floor":2.0,"turns":3.0},{"damage":8.0,"enemies":"Cultist","floor":3.0,"turns":5.0},{"damage":0.0,"enemies":"Looter","floor":8.0,"turns":3.0},{"damage":0.0,"enemies":"2 Fungi Beasts","floor":10.0,"turns":4.0},{"damage":2.0,"enemies":"Large Slime","floor":11.0,"turns":6.0},{"damage":1.0,"enemies":"Red Slaver","floor":13.0,"turns":3.0},{"damage":0.0,"enemies":"Blue Slaver","floor":14.0,"turns":4.0},{"damage":15,"enemies":"Hexaghost","floor":16,"turns":9}],"seed_played":"6422044741545519501","potions_obtained":[{"floor":1.0,"key":"Weak Potion"},{"floor":2.0,"key":"Regen Potion"}],"is_trial":false,"path_per_floor":["M","M","M","$","?","R","$","M","T","M","M","R","M","M","R","B"],"character_chosen":"THE_SILENT","items_purchased":["Membership Card","Well Laid Plans"],"campfire_rested":0,"item_purchase_floors":[4,4],"current_hp_per_floor":[39,35,27,27,7,7,7,7,7,7,5,5,4,4,4,0],"gold":115,"neow_bonus":"TWO_FIFTY_GOLD","is_prod":false,"is_daily":false,"chose_seed":false,"campfire_upgraded":3,"win_rate":0,"timestamp":1544020385,"path_taken":["M","M","M","$","?","R","$","M","T","M","M","R","M","M","R","BOSS"],"build_version":"2018-12-05","purchased_purges":2,"victory":false,"max_hp_per_floor":[66,66,66,66,66,66,66,66,66,66,66,66,66,66,66,66],"card_choices":[{"not_picked":["Accuracy","Flying Knee"],"picked":"Deadly Poison","floor":1.0},{"not_picked":["Bane","Cloak And Dagger"],"picked":"Catalyst","floor":2.0},{"not_picked":["Dodge and Roll","Flying Knee","Quick Slash"],"picked":"SKIP","floor":3.0},{"not_picked":["Blade Dance","Dodge and Roll","Tools of the Trade"],"picked":"SKIP","floor":8.0},{"not_picked":["Endless Agony","Dagger Throw","Concentrate"],"picked":"SKIP","floor":10.0},{"not_picked":["Catalyst","Deadly Poison","Dodge and Roll"],"picked":"SKIP","floor":11.0},{"not_picked":["Catalyst","Deadly Poison","Dodge and Roll"],"picked":"SKIP","floor":11.0},{"not_picked":["Terror","Leg Sweep"],"picked":"Acrobatics","floor":13.0},{"not_picked":["Infinite Blades","All Out Attack","Deflect"],"picked":"SKIP","floor":14.0}],"player_experience":1195439,"relics_obtained":[{"floor":9.0,"key":"Sundial"}],"event_choices":[{"damage_healed":0.0,"max_hp_gain":0.0,"max_hp_loss":0.0,"gold_gain":0.0,"event_name":"Shining Light","player_choice":"Entered Light","floor":5.0,"gold_loss":0.0,"damage_taken":20.0,"cards_upgraded":["Strike_G","Strike_G"]}],"is_beta":true,"boss_relics":[],"items_purged_floors":[4,7],"is_endless":false,"potions_floor_spawned":[1,2,14],"killed_by":"Hexaghost","ascension_level":20}