{"gold_per_floor":[212,227,242,13,13,13,13,13,13,33,33,33,33],"floor_reached":13,"playtime":186,"items_purged":[],"score":146,"play_id":"c80c1a5d-914d-49ba-8431-9704e0cd80e1","local_time":"20190301221216","is_ascension_mode":true,"campfire_choices":[{"data":"Zap","floor":7.0,"key":"SMITH"},{"data":"Barrage","floor":11,"key":"SMITH"}],"neow_cost":"NONE","seed_source_timestamp":110599449069997,"circlet_count":0,"master_deck":["AscendersBane","Strike_B","Strike_B","Strike_B","Strike_B","Defend_B","Defend_B","Defend_B","Defend_B+1","Zap+1","Dualcast","Undo+1","Self Repair","Steam","Barrage+1"],"special_seed":0,"relics":["Cracked Core","Runic Capacitor","Dead Branch","Symbiotic Virus"],"potions_floor_usage":[13],"damage_taken":[{"damage":9.0,"enemies":"Jaw Worm","floor":1.0,"turns":4.0},{"damage":7.0,"enemies":"2 Louse","floor":2.0,"turns":2.0},{"damage":0.0,"enemies":"Small Slimes","floor":3.0,"turns":5.0},{"damage":6,"enemies":"Looter","floor":10,"turns":4},{"damage":38,"enemies":"Gremlin Nob","floor":13,"turns":3}],"seed_played":"-7562475252262247347","potions_obtained":[{"floor":3.0,"key":"Energy Potion"},{"floor":10,"key":"Regen Potion"}],"is_trial":false,"path_per_floor":["M","M","M","$","?","?","R","?","T","M","R","T","E"],"character_chosen":"DEFECT","items_purchased":["Runic Capacitor"],"campfire_rested":0,"item_purchase_floors":[4],"current_hp_per_floor":[55,48,55,55,34,23,23,23,23,24,24,24,0],"gold":33,"neow_bonus":"HUNDRED_GOLD","is_prod":false,"is_daily":false,"chose_seed":false,"campfire_upgraded":2,"win_rate":0,"timestamp":1551449536,"path_taken":["M","M","M","$","?","?","R","?","T","M","R","?","E"],"build_version":"2019-01-23","purchased_purges":0,"victory":false,"max_hp_per_floor":[71,71,71,71,71,71,71,71,71,71,71,71,71],"card_choices":[{"not_picked":["Compile Driver","Go for the Eyes"],"picked":"Undo","floor":1.0},{"not_picked":["Steam","Barrage"],"picked":"Self Repair","floor":2.0},{"not_picked":["Sweeping Beam","Redo"],"picked":"Steam","floor":3.0},{"not_picked":["Steam","Redo"],"picked":"Barrage","floor":10}],"player_experience":1060807,"relics_obtained":[{"floor":12,"key":"Symbiotic Virus"}],"event_choices":[{"damage_healed":0.0,"max_hp_gain":0.0,"max_hp_loss":0.0,"gold_gain":0.0,"event_name":"Shining Light","player_choice":"Entered Light","floor":5.0,"gold_loss":0.0,"damage_taken":21.0,"cards_upgraded":["Defend_B","Undo"]},{"damage_healed":0.0,"max_hp_gain":0.0,"max_hp_loss":0.0,"gold_gain":0.0,"event_name":"Scrap Ooze","player_choice":"Success","floor":6.0,"gold_loss":0.0,"damage_taken":11.0,"relics_obtained":["Dead Branch"]},{"damage_healed":0.0,"max_hp_gain":0.0,"max_hp_loss":0.0,"gold_gain":0.0,"event_name":"Liars Game","player_choice":"Ignored","floor":8.0,"gold_loss":0.0,"damage_taken":0.0}],"is_beta":false,"boss_relics":[],"items_purged_floors":[],"is_endless":false,"potions_floor_spawned":[3,10],"killed_by":"Gremlin Nob","ascension_level":20}