{"gold_per_floor":[109,124,124,142,73,106,106,117,117,117,117,117,32,60,60,155,155,169,186,111,123,123,141,141,151,151,151,351,351,378,397,397,497,497,513,513,533,550,550,550,564,564,617,373,383,402,16,36,36,36],"floor_reached":51,"playtime":1718,"items_purged":["Strike_G","Strike_G","Strike_G"],"score":754,"play_id":"7916e1cc-27da-45f1-b0ed-61e42500c9c7","local_time":"20190717153701","is_ascension_mode":false,"campfire_choices":[{"data":"Catalyst","floor":7.0,"key":"SMITH"},{"data":"Bouncing Flask","floor":10.0,"key":"SMITH"},{"data":"Neutralize","floor":12.0,"key":"SMITH"},{"data":"Skewer","floor":15.0,"key":"SMITH"},{"data":"Terror","floor":24.0,"key":"SMITH"},{"data":"Deadly Poison","floor":27.0,"key":"SMITH"},{"data":"Malaise","floor":29.0,"key":"SMITH"},{"floor":32.0,"key":"REST"},{"data":"Night Terror","floor":40.0,"key":"SMITH"},{"data":"Survivor","floor":42,"key":"SMITH"},{"floor":49,"key":"REST"}],"neow_cost":"NONE","seed_source_timestamp":22911606408740,"circlet_count":0,"master_deck":["Strike_G","Strike_G","Defend_G","Defend_G","Defend_G","Defend_G","Defend_G","Survivor+1","Neutralize+1","Terror+1","Skewer+1","Catalyst+1","Bouncing Flask+1","Purity","Malaise+1","Deadly Poison+1","Night Terror+1","PiercingWail+1","Catalyst+1","Well Laid Plans"],"special_seed":0,"relics":["Ring of the Serpent","Orichalcum","Ancient Tea Set","Letter Opener","Pear","Shuriken","Mummified Hand","Question Card","Busted Crown","Oddly Smooth Stone","Snake Skull","Lantern"],"potions_floor_usage":[41,45,46,50],"damage_taken":[{"damage":14.0,"enemies":"Jaw Worm","floor":1.0,"turns":6.0},{"damage":0.0,"enemies":"2 Louse","floor":2.0,"turns":2.0},{"damage":0.0,"enemies":"Cultist","floor":4.0,"turns":3.0},{"damage":4.0,"enemies":"Gremlin Nob","floor":6.0,"turns":4.0},{"damage":0.0,"enemies":"2 Fungi Beasts","floor":8.0,"turns":3.0},{"damage":12.0,"enemies":"3 Sentries","floor":14.0,"turns":11.0},{"damage":30.0,"enemies":"Slime Boss","floor":16.0,"turns":9.0},{"damage":2.0,"enemies":"Chosen","floor":18.0,"turns":4.0},{"damage":4.0,"enemies":"3 Byrds","floor":19.0,"turns":5.0},{"damage":2.0,"enemies":"Centurion and Healer","floor":21.0,"turns":5.0},{"damage":13.0,"enemies":"3 Cultists","floor":23.0,"turns":5.0},{"damage":0.0,"enemies":"Sentry and Sphere","floor":25.0,"turns":3.0},{"damage":30.0,"enemies":"Gremlin Leader","floor":30.0,"turns":6.0},{"damage":0.0,"enemies":"Snake Plant","floor":31.0,"turns":4.0},{"damage":58.0,"enemies":"Collector","floor":33.0,"turns":6.0},{"damage":0.0,"enemies":"Orb Walker","floor":35.0,"turns":4.0},{"damage":7.0,"enemies":"3 Darklings","floor":37.0,"turns":6.0},{"damage":0.0,"enemies":"Sphere and 2 Shapes","floor":38.0,"turns":6.0},{"damage":0,"enemies":"Transient","floor":41,"turns":5},{"damage":4,"enemies":"Spire Growth","floor":45,"turns":2},{"damage":21,"enemies":"4 Shapes","floor":46,"turns":6},{"damage":0,"enemies":"Sphere and 2 Shapes","floor":48,"turns":5},{"damage":0,"enemies":"Time Eater","floor":50,"turns":2}],"seed_played":"5278931955176859478","potions_obtained":[{"floor":1.0,"key":"FairyPotion"},{"floor":4.0,"key":"Ancient Potion"},{"floor":16.0,"key":"Block Potion"},{"floor":18.0,"key":"FearPotion"},{"floor":23.0,"key":"GamblersBrew"},{"floor":30.0,"key":"Ancient Potion"},{"floor":33.0,"key":"FearPotion"},{"floor":38.0,"key":"Poison Potion"},{"floor":41,"key":"Block Potion"},{"floor":46,"key":"Block Potion"}],"is_trial":false,"path_per_floor":["M","M","?","M","$","E","R","M","T","R","?","R","$","E","R","B",null,"M","M","$","M","?","M","R","M","T","R","?","R","E","M","R","B",null,"M","?","M","M","?","R","M","R","T","$","M","M","$","M","R","B",null],"character_chosen":"THE_SILENT","items_purchased":["Bouncing Flask","Purity","Snake Skull","Poison Potion","Lantern","Well Laid Plans"],"campfire_rested":2,"item_purchase_floors":[5,13,44,47,47,47],"current_hp_per_floor":[56,56,61,61,61,57,57,57,57,57,57,57,57,55,55,25,85,83,79,79,77,77,64,64,64,64,64,64,64,34,34,59,1,85,85,81,74,74,74,74,74,74,74,74,70,49,49,49,73,73],"gold":36,"neow_bonus":"RANDOM_COMMON_RELIC","is_prod":false,"is_daily":false,"chose_seed":false,"campfire_upgraded":9,"win_rate":0,"timestamp":1563349021,"path_taken":["M","M","?","M","$","E","R","M","T","R","?","R","$","E","R","BOSS","M","M","$","M","?","?","R","M","T","R","?","R","E","M","R","BOSS","M","?","M","M","?","R","?","R","T","?","M","M","$","M","R","BOSS"],"build_version":"2019-07-05","purchased_purges":3,"victory":true,"max_hp_per_floor":[70,70,75,75,75,75,75,75,75,75,75,75,75,85,85,85,85,85,85,85,85,85,85,85,85,85,85,85,85,85,85,85,85,85,85,81,81,81,81,81,81,81,81,81,81,81,81,81,81,81],"card_choices":[{"not_picked":["Setup","Prepared"],"picked":"Terror","floor":1.0},{"not_picked":["Deflect","Sucker Punch"],"picked":"Skewer","floor":2.0},{"not_picked":["PiercingWail","Dagger Throw"],"picked":"Catalyst","floor":4.0},{"not_picked":["Eviscerate","PiercingWail","Tactician"],"picked":"SKIP","floor":6.0},{"not_picked":["Concentrate","Cloak And Dagger","Prepared"],"picked":"SKIP","floor":8.0},{"not_picked":["Expertise","PiercingWail","Blade Dance"],"picked":"SKIP","floor":14.0},{"not_picked":["Unload","Bullet Time"],"picked":"Malaise","floor":16.0},{"not_picked":["Expertise+1","Blade Dance","Concentrate"],"picked":"SKIP","floor":18.0},{"not_picked":["Accuracy","Escape Plan","Concentrate"],"picked":"SKIP","floor":19.0},{"not_picked":["Endless Agony+1","Dagger Throw+1","Prepared+1"],"picked":"SKIP","floor":21.0},{"not_picked":["Backstab+1","Deflect","Quick Slash"],"picked":"SKIP","floor":23.0},{"not_picked":["Dodge and Roll","Deadly Poison","Blade Dance"],"picked":"SKIP","floor":25.0},{"not_picked":["Dodge and Roll","Blade Dance"],"picked":"Deadly Poison","floor":25.0},{"not_picked":["Sucker Punch+1","Phantasmal Killer","PiercingWail"],"picked":"SKIP","floor":30.0},{"not_picked":["Deflect","Backflip","Predator","Sucker Punch+1"],"picked":"SKIP","floor":31.0},{"not_picked":["Tools of the Trade","Venomology","Envenom"],"picked":"Night Terror","floor":33.0},{"not_picked":["Sucker Punch+1"],"picked":"PiercingWail+1","floor":35.0},{"not_picked":["Backstab+1","Deadly Poison+1"],"picked":"SKIP","floor":37.0},{"not_picked":["Blade Dance","Deflect"],"picked":"SKIP","floor":38.0},{"not_picked":["Blur"],"picked":"Catalyst+1","floor":41},{"not_picked":["Tactician+1","Deflect+1"],"picked":"SKIP","floor":45},{"not_picked":["Blur","PiercingWail"],"picked":"SKIP","floor":46},{"not_picked":["Deflect+1","Cloak And Dagger"],"picked":"SKIP","floor":48}],"player_experience":5756403,"relics_obtained":[{"floor":6.0,"key":"Ancient Tea Set"},{"floor":9.0,"key":"Letter Opener"},{"floor":14.0,"key":"Pear"},{"floor":26.0,"key":"Mummified Hand"},{"floor":30.0,"key":"Question Card"},{"floor":43,"key":"Oddly Smooth Stone"}],"event_choices":[{"damage_healed":0.0,"max_hp_gain":5.0,"max_hp_loss":0.0,"gold_gain":0.0,"event_name":"Big Fish","player_choice":"Donut","floor":3.0,"gold_loss":0.0,"damage_taken":0.0},{"damage_healed":0.0,"max_hp_gain":0.0,"max_hp_loss":0.0,"gold_gain":0.0,"event_name":"Liars Game","player_choice":"Ignored","floor":11.0,"gold_loss":0.0,"damage_taken":0.0},{"damage_healed":0.0,"max_hp_gain":0.0,"max_hp_loss":0.0,"gold_gain":0.0,"event_name":"WeMeetAgain","player_choice":"Gave Potion","floor":22.0,"gold_loss":0.0,"damage_taken":0.0,"relics_obtained":["Shuriken"]},{"damage_healed":0.0,"max_hp_gain":0.0,"max_hp_loss":0.0,"gold_gain":250.0,"event_name":"The Joust","player_choice":"Bet on Owner","floor":28.0,"gold_loss":50.0,"damage_taken":0.0},{"damage_healed":0.0,"max_hp_gain":0.0,"max_hp_loss":4.0,"gold_gain":0.0,"event_name":"Winding Halls","player_choice":"Max HP","floor":36.0,"gold_loss":0.0,"damage_taken":0.0},{"damage_healed":0.0,"max_hp_gain":0.0,"max_hp_loss":0.0,"gold_gain":0.0,"event_name":"FaceTrader","player_choice":"Leave","floor":39.0,"gold_loss":0.0,"damage_taken":0.0}],"is_beta":false,"boss_relics":[{"not_picked":["Calling Bell","Lizard Tail"],"picked":"Ring of the Serpent"},{"not_picked":["Empty Cage","Fusion Hammer"],"picked":"Busted Crown"}],"items_purged_floors":[20,44,47],"is_endless":false,"potions_floor_spawned":[1,4,16,18,23,30,33,38,41,46],"ascension_level":0}