{"gold_per_floor":[116,116,45,60,80,80,114,114,139,139,172,60,60,73,73,152,152,122,122,133,133,183,183,196,196,219,219],"floor_reached":27,"playtime":698,"items_purged":["Strike_B"],"score":488,"play_id":"7d5724a5-d39c-42c6-ae8e-0885f07dc765","local_time":"20190224202227","is_ascension_mode":true,"campfire_choices":[{"data":"Consume","floor":6.0,"key":"SMITH"},{"data":"Zap","floor":8,"key":"SMITH"},{"floor":10,"key":"REST"},{"data":"Recycle","floor":13,"key":"SMITH"},{"data":"Hologram","floor":15,"key":"SMITH"},{"data":"Turbo","floor":23,"key":"SMITH"},{"floor":25,"key":"REST"}],"neow_cost":"NONE","seed_source_timestamp":606076174627796,"circlet_count":0,"master_deck":["AscendersBane","Strike_B","Defend_B","Defend_B+1","Defend_B","Defend_B","Zap+1","Dualcast","Capacitor+1","Undo","Consume+1","Turbo+1","Steam","Cold Snap","Recycle+1","Hologram+1","Echo Form","Gash","Ghostly","Ghostly","Ghostly","Defragment"],"special_seed":0,"relics":["Cracked Core","NeowsBlessing","Oddly Smooth Stone","Mercury Hourglass","Dream Catcher","Pear","Empty Cage","DataDisk"],"potions_floor_usage":[7,7,11],"damage_taken":[{"damage":0.0,"enemies":"Small Slimes","floor":1.0,"turns":1.0},{"damage":0.0,"enemies":"Cultist","floor":4.0,"turns":1.0},{"damage":0.0,"enemies":"2 Louse","floor":5.0,"turns":1.0},{"damage":39,"enemies":"Gremlin Nob","floor":7,"turns":4},{"damage":0,"enemies":"Lagavulin","floor":11,"turns":6},{"damage":13,"enemies":"Blue Slaver","floor":14,"turns":4},{"damage":25,"enemies":"The Guardian","floor":16,"turns":12},{"damage":31,"enemies":"2 Thieves","floor":18,"turns":5},{"damage":24,"enemies":"Chosen","floor":20,"turns":7},{"damage":4,"enemies":"Snecko","floor":24,"turns":6},{"damage":16,"enemies":"Shelled Parasite and Fungi","floor":27,"turns":3}],"seed_played":"8863668190901143233","potions_obtained":[{"floor":4.0,"key":"PowerPotion"},{"floor":5.0,"key":"Regen Potion"},{"floor":7,"key":"SkillPotion"}],"is_trial":false,"path_per_floor":["M","?","?","M","M","R","E","R","T","R","E","$","R","M","R","B",null,"M","?","M","?","?","R","M","R","T","M"],"character_chosen":"DEFECT","items_purchased":["Recycle"],"campfire_rested":2,"item_purchase_floors":[12],"current_hp_per_floor":[64,43,43,43,43,43,9,9,9,30,40,40,40,27,27,2,61,30,30,6,6,6,6,2,14,14,0],"gold":219,"neow_bonus":"THREE_ENEMY_KILL","is_prod":false,"is_daily":false,"chose_seed":false,"campfire_upgraded":5,"win_rate":0,"timestamp":1551010947,"path_taken":["M","?","?","M","?","R","E","R","T","R","E","$","R","M","R","BOSS","M","?","M","?","?","R","M","R","T","M"],"build_version":"2019-01-23","purchased_purges":1,"victory":false,"max_hp_per_floor":[71,71,71,71,71,71,71,71,71,71,81,81,81,81,81,81,81,81,81,81,40,40,40,40,40,40,40],"card_choices":[{"not_picked":["Compile Driver","Rip and Tear"],"picked":"Capacitor","floor":1.0},{"not_picked":["Stack","Aggregate"],"picked":"Undo","floor":4.0},{"not_picked":["Turbo","Defragment"],"picked":"Consume","floor":5.0},{"not_picked":["Conserve Battery","Coolheaded"],"picked":"Turbo","floor":7},{"not_picked":["Steam Power","Go for the Eyes"],"picked":"Steam","floor":10},{"not_picked":["Streamline","Go for the Eyes"],"picked":"Cold Snap","floor":11},{"not_picked":["Auto Shields","Genetic Algorithm"],"picked":"Hologram","floor":14},{"not_picked":["Rainbow","Thunder Strike"],"picked":"Echo Form","floor":16},{"not_picked":["Streamline","Sweeping Beam","Gash"],"picked":"SKIP","floor":18},{"not_picked":["Streamline","Sweeping Beam"],"picked":"Gash","floor":18},{"not_picked":["Sunder","Rebound+1","Force Field"],"picked":"SKIP","floor":20},{"not_picked":["Barrage","Cold Snap","White Noise"],"picked":"SKIP","floor":24},{"not_picked":["Barrage","Auto Shields"],"picked":"Defragment","floor":25}],"player_experience":977024,"relics_obtained":[{"floor":7,"key":"Mercury Hourglass"},{"floor":9,"key":"Dream Catcher"},{"floor":11,"key":"Pear"},{"floor":26,"key":"DataDisk"}],"event_choices":[{"damage_healed":0.0,"max_hp_gain":0.0,"max_hp_loss":0.0,"gold_gain":0.0,"event_name":"Shining Light","player_choice":"Entered Light","floor":2.0,"gold_loss":0.0,"damage_taken":21.0,"cards_upgraded":["Capacitor","Defend_B"]},{"damage_healed":0.0,"max_hp_gain":0.0,"max_hp_loss":0.0,"gold_gain":0.0,"event_name":"WeMeetAgain","player_choice":"Paid Gold","floor":3.0,"gold_loss":71.0,"damage_taken":0.0,"relics_obtained":["Oddly Smooth Stone"]},{"damage_healed":0,"gold_gain":0,"player_choice":"Ignored","damage_taken":0,"max_hp_gain":0,"max_hp_loss":0,"event_name":"The Mausoleum","floor":19,"gold_loss":0},{"damage_healed":0,"gold_gain":0,"player_choice":"Became a Ghost","damage_taken":0,"max_hp_gain":0,"max_hp_loss":41,"event_name":"Ghosts","floor":21,"gold_loss":0,"cards_obtained":["Ghostly","Ghostly","Ghostly"]},{"damage_healed":0,"gold_gain":50,"player_choice":"Stole From Cult","damage_taken":0,"max_hp_gain":0,"max_hp_loss":0,"event_name":"Nest","floor":22,"gold_loss":0}],"is_beta":false,"boss_relics":[{"not_picked":["Lizard Tail","Philosopher\u0027s Stone"],"picked":"Empty Cage"}],"items_purged_floors":[12],"is_endless":false,"potions_floor_spawned":[4,5,7],"killed_by":"Shelled Parasite and Fungi","ascension_level":20}