{"gold_per_floor":[367,385,52,52,69,69,103,103,103,113,126,126,158,158,158,236,236,253,253,53,53,51,51,83,100,123,123,149,599,611,643,643,716,716,730,316,316,166,166,166,201,221,221,237,272,272,301,316,316,316,316,316,316,35,62,62],"floor_reached":57,"playtime":2832,"items_purged":["Strike_G","Strike_G","Defend_G","Defend_G","Neutralize+1"],"score":3072,"play_id":"fe10e34b-ba17-4973-946b-eecd7f5f5a95","local_time":"20190716181019","is_ascension_mode":true,"campfire_choices":[{"data":"Noxious Fumes","floor":6.0,"key":"SMITH"},{"data":"Malaise","floor":15.0,"key":"SMITH"},{"data":"Deadly Poison","floor":23.0,"key":"SMITH"},{"data":"Acrobatics","floor":27.0,"key":"SMITH"},{"data":"Neutralize","floor":32.0,"key":"SMITH"},{"floor":40.0,"key":"RECALL"},{"floor":49.0,"key":"REST"},{"floor":53,"key":"REST"}],"neow_cost":"TEN_PERCENT_HP_LOSS","seed_source_timestamp":806235775733236,"circlet_count":0,"master_deck":["AscendersBane","Defend_G","Defend_G","Survivor","Acrobatics+1","Deadly Poison+1","Noxious Fumes+1","Malaise+1","Backflip","Concentrate+1","After Image","Crippling Poison+1","Doppelganger+1","Deep Breath+1","Catalyst+1","Catalyst+1","Malaise+1","Impatience+1","Panacea+1","Catalyst+1","Finesse+1"],"special_seed":0,"relics":["Ring of the Snake","Orichalcum","Happy Flower","Toxic Egg 2","Pantograph","Bird Faced Urn","Astrolabe","Paper Crane","Oddly Smooth Stone","Blue Candle","Red Mask","Fusion Hammer","Chemical X","Bottled Lightning","Juzu Bracelet","Anchor","Bronze Scales"],"potions_floor_usage":[56,56],"damage_taken":[{"damage":7.0,"enemies":"Small Slimes","floor":1.0,"turns":6.0},{"damage":1.0,"enemies":"Cultist","floor":2.0,"turns":4.0},{"damage":0.0,"enemies":"2 Louse","floor":5.0,"turns":4.0},{"damage":42.0,"enemies":"Gremlin Nob","floor":7.0,"turns":5.0},{"damage":0.0,"enemies":"Blue Slaver","floor":10.0,"turns":7.0},{"damage":6.0,"enemies":"Large Slime","floor":11.0,"turns":8.0},{"damage":0.0,"enemies":"Lagavulin","floor":13.0,"turns":8.0},{"damage":20.0,"enemies":"The Guardian","floor":16.0,"turns":11.0},{"damage":0.0,"enemies":"Spheric Guardian","floor":18.0,"turns":3.0},{"damage":0.0,"enemies":"2 Thieves","floor":22.0,"turns":4.0},{"damage":8.0,"enemies":"Book of Stabbing","floor":24.0,"turns":6.0},{"damage":0.0,"enemies":"Snake Plant","floor":25.0,"turns":3.0},{"damage":24.0,"enemies":"Slavers","floor":28.0,"turns":7.0},{"damage":0.0,"enemies":"Cultist and Chosen","floor":30.0,"turns":5.0},{"damage":2.0,"enemies":"Masked Bandits","floor":31.0,"turns":5.0},{"damage":1.0,"enemies":"Champ","floor":33.0,"turns":9.0},{"damage":24.0,"enemies":"3 Darklings","floor":35.0,"turns":3.0},{"damage":4.0,"enemies":"Reptomancer","floor":41.0,"turns":4.0},{"damage":0.0,"enemies":"Orb Walker","floor":42.0,"turns":2.0},{"damage":0.0,"enemies":"Jaw Worm Horde","floor":44.0,"turns":3.0},{"damage":0.0,"enemies":"Giant Head","floor":45.0,"turns":3.0},{"damage":8.0,"enemies":"Nemesis","floor":47.0,"turns":5.0},{"damage":4.0,"enemies":"4 Shapes","floor":48.0,"turns":4.0},{"damage":0.0,"enemies":"Awakened One","floor":50.0,"turns":7.0},{"damage":8,"enemies":"Time Eater","floor":51,"turns":8},{"damage":0,"enemies":"Shield and Spear","floor":55,"turns":4},{"damage":6,"enemies":"The Heart","floor":56,"turns":6}],"seed_played":"-4124300263294076642","potions_obtained":[{"floor":5.0,"key":"FearPotion"},{"floor":7.0,"key":"Poison Potion"},{"floor":10.0,"key":"GhostInAJar"},{"floor":25.0,"key":"Fruit Juice"},{"floor":28.0,"key":"Strength Potion"},{"floor":41.0,"key":"Block Potion"},{"floor":42.0,"key":"Dexterity Potion"}],"is_trial":false,"path_per_floor":["M","M","$","?","M","R","E","?","T","M","M","T","E","?","R","B",null,"M","?","$","?","M","R","E","M","T","R","E","?","M","?","R","B",null,"M","$","?","$","?","R","E","M","T","M","E","?","E","M","R","B","B",null,"R","$","E","B",null],"character_chosen":"THE_SILENT","items_purchased":["Noxious Fumes","Orichalcum","Deep Breath+1","Chemical X","GhostInAJar","Finesse+1"],"campfire_rested":2,"item_purchase_floors":[3,3,20,36,36,54],"current_hp_per_floor":[52,51,51,51,51,51,9,9,9,9,3,3,3,3,3,10,48,52,52,52,52,56,56,52,56,56,56,41,5,9,11,11,39,59,39,39,39,39,39,39,39,43,43,47,51,46,42,42,61,65,57,63,65,65,65,59],"gold":62,"neow_bonus":"TWO_FIFTY_GOLD","is_prod":false,"is_daily":false,"chose_seed":false,"campfire_upgraded":5,"win_rate":0,"timestamp":1563271819,"path_taken":["M","M","$","?","?","R","E","?","T","M","M","?","E","?","R","BOSS","M","?","$","?","M","R","E","M","T","R","E","?","?","?","R","BOSS","M","$","?","$","?","R","E","M","T","M","E","?","E","M","R","BOSS","BOSS","R","$","E","BOSS"],"build_version":"2019-07-05","purchased_purges":5,"victory":true,"max_hp_per_floor":[60,60,60,60,60,60,60,60,60,60,60,60,60,60,60,60,60,60,60,60,60,60,60,60,60,60,60,65,65,65,65,65,65,65,65,65,65,65,65,65,65,65,65,65,65,65,65,65,65,65,65,65,65,65,65,65],"card_choices":[{"not_picked":["Dagger Throw","Deflect"],"picked":"Acrobatics","floor":1.0},{"not_picked":["Distraction","Blur"],"picked":"Deadly Poison","floor":2.0},{"not_picked":["Quick Slash","Blade Dance","Deflect"],"picked":"SKIP","floor":5.0},{"not_picked":["Dash","Finisher"],"picked":"Backflip","floor":7.0},{"not_picked":["Dagger Throw","Footwork"],"picked":"Concentrate+1","floor":10.0},{"not_picked":["Dodge and Roll+1","Flying Knee","Blade Dance+1"],"picked":"SKIP","floor":11.0},{"not_picked":["Acrobatics+1","Dagger Spray","Bullet Time+1"],"picked":"SKIP","floor":13.0},{"not_picked":["Unload","Tools of the Trade"],"picked":"After Image","floor":16.0},{"not_picked":["Backflip+1","Sucker Punch","Deadly Poison+1"],"picked":"SKIP","floor":18.0},{"not_picked":["Backflip+1","Acrobatics+1","Dodge and Roll+1"],"picked":"SKIP","floor":22.0},{"not_picked":["Glass Knife","Setup+1"],"picked":"Catalyst+1","floor":24.0},{"not_picked":["Quick Slash","Deflect+1","Blade Dance+1"],"picked":"SKIP","floor":25.0},{"not_picked":["Noxious Fumes","Deadly Poison+1","Dash"],"picked":"SKIP","floor":28.0},{"not_picked":["Bane","Outmaneuver+1","Concentrate+1"],"picked":"SKIP","floor":30.0},{"not_picked":["Dagger Spray","Underhanded Strike","Outmaneuver+1"],"picked":"SKIP","floor":35.0},{"not_picked":["Terror+1","Leg Sweep+1"],"picked":"Catalyst+1","floor":41.0},{"not_picked":["Acrobatics+1","Cloak And Dagger+1","Dash+1"],"picked":"SKIP","floor":42.0},{"not_picked":["Expertise+1","Blade Dance+1","Distraction+1"],"picked":"SKIP","floor":44.0},{"not_picked":["Noxious Fumes","Infinite Blades"],"picked":"Malaise+1","floor":45.0},{"not_picked":["Good Instincts+1","Secret Technique+1"],"picked":"Impatience+1","floor":46.0},{"not_picked":["Bandage Up+1","Enlightenment+1"],"picked":"Panacea+1","floor":46.0},{"not_picked":["Bouncing Flask+1","Footwork","Setup+1"],"picked":"SKIP","floor":47.0},{"not_picked":["Blade Dance+1","Dagger Spray"],"picked":"Catalyst+1","floor":48.0},{"not_picked":["Acrobatics+1","Expertise+1","Tactician+1"],"picked":"SKIP","floor":55}],"player_experience":1604915,"relics_obtained":[{"floor":7.0,"key":"Happy Flower"},{"floor":9.0,"key":"Toxic Egg 2"},{"floor":12.0,"key":"Pantograph"},{"floor":13.0,"key":"Bird Faced Urn"},{"floor":24.0,"key":"Paper Crane"},{"floor":26.0,"key":"Oddly Smooth Stone"},{"floor":28.0,"key":"Blue Candle"},{"floor":31.0,"key":"Red Mask"},{"floor":41.0,"key":"Bottled Lightning"},{"floor":45.0,"key":"Juzu Bracelet"},{"floor":47.0,"key":"Anchor"},{"floor":55,"key":"Bronze Scales"}],"event_choices":[{"damage_healed":0.0,"max_hp_gain":0.0,"max_hp_loss":0.0,"gold_gain":0.0,"event_name":"Match and Keep!","player_choice":"1 cards matched","floor":4.0,"gold_loss":0.0,"damage_taken":0.0,"cards_obtained":["Malaise"]},{"damage_healed":0.0,"max_hp_gain":0.0,"max_hp_loss":0.0,"gold_gain":0.0,"event_name":"Liars Game","player_choice":"Ignored","floor":8.0,"gold_loss":0.0,"damage_taken":0.0},{"damage_healed":0.0,"max_hp_gain":0.0,"max_hp_loss":0.0,"gold_gain":0.0,"event_name":"Shining Light","player_choice":"Ignored","floor":14.0,"gold_loss":0.0,"damage_taken":0.0},{"damage_healed":0.0,"max_hp_gain":0.0,"max_hp_loss":0.0,"gold_gain":0.0,"event_name":"Cursed Tome","player_choice":"Ignored","floor":19.0,"gold_loss":0.0,"damage_taken":0.0},{"damage_healed":0.0,"max_hp_gain":0.0,"max_hp_loss":0.0,"gold_gain":0.0,"event_name":"Vampires","player_choice":"Ignored","floor":21.0,"gold_loss":0.0,"damage_taken":0.0},{"damage_healed":0.0,"max_hp_gain":0.0,"max_hp_loss":0.0,"gold_gain":450.0,"event_name":"Knowing Skull","player_choice":"GOLD GOLD GOLD GOLD GOLD ","floor":29.0,"potions_obtained":[],"gold_loss":0.0,"damage_taken":36.0,"cards_obtained":[]},{"damage_healed":0.0,"max_hp_gain":0.0,"max_hp_loss":0.0,"gold_gain":0.0,"event_name":"Masked Bandits","player_choice":"Fought Bandits","floor":31.0,"gold_loss":0.0,"damage_taken":0.0},{"cards_removed":["Quick Slash"],"damage_healed":0.0,"max_hp_gain":0.0,"max_hp_loss":0.0,"gold_gain":0.0,"event_name":"Falling","player_choice":"Removed Attack","floor":37.0,"gold_loss":0.0,"damage_taken":0.0},{"cards_removed":["Defend_G"],"damage_healed":0.0,"max_hp_gain":0.0,"max_hp_loss":0.0,"gold_gain":0.0,"event_name":"Bonfire Elementals","player_choice":"Offered Basic","floor":39.0,"gold_loss":0.0,"damage_taken":0.0},{"damage_healed":0.0,"max_hp_gain":0.0,"max_hp_loss":0.0,"gold_gain":0.0,"event_name":"SensoryStone","player_choice":"Memory 2","floor":46.0,"gold_loss":0.0,"damage_taken":5.0}],"is_beta":false,"boss_relics":[{"not_picked":["Cursed Key","WristBlade"],"picked":"Astrolabe"},{"not_picked":["Orrery","Black Star"],"picked":"Fusion Hammer"}],"items_purged_floors":[3,20,36,38,54],"is_endless":false,"potions_floor_spawned":[5,7,10,13,16,22,25,28,41,42,44,48],"ascension_level":20}