{"gold_per_floor":[118,118,130,0,20,20,53,53,53,63,97,108,108,125,125,199,199,209,209,228,47,97,97,124,124,124,139,139,158,158,169,169,246,246,257,49,149,149,149,149,183,2,2,28,47,79,130,130,130,130,130],"floor_reached":52,"playtime":2749,"items_purged":["Pain","Decay","Shame"],"score":2007,"play_id":"8d99efcf-cdc9-475d-9f8e-90c0bd165f05","local_time":"20190222191634","is_ascension_mode":true,"campfire_choices":[{"data":"Hologram","floor":6.0,"key":"SMITH"},{"data":"Coolheaded","floor":8.0,"key":"SMITH"},{"data":"Coolheaded","floor":13.0,"key":"SMITH"},{"data":"Capacitor","floor":15.0,"key":"SMITH"},{"data":"Sunder","floor":23.0,"key":"SMITH"},{"data":"Turbo","floor":30.0,"key":"SMITH"},{"floor":32.0,"key":"REST"},{"data":"Seek","floor":40.0,"key":"SMITH"},{"data":"Hologram","floor":49,"key":"SMITH"}],"neow_cost":"NONE","seed_source_timestamp":427084996624584,"circlet_count":0,"master_deck":["AscendersBane","Strike_B","Strike_B","Strike_B","Strike_B","Defend_B","Defend_B","Defend_B","Defend_B","Zap","Beam Cell","Coolheaded+1","Conserve Battery","Hologram+1","Coolheaded+1","Compile Driver","Capacitor+1","FTL","Ball Lightning","Echo Form","Sunder+1","Turbo+1","Stack","Cold Snap","Undo","Hologram+1","Seek+1","Steam+1","Skim","Defragment+1","Go for the Eyes+1","Blizzard","Hologram+1","Turbo","Rainbow"],"special_seed":0,"relics":["Cracked Core","Art of War","WarpedTongs","Matryoshka","Potion Belt","Oddly Smooth Stone","Pantograph","Cursed Key","Frozen Egg 2","Kunai","Centennial Puzzle","Inserter","Unceasing Top","Juzu Bracelet","Symbiotic Virus","Pear","Mango"],"potions_floor_usage":[46],"damage_taken":[{"damage":0.0,"enemies":"Small Slimes","floor":1.0,"turns":3.0},{"damage":0.0,"enemies":"Cultist","floor":3.0,"turns":2.0},{"damage":0.0,"enemies":"2 Louse","floor":5.0,"turns":3.0},{"damage":6.0,"enemies":"Lagavulin","floor":7.0,"turns":7.0},{"damage":6.0,"enemies":"Large Slime","floor":10.0,"turns":6.0},{"damage":4.0,"enemies":"Gremlin Nob","floor":11.0,"turns":3.0},{"damage":0.0,"enemies":"Looter","floor":12.0,"turns":3.0},{"damage":0.0,"enemies":"Gremlin Gang","floor":14.0,"turns":4.0},{"damage":61.0,"enemies":"Slime Boss","floor":16.0,"turns":7.0},{"damage":13.0,"enemies":"Chosen","floor":18.0,"turns":6.0},{"damage":0.0,"enemies":"Spheric Guardian","floor":20.0,"turns":3.0},{"damage":54.0,"enemies":"Slavers","floor":24.0,"turns":7.0},{"damage":0.0,"enemies":"Snecko","floor":27.0,"turns":4.0},{"damage":1.0,"enemies":"Sentry and Sphere","floor":29.0,"turns":5.0},{"damage":11.0,"enemies":"Snake Plant","floor":31.0,"turns":4.0},{"damage":37.0,"enemies":"Champ","floor":33.0,"turns":17.0},{"damage":0.0,"enemies":"Orb Walker","floor":35.0,"turns":4.0},{"damage":15.0,"enemies":"Mind Bloom Boss Battle","floor":37.0,"turns":6.0},{"damage":0.0,"enemies":"Reptomancer","floor":41.0,"turns":7.0},{"damage":0,"enemies":"Nemesis","floor":44,"turns":9},{"damage":27,"enemies":"3 Darklings","floor":45,"turns":6},{"damage":4,"enemies":"Giant Head","floor":46,"turns":9},{"damage":18,"enemies":"2 Orb Walkers","floor":47,"turns":5},{"damage":11,"enemies":"Awakened One","floor":50,"turns":18},{"damage":11,"enemies":"Time Eater","floor":51,"turns":13}],"seed_played":"-954397729275924306","potions_obtained":[{"floor":7.0,"key":"AttackPotion"},{"floor":10.0,"key":"SteroidPotion"},{"floor":12.0,"key":"PowerPotion"},{"floor":14.0,"key":"Explosive Potion"},{"floor":16.0,"key":"Regen Potion"},{"floor":18.0,"key":"Swift Potion"},{"floor":24.0,"key":"Fruit Juice"},{"floor":29.0,"key":"Energy Potion"},{"floor":33.0,"key":"Regen Potion"},{"floor":35.0,"key":"Strength Potion"},{"floor":37.0,"key":"GamblersBrew"},{"floor":44,"key":"FearPotion"}],"is_trial":false,"path_per_floor":["M","?","M","$","M","R","E","R","T","M","E","M","R","M","R","B",null,"M","T","M","$","?","R","E","?","T","M","T","M","R","M","R","B",null,"M","$","?","?","?","R","E","$","T","E","M","E","?","?","R","B","B",null],"character_chosen":"DEFECT","items_purchased":["Conserve Battery","Stack","Cold Snap","Skim","Blizzard","Hologram","Ancient Potion"],"campfire_rested":1,"item_purchase_floors":[4,21,21,36,42,42,42],"current_hp_per_floor":[64,64,64,64,64,64,58,58,58,52,48,48,48,48,48,10,56,43,43,43,43,43,43,9,24,24,24,24,23,23,12,34,22,63,63,63,61,61,61,61,61,61,61,61,34,52,48,48,48,62,76],"gold":130,"neow_bonus":"RANDOM_COMMON_RELIC","is_prod":false,"is_daily":false,"chose_seed":false,"campfire_upgraded":8,"win_rate":0,"timestamp":1550834194,"path_taken":["M","?","M","$","M","R","E","R","T","M","E","M","R","M","R","BOSS","M","?","M","$","?","R","E","?","T","M","?","?","R","M","R","BOSS","M","$","?","?","?","R","E","$","T","E","M","E","?","?","R","BOSS","BOSS"],"build_version":"2019-01-23","purchased_purges":3,"victory":true,"max_hp_per_floor":[71,71,71,71,71,71,71,71,71,71,71,71,71,71,71,71,71,71,71,71,71,71,71,76,76,76,76,76,76,76,76,76,76,76,76,76,76,76,76,76,76,76,76,76,76,86,100,95,95,95,95],"card_choices":[{"not_picked":["Rip and Tear","Leap"],"picked":"Beam Cell","floor":1.0},{"not_picked":["Consume","Barrage"],"picked":"Coolheaded","floor":3.0},{"not_picked":["Leap","Doom and Gloom"],"picked":"Hologram","floor":5.0},{"not_picked":["Buffer","Beam Cell"],"picked":"Coolheaded","floor":7.0},{"not_picked":["Redo","Barrage"],"picked":"Compile Driver","floor":10.0},{"not_picked":["Chaos","Beam Cell"],"picked":"Capacitor","floor":11.0},{"not_picked":["FTL","Tempest","Hello World"],"picked":"SKIP","floor":12.0},{"not_picked":["Tempest","Hello World"],"picked":"FTL","floor":12.0},{"not_picked":["Hologram","Streamline"],"picked":"Ball Lightning","floor":14.0},{"not_picked":["Biased Cognition","All For One"],"picked":"Echo Form","floor":16.0},{"not_picked":["Ball Lightning","Rebound+1"],"picked":"Sunder","floor":18.0},{"not_picked":["Rebound+1","Coolheaded"],"picked":"Turbo","floor":20.0},{"not_picked":["Hologram","Consume"],"picked":"Undo","floor":24.0},{"not_picked":["Streamline","Turbo"],"picked":"Hologram+1","floor":27.0},{"not_picked":["Rebound","Ball Lightning","Reprogram"],"picked":"SKIP","floor":29.0},{"not_picked":["Beam Cell","Storm+1","Leap"],"picked":"SKIP","floor":31.0},{"not_picked":["Hyperbeam","Meteor Strike"],"picked":"Seek","floor":33.0},{"not_picked":["Streamline","Leap"],"picked":"Steam+1","floor":35.0},{"not_picked":["Tempest","Turbo"],"picked":"Defragment+1","floor":37.0},{"not_picked":["Redo","Tempest"],"picked":"Go for the Eyes+1","floor":41.0},{"not_picked":["Steam","Leap+1","Tempest+1"],"picked":"SKIP","floor":44},{"not_picked":["Sweeping Beam","Gash"],"picked":"Turbo","floor":45},{"not_picked":["Compile Driver","Gash+1"],"picked":"Rainbow","floor":46}],"player_experience":911123,"relics_obtained":[{"floor":7.0,"key":"Matryoshka"},{"floor":9.0,"key":"Potion Belt"},{"floor":9.0,"key":"Oddly Smooth Stone"},{"floor":11.0,"key":"Pantograph"},{"floor":19.0,"key":"Frozen Egg 2"},{"floor":19.0,"key":"Kunai"},{"floor":24.0,"key":"Centennial Puzzle"},{"floor":37.0,"key":"Unceasing Top"},{"floor":41.0,"key":"Juzu Bracelet"},{"floor":44,"key":"Symbiotic Virus"},{"floor":46,"key":"Pear"},{"floor":47,"key":"Mango"}],"event_choices":[{"damage_healed":0.0,"max_hp_gain":0.0,"max_hp_loss":0.0,"gold_gain":0.0,"event_name":"Accursed Blacksmith","player_choice":"Rummage","floor":2.0,"gold_loss":0.0,"damage_taken":0.0,"relics_obtained":["WarpedTongs"],"cards_obtained":["Pain"]},{"damage_healed":0.0,"max_hp_gain":0.0,"max_hp_loss":0.0,"gold_gain":50.0,"event_name":"Nest","player_choice":"Stole From Cult","floor":22.0,"gold_loss":0.0,"damage_taken":0.0},{"damage_healed":15.0,"max_hp_gain":0.0,"max_hp_loss":0.0,"gold_gain":0.0,"event_name":"The Library","player_choice":"Heal","floor":25.0,"gold_loss":0.0,"damage_taken":0.0},{"damage_healed":0.0,"max_hp_gain":0.0,"max_hp_loss":0.0,"gold_gain":0.0,"event_name":"MindBloom","player_choice":"Fight","floor":37.0,"gold_loss":0.0,"damage_taken":0.0},{"cards_removed":["Dualcast"],"damage_healed":0.0,"max_hp_gain":0.0,"max_hp_loss":0.0,"gold_gain":0.0,"event_name":"Falling","player_choice":"Removed Skill","floor":38.0,"gold_loss":0.0,"damage_taken":0.0},{"damage_healed":0.0,"max_hp_gain":0.0,"max_hp_loss":0.0,"gold_gain":0.0,"event_name":"Tomb of Lord Red Mask","player_choice":"Ignored","floor":39.0,"gold_loss":0.0,"damage_taken":0.0},{"damage_healed":0,"gold_gain":0,"player_choice":"Fight","damage_taken":0,"max_hp_gain":0,"max_hp_loss":0,"event_name":"Mysterious Sphere","floor":47,"gold_loss":0},{"damage_healed":0,"gold_gain":0,"player_choice":"Max HP","damage_taken":0,"max_hp_gain":0,"max_hp_loss":5,"event_name":"Winding Halls","floor":48,"gold_loss":0}],"is_beta":false,"boss_relics":[{"not_picked":["Eternal Feather","Pandora\u0027s Box"],"picked":"Cursed Key"},{"not_picked":["Busted Crown","Calling Bell"],"picked":"Inserter"}],"items_purged_floors":[4,21,36],"is_endless":false,"potions_floor_spawned":[7,10,12,14,16,18,24,29,33,35,37,44],"ascension_level":20}