{"gold_per_floor":[18,28,103,103,25,63,63,63,133,168,168,203,277,300,300,300],"floor_reached":16,"playtime":577,"items_purged":[],"score":232,"play_id":"4e506fd5-21bb-492e-8d41-d3c4aeef8283","local_time":"20190105152345","is_ascension_mode":true,"campfire_choices":[{"data":"Sunder","floor":7,"key":"SMITH"},{"floor":11,"key":"REST"},{"data":"Beam Cell","floor":15,"key":"SMITH"}],"neow_cost":"NO_GOLD","seed_source_timestamp":17469354821533,"circlet_count":0,"master_deck":["AscendersBane","Strike_B+1","Strike_B+1","Defend_B","Defend_B","Defend_B","Defend_B","Zap","Dualcast","Glacier","Sunder+1","Beam Cell+1","Ball Lightning"],"special_seed":0,"relics":["Cracked Core","Golden Idol","Bag of Preparation","Whetstone","Prayer Wheel","Ornamental Fan"],"potions_floor_usage":[16,16],"damage_taken":[{"damage":4.0,"enemies":"Jaw Worm","floor":1.0,"turns":5.0},{"damage":0.0,"enemies":"2 Louse","floor":2.0,"turns":3.0},{"damage":24,"enemies":"Gremlin Nob","floor":6,"turns":4},{"damage":21,"enemies":"Lagavulin","floor":10,"turns":7},{"damage":15,"enemies":"3 Sentries","floor":12,"turns":6},{"damage":2,"enemies":"Small Slimes","floor":14,"turns":3},{"damage":11,"enemies":"Hexaghost","floor":16,"turns":8}],"seed_played":"-2590322023557972538","potions_obtained":[{"floor":6,"key":"Swift Potion"},{"floor":14,"key":"Poison Potion"}],"is_trial":false,"path_per_floor":["M","M","?","?","$","E","R","$","T","E","R","E","T","M","R","B"],"character_chosen":"DEFECT","items_purchased":["Sunder"],"campfire_rested":1,"item_purchase_floors":[5],"current_hp_per_floor":[60,60,49,49,49,25,25,25,25,4,23,8,8,6,6,0],"gold":300,"neow_bonus":"REMOVE_TWO","is_prod":false,"is_daily":false,"chose_seed":false,"campfire_upgraded":2,"win_rate":0,"timestamp":1546673025,"path_taken":["M","M","?","?","$","E","R","$","T","E","R","E","?","M","R","BOSS"],"build_version":"2019-01-03v4","purchased_purges":0,"victory":false,"max_hp_per_floor":[71,71,71,64,64,64,64,64,64,64,64,64,64,64,64,64],"card_choices":[{"not_picked":["Sweeping Beam","Go for the Eyes"],"picked":"Glacier","floor":1.0},{"not_picked":["Steam Power","Stack","Cold Snap"],"picked":"SKIP","floor":2.0},{"not_picked":["Force Field","FTL","Doom and Gloom"],"picked":"SKIP","floor":6},{"not_picked":["Storm","Rip and Tear"],"picked":"Beam Cell","floor":10},{"not_picked":["Stack","Rebound","Sweeping Beam"],"picked":"SKIP","floor":12},{"not_picked":["Chill","Sunder"],"picked":"Ball Lightning","floor":14},{"not_picked":["Beam Cell","Leap","Amplify"],"picked":"SKIP","floor":14}],"player_experience":1746540,"relics_obtained":[{"floor":6,"key":"Bag of Preparation"},{"floor":10,"key":"Whetstone"},{"floor":12,"key":"Prayer Wheel"},{"floor":13,"key":"Ornamental Fan"}],"event_choices":[{"damage_healed":0.0,"max_hp_gain":0.0,"max_hp_loss":0.0,"gold_gain":75.0,"event_name":"World of Goop","player_choice":"Gather Gold","floor":3.0,"gold_loss":0.0,"damage_taken":11.0},{"damage_healed":0.0,"max_hp_gain":0.0,"max_hp_loss":7.0,"gold_gain":0.0,"event_name":"Golden Idol","player_choice":"Lose Max HP","floor":4.0,"gold_loss":0.0,"damage_taken":0.0,"relics_obtained":["Golden Idol"]}],"is_beta":false,"boss_relics":[],"items_purged_floors":[],"is_endless":false,"potions_floor_spawned":[6,14],"killed_by":"Hexaghost","ascension_level":20}