{"gold_per_floor":[109,259,277,257,18,18,32,32,32,62,88,88,116,128,128,200,200,214,24,37,56,56,56,56],"floor_reached":24,"playtime":513,"items_purged":["Doubt","Blizzard"],"score":408,"play_id":"08206c9d-f83d-4bdc-beae-0d4fd9ddddfa","local_time":"20190614223113","is_ascension_mode":true,"campfire_choices":[{"data":"Defragment","floor":6.0,"key":"SMITH"},{"data":"Amplify","floor":8.0,"key":"SMITH"},{"floor":15.0,"key":"REST"},{"data":"Turbo","floor":23,"key":"SMITH"}],"neow_cost":"TEN_PERCENT_HP_LOSS","seed_source_timestamp":47797282637937,"circlet_count":0,"master_deck":["AscendersBane","Zap","Dualcast","Amplify+1","Turbo+1","Defragment+1","Storm","Conserve Battery","Beam Cell","Redo","Defragment","Static Discharge","Biased Cognition","Meteor Strike","Rip and Tear","Hyperbeam","BootSequence","Hologram","Steam Power","Skim","Cold Snap"],"special_seed":0,"relics":["Cracked Core","Turnip","Mercury Hourglass","Potion Belt","Pandora\u0027s Box"],"potions_floor_usage":[20,24],"damage_taken":[{"damage":10.0,"enemies":"Small Slimes","floor":1.0,"turns":2.0},{"damage":9.0,"enemies":"2 Louse","floor":3.0,"turns":3.0},{"damage":1.0,"enemies":"Cultist","floor":7.0,"turns":3.0},{"damage":18.0,"enemies":"Lagavulin","floor":11.0,"turns":6.0},{"damage":26.0,"enemies":"3 Sentries","floor":13.0,"turns":6.0},{"damage":12.0,"enemies":"Blue Slaver","floor":14.0,"turns":4.0},{"damage":1.0,"enemies":"Slime Boss","floor":16.0,"turns":6.0},{"damage":24.0,"enemies":"2 Thieves","floor":18.0,"turns":3.0},{"damage":0,"enemies":"Chosen","floor":20,"turns":3},{"damage":14,"enemies":"Snake Plant","floor":21,"turns":3},{"damage":45,"enemies":"Cultist and Chosen","floor":24,"turns":3}],"seed_played":"268608803500143436","potions_obtained":[{"floor":1.0,"key":"AttackPotion"},{"floor":4.0,"key":"Strength Potion"},{"floor":14.0,"key":"AttackPotion"},{"floor":18.0,"key":"FairyPotion"},{"floor":20,"key":"Poison Potion"}],"is_trial":false,"path_per_floor":["M","?","M","?","$","R","M","R","T","?","E","?","E","M","R","B",null,"M","$","M","M","?","R","M"],"character_chosen":"DEFECT","items_purchased":["Storm","Conserve Battery","Beam Cell","Skim"],"campfire_rested":1,"item_purchase_floors":[5,5,5,19],"current_hp_per_floor":[54,54,45,45,45,45,44,44,44,44,26,47,21,9,28,27,55,31,31,31,17,17,17,0],"gold":56,"neow_bonus":"THREE_RARE_CARDS","is_prod":false,"is_daily":false,"chose_seed":false,"campfire_upgraded":3,"win_rate":0,"timestamp":1560519073,"path_taken":["M","?","M","?","$","R","?","R","T","?","E","?","E","M","R","BOSS","M","$","M","M","?","R","M"],"build_version":"2019-01-23","purchased_purges":2,"victory":false,"max_hp_per_floor":[64,64,64,64,64,64,64,64,64,64,64,64,64,64,64,64,64,64,64,64,64,64,64,64],"card_choices":[{"not_picked":["All For One","Buffer"],"picked":"Amplify","floor":0.0},{"not_picked":["Stack","Gash"],"picked":"Turbo","floor":1.0},{"not_picked":["Undo","Storm"],"picked":"Defragment","floor":3.0},{"not_picked":["Darkness","BootSequence","Auto Shields"],"picked":"SKIP","floor":7.0},{"not_picked":["Chaos","Hologram"],"picked":"Redo","floor":11.0},{"not_picked":["Consume","Lockon"],"picked":"Defragment","floor":13.0},{"not_picked":["Chill","Hologram"],"picked":"Static Discharge","floor":14.0},{"not_picked":["Reboot","Buffer"],"picked":"Biased Cognition","floor":16.0},{"not_picked":["Hologram","Redo","Barrage"],"picked":"SKIP","floor":18.0},{"not_picked":["Coolheaded","Sweeping Beam","FTL"],"picked":"SKIP","floor":20},{"not_picked":["Melter","Compile Driver","Cold Snap"],"picked":"SKIP","floor":21},{"not_picked":["Melter","Compile Driver"],"picked":"Cold Snap","floor":21}],"player_experience":598586,"relics_obtained":[{"floor":9.0,"key":"Turnip"},{"floor":11.0,"key":"Mercury Hourglass"},{"floor":13.0,"key":"Potion Belt"}],"event_choices":[{"damage_healed":0.0,"max_hp_gain":0.0,"max_hp_loss":0.0,"gold_gain":150.0,"event_name":"Liars Game","player_choice":"AGREE","floor":2.0,"gold_loss":0.0,"damage_taken":0.0,"cards_obtained":["Doubt"]},{"damage_healed":0.0,"max_hp_gain":0.0,"max_hp_loss":0.0,"gold_gain":0.0,"event_name":"The Woman in Blue","player_choice":"Bought 1 Potion","floor":4.0,"gold_loss":0.0,"damage_taken":0.0},{"damage_healed":0.0,"max_hp_gain":0.0,"max_hp_loss":0.0,"gold_gain":30.0,"event_name":"Dead Adventurer","player_choice":"Searched \u00271\u0027 times","floor":10.0,"gold_loss":0.0,"damage_taken":0.0},{"damage_healed":21.0,"max_hp_gain":0.0,"max_hp_loss":0.0,"gold_gain":0.0,"event_name":"Big Fish","player_choice":"Banana","floor":12.0,"gold_loss":0.0,"damage_taken":0.0},{"cards_removed":["Blizzard"],"damage_healed":0,"gold_gain":0,"player_choice":"Elegance","damage_taken":0,"max_hp_gain":0,"max_hp_loss":0,"event_name":"Back to Basics","floor":22,"gold_loss":0}],"is_beta":false,"boss_relics":[{"not_picked":["Ectoplasm","Tiny House"],"picked":"Pandora\u0027s Box"}],"items_purged_floors":[5,19],"is_endless":false,"potions_floor_spawned":[1,7,14,18,20],"killed_by":"Cultist and Chosen","ascension_level":20}