{"gold_per_floor":[111,27,27,46,56,56,56,56,56,68,97,108,136,150,150,221,221,239,249,299,299],"floor_reached":21,"playtime":816,"items_purged":[],"score":382,"play_id":"b75cf34f-da20-4ac3-9db9-14a8a0028c8b","local_time":"20181120164419","is_ascension_mode":true,"campfire_choices":[{"data":"Zap","floor":6.0,"key":"SMITH"},{"data":"Ball Lightning","floor":8.0,"key":"SMITH"},{"data":"Coolheaded","floor":15.0,"key":"SMITH"}],"neow_cost":"TEN_PERCENT_HP_LOSS","seed_source_timestamp":1748484800886338,"circlet_count":0,"master_deck":["AscendersBane","Defend_B","Defend_B","Defend_B","Zap+1","Dualcast","Ball Lightning+1","Glacier","Coolheaded+1","Creative AI","Capacitor","Loop+1"],"special_seed":0,"relics":["Cracked Core","Bag of Preparation","Prayer Wheel","Empty Cage"],"potions_floor_usage":[16,16],"damage_taken":[{"damage":4.0,"enemies":"Jaw Worm","floor":1.0,"turns":3.0},{"damage":1.0,"enemies":"Cultist","floor":4.0,"turns":3.0},{"damage":2.0,"enemies":"2 Louse","floor":5.0,"turns":2.0},{"damage":0.0,"enemies":"Looter","floor":10.0,"turns":3.0},{"damage":11.0,"enemies":"Lagavulin","floor":11.0,"turns":8.0},{"damage":5.0,"enemies":"Exordium Wildlife","floor":12.0,"turns":3.0},{"damage":11.0,"enemies":"3 Sentries","floor":13.0,"turns":8.0},{"damage":2.0,"enemies":"Blue Slaver","floor":14.0,"turns":3.0},{"damage":18,"enemies":"Slime Boss","floor":16,"turns":13},{"damage":28,"enemies":"3 Byrds","floor":18,"turns":7},{"damage":17,"enemies":"Shell Parasite","floor":19,"turns":8},{"damage":0,"enemies":"Colosseum Slavers","floor":21,"turns":1}],"seed_played":"794634062553719622","potions_obtained":[{"floor":5.0,"key":"EntropicBrew"},{"floor":12.0,"key":"Strength Potion"},{"floor":13.0,"key":"SteroidPotion"}],"is_trial":false,"path_per_floor":["M","$","?","M","M","R","?","R","T","M","E","M","E","M","R","B",null,"M","M","?","?"],"character_chosen":"DEFECT","items_purchased":["Glacier"],"campfire_rested":0,"item_purchase_floors":[2],"current_hp_per_floor":[60,60,60,59,57,57,57,57,57,57,46,41,30,28,28,10,51,23,6,6,6],"gold":299,"neow_bonus":"REMOVE_TWO","is_prod":false,"is_daily":false,"chose_seed":false,"campfire_upgraded":3,"win_rate":0,"timestamp":1542703459,"path_taken":["M","$","?","M","?","R","?","R","T","M","E","M","E","M","R","BOSS","M","M","?","?"],"build_version":"2018-11-15","purchased_purges":0,"victory":false,"max_hp_per_floor":[64,64,64,64,64,64,64,64,64,64,64,64,64,64,64,64,64,64,64,64,64],"card_choices":[{"not_picked":["Turbo","Conserve Battery"],"picked":"Ball Lightning","floor":1.0},{"not_picked":["Redo","Streamline","Reinforced Body"],"picked":"SKIP","floor":4.0},{"not_picked":["Barrage","Beam Cell","Chill"],"picked":"SKIP","floor":5.0},{"not_picked":["Scrape","Sunder","Cold Snap"],"picked":"SKIP","floor":10.0},{"not_picked":["Meteor Strike","Hyperbeam","Skim"],"picked":"SKIP","floor":11.0},{"not_picked":["Streamline","Redo","Turbo"],"picked":"SKIP","floor":12.0},{"not_picked":["All For One","Sunder","Undo"],"picked":"SKIP","floor":13.0},{"not_picked":["Beam Cell","Stack"],"picked":"Coolheaded","floor":14.0},{"not_picked":["Gash","Aggregate","Go for the Eyes"],"picked":"SKIP","floor":14.0},{"not_picked":["All For One","Meteor Strike"],"picked":"Creative AI","floor":16},{"not_picked":["Genetic Algorithm","Cold Snap"],"picked":"Capacitor","floor":18},{"not_picked":["Cold Snap","Sweeping Beam","Genetic Algorithm"],"picked":"SKIP","floor":18},{"not_picked":["Cold Snap","Gash"],"picked":"Loop+1","floor":19},{"not_picked":["Sweeping Beam","Compile Driver+1","Gash"],"picked":"SKIP","floor":19}],"player_experience":581389,"relics_obtained":[{"floor":11.0,"key":"Bag of Preparation"},{"floor":13.0,"key":"Prayer Wheel"}],"event_choices":[{"damage_healed":0.0,"max_hp_gain":0.0,"max_hp_loss":0.0,"gold_gain":0.0,"event_name":"Match and Keep!","player_choice":"0 cards matched","floor":3.0,"gold_loss":0.0,"damage_taken":0.0,"cards_obtained":[]},{"cards_removed":["Strike_B"],"damage_healed":0.0,"max_hp_gain":0.0,"max_hp_loss":0.0,"gold_gain":0.0,"event_name":"Living Wall","player_choice":"Forget","floor":7.0,"gold_loss":0.0,"damage_taken":0.0},{"damage_healed":0,"gold_gain":50,"player_choice":"Stole From Cult","damage_taken":0,"max_hp_gain":0,"max_hp_loss":0,"event_name":"Nest","floor":20,"gold_loss":0},{"damage_healed":0,"gold_gain":0,"player_choice":"Fight","damage_taken":0,"max_hp_gain":0,"max_hp_loss":0,"event_name":"Colosseum","floor":21,"gold_loss":0}],"is_beta":true,"boss_relics":[{"not_picked":["Sozu","Fusion Hammer"],"picked":"Empty Cage"}],"items_purged_floors":[],"is_endless":false,"potions_floor_spawned":[5,12,13,14],"killed_by":"Colosseum Slavers","ascension_level":20}