{"gold_per_floor":[211,56,72,87,37,37,63,93,93,127,127,127,127,147,147,251,251,206,206,206,131,131,131,131,131,131,131,131,131,31,31,31,31,31,31,31,31,31,31,31,31,31,31,31,31,31,31,31,31,31],"floor_reached":51,"playtime":1933,"items_purged":["Strike_G","Strike_G"],"score":960,"play_id":"3bc25312-a7b8-4f69-85dc-02b5d1e69966","local_time":"20181103172208","is_ascension_mode":false,"campfire_choices":[{"data":"Catalyst","floor":6,"key":"SMITH"},{"data":"Deadly Poison","floor":11,"key":"SMITH"},{"data":"Poisoned Stab","floor":13,"key":"SMITH"},{"data":"Neutralize","floor":15,"key":"SMITH"},{"data":"Burst","floor":23,"key":"SMITH"},{"data":"Deadly Poison","floor":27,"key":"SMITH"},{"data":"Footwork","floor":29,"key":"SMITH"},{"data":"Footwork","floor":32,"key":"SMITH"},{"floor":42,"key":"REST"},{"floor":44,"key":"REST"},{"data":"Leg Sweep","floor":49,"key":"SMITH"}],"neow_cost":"NONE","seed_source_timestamp":2908540038018,"circlet_count":0,"master_deck":["Defend_G+1","Defend_G+1","Defend_G+1","Defend_G+1","Defend_G+1","Survivor+1","Neutralize+1","Footwork+1","Catalyst+1","Poisoned Stab+1","Deadly Poison+1","Blur+1","Deadly Poison+1","Burst+1","Escape Plan+1","Footwork+1","Backflip+1","Backflip+1","Adrenaline+1","Footwork+1","Cloak And Dagger+1","Footwork+1","Well Laid Plans+1","Leg Sweep+1"],"relics":["Ring of the Serpent","Odd Mushroom","Letter Opener","Omamori","Darkstone Periapt","Lantern","Ectoplasm","Mummified Hand","Ancient Tea Set","Bottled Flame","Mark of the Bloom","Ornamental Fan","MawBank"],"potions_floor_usage":[50],"damage_taken":[{"damage":0,"enemies":"Cultist","floor":1,"turns":6},{"damage":0,"enemies":"2 Louse","floor":3,"turns":3},{"damage":0,"enemies":"Small Slimes","floor":4,"turns":4},{"damage":19,"enemies":"The Mushroom Lair","floor":7,"turns":7},{"damage":4,"enemies":"Lagavulin","floor":8,"turns":5},{"damage":16,"enemies":"3 Sentries","floor":10,"turns":9},{"damage":0,"enemies":"Exordium Wildlife","floor":14,"turns":3},{"damage":0,"enemies":"Hexaghost","floor":16,"turns":6},{"damage":0,"enemies":"2 Thieves","floor":18,"turns":3},{"damage":0,"enemies":"3 Byrds","floor":22,"turns":5},{"damage":6,"enemies":"3 Cultists","floor":24,"turns":5},{"damage":0,"enemies":"Cultist and Chosen","floor":25,"turns":3},{"damage":0,"enemies":"Snake Plant","floor":31,"turns":1},{"damage":0,"enemies":"Champ","floor":33,"turns":7},{"damage":0,"enemies":"3 Shapes","floor":35,"turns":4},{"damage":0,"enemies":"3 Darklings","floor":37,"turns":4},{"damage":0,"enemies":"4 Shapes","floor":38,"turns":5},{"damage":0,"enemies":"Maw","floor":39,"turns":3},{"damage":0,"enemies":"Reptomancer","floor":40,"turns":4},{"damage":0,"enemies":"Writhing Mass","floor":47,"turns":5},{"damage":0,"enemies":"4 Shapes","floor":48,"turns":4},{"damage":0,"enemies":"Awakened One","floor":50,"turns":11}],"seed_played":"4904346177806916735","potions_obtained":[{"floor":1,"key":"SpeedPotion"},{"floor":3,"key":"EssenceOfSteel"},{"floor":8,"key":"Explosive Potion"},{"floor":14,"key":"Poison Potion"}],"is_trial":false,"path_per_floor":["M","$","M","M","?","R","?","E","T","E","R","?","R","M","R","B",null,"M","?","?","$","M","R","M","M","T","R","?","R","$","M","R","B",null,"M","$","M","M","M","E","?","R","T","R","T","?","M","M","R","B",null],"character_chosen":"THE_SILENT","items_purchased":["Footwork","Catalyst","Poisoned Stab"],"campfire_rested":2,"item_purchase_floors":[2,2,2],"current_hp_per_floor":[70,70,70,70,70,70,51,47,47,31,31,6,6,6,6,6,70,70,70,70,70,70,70,64,64,64,64,64,64,64,64,64,64,70,70,70,70,70,70,70,70,70,70,70,70,70,70,70,70,70],"gold":31,"neow_bonus":"HUNDRED_GOLD","is_prod":false,"is_daily":false,"chose_seed":false,"campfire_upgraded":9,"win_rate":0,"timestamp":1541236928,"path_taken":["M","?","M","?","?","R","?","E","T","E","R","?","R","?","R","BOSS","M","?","?","$","M","R","M","M","T","R","?","R","$","M","R","BOSS","M","$","M","?","M","E","?","R","T","R","?","?","M","M","R","BOSS"],"build_version":"2018-11-01","purchased_purges":2,"victory":true,"max_hp_per_floor":[70,70,70,70,70,70,70,70,70,70,70,70,70,70,70,70,70,70,70,70,70,70,70,70,70,70,70,70,70,70,70,70,70,70,70,70,70,70,70,70,70,70,70,70,70,70,70,70,70,70],"card_choices":[{"not_picked":["Acrobatics","Blade Dance","Dagger Spray"],"picked":"SKIP","floor":1},{"not_picked":["Outmaneuver","Backstab"],"picked":"Deadly Poison","floor":3},{"not_picked":["Crippling Poison","Dodge and Roll"],"picked":"Blur","floor":4},{"not_picked":["Acrobatics","Slice","Heel Hook"],"picked":"SKIP","floor":8},{"not_picked":["Caltrops","Phantasmal Killer","Slice"],"picked":"SKIP","floor":10},{"not_picked":["Riddle With Holes","Flying Knee"],"picked":"Deadly Poison","floor":14},{"not_picked":["After Image","Unload"],"picked":"Burst","floor":16},{"not_picked":["Dagger Spray+1","Dodge and Roll"],"picked":"Escape Plan+1","floor":18},{"not_picked":["Escape Plan","Quick Slash+1"],"picked":"Footwork","floor":22},{"not_picked":["Dodge and Roll","Prepared","Sucker Punch"],"picked":"SKIP","floor":24},{"not_picked":["Dagger Spray","Flechettes"],"picked":"Backflip","floor":25},{"not_picked":["Slice","Dagger Throw"],"picked":"Backflip","floor":31},{"not_picked":["Bullet Time","Doppelganger"],"picked":"Adrenaline","floor":33},{"not_picked":["Blade Dance+1","Prepared+1","Deadly Poison"],"picked":"SKIP","floor":35},{"not_picked":["Blade Dance","Dagger Spray+1"],"picked":"Footwork","floor":37},{"not_picked":["Quick Slash+1","Outmaneuver+1"],"picked":"Cloak And Dagger+1","floor":38},{"not_picked":["Backstab","Eviscerate+1"],"picked":"Footwork+1","floor":39},{"not_picked":["Blade Dance","Predator+1","Envenom"],"picked":"SKIP","floor":40},{"not_picked":["Poisoned Stab+1","Escape Plan+1"],"picked":"Well Laid Plans+1","floor":47},{"not_picked":["Caltrops","Blade Dance+1"],"picked":"Leg Sweep","floor":48}],"player_experience":831276,"relics_obtained":[{"floor":7,"key":"Odd Mushroom"},{"floor":8,"key":"Letter Opener"},{"floor":9,"key":"Omamori"},{"floor":10,"key":"Darkstone Periapt"},{"floor":26,"key":"Ancient Tea Set"},{"floor":40,"key":"Bottled Flame"},{"floor":43,"key":"Ornamental Fan"},{"floor":45,"key":"MawBank"}],"event_choices":[{"cards_removed":["Strike_G"],"damage_healed":0,"gold_gain":0,"player_choice":"Card Removal","damage_taken":0,"max_hp_gain":0,"max_hp_loss":0,"event_name":"The Cleric","floor":5,"gold_loss":50},{"damage_healed":0,"gold_gain":0,"player_choice":"Fought Mushrooms","damage_taken":0,"max_hp_gain":0,"max_hp_loss":0,"event_name":"Mushrooms","floor":7,"gold_loss":0},{"damage_healed":0,"gold_gain":0,"player_choice":"Success","damage_taken":25,"relics_obtained":["Lantern"],"max_hp_gain":0,"max_hp_loss":0,"event_name":"Scrap Ooze","floor":12,"gold_loss":0},{"damage_healed":0,"gold_gain":0,"player_choice":"Stole Relic","damage_taken":0,"relics_obtained":["Mummified Hand"],"max_hp_gain":0,"max_hp_loss":0,"event_name":"Addict","floor":19,"gold_loss":0,"cards_obtained":["Shame"]},{"cards_removed":["Strike_G"],"damage_healed":0,"gold_gain":0,"player_choice":"Elegance","damage_taken":0,"max_hp_gain":0,"max_hp_loss":0,"event_name":"Back to Basics","floor":20,"gold_loss":0},{"cards_removed":["Strike_G"],"damage_healed":0,"gold_gain":0,"player_choice":"Purged","damage_taken":0,"max_hp_gain":0,"max_hp_loss":0,"event_name":"Purifier","floor":28,"gold_loss":0},{"damage_healed":0,"gold_gain":0,"player_choice":"Upgrade","damage_taken":0,"relics_obtained":["Mark of the Bloom"],"max_hp_gain":0,"max_hp_loss":0,"event_name":"MindBloom","floor":41,"gold_loss":0,"cards_upgraded":["Defend_G","Defend_G","Defend_G","Defend_G","Defend_G","Survivor","Blur","Backflip","Backflip","Adrenaline","Footwork"]},{"damage_healed":18,"gold_gain":0,"player_choice":"Writhe","damage_taken":0,"max_hp_gain":0,"max_hp_loss":0,"event_name":"Winding Halls","floor":46,"gold_loss":0,"cards_obtained":["Writhe"]}],"is_beta":false,"boss_relics":[{"not_picked":["HoveringKite","Black Star"],"picked":"Ectoplasm"},{"not_picked":["WristBlade","Eternal Feather"],"picked":"Ring of the Serpent"}],"items_purged_floors":[21,30],"is_endless":false,"potions_floor_spawned":[1,3,8,14,31,35,40,48],"ascension_level":0}