{"gold_per_floor":[111,111,36,47,47,47,79,79,104,116,135,135,146,68,68,143,143,158,176,76,76,76,103,103,74,74,99,99,99,115,30,30,105,105,117,117,117,117,517,517,528,538,538,538,556,556,573,592,592,592],"floor_reached":51,"playtime":1838,"items_purged":["Strike_R","Defend_R"],"score":1383,"play_id":"452789a8-f787-4f2c-b743-d6546817a8c0","local_time":"20181111004115","is_ascension_mode":true,"campfire_choices":[{"data":"Disarm","floor":6.0,"key":"SMITH"},{"data":"Immolate","floor":8.0,"key":"SMITH"},{"data":"Bash","floor":12.0,"key":"SMITH"},{"data":"Feed","floor":15.0,"key":"SMITH"},{"floor":24.0,"key":"REST"},{"floor":28.0,"key":"REST"},{"floor":32.0,"key":"REST"},{"data":"Demon Form","floor":40.0,"key":"SMITH"},{"data":"Armaments","floor":44,"key":"SMITH"},{"data":"Metallicize","floor":46,"key":"SMITH"},{"data":"Shockwave","floor":49,"key":"SMITH"}],"neow_cost":"NONE","seed_source_timestamp":42214403612717,"circlet_count":0,"master_deck":["AscendersBane","Strike_R","Defend_R","Defend_R","Defend_R+1","Bash+1","Disarm+1","Immolate+1","Flame Barrier","Feed+1","Reaper","Flex","Metallicize+1","Armaments+1","Armaments","Shockwave+1","Ghostly Armor","Demon Form+1","Carnage+1","Ghostly Armor+1","Second Wind","Reaper"],"special_seed":0,"relics":["Burning Blood","Art of War","Boot","Runic Pyramid","Letter Opener","StoneCalendar","Orichalcum","Sundial","Cursed Key","Old Coin"],"potions_floor_usage":[],"damage_taken":[{"damage":0.0,"enemies":"Small Slimes","floor":1.0,"turns":4.0},{"damage":0.0,"enemies":"Jaw Worm","floor":4.0,"turns":4.0},{"damage":34.0,"enemies":"Gremlin Nob","floor":7.0,"turns":5.0},{"damage":0.0,"enemies":"Cultist","floor":10.0,"turns":3.0},{"damage":2.0,"enemies":"Blue Slaver","floor":11.0,"turns":3.0},{"damage":0.0,"enemies":"Exordium Wildlife","floor":13.0,"turns":1.0},{"damage":43.0,"enemies":"The Guardian","floor":16.0,"turns":13.0},{"damage":0.0,"enemies":"Chosen","floor":18.0,"turns":6.0},{"damage":21.0,"enemies":"3 Byrds","floor":19.0,"turns":5.0},{"damage":70.0,"enemies":"Book of Stabbing","floor":23.0,"turns":7.0},{"damage":28.0,"enemies":"Slavers","floor":27.0,"turns":6.0},{"damage":11.0,"enemies":"Centurion and Healer","floor":30.0,"turns":6.0},{"damage":68.0,"enemies":"Automaton","floor":33.0,"turns":11.0},{"damage":33.0,"enemies":"3 Darklings","floor":35.0,"turns":6.0},{"damage":19.0,"enemies":"Mind Bloom Boss Battle","floor":39.0,"turns":8.0},{"damage":9.0,"enemies":"Orb Walker","floor":41.0,"turns":3.0},{"damage":16.0,"enemies":"Maw","floor":42.0,"turns":8.0},{"damage":12,"enemies":"3 Darklings","floor":45,"turns":6},{"damage":17,"enemies":"4 Shapes","floor":47,"turns":7},{"damage":24,"enemies":"Sphere and 2 Shapes","floor":48,"turns":7},{"damage":105,"enemies":"Awakened One","floor":50,"turns":18}],"seed_played":"6905486146242779184","potions_obtained":[{"floor":1.0,"key":"SkillPotion"},{"floor":4.0,"key":"PowerPotion"},{"floor":23.0,"key":"Dexterity Potion"},{"floor":33.0,"key":"Regen Potion"},{"floor":35.0,"key":"Block Potion"}],"is_trial":false,"path_per_floor":["M","?","$","M","?","R","E","R","T","M","M","R","M","$","R","B",null,"M","M","$","?","$","E","R","$","T","E","R","?","M","?","R","B",null,"M","?","$","?","?","R","M","M","T","R","M","R","M","M","R","B",null],"character_chosen":"IRONCLAD","items_purchased":["Feed","Armaments"],"campfire_rested":3,"item_purchase_floors":[14,25],"current_hp_per_floor":[74,51,51,57,57,57,29,29,29,35,39,39,45,45,45,12,62,76,74,74,74,74,10,36,36,36,23,50,50,55,55,83,44,85,81,81,81,81,72,72,73,94,94,94,115,115,119,123,123,127],"gold":592,"neow_bonus":"REMOVE_CARD","is_prod":false,"is_daily":false,"chose_seed":false,"campfire_upgraded":8,"win_rate":0,"timestamp":1541868075,"path_taken":["M","?","$","M","?","R","E","R","T","M","M","R","M","$","R","BOSS","M","M","$","?","$","E","R","$","T","E","R","?","?","?","R","BOSS","M","?","$","?","?","R","M","M","T","R","M","R","?","M","R","BOSS"],"build_version":"2018-11-08","purchased_purges":2,"victory":true,"max_hp_per_floor":[75,75,75,75,75,75,75,75,75,75,75,75,75,75,75,79,79,83,87,87,87,87,87,87,87,87,91,91,91,95,95,95,99,99,99,99,99,99,103,103,107,111,111,111,115,115,119,123,123,127],"card_choices":[{"not_picked":["Pummel","Bloodletting","Havoc"],"picked":"SKIP","floor":1.0},{"not_picked":["Twin Strike","Clash"],"picked":"Disarm","floor":4.0},{"not_picked":["Seeing Red","Armaments"],"picked":"Immolate","floor":7.0},{"not_picked":["Pommel Strike","Shrug It Off","Anger"],"picked":"SKIP","floor":10.0},{"not_picked":["Sever Soul","Twin Strike","Body Slam"],"picked":"SKIP","floor":11.0},{"not_picked":["Blood for Blood","Seeing Red"],"picked":"Flame Barrier","floor":13.0},{"not_picked":["Demon Form","Barricade"],"picked":"Reaper","floor":16.0},{"not_picked":["Feel No Pain","Pommel Strike"],"picked":"Flex","floor":18.0},{"not_picked":["Cleave","Anger+1"],"picked":"Metallicize","floor":19.0},{"not_picked":["Thunderclap","Searing Blow"],"picked":"Armaments","floor":23.0},{"not_picked":["Fire Breathing+1","Cleave"],"picked":"Shockwave","floor":27.0},{"not_picked":["Shrug It Off","Pommel Strike"],"picked":"Ghostly Armor","floor":30.0},{"not_picked":["Juggernaut","Bludgeon"],"picked":"Demon Form","floor":33.0},{"not_picked":["Cleave","Thunderclap"],"picked":"Carnage+1","floor":35.0},{"not_picked":["Flex","Thunderclap"],"picked":"Ghostly Armor+1","floor":41.0},{"not_picked":["Clash","Warcry","Infernal Blade"],"picked":"SKIP","floor":42.0},{"not_picked":["Thunderclap","Perfected Strike+1"],"picked":"Second Wind","floor":45},{"not_picked":["Headbutt","Warcry","Body Slam+1"],"picked":"SKIP","floor":47},{"not_picked":["Searing Blow","Hemokinesis+1"],"picked":"Reaper","floor":48}],"player_experience":969196,"relics_obtained":[{"floor":7.0,"key":"Art of War"},{"floor":9.0,"key":"Boot"},{"floor":23.0,"key":"Letter Opener"},{"floor":26.0,"key":"StoneCalendar"},{"floor":27.0,"key":"Orichalcum"},{"floor":39.0,"key":"Old Coin"}],"event_choices":[{"damage_healed":0.0,"max_hp_gain":0.0,"max_hp_loss":0.0,"gold_gain":0.0,"event_name":"Shining Light","player_choice":"Entered Light","floor":2.0,"gold_loss":0.0,"damage_taken":23.0,"cards_upgraded":["Defend_R","Strike_R"]},{"damage_healed":0.0,"max_hp_gain":0.0,"max_hp_loss":0.0,"gold_gain":0.0,"event_name":"Liars Game","player_choice":"Ignored","floor":5.0,"gold_loss":0.0,"damage_taken":0.0},{"damage_healed":0.0,"max_hp_gain":0.0,"max_hp_loss":0.0,"gold_gain":0.0,"event_name":"The Mausoleum","player_choice":"Ignored","floor":21.0,"gold_loss":0.0,"damage_taken":0.0},{"cards_removed":["Strike_R"],"damage_healed":0.0,"max_hp_gain":0.0,"max_hp_loss":0.0,"gold_gain":0.0,"event_name":"Purifier","player_choice":"Purged","floor":29.0,"gold_loss":0.0,"damage_taken":0.0},{"damage_healed":0.0,"max_hp_gain":0.0,"max_hp_loss":0.0,"gold_gain":0.0,"event_name":"Addict","player_choice":"Obtained Relic","floor":31.0,"gold_loss":85.0,"damage_taken":0.0,"relics_obtained":["Sundial"]},{"cards_removed":["Strike_R"],"damage_healed":0.0,"max_hp_gain":0.0,"max_hp_loss":0.0,"gold_gain":0.0,"event_name":"Falling","player_choice":"Removed Attack","floor":36.0,"gold_loss":0.0,"damage_taken":0.0},{"damage_healed":0.0,"max_hp_gain":0.0,"max_hp_loss":0.0,"gold_gain":0.0,"event_name":"Mysterious Sphere","player_choice":"Ignored","floor":38.0,"gold_loss":0.0,"damage_taken":0.0},{"damage_healed":0.0,"max_hp_gain":0.0,"max_hp_loss":0.0,"gold_gain":0.0,"event_name":"MindBloom","player_choice":"Fight","floor":39.0,"gold_loss":0.0,"damage_taken":0.0}],"is_beta":false,"boss_relics":[{"not_picked":["Calling Bell","Ectoplasm"],"picked":"Runic Pyramid"},{"not_picked":["Empty Cage","White Beast Statue"],"picked":"Cursed Key"}],"items_purged_floors":[3,20],"is_endless":false,"potions_floor_spawned":[1,4,23,33,35,39,41,47],"ascension_level":19}