{"gold_per_floor":[219,238,83,94,144,144,174,185,267,267,267],"floor_reached":11,"playtime":345,"items_purged":["Strike_G"],"score":146,"play_id":"470ca197-d954-4841-bf24-26a0bfdcf982","local_time":"20190109134754","is_ascension_mode":true,"campfire_choices":[{"data":"Neutralize","floor":6,"key":"SMITH"},{"data":"Catalyst","floor":10,"key":"SMITH"}],"neow_cost":"NONE","seed_source_timestamp":6210024956278,"circlet_count":0,"master_deck":["AscendersBane","Defend_G","Defend_G","Defend_G","Defend_G","Defend_G","Strike_G","Strike_G","Strike_G","Strike_G","Survivor","Neutralize+1","Masterful Stab","Terror","Catalyst+1","Backflip"],"relics":["Ring of the Snake","Gambling Chip","The Courier"],"potions_floor_usage":[7],"damage_taken":[{"damage":1,"enemies":"2 Louse","floor":1,"turns":5},{"damage":0,"enemies":"Cultist","floor":2,"turns":3},{"damage":0,"enemies":"Jaw Worm","floor":4,"turns":3},{"damage":26,"enemies":"3 Sentries","floor":7,"turns":18},{"damage":0,"enemies":"2 Fungi Beasts","floor":8,"turns":4},{"damage":14,"enemies":"Exordium Wildlife","floor":11,"turns":4}],"seed_played":"-1604644336287574102","potions_obtained":[{"floor":2,"key":"Poison Potion"},{"floor":7,"key":"GhostInAJar"}],"is_trial":false,"path_per_floor":["M","M","$","M","?","R","E","M","T","R","M"],"character_chosen":"THE_SILENT","items_purchased":["GhostInAJar"],"campfire_rested":0,"item_purchase_floors":[3],"current_hp_per_floor":[58,58,58,58,58,58,32,32,32,32,18],"gold":267,"neow_bonus":"HUNDRED_GOLD","is_prod":false,"is_daily":false,"chose_seed":false,"campfire_upgraded":2,"win_rate":0,"timestamp":1547012874,"path_taken":["M","M","$","M","?","R","E","M","T","R","?"],"build_version":"2019-01-03v4","purchased_purges":1,"victory":false,"max_hp_per_floor":[66,66,66,66,66,66,66,66,66,66,66],"card_choices":[{"not_picked":["Dagger Spray","Accuracy"],"picked":"Masterful Stab","floor":1},{"not_picked":["Distraction","All Out Attack","Sucker Punch"],"picked":"SKIP","floor":2},{"not_picked":["Outmaneuver","Eviscerate"],"picked":"Terror","floor":4},{"not_picked":["Predator","Malaise"],"picked":"Catalyst","floor":7},{"not_picked":["Endless Agony","Slice"],"picked":"Backflip","floor":8}],"player_experience":1877896,"relics_obtained":[{"floor":7,"key":"Gambling Chip"},{"floor":9,"key":"The Courier"}],"event_choices":[{"damage_healed":0,"gold_gain":50,"player_choice":"Pray","damage_taken":0,"max_hp_gain":0,"max_hp_loss":0,"event_name":"Golden Shrine","floor":5,"gold_loss":0}],"is_beta":false,"boss_relics":[],"items_purged_floors":[3],"is_endless":false,"potions_floor_spawned":[2,7,8],"killed_by":"Exordium Wildlife","ascension_level":20}