{"gold_per_floor":[10,22,22,40,54,54,79,79,105,105,105,105,118,118,118,118],"floor_reached":16,"playtime":433,"items_purged":[],"score":200,"play_id":"8ed9fd68-abe1-4a55-9766-221bb6981c13","local_time":"20190319220104","is_ascension_mode":true,"campfire_choices":[{"data":"Zap","floor":6,"key":"SMITH"},{"data":"Dualcast","floor":8,"key":"SMITH"},{"data":"Coolheaded","floor":10,"key":"SMITH"},{"data":"Consume","floor":15,"key":"SMITH"}],"neow_cost":"NO_GOLD","seed_source_timestamp":40480682775863,"circlet_count":0,"master_deck":["AscendersBane","Strike_B","Strike_B+1","Strike_B+1","Strike_B","Defend_B","Defend_B","Defend_B","Defend_B","Zap+1","Dualcast+1","Seek","Coolheaded+1","Conserve Battery","Rebound","Seek","Consume+1"],"relics":["Cracked Core","Art of War","Centennial Puzzle","Golden Idol","Bag of Marbles"],"potions_floor_usage":[7,13],"damage_taken":[{"damage":5,"enemies":"Small Slimes","floor":1,"turns":4},{"damage":7,"enemies":"Jaw Worm","floor":2,"turns":3},{"damage":0,"enemies":"Cultist","floor":4,"turns":3},{"damage":7,"enemies":"Red Slaver","floor":5,"turns":5},{"damage":16,"enemies":"3 Sentries","floor":7,"turns":7},{"damage":1,"enemies":"Large Slime","floor":13,"turns":4},{"damage":9,"enemies":"Hexaghost","floor":16,"turns":7}],"seed_played":"8300470095488688140","potions_obtained":[{"floor":2,"key":"Explosive Potion"},{"floor":5,"key":"PowerPotion"}],"is_trial":false,"path_per_floor":["M","M","?","M","M","R","E","R","T","R","?","?","M","?","R","B"],"character_chosen":"DEFECT","items_purchased":[],"campfire_rested":0,"item_purchase_floors":[],"current_hp_per_floor":[59,52,57,57,50,50,34,34,34,34,34,13,12,7,7,0],"gold":118,"neow_bonus":"THREE_RARE_CARDS","is_prod":false,"is_daily":false,"chose_seed":false,"campfire_upgraded":4,"win_rate":0,"timestamp":1553004064,"path_taken":["M","M","?","M","M","R","E","R","T","R","?","?","M","?","R","BOSS"],"build_version":"2019-01-23","purchased_purges":0,"victory":false,"max_hp_per_floor":[71,71,76,76,76,76,76,76,76,76,69,69,69,69,69,69],"card_choices":[{"not_picked":["Amplify","Reboot"],"picked":"Seek","floor":0},{"not_picked":["Compile Driver","Beam Cell","Sweeping Beam"],"picked":"SKIP","floor":1},{"not_picked":["Rebound","Hologram"],"picked":"Coolheaded","floor":2},{"not_picked":["Storm","Force Field"],"picked":"Conserve Battery","floor":4},{"not_picked":["Leap","Compile Driver"],"picked":"Rebound","floor":5},{"not_picked":["Stack","Go for the Eyes"],"picked":"Seek","floor":7},{"not_picked":["Capacitor","Sweeping Beam"],"picked":"Consume","floor":13}],"player_experience":3733856,"relics_obtained":[{"floor":7,"key":"Art of War"},{"floor":9,"key":"Centennial Puzzle"}],"event_choices":[{"damage_healed":0,"gold_gain":0,"player_choice":"Donut","damage_taken":0,"max_hp_gain":5,"max_hp_loss":0,"event_name":"Big Fish","floor":3,"gold_loss":0},{"damage_healed":0,"gold_gain":0,"player_choice":"Lose Max HP","damage_taken":0,"relics_obtained":["Golden Idol"],"max_hp_gain":0,"max_hp_loss":7,"event_name":"Golden Idol","floor":11,"gold_loss":0},{"damage_healed":0,"gold_gain":0,"player_choice":"Entered Light","damage_taken":21,"max_hp_gain":0,"max_hp_loss":0,"event_name":"Shining Light","floor":12,"gold_loss":0,"cards_upgraded":["Strike_B","Strike_B"]},{"damage_healed":0,"gold_gain":0,"player_choice":"Success","damage_taken":5,"relics_obtained":["Bag of Marbles"],"max_hp_gain":0,"max_hp_loss":0,"event_name":"Scrap Ooze","floor":14,"gold_loss":0}],"is_beta":false,"boss_relics":[],"items_purged_floors":[],"is_endless":false,"potions_floor_spawned":[2,5],"killed_by":"Hexaghost","ascension_level":20}