{"gold_per_floor":[111,131,206,222,234,265,265,265,265,3,3,23,23,39,39,117,117,137,147,158,158,158,158],"floor_reached":23,"playtime":673,"items_purged":[],"score":376,"play_id":"49866bf1-e93b-4276-8671-c2f64ae27c67","local_time":"20180924021612","is_ascension_mode":true,"campfire_choices":[{"floor":7.0,"key":"REST"},{"data":"Flame Barrier","floor":11.0,"key":"SMITH"},{"data":"Armaments","floor":15,"key":"SMITH"}],"neow_cost":"NONE","seed_source_timestamp":222026415219112,"circlet_count":0,"master_deck":["Strike_R","Strike_R","Strike_R","Strike_R","Strike_R","Defend_R","Defend_R","Defend_R","Bash","AscendersBane","Corruption","Shrug It Off","Second Wind","Impervious","Flame Barrier+1","Thunderclap","Armaments+1","Offering","Flex"],"special_seed":0,"relics":["Black Blood","Vajra","Singing Bowl","Du-Vu Doll","Bronze Scales"],"potions_floor_usage":[16,16],"damage_taken":[{"damage":2.0,"enemies":"2 Louse","floor":1.0,"turns":3.0},{"damage":7.0,"enemies":"Jaw Worm","floor":2.0,"turns":4.0},{"damage":7.0,"enemies":"Small Slimes","floor":4.0,"turns":3.0},{"damage":11.0,"enemies":"3 Louse","floor":5.0,"turns":5.0},{"damage":45.0,"enemies":"Gremlin Nob","floor":6.0,"turns":6.0},{"damage":12.0,"enemies":"Red Slaver","floor":12.0,"turns":4.0},{"damage":2,"enemies":"Exordium Wildlife","floor":14,"turns":4},{"damage":29,"enemies":"Hexaghost","floor":16,"turns":8},{"damage":13,"enemies":"2 Thieves","floor":18,"turns":5},{"damage":15,"enemies":"Spheric Guardian","floor":19,"turns":6},{"damage":8,"enemies":"Centurion and Healer","floor":20,"turns":9},{"damage":0,"enemies":"Gremlin Leader","floor":23,"turns":2}],"seed_played":"-1039352434582441241","potions_obtained":[{"floor":4.0,"key":"Fruit Juice"},{"floor":6.0,"key":"Strength Potion"},{"floor":8.0,"key":"FearPotion"},{"floor":8.0,"key":"Energy Potion"},{"floor":12.0,"key":"AttackPotion"},{"floor":18,"key":"Strength Potion"},{"floor":20,"key":"Poison Potion"}],"is_trial":false,"path_per_floor":["M","M","?","M","M","E","R","?","T","$","R","M","?","M","R","B",null,"M","M","M","$","?"],"character_chosen":"IRONCLAD","items_purchased":["Bronze Scales","Flame Barrier"],"campfire_rested":1,"item_purchase_floors":[10,10],"current_hp_per_floor":[72,71,60,64,59,22,46,46,46,46,46,40,40,44,44,21,67,66,63,65,65,65,65],"gold":158,"neow_bonus":"RANDOM_COMMON_RELIC","is_prod":false,"is_daily":false,"chose_seed":false,"campfire_upgraded":2,"win_rate":0,"timestamp":1537726572,"path_taken":["M","M","?","M","M","E","R","?","T","?","R","M","?","M","R","BOSS","M","M","?","$","?","E"],"build_version":"2018-09-20","purchased_purges":0,"victory":false,"max_hp_per_floor":[75,75,75,80,80,82,82,82,82,82,82,82,82,82,82,82,82,84,86,86,86,86,86],"card_choices":[{"not_picked":["Twin Strike","Sword Boomerang"],"picked":"Corruption","floor":1.0},{"not_picked":["Reckless Charge","Heavy Blade"],"picked":"Shrug It Off","floor":2.0},{"not_picked":["Body Slam","Thunderclap"],"picked":"Second Wind","floor":4.0},{"not_picked":["Combust","Bloodletting"],"picked":"Impervious","floor":5.0},{"not_picked":["Cleave","Impervious","Perfected Strike"],"picked":"Singing Bowl","floor":6.0},{"not_picked":["Searing Blow","Twin Strike"],"picked":"Thunderclap","floor":12.0},{"not_picked":["Clothesline","Twin Strike"],"picked":"Armaments","floor":14},{"not_picked":["Dark Embrace","Double Tap"],"picked":"Offering","floor":16},{"not_picked":["Warcry+1","True Grit","Armaments"],"picked":"Singing Bowl","floor":18},{"not_picked":["Pommel Strike","Carnage","Clash"],"picked":"Singing Bowl","floor":19},{"not_picked":["True Grit","Sword Boomerang"],"picked":"Flex","floor":20}],"player_experience":117719,"relics_obtained":[{"floor":6.0,"key":"Singing Bowl"},{"floor":9.0,"key":"Du-Vu Doll"}],"event_choices":[{"event_name":"World of Goop","player_choice":"Gather Gold","floor":3.0,"damage_taken":0.0},{"event_name":"The Lab","player_choice":"Got Potions","floor":8.0,"damage_taken":0.0},{"event_name":"Living Wall","player_choice":"Forget","floor":13,"damage_taken":0},{"event_name":"Ghosts","player_choice":"Ignored","floor":22,"damage_taken":0}],"is_beta":false,"boss_relics":[{"not_picked":["Orrery","Fusion Hammer"],"picked":"Black Blood"}],"items_purged_floors":[],"is_endless":false,"potions_floor_spawned":[4,6,12,18,20],"killed_by":"Gremlin Leader","ascension_level":19}