{"gold_per_floor":[109,34,34,48,48,78,78,90,117,17,29,29,42,59,59,136,136,146,56,72,153,303,303,178,178,229,259,9,42,53,63,63,136,136,156,172,172,191,191,191,206,31,31,31,31,31,45,60,60,60,60,60,60,60,88,88],"floor_reached":57,"playtime":4202,"items_purged":["Strike_G","Strike_G","Defend_G+1","Defend_G+1","Defend_G+1"],"score":3134,"play_id":"fe7eabf3-9515-4b20-bd69-e13e90471773","local_time":"20190125165859","is_ascension_mode":true,"campfire_choices":[{"data":"Well Laid Plans","floor":7.0,"key":"SMITH"},{"data":"Neutralize","floor":12.0,"key":"SMITH"},{"data":"Deadly Poison","floor":15.0,"key":"SMITH"},{"data":"Well Laid Plans","floor":23.0,"key":"SMITH"},{"data":"Wraith Form v2","floor":25.0,"key":"SMITH"},{"data":"Deep Breath","floor":32.0,"key":"SMITH"},{"data":"Footwork","floor":40.0,"key":"SMITH"},{"data":"Escape Plan","floor":44.0,"key":"SMITH"},{"floor":49.0,"key":"RECALL"},{"data":"Escape Plan","floor":53.0,"key":"SMITH"}],"neow_cost":"NONE","seed_source_timestamp":12660879396115,"circlet_count":0,"master_deck":["AscendersBane","Defend_G+1","Defend_G+1","Survivor+1","Neutralize+1","Well Laid Plans+1","Deadly Poison+1","Footwork+1","Escape Plan+1","Blur","Wraith Form v2+1","Well Laid Plans+1","Deep Breath+1","Adrenaline","Escape Plan+1","Envenom"],"special_seed":0,"relics":["Ring of the Snake","NeowsBlessing","Potion Belt","Snake Skull","Empty Cage","theJungle:ParSnip","Gremlin Horn","Anchor","Unceasing Top","Dodecahedron","WristBlade","Ornamental Fan","Art of War","Strawberry"],"potions_floor_usage":[56,56,56],"damage_taken":[{"damage":0.0,"enemies":"2 Louse","floor":1.0,"turns":1.0},{"damage":0.0,"enemies":"Jaw Worm","floor":4.0,"turns":1.0},{"damage":0.0,"enemies":"Lagavulin","floor":6.0,"turns":1.0},{"damage":0.0,"enemies":"Cultist","floor":8.0,"turns":5.0},{"damage":0.0,"enemies":"Red Slaver","floor":11.0,"turns":5.0},{"damage":0.0,"enemies":"Blue Slaver","floor":13.0,"turns":5.0},{"damage":0.0,"enemies":"Exordium Wildlife","floor":14.0,"turns":6.0},{"damage":19.0,"enemies":"Hexaghost","floor":16.0,"turns":14.0},{"damage":0.0,"enemies":"theJungle:GiantWrat","floor":18.0,"turns":9.0},{"damage":0.0,"enemies":"theJungle:MUSHROOMGANG","floor":20.0,"turns":10.0},{"damage":0.0,"enemies":"theJungle:2_Phrogs","floor":27.0,"turns":9.0},{"damage":21.0,"enemies":"theJungle:MamaSnecko","floor":29.0,"turns":8.0},{"damage":0.0,"enemies":"theJungle:SlimyTreeVines","floor":30.0,"turns":8.0},{"damage":0.0,"enemies":"theJungle:Lyon","floor":31.0,"turns":5.0},{"damage":0.0,"enemies":"theJungle:FunGuy","floor":33.0,"turns":6.0},{"damage":2.0,"enemies":"3 Shapes","floor":35.0,"turns":4.0},{"damage":0.0,"enemies":"3 Darklings","floor":36.0,"turns":3.0},{"damage":0.0,"enemies":"Transient","floor":38.0,"turns":6.0},{"damage":0.0,"enemies":"Sphere and 2 Shapes","floor":41.0,"turns":9.0},{"damage":0.0,"enemies":"3 Darklings","floor":47.0,"turns":2.0},{"damage":0.0,"enemies":"Maw","floor":48.0,"turns":6.0},{"damage":0.0,"enemies":"Time Eater","floor":50.0,"turns":18.0},{"damage":0.0,"enemies":"Donu and Deca","floor":51.0,"turns":6.0},{"damage":0.0,"enemies":"Shield and Spear","floor":55.0,"turns":3.0},{"damage":0,"enemies":"The Heart","floor":56,"turns":7}],"seed_played":"-175112545168421447","potions_obtained":[{"floor":1.0,"key":"PowerPotion"},{"floor":4.0,"key":"Strength Potion"},{"floor":6.0,"key":"Ancient Potion"},{"floor":8.0,"key":"Ancient Potion"},{"floor":31.0,"key":"SkillPotion"},{"floor":41.0,"key":"SpeedPotion"}],"is_trial":false,"path_per_floor":["M","$","?","M","?","E","R","M","T","$","M","R","M","M","R","B",null,"M","?","M","T","?","R","$","R","T","E","$","E","M","M","R","B",null,"M","M","?","M","?","R","M","$","T","R","$","?","M","M","R","B","B",null,"R","$","E","B",null],"character_chosen":"THE_SILENT","items_purchased":["Deep Breath"],"campfire_rested":0,"item_purchase_floors":[28],"current_hp_per_floor":[59,59,39,39,39,39,39,39,39,39,39,39,39,39,39,20,55,55,55,55,55,55,55,55,55,55,55,55,34,40,40,40,40,60,58,58,58,58,58,58,58,58,58,58,58,58,58,58,58,58,58,64,64,64,71,71],"gold":88,"neow_bonus":"THREE_ENEMY_KILL","is_prod":false,"is_daily":false,"chose_seed":false,"campfire_upgraded":9,"win_rate":0,"timestamp":1548406739,"path_taken":["M","$","?","M","?","E","R","?","T","?","M","R","M","M","R","BOSS","M","?","M","?","?","R","?","R","T","E","$","E","M","M","R","BOSS","M","M","?","?","?","R","M","$","T","R","?","?","M","M","R","BOSS","BOSS","R","$","E","BOSS"],"build_version":"2019-01-23","purchased_purges":5,"victory":true,"max_hp_per_floor":[66,66,66,66,66,66,66,66,66,66,66,66,66,66,66,66,66,66,66,66,66,66,66,66,66,66,66,66,66,66,66,66,66,66,66,66,66,66,66,66,66,66,66,66,66,66,66,66,66,66,66,66,66,66,73,73],"card_choices":[{"not_picked":["Catalyst","Calculated Gamble"],"picked":"Well Laid Plans","floor":1.0},{"not_picked":["Backflip","Setup"],"picked":"Deadly Poison","floor":4.0},{"not_picked":["Envenom","Dash"],"picked":"Caltrops","floor":6.0},{"not_picked":["Reflex","Bane","Outmaneuver"],"picked":"SKIP","floor":8.0},{"not_picked":["Setup","Distraction"],"picked":"Escape Plan","floor":11.0},{"not_picked":["Underhanded Strike","Choke"],"picked":"Blur","floor":13.0},{"not_picked":["Dodge and Roll","Quick Slash","Dagger Throw"],"picked":"SKIP","floor":14.0},{"not_picked":["A Thousand Cuts","Bullet Time"],"picked":"Wraith Form v2","floor":16.0},{"not_picked":["Blade Dance","Dagger Throw"],"picked":"Well Laid Plans","floor":18.0},{"not_picked":["Flying Knee+1","Sucker Punch","Deflect"],"picked":"SKIP","floor":20.0},{"not_picked":["Setup","Blade Dance","Sucker Punch+1"],"picked":"SKIP","floor":27.0},{"not_picked":["Masterful Stab","Backstab"],"picked":"Adrenaline","floor":29.0},{"not_picked":["Sucker Punch","Reflex+1"],"picked":"Escape Plan","floor":30.0},{"not_picked":["Underhanded Strike","Blade Dance","Poisoned Stab"],"picked":"SKIP","floor":31.0},{"not_picked":["Masterful Stab","Slice","Acrobatics"],"picked":"SKIP","floor":35.0},{"not_picked":["Leg Sweep","Underhanded Strike","Acrobatics"],"picked":"SKIP","floor":36.0},{"not_picked":["Flying Knee","Outmaneuver+1","Prepared+1"],"picked":"SKIP","floor":38.0},{"not_picked":["Predator","Phantasmal Killer","Flying Knee+1"],"picked":"SKIP","floor":41.0},{"not_picked":["Finisher","Acrobatics","Prepared"],"picked":"SKIP","floor":47.0},{"not_picked":["Dagger Spray","Predator","Backflip"],"picked":"SKIP","floor":48.0},{"not_picked":["Blade Dance","Prepared+1"],"picked":"Envenom","floor":55.0}],"player_experience":2234127,"relics_obtained":[{"floor":6.0,"key":"Potion Belt"},{"floor":9.0,"key":"Snake Skull"},{"floor":21.0,"key":"Gremlin Horn"},{"floor":26.0,"key":"Anchor"},{"floor":27.0,"key":"Unceasing Top"},{"floor":29.0,"key":"Dodecahedron"},{"floor":37.0,"key":"Ornamental Fan"},{"floor":55.0,"key":"Strawberry"}],"event_choices":[{"damage_healed":0.0,"max_hp_gain":0.0,"max_hp_loss":0.0,"gold_gain":0.0,"event_name":"Shining Light","player_choice":"Entered Light","floor":3.0,"gold_loss":0.0,"damage_taken":20.0,"cards_upgraded":["Defend_G","Defend_G"]},{"damage_healed":0.0,"max_hp_gain":0.0,"max_hp_loss":0.0,"gold_gain":0.0,"cards_transformed":["Strike_G"],"event_name":"Transmorgrifier","player_choice":"Transformed","floor":5.0,"gold_loss":0.0,"damage_taken":0.0,"cards_obtained":["Footwork"]},{"damage_healed":0.0,"max_hp_gain":0.0,"max_hp_loss":0.0,"gold_gain":0.0,"event_name":"Wheel of Change","player_choice":"Relic","floor":37.0,"gold_loss":0.0,"damage_taken":0.0},{"damage_healed":0.0,"max_hp_gain":0.0,"max_hp_loss":0.0,"gold_gain":0.0,"event_name":"WeMeetAgain","player_choice":"Gave Potion","floor":39.0,"gold_loss":0.0,"damage_taken":0.0,"relics_obtained":["Art of War"]},{"cards_removed":["Caltrops"],"damage_healed":0.0,"max_hp_gain":0.0,"max_hp_loss":0.0,"gold_gain":0.0,"event_name":"Falling","player_choice":"Removed Power","floor":46.0,"gold_loss":0.0,"damage_taken":0.0}],"is_beta":false,"boss_relics":[{"not_picked":["Ectoplasm","Runic Dome"],"picked":"Empty Cage"},{"not_picked":["Velvet Choker","Fusion Hammer"],"picked":"WristBlade"}],"items_purged_floors":[2,10,24,28,42],"is_endless":false,"potions_floor_spawned":[1,4,6,8,20,31,33,36,41],"ascension_level":20}