{"gold_per_floor":[361,202,221,221,233,233,262,276,276,307,326,85,85,28,28,28],"floor_reached":16,"playtime":427,"items_purged":["Injury"],"score":204,"play_id":"728c47bf-6a17-4c3c-88e5-26ac6da52317","local_time":"20181217225156","is_ascension_mode":true,"campfire_choices":[{"data":"Perfected Strike","floor":6,"key":"SMITH"},{"data":"Entrench","floor":15,"key":"SMITH"}],"neow_cost":"CURSE","seed_source_timestamp":38945033897488,"circlet_count":0,"master_deck":["AscendersBane","Strike_R","Strike_R","Strike_R","Strike_R","Strike_R","Defend_R","Defend_R","Defend_R","Defend_R","Bash","Perfected Strike+1","Dual Wield","Pain","Uppercut","Barricade","Entrench+1","Shrug It Off","Flash of Steel","Shrug It Off"],"relics":["Burning Blood","WarpedTongs","Orichalcum","Question Card","Lantern"],"potions_floor_usage":[7,10],"damage_taken":[{"damage":9,"enemies":"2 Louse","floor":1,"turns":3},{"damage":7,"enemies":"Cultist","floor":3,"turns":4},{"damage":15,"enemies":"Jaw Worm","floor":5,"turns":4},{"damage":27,"enemies":"Lagavulin","floor":7,"turns":7},{"damage":11,"enemies":"Large Slime","floor":8,"turns":4},{"damage":23,"enemies":"3 Sentries","floor":10,"turns":7},{"damage":13,"enemies":"Blue Slaver","floor":11,"turns":3},{"damage":21,"enemies":"Slime Boss","floor":16,"turns":3}],"seed_played":"-7009342500843426792","potions_obtained":[{"floor":3,"key":"SkillPotion"},{"floor":8,"key":"Regen Potion"},{"floor":11,"key":"SteroidPotion"}],"is_trial":false,"path_per_floor":["M","$","M","?","M","R","E","M","T","E","M","$","T","$","R","B"],"character_chosen":"IRONCLAD","items_purchased":["Dual Wield","Entrench","Shrug It Off","Flash of Steel","Shrug It Off"],"campfire_rested":0,"item_purchase_floors":[2,12,12,12,14],"current_hp_per_floor":[65,65,64,64,55,55,34,29,29,27,20,20,20,20,20,0],"gold":28,"neow_bonus":"TWO_FIFTY_GOLD","is_prod":false,"is_daily":false,"chose_seed":false,"campfire_upgraded":2,"win_rate":0,"timestamp":1545058316,"path_taken":["M","$","M","?","M","R","E","M","T","E","M","$","?","?","R","BOSS"],"build_version":"2018-12-13","purchased_purges":1,"victory":false,"max_hp_per_floor":[75,75,75,75,75,75,75,75,75,75,75,75,75,75,75,75],"card_choices":[{"not_picked":["Uppercut","Sentinel"],"picked":"Perfected Strike","floor":1},{"not_picked":["Entrench","Thunderclap","Heavy Blade"],"picked":"SKIP","floor":3},{"not_picked":["Spot Weakness","Combust","Heavy Blade"],"picked":"SKIP","floor":5},{"not_picked":["Warcry","Clothesline"],"picked":"Uppercut","floor":7},{"not_picked":["Havoc","Thunderclap","Bloodletting"],"picked":"SKIP","floor":8},{"not_picked":["Bloodletting","Rage","Spot Weakness"],"picked":"SKIP","floor":10},{"not_picked":["Dual Wield","Disarm","Feel No Pain"],"picked":"Barricade","floor":11}],"player_experience":1329069,"relics_obtained":[{"floor":7,"key":"Orichalcum"},{"floor":10,"key":"Question Card"},{"floor":13,"key":"Lantern"}],"event_choices":[{"damage_healed":0,"gold_gain":0,"player_choice":"Rummage","damage_taken":0,"relics_obtained":["WarpedTongs"],"max_hp_gain":0,"max_hp_loss":0,"event_name":"Accursed Blacksmith","floor":4,"gold_loss":0,"cards_obtained":["Pain"]}],"is_beta":false,"boss_relics":[],"items_purged_floors":[2],"is_endless":false,"potions_floor_spawned":[3,8,11],"killed_by":"Slime Boss","ascension_level":17}