{"gold_per_floor":[118,38,53,53,53,53,78,78,78,108,108,126,136,146,146,217,217],"floor_reached":17,"playtime":447,"items_purged":[],"score":380,"play_id":"426f79e9-8681-4295-a6fc-d0c7a806ab32","local_time":"20190317232902","is_ascension_mode":true,"campfire_choices":[{"data":"Dash","floor":6,"key":"SMITH"},{"data":"Well Laid Plans","floor":8,"key":"SMITH"},{"data":"Bouncing Flask","floor":15,"key":"SMITH"}],"neow_cost":"NONE","seed_source_timestamp":55926145326592,"circlet_count":0,"master_deck":["AscendersBane","Defend_G","Defend_G","Defend_G","Defend_G","Defend_G","Strike_G","Strike_G","Survivor","Neutralize","Well Laid Plans+1","Dash+1","Caltrops","Dagger Throw","Bouncing Flask+1","Unload+1","Escape Plan+1","PiercingWail+1"],"relics":["Ring of the Snake","NeowsBlessing","The Courier","Thread and Needle","Astrolabe"],"potions_floor_usage":[10,10,16],"damage_taken":[{"damage":0,"enemies":"Cultist","floor":1,"turns":1},{"damage":0,"enemies":"Small Slimes","floor":3,"turns":1},{"damage":0,"enemies":"3 Sentries","floor":7,"turns":2},{"damage":37,"enemies":"Lagavulin","floor":10,"turns":10},{"damage":0,"enemies":"Jaw Worm","floor":12,"turns":3},{"damage":12,"enemies":"Gremlin Gang","floor":13,"turns":6},{"damage":5,"enemies":"3 Louse","floor":14,"turns":4},{"damage":21,"enemies":"Hexaghost","floor":16,"turns":10}],"seed_played":"-3291961401778957990","potions_obtained":[{"floor":1,"key":"Fire Potion"},{"floor":3,"key":"Weak Potion"},{"floor":13,"key":"SpeedPotion"}],"is_trial":false,"path_per_floor":["M","$","M","$","?","R","E","R","T","E","?","M","M","M","R","B",null],"character_chosen":"THE_SILENT","items_purchased":["Well Laid Plans"],"campfire_rested":0,"item_purchase_floors":[2],"current_hp_per_floor":[59,59,59,59,64,64,64,64,64,27,71,71,59,54,54,33,33],"gold":217,"neow_bonus":"THREE_ENEMY_KILL","is_prod":false,"is_daily":false,"chose_seed":false,"campfire_upgraded":3,"win_rate":0,"timestamp":1552836542,"path_taken":["M","$","M","?","?","R","E","R","T","E","?","M","M","?","R","BOSS"],"build_version":"2019-01-23","purchased_purges":0,"victory":false,"max_hp_per_floor":[66,66,66,66,71,71,71,71,71,71,71,71,71,71,71,71,71],"card_choices":[{"not_picked":["Terror","Dagger Spray","Sucker Punch"],"picked":"SKIP","floor":1},{"not_picked":["Blade Dance","Dodge and Roll"],"picked":"Dash","floor":3},{"not_picked":["PiercingWail","Blade Dance","Deflect"],"picked":"SKIP","floor":7},{"not_picked":["Bane","Acrobatics","Doppelganger"],"picked":"SKIP","floor":10},{"not_picked":["Flying Knee","Dagger Throw"],"picked":"Caltrops","floor":12},{"not_picked":["Choke","Outmaneuver"],"picked":"Dagger Throw","floor":13},{"not_picked":["Well Laid Plans","Backflip"],"picked":"Bouncing Flask","floor":14}],"player_experience":3669346,"relics_obtained":[{"floor":7,"key":"The Courier"},{"floor":10,"key":"Thread and Needle"}],"event_choices":[{"damage_healed":0,"gold_gain":0,"player_choice":"Donut","damage_taken":0,"max_hp_gain":5,"max_hp_loss":0,"event_name":"Big Fish","floor":5,"gold_loss":0},{"damage_healed":44,"gold_gain":0,"player_choice":"Full Heal","damage_taken":0,"max_hp_gain":0,"max_hp_loss":0,"event_name":"Wheel of Change","floor":11,"gold_loss":0}],"is_beta":false,"boss_relics":[{"not_picked":["Velvet Choker","Black Star"],"picked":"Astrolabe"}],"items_purged_floors":[],"is_endless":false,"potions_floor_spawned":[1,3,13],"ascension_level":20}