{"gold_per_floor":[19,19,19,19,33,33,51,51,99,131,131,56,56],"floor_reached":13,"playtime":267,"items_purged":["Aggregate"],"score":162,"play_id":"2753fb0b-94b0-4ae0-a38e-73c3395205ae","local_time":"20181012160400","is_ascension_mode":true,"campfire_choices":[{"data":"Fission","floor":6.0,"key":"SMITH"}],"neow_cost":"NO_GOLD","seed_source_timestamp":0,"circlet_count":0,"master_deck":["Strike_B+1","Strike_B","Defend_B","Defend_B+1","Defend_B","Zap","Dualcast","AscendersBane","Creative AI","Defragment","Fission+1","Beam Cell","Sweeping Beam"],"special_seed":0,"relics":["Cracked Core","Regal Pillow","Art of War","Unceasing Top"],"potions_floor_usage":[],"damage_taken":[{"damage":2.0,"enemies":"Cultist","floor":1.0,"turns":4.0},{"damage":9.0,"enemies":"2 Louse","floor":5.0,"turns":3.0},{"damage":1.0,"enemies":"Small Slimes","floor":7.0,"turns":4.0},{"damage":9,"enemies":"Lagavulin","floor":10,"turns":7},{"damage":17,"enemies":"3 Sentries","floor":13,"turns":3}],"seed_played":"7203434733442420353","potions_obtained":[{"floor":5.0,"key":"SpeedPotion"}],"is_trial":false,"path_per_floor":["M","?","$","?","M","R","M","?","T","E","T","$"],"character_chosen":"DEFECT","items_purchased":[],"campfire_rested":0,"item_purchase_floors":[],"current_hp_per_floor":[62,41,41,41,32,32,31,31,31,22,22,22,5],"gold":56,"neow_bonus":"TRANSFORM_TWO_CARDS","is_prod":false,"is_daily":false,"chose_seed":false,"campfire_upgraded":1,"win_rate":0,"timestamp":1539331440,"path_taken":["M","?","$","?","M","R","M","?","T","E","?","$","E"],"build_version":"2018-10-11","purchased_purges":1,"victory":false,"max_hp_per_floor":[71,71,71,71,71,71,71,71,71,71,71,71,71],"card_choices":[{"not_picked":["Beam Cell","Barrage"],"picked":"Defragment","floor":1.0},{"not_picked":["Steam","Heatsinks","Sunder"],"picked":"SKIP","floor":5.0},{"not_picked":["Turbo","Stack"],"picked":"Beam Cell","floor":7.0},{"not_picked":["Coolheaded","Redo"],"picked":"Sweeping Beam","floor":10}],"player_experience":311586,"relics_obtained":[{"floor":9,"key":"Regal Pillow"},{"floor":10,"key":"Art of War"},{"floor":11,"key":"Unceasing Top"}],"event_choices":[{"event_name":"Shining Light","player_choice":"Entered Light","floor":2.0,"damage_taken":0.0},{"event_name":"Living Wall","player_choice":"Change","floor":4.0,"damage_taken":0.0},{"event_name":"Dead Adventurer","player_choice":"Searched \u00270\u0027 times","floor":8,"damage_taken":0}],"is_beta":false,"boss_relics":[],"items_purged_floors":[12],"is_endless":false,"potions_floor_spawned":[5],"killed_by":"3 Sentries","ascension_level":20}