{"gold_per_floor":[109,109,124,49,49,77,77,103,127,155,80,98,98,98,98,98],"floor_reached":16,"playtime":202,"items_purged":["Strike_B"],"score":282,"play_id":"27068ca6-7d74-4a9a-a9e8-d03edfc4acb4","local_time":"20181120140133","is_ascension_mode":true,"campfire_choices":[{"data":"Zap","floor":7,"key":"SMITH"},{"data":"Ball Lightning","floor":15,"key":"SMITH"}],"neow_cost":"NONE","seed_source_timestamp":1739460907220561,"circlet_count":0,"master_deck":["AscendersBane","Strike_B","Defend_B","Defend_B","Defend_B","Defend_B","Zap+1","Dualcast","Ball Lightning+1","Conserve Battery","Blizzard"],"relics":["Cracked Core","NeowsBlessing","Oddly Smooth Stone","Dodecahedron","Orichalcum","Lantern","Darkstone Periapt","Bird Faced Urn"],"potions_floor_usage":[2,8],"damage_taken":[{"damage":0,"enemies":"2 Louse","floor":1,"turns":1},{"damage":0,"enemies":"Cultist","floor":3,"turns":1},{"damage":0,"enemies":"Lagavulin","floor":6,"turns":1},{"damage":4,"enemies":"3 Sentries","floor":8,"turns":3},{"damage":36,"enemies":"Gremlin Nob","floor":10,"turns":4},{"damage":6,"enemies":"Jaw Worm","floor":12,"turns":3},{"damage":0,"enemies":"Hexaghost","floor":16,"turns":4}],"seed_played":"8100546144816826800","potions_obtained":[{"floor":1,"key":"Poison Potion"},{"floor":2,"key":"Fruit Juice"},{"floor":2,"key":"AttackPotion"},{"floor":10,"key":"GamblersBrew"}],"is_trial":false,"path_per_floor":["M","?","M","?","?","E","R","E","T","E","$","M","T","?","R","B"],"character_chosen":"DEFECT","items_purchased":[],"campfire_rested":0,"item_purchase_floors":[],"current_hp_per_floor":[64,69,69,69,51,51,51,47,47,11,11,5,5,5,5,5],"gold":98,"neow_bonus":"THREE_ENEMY_KILL","is_prod":false,"is_daily":false,"chose_seed":false,"campfire_upgraded":2,"win_rate":0,"timestamp":1542693693,"path_taken":["M","?","?","?","?","E","R","E","T","E","$","M","?","?","R","BOSS"],"build_version":"2018-11-15","purchased_purges":1,"victory":false,"max_hp_per_floor":[71,76,76,76,76,76,76,76,76,76,76,76,76,76,76,76],"card_choices":[{"not_picked":["Rip and Tear","Gash","Chaos"],"picked":"SKIP","floor":1},{"not_picked":["Stack","Beam Cell"],"picked":"Ball Lightning","floor":3},{"not_picked":["Turbo","Amplify"],"picked":"Conserve Battery","floor":6},{"not_picked":["Sunder","Gash","Go for the Eyes"],"picked":"SKIP","floor":8},{"not_picked":["Gash","Turbo","Reinforced Body"],"picked":"SKIP","floor":10},{"not_picked":["Skim","Leap"],"picked":"Blizzard","floor":12}],"player_experience":574395,"relics_obtained":[{"floor":6,"key":"Dodecahedron"},{"floor":8,"key":"Orichalcum"},{"floor":9,"key":"Lantern"},{"floor":10,"key":"Darkstone Periapt"},{"floor":13,"key":"Bird Faced Urn"}],"event_choices":[{"damage_healed":0,"gold_gain":0,"player_choice":"Got Potions","damage_taken":0,"max_hp_gain":0,"max_hp_loss":0,"event_name":"Lab","floor":2,"gold_loss":0},{"cards_removed":["Strike_B"],"damage_healed":0,"gold_gain":0,"player_choice":"Card Removal","damage_taken":0,"max_hp_gain":0,"max_hp_loss":0,"event_name":"The Cleric","floor":4,"gold_loss":75},{"damage_healed":0,"gold_gain":0,"player_choice":"Success","damage_taken":18,"relics_obtained":["Oddly Smooth Stone"],"max_hp_gain":0,"max_hp_loss":0,"event_name":"Scrap Ooze","floor":5,"gold_loss":0},{"cards_removed":["Strike_B"],"damage_healed":0,"gold_gain":0,"player_choice":"Purged","damage_taken":0,"max_hp_gain":0,"max_hp_loss":0,"event_name":"Purifier","floor":14,"gold_loss":0}],"is_beta":true,"boss_relics":[],"items_purged_floors":[11],"is_endless":false,"potions_floor_spawned":[1,6,10],"killed_by":"Hexaghost","ascension_level":20}