{"gold_per_floor":[112,122,122,37,56,56,68,78,78,0,13,32,56,72,72,145,145,102,102,113,113],"floor_reached":21,"playtime":2079,"items_purged":[],"score":350,"play_id":"6d437cfa-e2f7-4733-b23d-1db3217afad7","local_time":"20190120205550","is_ascension_mode":true,"campfire_choices":[{"data":"Well Laid Plans","floor":6.0,"key":"SMITH"},{"data":"Well Laid Plans","floor":15.0,"key":"SMITH"}],"neow_cost":"TEN_PERCENT_HP_LOSS","seed_source_timestamp":40054528128268,"circlet_count":0,"master_deck":["AscendersBane","Defend_G","Defend_G","Defend_G","Defend_G","Strike_G","Strike_G","Strike_G","Survivor","Neutralize","Poisoned Stab","Deadly Poison","Well Laid Plans+1","Bouncing Flask","Leg Sweep","Grand Finale","Well Laid Plans+1","Glass Knife","Malaise","Doubt","Eviscerate","Well Laid Plans"],"special_seed":0,"relics":["Ring of the Snake","WarpedTongs","Odd Mushroom","Cursed Key"],"potions_floor_usage":[],"damage_taken":[{"damage":4.0,"enemies":"Cultist","floor":1.0,"turns":5.0},{"damage":0.0,"enemies":"2 Louse","floor":2.0,"turns":3.0},{"damage":1.0,"enemies":"Jaw Worm","floor":5.0,"turns":4.0},{"damage":2.0,"enemies":"Large Slime","floor":7.0,"turns":5.0},{"damage":9.0,"enemies":"Exordium Thugs","floor":8.0,"turns":6.0},{"damage":6.0,"enemies":"2 Fungi Beasts","floor":11.0,"turns":3.0},{"damage":2.0,"enemies":"Blue Slaver","floor":12.0,"turns":4.0},{"damage":4.0,"enemies":"The Mushroom Lair","floor":13.0,"turns":4.0},{"damage":1.0,"enemies":"Exordium Wildlife","floor":14.0,"turns":3.0},{"damage":29.0,"enemies":"Slime Boss","floor":16.0,"turns":10.0},{"damage":10.0,"enemies":"2 Thieves","floor":18.0,"turns":5.0},{"damage":15,"enemies":"Chosen","floor":20,"turns":4},{"damage":0,"enemies":"Shelled Parasite and Fungi","floor":21,"turns":1}],"seed_played":"-3085760052157190178","potions_obtained":[{"floor":2.0,"key":"Block Potion"},{"floor":8.0,"key":"GhostInAJar"},{"floor":11.0,"key":"SkillPotion"},{"floor":16.0,"key":"SpeedPotion"},{"floor":18.0,"key":"LiquidBronze"},{"floor":20,"key":"GhostInAJar"}],"is_trial":false,"path_per_floor":["M","M","?","$","M","R","M","M","T","$","M","M","?","M","R","B",null,"M","?","M","M"],"character_chosen":"THE_SILENT","items_purchased":["Well Laid Plans","Grand Finale"],"campfire_rested":0,"item_purchase_floors":[4,10],"current_hp_per_floor":[55,55,55,55,54,54,52,43,43,43,37,35,31,30,30,1,45,35,35,20,20],"gold":113,"neow_bonus":"REMOVE_TWO","is_prod":false,"is_daily":false,"chose_seed":false,"campfire_upgraded":2,"win_rate":0,"timestamp":1547988950,"path_taken":["M","?","?","$","M","R","M","M","T","$","M","?","?","M","R","BOSS","M","?","M","M"],"build_version":"2019-01-17v2","purchased_purges":0,"victory":false,"max_hp_per_floor":[60,60,60,60,60,60,60,60,60,60,60,60,60,60,60,60,60,60,60,60,60],"card_choices":[{"not_picked":["Dodge and Roll","Cloak And Dagger"],"picked":"Poisoned Stab","floor":1.0},{"not_picked":["Concentrate","Dagger Spray"],"picked":"Deadly Poison","floor":2.0},{"not_picked":["Dash","Deflect"],"picked":"Bouncing Flask","floor":5.0},{"not_picked":["Flying Knee","Eviscerate","Dagger Spray"],"picked":"SKIP","floor":7.0},{"not_picked":["Dagger Spray","Deflect"],"picked":"Leg Sweep","floor":8.0},{"not_picked":["Deflect","Prepared"],"picked":"Well Laid Plans","floor":11.0},{"not_picked":["Dagger Spray","Deadly Poison"],"picked":"Glass Knife","floor":12.0},{"not_picked":["Predator","Bouncing Flask","Underhanded Strike"],"picked":"SKIP","floor":14.0},{"not_picked":["Grand Finale","A Thousand Cuts"],"picked":"Malaise","floor":16.0},{"not_picked":["Setup","Caltrops","Dodge and Roll+1"],"picked":"SKIP","floor":18.0},{"not_picked":["Slice","Quick Slash"],"picked":"Well Laid Plans","floor":20}],"player_experience":2083908,"relics_obtained":[{"floor":13.0,"key":"Odd Mushroom"}],"event_choices":[{"damage_healed":0.0,"max_hp_gain":0.0,"max_hp_loss":0.0,"gold_gain":0.0,"event_name":"Accursed Blacksmith","player_choice":"Rummage","floor":3.0,"gold_loss":0.0,"damage_taken":0.0,"relics_obtained":["WarpedTongs"],"cards_obtained":["Pain"]},{"damage_healed":0.0,"max_hp_gain":0.0,"max_hp_loss":0.0,"gold_gain":0.0,"event_name":"Mushrooms","player_choice":"Fought Mushrooms","floor":13.0,"gold_loss":0.0,"damage_taken":0.0},{"damage_healed":0,"gold_gain":0,"cards_transformed":["Pain","Strike_G"],"player_choice":"Became Test Subject","damage_taken":0,"max_hp_gain":0,"max_hp_loss":0,"event_name":"Drug Dealer","floor":19,"gold_loss":0,"cards_obtained":["Doubt","Eviscerate"]}],"is_beta":false,"boss_relics":[{"not_picked":["Philosopher\u0027s Stone","Snecko Eye"],"picked":"Cursed Key"}],"items_purged_floors":[],"is_endless":false,"potions_floor_spawned":[2,8,11,16,18,20],"killed_by":"Shelled Parasite and Fungi","ascension_level":20}