{"gold_per_floor":[209,1,18,18,32,32,43,72,72,86,86,110,110],"floor_reached":13,"playtime":485,"items_purged":[],"score":150,"play_id":"081fbd31-2ba5-49dc-9eae-a76c293e29f0","local_time":"20190118144556","is_ascension_mode":true,"campfire_choices":[{"data":"Flechettes","floor":6,"key":"SMITH"}],"neow_cost":"NONE","seed_source_timestamp":0,"circlet_count":0,"master_deck":["AscendersBane","Defend_G","Defend_G","Defend_G","Defend_G","Defend_G","Strike_G","Strike_G","Strike_G","Strike_G","Strike_G","Survivor","Neutralize","Flechettes+1","Well Laid Plans","Calculated Gamble"],"special_seed":0,"relics":["Ring of the Snake","Odd Mushroom","Singing Bowl"],"potions_floor_usage":[7,13],"damage_taken":[{"damage":2,"enemies":"Small Slimes","floor":1,"turns":5},{"damage":3,"enemies":"2 Louse","floor":3,"turns":4},{"damage":1,"enemies":"Jaw Worm","floor":5,"turns":4},{"damage":5,"enemies":"Lots of Slimes","floor":7,"turns":8},{"damage":27,"enemies":"The Mushroom Lair","floor":8,"turns":6},{"damage":19,"enemies":"Gremlin Gang","floor":10,"turns":6},{"damage":4,"enemies":"Exordium Wildlife","floor":13,"turns":3}],"seed_played":"5298416362988741685","potions_obtained":[{"floor":1,"key":"Swift Potion"},{"floor":5,"key":"Weak Potion"},{"floor":8,"key":"LiquidBronze"}],"is_trial":false,"path_per_floor":["M","$","M","?","M","R","M","?","T","M","?","T","M"],"character_chosen":"THE_SILENT","items_purchased":["Flechettes","Well Laid Plans","Calculated Gamble"],"campfire_rested":0,"item_purchase_floors":[2,2,2],"current_hp_per_floor":[57,57,54,54,53,53,48,21,21,4,4,4,0],"gold":110,"neow_bonus":"HUNDRED_GOLD","is_prod":false,"is_daily":false,"chose_seed":false,"campfire_upgraded":1,"win_rate":0,"timestamp":1547793956,"path_taken":["M","$","M","?","M","R","M","?","T","M","?","?","M"],"build_version":"2019-01-16","purchased_purges":0,"victory":false,"max_hp_per_floor":[66,66,66,66,66,66,66,66,66,68,68,68,68],"card_choices":[{"not_picked":["Noxious Fumes","Leg Sweep","Dagger Spray"],"picked":"SKIP","floor":1},{"not_picked":["Noxious Fumes","Leg Sweep","Dagger Spray"],"picked":"SKIP","floor":1},{"not_picked":["Flying Knee","Cloak And Dagger","Deflect"],"picked":"SKIP","floor":3},{"not_picked":["Accuracy","Flying Knee","Caltrops"],"picked":"SKIP","floor":5},{"not_picked":["Caltrops","PiercingWail","Quick Slash"],"picked":"SKIP","floor":7},{"not_picked":["Catalyst","PiercingWail","Calculated Gamble"],"picked":"Singing Bowl","floor":10}],"player_experience":1302824,"relics_obtained":[{"floor":8,"key":"Odd Mushroom"},{"floor":9,"key":"Singing Bowl"}],"event_choices":[{"damage_healed":0,"gold_gain":0,"player_choice":"Ignored","damage_taken":0,"max_hp_gain":0,"max_hp_loss":0,"event_name":"Liars Game","floor":4,"gold_loss":0},{"damage_healed":0,"gold_gain":0,"player_choice":"Fought Mushrooms","damage_taken":0,"max_hp_gain":0,"max_hp_loss":0,"event_name":"Mushrooms","floor":8,"gold_loss":0},{"damage_healed":0,"gold_gain":0,"player_choice":"Ignored","damage_taken":0,"max_hp_gain":0,"max_hp_loss":0,"event_name":"Golden Wing","floor":11,"gold_loss":0}],"is_beta":true,"boss_relics":[],"items_purged_floors":[],"is_endless":false,"potions_floor_spawned":[1,5,8],"killed_by":"Exordium Wildlife","ascension_level":20}