{"gold_per_floor":[362,362,210,233,251,251,326,326,326,326,340,384,272,285,285,375,375,390,315,315,333,165,165,186,186,237,237,260,260,283,318,318,411,411,435,768,783,459,459,459,478,513,586,586,635,635,649,665,665,665,665,665,665,21,56,56],"floor_reached":57,"playtime":1563,"items_purged":["Strike_R","Strike_R","Strike_R","Strike_R"],"score":2875,"play_id":"792da910-a750-410d-9943-ca82a3075800","local_time":"20190311022625","is_ascension_mode":true,"campfire_choices":[{"data":"Searing Blow","floor":6.0,"key":"SMITH"},{"data":"Searing Blow+1","floor":8.0,"key":"SMITH"},{"data":"Searing Blow+2","floor":10.0,"key":"SMITH"},{"data":"Searing Blow+3","floor":15.0,"key":"SMITH"},{"data":"Searing Blow+4","floor":23.0,"key":"SMITH"},{"data":"Searing Blow+5","floor":25.0,"key":"SMITH"},{"data":"Searing Blow+6","floor":27.0,"key":"SMITH"},{"data":"Searing Blow+7","floor":29.0,"key":"SMITH"},{"data":"Searing Blow+8","floor":32.0,"key":"SMITH"},{"data":"Searing Blow+9","floor":40.0,"key":"SMITH"},{"data":"Searing Blow+10","floor":46,"key":"SMITH"},{"floor":49,"key":"RECALL"},{"data":"Searing Blow+11","floor":53,"key":"SMITH"}],"neow_cost":"PERCENT_DAMAGE","seed_source_timestamp":55321812407842,"circlet_count":0,"master_deck":["AscendersBane","Defend_R","Defend_R","Defend_R","Defend_R","Bash","Power Through","Searing Blow+12","Immolate","Disarm","Second Wind","Impervious","Evolve"],"special_seed":0,"relics":["Burning Blood","The Courier","Velvet Choker","Enchiridion","Bag of Preparation","Centennial Puzzle","Sozu","Membership Card","Happy Flower","Self Forming Clay","Pantograph","Ice Cream","Oddly Smooth Stone","Vajra","Gambling Chip","Bottled Flame","Bottled Lightning","Pear","Cauldron","Blood Vial"],"potions_floor_usage":[42,56],"damage_taken":[{"damage":2.0,"enemies":"Cultist","floor":1.0,"turns":4.0},{"damage":2.0,"enemies":"2 Louse","floor":4.0,"turns":3.0},{"damage":9.0,"enemies":"Jaw Worm","floor":5.0,"turns":4.0},{"damage":0.0,"enemies":"2 Fungi Beasts","floor":11.0,"turns":2.0},{"damage":2.0,"enemies":"3 Sentries","floor":12.0,"turns":6.0},{"damage":4.0,"enemies":"Large Slime","floor":14.0,"turns":5.0},{"damage":44.0,"enemies":"The Guardian","floor":16.0,"turns":9.0},{"damage":7.0,"enemies":"Shell Parasite","floor":18.0,"turns":6.0},{"damage":6.0,"enemies":"2 Thieves","floor":21.0,"turns":3.0},{"damage":0.0,"enemies":"Centurion and Healer","floor":24.0,"turns":5.0},{"damage":6.0,"enemies":"Shelled Parasite and Fungi","floor":28.0,"turns":3.0},{"damage":0.0,"enemies":"Cultist and Chosen","floor":30.0,"turns":3.0},{"damage":7.0,"enemies":"Slavers","floor":31.0,"turns":6.0},{"damage":0.0,"enemies":"Collector","floor":33.0,"turns":4.0},{"damage":11.0,"enemies":"3 Darklings","floor":35.0,"turns":4.0},{"damage":6.0,"enemies":"3 Shapes","floor":37.0,"turns":3.0},{"damage":0.0,"enemies":"3 Darklings","floor":41.0,"turns":6.0},{"damage":21,"enemies":"Reptomancer","floor":42,"turns":3},{"damage":0,"enemies":"2 Orb Walkers","floor":45,"turns":4},{"damage":17,"enemies":"4 Shapes","floor":47,"turns":3},{"damage":12,"enemies":"Spire Growth","floor":48,"turns":4},{"damage":27,"enemies":"Donu and Deca","floor":50,"turns":7},{"damage":40,"enemies":"Awakened One","floor":51,"turns":8},{"damage":0,"enemies":"Shield and Spear","floor":55,"turns":5},{"damage":63,"enemies":"The Heart","floor":56,"turns":8}],"seed_played":"6907163491083130602","potions_obtained":[{"floor":4.0,"key":"SkillPotion"},{"floor":11.0,"key":"Poison Potion"},{"floor":14.0,"key":"Explosive Potion"},{"floor":16.0,"key":"EssenceOfSteel"},{"floor":21.0,"key":"Swift Potion"}],"is_trial":false,"path_per_floor":["M","?","$","M","M","R","?","R","T","R","M","E","$","M","R","B",null,"M","?","?","M","$","R","M","R","T","R","M","R","M","E","R","B",null,"M","?","M","$","?","R","M","E","T","?","?","R","M","M","R","B","B",null,"R","$","E","B",null],"character_chosen":"IRONCLAD","items_purchased":["Searing Blow","Disarm","Evolve","Membership Card","Happy Flower","Oddly Smooth Stone","Vajra","Gambling Chip","Bottled Flame","Bottled Lightning","Pear","Cauldron"],"campfire_rested":0,"item_purchase_floors":[3,13,22,38,38,54,54,54,54,54,54,54],"current_hp_per_floor":[54,54,54,58,55,55,44,44,44,44,50,54,54,56,56,18,56,55,55,34,34,34,34,40,40,40,40,40,40,46,45,45,51,64,59,59,59,59,59,59,65,50,50,50,56,56,45,39,39,43,31,57,57,67,73,18],"gold":56,"neow_bonus":"TWO_FIFTY_GOLD","is_prod":false,"is_daily":false,"chose_seed":false,"campfire_upgraded":12,"win_rate":0,"timestamp":1552242385,"path_taken":["M","?","$","M","M","R","?","R","T","R","M","E","$","M","R","BOSS","M","?","?","M","$","R","M","R","T","R","M","R","M","E","R","BOSS","M","?","M","$","?","R","M","E","T","?","?","R","?","M","R","BOSS","BOSS","R","$","E","BOSS"],"build_version":"2019-01-23","purchased_purges":4,"victory":true,"max_hp_per_floor":[75,68,68,68,68,68,68,68,68,68,68,68,68,68,68,68,68,68,68,68,68,68,68,68,68,68,68,68,68,68,68,68,68,68,68,68,68,68,68,68,68,68,68,65,65,65,65,65,65,65,65,65,65,75,75,75],"card_choices":[{"not_picked":["Clothesline","Sword Boomerang"],"picked":"Power Through","floor":1.0},{"not_picked":["Uppercut","Rupture","Shrug It Off"],"picked":"SKIP","floor":4.0},{"not_picked":["Armaments","Immolate","Sever Soul"],"picked":"SKIP","floor":5.0},{"not_picked":["Armaments","Sever Soul"],"picked":"Immolate","floor":5.0},{"not_picked":["Carnage","Wild Strike","Shrug It Off"],"picked":"SKIP","floor":11.0},{"not_picked":["Whirlwind","Carnage","Sword Boomerang"],"picked":"SKIP","floor":12.0},{"not_picked":["Wild Strike","Feel No Pain"],"picked":"Second Wind","floor":14.0},{"not_picked":["Limit Break","Barricade"],"picked":"Impervious","floor":16.0},{"not_picked":["Intimidate","Warcry","Clash"],"picked":"SKIP","floor":18.0},{"not_picked":["Armaments+1","Anger","Entrench"],"picked":"SKIP","floor":21.0},{"not_picked":["Cleave","Shrug It Off","Combust+1"],"picked":"SKIP","floor":24.0},{"not_picked":["Havoc","Flex","Seeing Red"],"picked":"SKIP","floor":28.0},{"not_picked":["Wild Strike","Perfected Strike","Armaments"],"picked":"SKIP","floor":30.0},{"not_picked":["Rupture","Rage","Dark Embrace"],"picked":"SKIP","floor":31.0},{"not_picked":["Fire Breathing+1","Spot Weakness","Warcry"],"picked":"SKIP","floor":35.0},{"not_picked":["Perfected Strike+1","True Grit+1","Pommel Strike+1"],"picked":"SKIP","floor":37.0},{"not_picked":["Combust","Pommel Strike","Carnage+1"],"picked":"SKIP","floor":41.0},{"not_picked":["Armaments","Wild Strike","Hemokinesis"],"picked":"SKIP","floor":42},{"not_picked":["Second Wind","Iron Wave","Spot Weakness"],"picked":"SKIP","floor":47},{"not_picked":["Shockwave","Wild Strike","Bloodletting+1"],"picked":"SKIP","floor":48},{"not_picked":["Shrug It Off+1","Thunderclap+1","Clothesline"],"picked":"SKIP","floor":55}],"player_experience":3469738,"relics_obtained":[{"floor":12.0,"key":"The Courier"},{"floor":20.0,"key":"Enchiridion"},{"floor":26.0,"key":"Bag of Preparation"},{"floor":31.0,"key":"Centennial Puzzle"},{"floor":42,"key":"Self Forming Clay"},{"floor":43,"key":"Pantograph"},{"floor":45,"key":"Ice Cream"},{"floor":55,"key":"Blood Vial"}],"event_choices":[{"damage_healed":0.0,"max_hp_gain":0.0,"max_hp_loss":7.0,"gold_gain":0.0,"event_name":"Golden Idol","player_choice":"Lose Max HP","floor":2.0,"gold_loss":0.0,"damage_taken":0.0,"relics_obtained":["Golden Idol"]},{"damage_healed":0.0,"max_hp_gain":0.0,"max_hp_loss":0.0,"gold_gain":75.0,"event_name":"World of Goop","player_choice":"Gather Gold","floor":7.0,"gold_loss":0.0,"damage_taken":11.0},{"cards_removed":["Strike_R"],"damage_healed":0.0,"max_hp_gain":0.0,"max_hp_loss":0.0,"gold_gain":0.0,"event_name":"Beggar","player_choice":"Gave Gold","floor":19.0,"gold_loss":75.0,"damage_taken":0.0},{"damage_healed":0.0,"max_hp_gain":0.0,"max_hp_loss":0.0,"gold_gain":0.0,"event_name":"Cursed Tome","player_choice":"Obtained Book","floor":20.0,"gold_loss":0.0,"damage_taken":21.0},{"damage_healed":0.0,"max_hp_gain":0.0,"max_hp_loss":0.0,"gold_gain":333.0,"event_name":"The Moai Head","player_choice":"Gave Idol","floor":36.0,"relics_lost":["Golden Idol"],"gold_loss":0.0,"damage_taken":0.0},{"damage_healed":0.0,"max_hp_gain":0.0,"max_hp_loss":0.0,"gold_gain":0.0,"event_name":"SensoryStone","player_choice":"Memory 1","floor":39.0,"gold_loss":0.0,"damage_taken":0.0},{"damage_healed":0,"gold_gain":0,"player_choice":"Max HP","damage_taken":0,"max_hp_gain":0,"max_hp_loss":3,"event_name":"Winding Halls","floor":44,"gold_loss":0},{"damage_healed":0,"gold_gain":0,"player_choice":"Fight","damage_taken":0,"max_hp_gain":0,"max_hp_loss":0,"event_name":"Mysterious Sphere","floor":45,"gold_loss":0}],"is_beta":false,"boss_relics":[{"not_picked":["Tiny House","Calling Bell"],"picked":"Velvet Choker"},{"not_picked":["Astrolabe","Philosopher\u0027s Stone"],"picked":"Sozu"}],"items_purged_floors":[3,13,22,38],"is_endless":false,"potions_floor_spawned":[4,11,14,16,21,28,30,31,35,47,48,55],"ascension_level":20}