{"gold_per_floor":[360,360,371,386,405,405,426,426,426,445,445,445,456,456],"floor_reached":14,"playtime":468,"items_purged":[],"score":164,"play_id":"e7f21920-bef9-48c2-8003-e7e9aaf4e7fc","local_time":"20181115215618","is_ascension_mode":true,"campfire_choices":[{"data":"Noxious Fumes","floor":6.0,"key":"SMITH"},{"data":"Tactician","floor":8.0,"key":"SMITH"},{"data":"Reflex","floor":12,"key":"SMITH"}],"neow_cost":"CURSE","seed_source_timestamp":0,"circlet_count":0,"master_deck":["AscendersBane","Defend_G","Defend_G","Defend_G","Defend_G","Defend_G","Strike_G","Strike_G","Strike_G","Strike_G","Strike_G","Survivor","Neutralize","Clumsy","Tactician+1","Noxious Fumes+1","Backflip","Reflex+1","Prepared+1"],"special_seed":0,"relics":["Ring of the Snake","Odd Mushroom","StoneCalendar"],"potions_floor_usage":[],"damage_taken":[{"damage":0.0,"enemies":"2 Louse","floor":1.0,"turns":4.0},{"damage":1.0,"enemies":"Small Slimes","floor":3.0,"turns":4.0},{"damage":0.0,"enemies":"Jaw Worm","floor":4.0,"turns":6.0},{"damage":19.0,"enemies":"Large Slime","floor":5.0,"turns":9.0},{"damage":15.0,"enemies":"The Mushroom Lair","floor":7.0,"turns":5.0},{"damage":4.0,"enemies":"Looter","floor":10.0,"turns":5.0},{"damage":22,"enemies":"Lots of Slimes","floor":13,"turns":5},{"damage":7,"enemies":"3 Louse","floor":14,"turns":1}],"seed_played":"-6364309701511698225","potions_obtained":[{"floor":4.0,"key":"Weak Potion"}],"is_trial":false,"path_per_floor":["M","?","M","M","M","R","?","R","T","M","?","R","M","M"],"character_chosen":"THE_SILENT","items_purchased":[],"campfire_rested":0,"item_purchase_floors":[],"current_hp_per_floor":[59,64,63,63,44,44,29,29,29,25,25,25,3,0],"gold":456,"neow_bonus":"TWO_FIFTY_GOLD","is_prod":false,"is_daily":false,"chose_seed":false,"campfire_upgraded":3,"win_rate":0,"timestamp":1542290178,"path_taken":["M","?","M","M","M","R","?","R","T","M","?","R","M","?"],"build_version":"2018-11-14","purchased_purges":0,"victory":false,"max_hp_per_floor":[66,71,71,71,71,71,71,71,71,71,71,71,71,71],"card_choices":[{"not_picked":["Deflect","Outmaneuver"],"picked":"Tactician","floor":1.0},{"not_picked":["Choke","Outmaneuver"],"picked":"Noxious Fumes","floor":3.0},{"not_picked":["Dodge and Roll","Setup"],"picked":"Backflip","floor":4.0},{"not_picked":["Backflip","Slice"],"picked":"Reflex","floor":5.0},{"not_picked":["Outmaneuver","Die Die Die"],"picked":"Prepared","floor":10.0},{"not_picked":["Bane","Flying Knee","Dodge and Roll"],"picked":"SKIP","floor":13}],"player_experience":1069831,"relics_obtained":[{"floor":7.0,"key":"Odd Mushroom"},{"floor":9.0,"key":"StoneCalendar"}],"event_choices":[{"damage_healed":0.0,"max_hp_gain":5.0,"max_hp_loss":0.0,"gold_gain":0.0,"event_name":"Big Fish","player_choice":"Donut","floor":2.0,"gold_loss":0.0,"damage_taken":0.0},{"damage_healed":0.0,"max_hp_gain":0.0,"max_hp_loss":0.0,"gold_gain":0.0,"event_name":"Mushrooms","player_choice":"Fought Mushrooms","floor":7.0,"gold_loss":0.0,"damage_taken":0.0},{"damage_healed":0,"gold_gain":0,"player_choice":"Grow","damage_taken":0,"max_hp_gain":0,"max_hp_loss":0,"event_name":"Living Wall","floor":11,"gold_loss":0,"cards_upgraded":["Prepared"]}],"is_beta":true,"boss_relics":[],"items_purged_floors":[],"is_endless":false,"potions_floor_spawned":[4],"killed_by":"3 Louse","ascension_level":20}