{"gold_per_floor":[110,70,70,88,88,119,119,144,156,77,92,64,84,98,98,98],"floor_reached":16,"playtime":309,"items_purged":[],"score":263,"play_id":"b44794ac-9fb1-436e-af79-402c50e13990","local_time":"20181219172432","is_ascension_mode":true,"campfire_choices":[{"data":"Defragment","floor":7,"key":"SMITH"},{"data":"Defragment","floor":15,"key":"SMITH"}],"neow_cost":"NONE","seed_source_timestamp":29286979711585,"circlet_count":0,"master_deck":["AscendersBane","Strike_B","Strike_B","Strike_B","Defend_B","Defend_B","Defend_B","Zap","Dualcast","Streamline","Defragment+1","Amplify","Genetic Algorithm","Finesse","Coolheaded","Defragment+1","White Noise"],"relics":["Cracked Core","NeowsBlessing","Molten Egg 2","MawBank"],"potions_floor_usage":[14,16],"damage_taken":[{"damage":0,"enemies":"Jaw Worm","floor":1,"turns":1},{"damage":0,"enemies":"Small Slimes","floor":4,"turns":1},{"damage":0,"enemies":"3 Sentries","floor":6,"turns":1},{"damage":32,"enemies":"Gremlin Nob","floor":8,"turns":4},{"damage":0,"enemies":"Cultist","floor":11,"turns":3},{"damage":12,"enemies":"Red Slaver","floor":13,"turns":4},{"damage":0,"enemies":"Exordium Wildlife","floor":14,"turns":5},{"damage":28,"enemies":"Slime Boss","floor":16,"turns":3}],"seed_played":"-8770747128916928008","potions_obtained":[{"floor":8,"key":"GamblersBrew"},{"floor":13,"key":"Block Potion"},{"floor":14,"key":"Strength Potion"}],"is_trial":false,"path_per_floor":["M","$","?","M","?","E","R","E","T","$","M","$","M","M","R","B"],"character_chosen":"DEFECT","items_purchased":["Defragment","Finesse","Coolheaded"],"campfire_rested":0,"item_purchase_floors":[2,10,12],"current_hp_per_floor":[64,64,57,57,57,57,57,25,25,25,25,25,13,13,13,0],"gold":98,"neow_bonus":"THREE_ENEMY_KILL","is_prod":false,"is_daily":false,"chose_seed":false,"campfire_upgraded":2,"win_rate":0,"timestamp":1545211472,"path_taken":["M","$","?","M","?","E","R","E","T","$","M","$","M","M","R","BOSS"],"build_version":"2018-12-13","purchased_purges":0,"victory":false,"max_hp_per_floor":[71,71,71,71,71,71,71,71,71,71,71,71,71,71,71,71],"card_choices":[{"not_picked":["Coolheaded","Redo"],"picked":"Streamline","floor":1},{"not_picked":["Redo","Leap","Heatsinks"],"picked":"SKIP","floor":4},{"not_picked":["Steam","Undo"],"picked":"Amplify","floor":6},{"not_picked":["Turbo","Undo"],"picked":"Genetic Algorithm","floor":8},{"not_picked":["Stack","Leap","Lockon+1"],"picked":"SKIP","floor":11},{"not_picked":["Streamline+1","Turbo"],"picked":"Defragment","floor":13},{"not_picked":["Streamline+1","Sweeping Beam+1"],"picked":"White Noise","floor":14}],"player_experience":1384637,"relics_obtained":[{"floor":6,"key":"Molten Egg 2"},{"floor":8,"key":"MawBank"}],"event_choices":[{"cards_removed":["Strike_B"],"damage_healed":0,"gold_gain":0,"player_choice":"Card Removal","damage_taken":7,"max_hp_gain":0,"max_hp_loss":0,"event_name":"Golden Wing","floor":3,"gold_loss":0},{"cards_removed":["Defend_B"],"damage_healed":0,"gold_gain":0,"player_choice":"Purged","damage_taken":0,"max_hp_gain":0,"max_hp_loss":0,"event_name":"Purifier","floor":5,"gold_loss":0}],"is_beta":false,"boss_relics":[],"items_purged_floors":[],"is_endless":false,"potions_floor_spawned":[8,13,14],"killed_by":"Slime Boss","ascension_level":19}