{"gold_per_floor":[119,34,34,34,34,34,54,74,74,90,90,108,108,133,133,207,207,207,207,207,207,207,207,20,20,20,20,20,20,20,20,20,20,20,20,20,0,0,0,0,0,0,0,0,0,0,0,0,0,0,0,0,0,0,0],"floor_reached":55,"playtime":3307,"items_purged":[],"score":1611,"play_id":"ca8933ec-601e-4ef7-b8b1-0a8078eb9346","local_time":"20181218163553","is_ascension_mode":true,"campfire_choices":[{"data":"Well Laid Plans","floor":6.0,"key":"SMITH"},{"data":"Malaise","floor":11.0,"key":"SMITH"},{"data":"Grand Finale","floor":15.0,"key":"SMITH"},{"data":"Acrobatics","floor":23.0,"key":"SMITH"},{"data":"Apotheosis","floor":27.0,"key":"SMITH"},{"floor":29.0,"key":"RECALL"},{"data":"Acrobatics","floor":32.0,"key":"SMITH"},{"floor":41.0,"key":"REST"},{"floor":46.0,"key":"REST"},{"floor":49.0,"key":"REST"},{"floor":52.0,"key":"REST"}],"neow_cost":"NONE","seed_source_timestamp":13029294829380,"circlet_count":0,"master_deck":["AscendersBane","Defend_G+1","Defend_G+1","Defend_G+1","Defend_G+1","Defend_G+1","Strike_G+1","Strike_G+1","Strike_G+1","Strike_G+1","Survivor+1","Neutralize+1","Grand Finale+1","Well Laid Plans+1","Acrobatics+1","Catalyst+1","Malaise+1","Prepared+1","Acrobatics+1","Apotheosis+1","Tactician+1","Prepared+1","Backflip+1","Calculated Gamble+1","Caltrops"],"special_seed":0,"relics":["Ring of the Snake","Ornamental Fan","Ectoplasm","Blood Vial","Runic Pyramid","Red Mask","Gremlin Horn","Question Card","Regal Pillow","Mark of the Bloom","Bronze Scales"],"potions_floor_usage":[],"damage_taken":[{"damage":5.0,"enemies":"2 Louse","floor":1.0,"turns":5.0},{"damage":1.0,"enemies":"Small Slimes","floor":7.0,"turns":4.0},{"damage":0.0,"enemies":"Jaw Worm","floor":8.0,"turns":4.0},{"damage":0.0,"enemies":"Blue Slaver","floor":10.0,"turns":6.0},{"damage":3.0,"enemies":"Looter","floor":12.0,"turns":4.0},{"damage":0.0,"enemies":"Hexaghost","floor":16.0,"turns":9.0},{"damage":0.0,"enemies":"Chosen","floor":18.0,"turns":7.0},{"damage":9.0,"enemies":"Shell Parasite","floor":19.0,"turns":5.0},{"damage":0.0,"enemies":"3 Cultists","floor":22.0,"turns":2.0},{"damage":4.0,"enemies":"Shelled Parasite and Fungi","floor":25.0,"turns":7.0},{"damage":5.0,"enemies":"Snecko","floor":28.0,"turns":6.0},{"damage":4.0,"enemies":"Sentry and Sphere","floor":30.0,"turns":4.0},{"damage":13.0,"enemies":"Shelled Parasite and Fungi","floor":31.0,"turns":4.0},{"damage":1.0,"enemies":"Champ","floor":33.0,"turns":8.0},{"damage":34.0,"enemies":"3 Darklings","floor":35.0,"turns":3.0},{"damage":0.0,"enemies":"3 Shapes","floor":38.0,"turns":3.0},{"damage":0.0,"enemies":"Writhing Mass","floor":40.0,"turns":6.0},{"damage":8.0,"enemies":"4 Shapes","floor":42.0,"turns":4.0},{"damage":12.0,"enemies":"Sphere and 2 Shapes","floor":44.0,"turns":6.0},{"damage":0.0,"enemies":"Giant Head","floor":45.0,"turns":6.0},{"damage":4.0,"enemies":"Transient","floor":48.0,"turns":6.0},{"damage":0.0,"enemies":"Donu and Deca","floor":50.0,"turns":7.0},{"damage":0.0,"enemies":"Shield and Spear","floor":54.0,"turns":6.0},{"damage":67,"enemies":"The Heart","floor":55,"turns":8}],"seed_played":"-1178524098521513355","potions_obtained":[{"floor":7.0,"key":"Weak Potion"},{"floor":8.0,"key":"Dexterity Potion"},{"floor":12.0,"key":"FairyPotion"},{"floor":18.0,"key":"Dexterity Potion"},{"floor":28.0,"key":"AttackPotion"},{"floor":33.0,"key":"Fire Potion"},{"floor":38.0,"key":"EssenceOfSteel"},{"floor":42.0,"key":"SpeedPotion"},{"floor":44.0,"key":"Dexterity Potion"},{"floor":45.0,"key":"PowerPotion"},{"floor":48.0,"key":"EssenceOfSteel"}],"is_trial":false,"path_per_floor":["M","$","?","?","?","R","M","M","T","M","R","M","?","T","R","B",null,"M","M","?","?","M","R","$","M","T","R","M","R","M","M","R","B",null,"M","?","?","M","?","M","R","M","T","M","E","R","?","M","R","B",null,"R","$","E","B"],"character_chosen":"THE_SILENT","items_purchased":["Well Laid Plans","Apotheosis"],"campfire_rested":4,"item_purchase_floors":[2,24],"current_hp_per_floor":[54,54,54,34,39,39,38,38,38,38,38,35,28,28,28,28,60,60,51,51,51,51,51,51,47,47,47,44,44,42,31,31,32,61,29,29,29,31,31,33,53,47,47,37,39,67,67,63,63,63,63,63,63,63,0],"gold":0,"neow_bonus":"ONE_RANDOM_RARE_CARD","is_prod":false,"is_daily":false,"chose_seed":false,"campfire_upgraded":6,"win_rate":0,"timestamp":1545122153,"path_taken":["M","$","?","?","?","R","M","M","T","M","R","M","?","?","R","BOSS","M","M","?","?","M","R","$","M","T","R","M","R","M","?","R","BOSS","M","?","?","M","?","M","R","?","T","M","E","R","?","M","R","BOSS","R","$","E","BOSS"],"build_version":"2018-12-13","purchased_purges":0,"victory":false,"max_hp_per_floor":[66,66,66,66,71,71,71,71,71,71,71,71,71,71,71,71,71,71,71,71,71,71,71,71,71,71,71,71,71,71,71,71,71,71,71,67,67,67,67,67,67,67,67,67,67,67,67,67,67,67,67,67,67,67,67],"card_choices":[{"not_picked":["Outmaneuver","Reflex","Cloak And Dagger"],"picked":"SKIP","floor":1.0},{"not_picked":["PiercingWail","Deflect"],"picked":"Acrobatics","floor":7.0},{"not_picked":["Underhanded Strike","Cloak And Dagger"],"picked":"Catalyst","floor":8.0},{"not_picked":["Dodge and Roll","Dagger Spray"],"picked":"Malaise","floor":10.0},{"not_picked":["Accuracy","Outmaneuver"],"picked":"Prepared","floor":12.0},{"not_picked":["Poisoned Stab","Quick Slash","Finisher"],"picked":"SKIP","floor":18.0},{"not_picked":["Sucker Punch","Deflect","Dagger Throw"],"picked":"SKIP","floor":19.0},{"not_picked":["Flechettes+1","Reflex","Quick Slash"],"picked":"SKIP","floor":22.0},{"not_picked":["Outmaneuver","Crippling Poison","Skewer"],"picked":"SKIP","floor":25.0},{"not_picked":["Calculated Gamble","Dagger Throw","Caltrops+1"],"picked":"SKIP","floor":28.0},{"not_picked":["Backstab+1","Slice"],"picked":"Tactician","floor":30.0},{"not_picked":["Caltrops","Acrobatics","Cloak And Dagger"],"picked":"SKIP","floor":31.0},{"not_picked":["Dagger Throw","Deadly Poison"],"picked":"Prepared","floor":35.0},{"not_picked":["Slice","Poisoned Stab","Quick Slash+1"],"picked":"SKIP","floor":38.0},{"not_picked":["Deflect","Dagger Throw+1","Accuracy"],"picked":"SKIP","floor":40.0},{"not_picked":["Grand Finale","Deflect","Poisoned Stab+1"],"picked":"SKIP","floor":42.0},{"not_picked":["Dodge and Roll","PiercingWail+1","Concentrate"],"picked":"Backflip","floor":44.0},{"not_picked":["Footwork","Flechettes+1","Cloak And Dagger+1","Poisoned Stab"],"picked":"SKIP","floor":45.0},{"not_picked":["Concentrate","Infinite Blades","Terror"],"picked":"Calculated Gamble+1","floor":48.0},{"not_picked":["Dash","Riddle With Holes+1","Expertise+1"],"picked":"Caltrops","floor":54.0}],"player_experience":1346577,"relics_obtained":[{"floor":9.0,"key":"Ornamental Fan"},{"floor":26.0,"key":"Blood Vial"},{"floor":43.0,"key":"Question Card"},{"floor":45.0,"key":"Regal Pillow"},{"floor":54.0,"key":"Bronze Scales"}],"event_choices":[{"damage_healed":0.0,"max_hp_gain":0.0,"max_hp_loss":0.0,"gold_gain":0.0,"event_name":"The Cleric","player_choice":"Leave","floor":3.0,"gold_loss":0.0,"damage_taken":0.0},{"damage_healed":0.0,"max_hp_gain":0.0,"max_hp_loss":0.0,"gold_gain":0.0,"event_name":"Shining Light","player_choice":"Entered Light","floor":4.0,"gold_loss":0.0,"damage_taken":20.0,"cards_upgraded":["Strike_G","Defend_G"]},{"damage_healed":0.0,"max_hp_gain":5.0,"max_hp_loss":0.0,"gold_gain":0.0,"event_name":"Big Fish","player_choice":"Donut","floor":5.0,"gold_loss":0.0,"damage_taken":0.0},{"cards_removed":["Strike_G"],"damage_healed":0.0,"max_hp_gain":0.0,"max_hp_loss":0.0,"gold_gain":0.0,"event_name":"Golden Wing","player_choice":"Card Removal","floor":13.0,"gold_loss":0.0,"damage_taken":7.0},{"damage_healed":0.0,"max_hp_gain":0.0,"max_hp_loss":0.0,"gold_gain":0.0,"event_name":"The Library","player_choice":"Read","floor":20.0,"gold_loss":0.0,"damage_taken":0.0,"cards_obtained":["Acrobatics"]},{"damage_healed":0.0,"max_hp_gain":0.0,"max_hp_loss":0.0,"gold_gain":0.0,"event_name":"The Mausoleum","player_choice":"Ignored","floor":21.0,"gold_loss":0.0,"damage_taken":0.0},{"damage_healed":0.0,"max_hp_gain":0.0,"max_hp_loss":4.0,"gold_gain":0.0,"event_name":"Winding Halls","player_choice":"Max HP","floor":36.0,"gold_loss":0.0,"damage_taken":0.0},{"damage_healed":0.0,"max_hp_gain":0.0,"max_hp_loss":0.0,"gold_gain":0.0,"event_name":"Tomb of Lord Red Mask","player_choice":"Paid","floor":37.0,"gold_loss":20.0,"damage_taken":0.0,"relics_obtained":["Red Mask"]},{"damage_healed":0.0,"max_hp_gain":0.0,"max_hp_loss":0.0,"gold_gain":0.0,"event_name":"WeMeetAgain","player_choice":"Gave Potion","floor":39.0,"gold_loss":0.0,"damage_taken":0.0,"relics_obtained":["Gremlin Horn"]},{"damage_healed":0.0,"max_hp_gain":0.0,"max_hp_loss":0.0,"gold_gain":0.0,"event_name":"MindBloom","player_choice":"Upgrade","floor":47.0,"gold_loss":0.0,"damage_taken":0.0,"cards_upgraded":["Defend_G","Defend_G","Defend_G","Defend_G","Strike_G","Strike_G","Strike_G","Survivor","Neutralize","Catalyst","Prepared","Tactician","Prepared","Backflip"],"relics_obtained":["Mark of the Bloom"]}],"is_beta":false,"boss_relics":[{"not_picked":["Pandora\u0027s Box","Snecko Eye"],"picked":"Ectoplasm"},{"not_picked":["Tiny House","Coffee Dripper"],"picked":"Runic Pyramid"}],"items_purged_floors":[],"is_endless":false,"potions_floor_spawned":[7,8,12,18,28,33,38,42,44,45,48],"killed_by":"The Heart","ascension_level":17}