{"gold_per_floor":[118,39,39,39,59,59,59,59,59,59,30,30,30,30,30,126,126,140,158,178,178,98,122,122,47,115,115,115],"floor_reached":28,"playtime":752,"items_purged":["Strike_B"],"score":504,"play_id":"b4a7930d-0659-47fb-8b92-35e2a930adca","local_time":"20190309212916","is_ascension_mode":true,"campfire_choices":[{"data":"Sunder","floor":6.0,"key":"SMITH"},{"data":"Dualcast","floor":10.0,"key":"SMITH"},{"data":"Self Repair","floor":12.0,"key":"SMITH"},{"data":"Hologram","floor":15.0,"key":"SMITH"},{"data":"Biased Cognition","floor":24,"key":"SMITH"}],"neow_cost":"NONE","seed_source_timestamp":33467512527237,"circlet_count":0,"master_deck":["AscendersBane","Strike_B","Strike_B","Defend_B","Defend_B","Defend_B","Defend_B","Zap+1","Dualcast+1","Consume+1","Self Repair+1","Sunder+1","Ball Lightning","Hologram+1","Biased Cognition+1","Skim","Beam Cell+1"],"special_seed":0,"relics":["Cracked Core","NeowsBlessing","Golden Idol","Runic Pyramid","Nloth\u0027s Gift"],"potions_floor_usage":[],"damage_taken":[{"damage":0.0,"enemies":"Cultist","floor":1.0,"turns":1.0},{"damage":0.0,"enemies":"2 Louse","floor":5.0,"turns":1.0},{"damage":0.0,"enemies":"The Guardian","floor":16.0,"turns":1.0},{"damage":18.0,"enemies":"3 Byrds","floor":18.0,"turns":4.0},{"damage":0.0,"enemies":"Chosen","floor":19.0,"turns":3.0},{"damage":14.0,"enemies":"Snake Plant","floor":20.0,"turns":4.0},{"damage":32.0,"enemies":"Centurion and Healer","floor":23.0,"turns":6.0},{"damage":19,"enemies":"Slavers","floor":28,"turns":2}],"seed_played":"-5459438831790487675","potions_obtained":[{"floor":1.0,"key":"Weak Potion"},{"floor":19.0,"key":"Block Potion"},{"floor":23,"key":"Explosive Potion"}],"is_trial":false,"path_per_floor":["M","$","?","?","M","R","?","$","T","R","$","R","?","$","R","B",null,"M","M","M","?","$","M","R","$","T","?","E"],"character_chosen":"DEFECT","items_purchased":["Self Repair","Ball Lightning","Skim"],"campfire_rested":0,"item_purchase_floors":[2,11,22],"current_hp_per_floor":[64,64,43,43,43,43,43,43,43,43,43,43,43,43,43,43,59,51,51,47,47,47,25,25,25,25,25,6],"gold":115,"neow_bonus":"THREE_ENEMY_KILL","is_prod":false,"is_daily":false,"chose_seed":false,"campfire_upgraded":5,"win_rate":0,"timestamp":1552138156,"path_taken":["M","?","?","?","?","R","?","$","T","R","$","R","?","?","R","BOSS","M","?","M","?","$","M","R","$","T","?","E"],"build_version":"2019-01-23","purchased_purges":1,"victory":false,"max_hp_per_floor":[71,71,71,64,64,64,64,64,64,64,64,64,64,64,64,64,64,64,64,64,64,64,64,64,64,64,64,64],"card_choices":[{"not_picked":["Steam","Go for the Eyes"],"picked":"Consume","floor":1.0},{"not_picked":["Compile Driver","Turbo"],"picked":"Sunder","floor":5.0},{"not_picked":["Amplify","Seek"],"picked":"Biased Cognition","floor":16.0},{"not_picked":["Hologram","Stack","Rebound"],"picked":"SKIP","floor":18.0},{"not_picked":["Hologram","Doom and Gloom","Gash"],"picked":"SKIP","floor":19.0},{"not_picked":["Stack","Rebound","Gash"],"picked":"SKIP","floor":20.0},{"not_picked":["Hello World","Reinforced Body"],"picked":"Beam Cell+1","floor":23}],"player_experience":3447107,"relics_obtained":[{"floor":26,"key":"Bottled Lightning"}],"event_choices":[{"damage_healed":0.0,"max_hp_gain":0.0,"max_hp_loss":0.0,"gold_gain":0.0,"event_name":"Shining Light","player_choice":"Entered Light","floor":3.0,"gold_loss":0.0,"damage_taken":21.0,"cards_upgraded":["Consume","Zap"]},{"damage_healed":0.0,"max_hp_gain":0.0,"max_hp_loss":7.0,"gold_gain":0.0,"event_name":"Golden Idol","player_choice":"Lose Max HP","floor":4.0,"gold_loss":0.0,"damage_taken":0.0,"relics_obtained":["Golden Idol"]},{"damage_healed":0.0,"max_hp_gain":0.0,"max_hp_loss":0.0,"gold_gain":0.0,"event_name":"Dead Adventurer","player_choice":"Searched \u00270\u0027 times","floor":7.0,"gold_loss":0.0,"damage_taken":0.0},{"damage_healed":0.0,"max_hp_gain":0.0,"max_hp_loss":0.0,"gold_gain":0.0,"cards_transformed":["Strike_B"],"event_name":"Living Wall","player_choice":"Change","floor":13.0,"gold_loss":0.0,"damage_taken":0.0,"cards_obtained":["Hologram"]},{"damage_healed":0.0,"max_hp_gain":0.0,"max_hp_loss":0.0,"gold_gain":0.0,"event_name":"The Mausoleum","player_choice":"Ignored","floor":21.0,"gold_loss":0.0,"damage_taken":0.0},{"damage_healed":0,"gold_gain":0,"player_choice":"Traded Relic","damage_taken":0,"relics_obtained":["Nloth\u0027s Gift"],"max_hp_gain":0,"max_hp_loss":0,"event_name":"N\u0027loth","floor":27,"relics_lost":["Bottled Lightning"],"gold_loss":0}],"is_beta":false,"boss_relics":[{"not_picked":["Pandora\u0027s Box","Busted Crown"],"picked":"Runic Pyramid"}],"items_purged_floors":[25],"is_endless":false,"potions_floor_spawned":[1,19,23],"killed_by":"Slavers","ascension_level":20}