{"gold_per_floor":[113,63,74,93,108,108,33,33,60,77,77,93,104,104,104,104],"floor_reached":16,"playtime":411,"items_purged":["Defend_G"],"score":155,"play_id":"8f840b68-1f7e-45fd-90eb-0b6738e0fb4f","local_time":"20181012104811","is_ascension_mode":true,"campfire_choices":[{"data":"Wraith Form v2","floor":6,"key":"SMITH"},{"data":"Calculated Gamble","floor":8,"key":"SMITH"},{"data":"Deadly Poison","floor":15,"key":"SMITH"}],"neow_cost":"NONE","seed_source_timestamp":2015216700157,"circlet_count":0,"master_deck":["Defend_G","Defend_G","Defend_G","Defend_G","Strike_G","Strike_G","Strike_G","Strike_G","Survivor","Neutralize","AscendersBane","Phantasmal Killer","PiercingWail","Dodge and Roll","Calculated Gamble+1","Wraith Form v2+1","Crippling Poison+1","Deadly Poison+1"],"relics":["Ring of the Snake","Omamori"],"potions_floor_usage":[],"damage_taken":[{"damage":0,"enemies":"Jaw Worm","floor":1,"turns":4},{"damage":0,"enemies":"2 Louse","floor":3,"turns":3},{"damage":0,"enemies":"Small Slimes","floor":4,"turns":6},{"damage":5,"enemies":"Red Slaver","floor":5,"turns":7},{"damage":2,"enemies":"2 Fungi Beasts","floor":10,"turns":6},{"damage":5,"enemies":"3 Louse","floor":12,"turns":2},{"damage":7,"enemies":"Large Slime","floor":13,"turns":6},{"damage":44,"enemies":"The Guardian","floor":16,"turns":5}],"seed_played":"-1906105087912447503","potions_obtained":[{"floor":4,"key":"Strength Potion"},{"floor":12,"key":"Ancient Potion"}],"is_trial":false,"path_per_floor":["M","?","M","M","M","R","$","R","T","M","?","M","M","?","R"],"character_chosen":"THE_SILENT","items_purchased":[],"campfire_rested":0,"item_purchase_floors":[],"current_hp_per_floor":[63,63,63,63,58,58,58,58,58,56,56,51,44,44,44,0],"gold":104,"neow_bonus":"ONE_RANDOM_RARE_CARD","is_prod":false,"is_daily":false,"chose_seed":false,"campfire_upgraded":3,"win_rate":0,"timestamp":1539312491,"path_taken":["M","?","M","M","M","R","$","R","T","M","?","M","M","?","R","BOSS"],"build_version":"2018-10-11","purchased_purges":1,"victory":false,"max_hp_per_floor":[70,70,70,70,70,70,70,70,70,70,70,70,70,70,70,70],"card_choices":[{"not_picked":["Outmaneuver","Masterful Stab"],"picked":"PiercingWail","floor":1},{"not_picked":["Slice","Flying Knee"],"picked":"Dodge and Roll","floor":3},{"not_picked":["Blade Dance","Dodge and Roll"],"picked":"Calculated Gamble","floor":4},{"not_picked":["Escape Plan","Slice"],"picked":"Wraith Form v2","floor":5},{"not_picked":["Caltrops","Deflect"],"picked":"Crippling Poison","floor":10},{"not_picked":["Slice","Reflex","Bane"],"picked":"SKIP","floor":12},{"not_picked":["Tactician","Blade Dance"],"picked":"Deadly Poison","floor":13}],"player_experience":119393,"relics_obtained":[{"floor":9,"key":"Omamori"}],"event_choices":[{"event_name":"The Cleric","player_choice":"Card Removal","floor":2,"damage_taken":0},{"event_name":"Living Wall","player_choice":"Grow","floor":11,"damage_taken":0},{"event_name":"Scrap Ooze","player_choice":"unsuccessful","floor":14,"damage_taken":0}],"is_beta":false,"boss_relics":[],"items_purged_floors":[7],"is_endless":false,"potions_floor_spawned":[4,12],"killed_by":"The Guardian","ascension_level":13}