{"gold_per_floor":[113,131,150,150,168,168,197,216,216,216,230,230,260,42,42,121,121,137,152,162,176,189,189,218,218,243,243,158,186,200,210,210,210],"floor_reached":33,"playtime":1729,"items_purged":[],"score":602,"play_id":"562b3cc6-63ab-4bb3-ba2c-d83b819f2d27","local_time":"20190704232904","is_ascension_mode":true,"campfire_choices":[{"data":"Crippling Poison","floor":6,"key":"SMITH"},{"data":"Neutralize","floor":12,"key":"SMITH"},{"floor":15,"key":"REST"},{"floor":23,"key":"REST"},{"floor":25,"key":"REST"},{"floor":27,"key":"REST"},{"floor":32,"key":"REST"}],"neow_cost":"NONE","seed_source_timestamp":17345691330930,"circlet_count":0,"master_deck":["AscendersBane","Strike_G","Strike_G","Strike_G","Strike_G","Defend_G","Defend_G","Defend_G","Defend_G","Defend_G","Survivor","Neutralize+1","Dagger Throw","Crippling Poison+1","Flying Knee","Deflect","Poisoned Stab","Deflect+1","Deadly Poison+1","The Bomb+1","Footwork","After Image","Bouncing Flask+1","Acrobatics+1","Escape Plan+1","Dash","Dodge and Roll+1","Expertise+1","Outmaneuver+1"],"relics":["Ring of the Snake","Tough Bandages","Toxic Egg 2","Ice Cream","Fusion Hammer","Matryoshka","Mercury Hourglass","Snake Skull","Lantern","Blue Candle"],"potions_floor_usage":[5,7,11,13,19,21,22,29],"damage_taken":[{"damage":6,"enemies":"Small Slimes","floor":1,"turns":6},{"damage":4,"enemies":"Cultist","floor":2,"turns":3},{"damage":3,"enemies":"2 Louse","floor":3,"turns":3},{"damage":1,"enemies":"Exordium Thugs","floor":5,"turns":5},{"damage":17,"enemies":"3 Sentries","floor":7,"turns":6},{"damage":4,"enemies":"3 Louse","floor":8,"turns":3},{"damage":10,"enemies":"Gremlin Gang","floor":11,"turns":5},{"damage":21,"enemies":"Gremlin Nob","floor":13,"turns":4},{"damage":28,"enemies":"Slime Boss","floor":16,"turns":5},{"damage":18,"enemies":"Chosen","floor":18,"turns":6},{"damage":16,"enemies":"2 Thieves","floor":19,"turns":4},{"damage":4,"enemies":"Snake Plant","floor":20,"turns":6},{"damage":5,"enemies":"Centurion and Healer","floor":21,"turns":6},{"damage":13,"enemies":"Sentry and Sphere","floor":22,"turns":6},{"damage":15,"enemies":"Book of Stabbing","floor":24,"turns":5},{"damage":6,"enemies":"Slavers","floor":29,"turns":4},{"damage":13,"enemies":"Snake Plant","floor":30,"turns":3},{"damage":7,"enemies":"3 Cultists","floor":31,"turns":5},{"damage":46,"enemies":"Collector","floor":33,"turns":6}],"seed_played":"-6266235305398871381","potions_obtained":[{"floor":1,"key":"SkillPotion"},{"floor":2,"key":"Explosive Potion"},{"floor":7,"key":"Regen Potion"},{"floor":8,"key":"Swift Potion"},{"floor":13,"key":"Dexterity Potion"},{"floor":18,"key":"AttackPotion"},{"floor":20,"key":"Explosive Potion"},{"floor":24,"key":"AttackPotion"},{"floor":29,"key":"FearPotion"}],"is_trial":false,"path_per_floor":["M","M","M","?","M","R","E","M","T","?","M","R","E","$","R","B",null,"M","M","M","M","M","R","E","R","T","R","?","E","M","M","R","B"],"character_chosen":"THE_SILENT","items_purchased":["The Bomb+1","Footwork"],"campfire_rested":5,"item_purchase_floors":[14,14],"current_hp_per_floor":[59,55,52,72,71,71,54,50,50,43,48,48,27,27,48,20,59,41,25,21,16,3,24,9,30,30,51,51,45,32,25,46,0],"gold":210,"neow_bonus":"TEN_PERCENT_HP_BONUS","is_prod":false,"is_daily":false,"chose_seed":false,"campfire_upgraded":2,"win_rate":0,"timestamp":1562275744,"path_taken":["M","M","M","?","M","R","E","?","T","?","M","R","E","$","R","BOSS","M","M","M","M","M","R","E","R","T","R","?","E","M","M","R","BOSS"],"build_version":"2019-07-01","purchased_purges":0,"victory":false,"max_hp_per_floor":[72,72,72,72,72,72,72,72,72,72,72,72,72,72,72,72,72,72,72,72,72,72,72,72,72,72,72,72,72,72,72,72,72],"card_choices":[{"not_picked":["Distraction","Bane"],"picked":"Dagger Throw","floor":1},{"not_picked":["Caltrops","Finisher"],"picked":"Crippling Poison","floor":2},{"not_picked":["Cloak And Dagger","Expertise"],"picked":"Finisher","floor":3},{"not_picked":["Outmaneuver","Acrobatics"],"picked":"Flying Knee","floor":5},{"not_picked":["Prepared","Bane"],"picked":"Deflect","floor":7},{"not_picked":["Blade Dance","Grand Finale"],"picked":"Poisoned Stab","floor":8},{"not_picked":["Backstab","Flying Knee"],"picked":"Deflect+1","floor":11},{"not_picked":["Prepared+1","Storm of Steel+1"],"picked":"Deadly Poison+1","floor":13},{"not_picked":["Storm of Steel+1","Corpse Explosion+1"],"picked":"After Image","floor":16},{"not_picked":["Slice","Quick Slash+1"],"picked":"Bouncing Flask+1","floor":18},{"not_picked":["Bane","Choke","Flying Knee"],"picked":"SKIP","floor":19},{"not_picked":["Dodge and Roll+1","Slice"],"picked":"Acrobatics+1","floor":20},{"not_picked":["Dodge and Roll+1","Masterful Stab"],"picked":"Escape Plan+1","floor":21},{"not_picked":["Flying Knee","Blade Dance+1"],"picked":"Dash","floor":22},{"not_picked":["Predator","Flechettes","Infinite Blades"],"picked":"SKIP","floor":24},{"not_picked":["Dash","Predator"],"picked":"Dodge and Roll+1","floor":29},{"not_picked":["Prepared+1","All Out Attack"],"picked":"Expertise+1","floor":30},{"not_picked":["Underhanded Strike","Distraction+1"],"picked":"Outmaneuver+1","floor":31}],"player_experience":677473,"relics_obtained":[{"floor":7,"key":"Tough Bandages"},{"floor":9,"key":"Toxic Egg 2"},{"floor":13,"key":"Ice Cream"},{"floor":24,"key":"Matryoshka"},{"floor":26,"key":"Mercury Hourglass"},{"floor":26,"key":"Snake Skull"},{"floor":29,"key":"Blue Candle"}],"event_choices":[{"cards_removed":["Finisher"],"damage_healed":20,"gold_gain":0,"player_choice":"Offered Uncommon","damage_taken":0,"max_hp_gain":0,"max_hp_loss":0,"event_name":"Bonfire Elementals","floor":4,"gold_loss":0},{"cards_removed":["Strike_G"],"damage_healed":0,"gold_gain":0,"player_choice":"Card Removal","damage_taken":7,"max_hp_gain":0,"max_hp_loss":0,"event_name":"Golden Wing","floor":10,"gold_loss":0},{"damage_healed":0,"gold_gain":0,"player_choice":"Obtained Relic","damage_taken":0,"relics_obtained":["Lantern"],"max_hp_gain":0,"max_hp_loss":0,"event_name":"Addict","floor":28,"gold_loss":85}],"is_beta":false,"boss_relics":[{"not_picked":["Tiny House","Calling Bell"],"picked":"Fusion Hammer"}],"items_purged_floors":[],"is_endless":false,"potions_floor_spawned":[1,2,7,8,13,18,20,24,29],"killed_by":"Collector","ascension_level":20}