{"gold_per_floor":[111,111,36,46,57,57,57,57,111,111,131,144,163,0,0,0],"floor_reached":16,"playtime":1769,"items_purged":["Strike_G"],"score":184,"play_id":"1a7038eb-5de9-4666-84fc-49fc29bb9f41","local_time":"20190405121914","is_ascension_mode":true,"campfire_choices":[{"data":"Neutralize","floor":6,"key":"SMITH"},{"data":"Escape Plan","floor":8,"key":"SMITH"},{"data":"Defend_G","floor":10,"key":"SMITH"},{"data":"Deadly Poison","floor":15,"key":"SMITH"}],"neow_cost":"NONE","seed_source_timestamp":3213290764083,"circlet_count":0,"master_deck":["AscendersBane","Defend_G+1","Defend_G","Defend_G","Defend_G","Strike_G","Strike_G","Strike_G","Strike_G","Survivor+1","Neutralize+1","Die Die Die+1","Escape Plan+1","Deadly Poison+1","Caltrops","Distraction"],"relics":["Ring of the Snake","Lantern"],"potions_floor_usage":[11,13],"damage_taken":[{"damage":0,"enemies":"2 Louse","floor":1,"turns":1},{"damage":3,"enemies":"Small Slimes","floor":4,"turns":2},{"damage":0,"enemies":"Cultist","floor":5,"turns":4},{"damage":1,"enemies":"Red Slaver","floor":11,"turns":4},{"damage":0,"enemies":"2 Fungi Beasts","floor":12,"turns":2},{"damage":0,"enemies":"Gremlin Gang","floor":13,"turns":3},{"damage":0,"enemies":"Slime Boss","floor":16,"turns":4}],"seed_played":"-10302759585868450","potions_obtained":[{"floor":4,"key":"Explosive Potion"},{"floor":12,"key":"SkillPotion"}],"is_trial":false,"path_per_floor":["M","?","$","M","M","R","?","R","T","R","M","M","M","$","R","B"],"character_chosen":"THE_SILENT","items_purchased":["Lantern"],"campfire_rested":0,"item_purchase_floors":[14],"current_hp_per_floor":[59,39,39,36,36,36,36,36,36,36,35,35,35,35,35,35],"gold":0,"neow_bonus":"ONE_RANDOM_RARE_CARD","is_prod":false,"is_daily":false,"chose_seed":false,"campfire_upgraded":4,"win_rate":0,"timestamp":1554437954,"path_taken":["M","?","$","M","M","R","?","R","T","R","M","M","?","?","R","BOSS"],"build_version":"2019-01-23","purchased_purges":1,"victory":false,"max_hp_per_floor":[66,66,66,66,66,66,66,66,66,66,66,66,66,66,66,66],"card_choices":[{"not_picked":["Prepared","Bane"],"picked":"Escape Plan","floor":1},{"not_picked":["Blade Dance","Underhanded Strike","Accuracy"],"picked":"SKIP","floor":4},{"not_picked":["Reflex","Bane","Underhanded Strike"],"picked":"SKIP","floor":5},{"not_picked":["Reflex","Bane","Underhanded Strike"],"picked":"SKIP","floor":5},{"not_picked":["Flying Knee","Crippling Poison"],"picked":"Deadly Poison","floor":11},{"not_picked":["PiercingWail","Choke"],"picked":"Caltrops","floor":12},{"not_picked":["Deflect","Acrobatics"],"picked":"Distraction","floor":13}],"player_experience":4071207,"relics_obtained":[],"event_choices":[{"damage_healed":0,"gold_gain":0,"player_choice":"Entered Light","damage_taken":20,"max_hp_gain":0,"max_hp_loss":0,"event_name":"Shining Light","floor":2,"gold_loss":0,"cards_upgraded":["Die Die Die","Survivor"]},{"cards_removed":["Defend_G"],"damage_healed":0,"gold_gain":0,"player_choice":"Offered Basic","damage_taken":0,"max_hp_gain":0,"max_hp_loss":0,"event_name":"Bonfire Elementals","floor":7,"gold_loss":0}],"is_beta":false,"boss_relics":[],"items_purged_floors":[3],"is_endless":false,"potions_floor_spawned":[4,12],"killed_by":"Slime Boss","ascension_level":20}