{"gold_per_floor":[114,124,135,57,76,102,102,102,129,129,139,139,149,184,184,285,285,299,224,17,29,44,44,75,75,102,131,131,147,73,93,93,195,195,214,225,175,187,287,287,299,299,324,324,338,338,356,266,266,266,266,266,59,92,92],"floor_reached":55,"playtime":3693,"items_purged":["Crippling Poison","Flechettes","Choke"],"score":749,"play_id":"f2943878-406d-4285-a6b0-7fad7eefc54e","local_time":"20190103173351","is_ascension_mode":false,"campfire_choices":[{"data":"Catalyst","floor":7.0,"key":"SMITH"},{"floor":12.0,"key":"REST"},{"data":"Bouncing Flask","floor":15.0,"key":"SMITH"},{"floor":23.0,"key":"RECALL"},{"floor":32.0,"key":"REST"},{"floor":40.0,"key":"REST"},{"data":"Reflex","floor":42,"key":"SMITH"},{"floor":46,"key":"REST"},{"floor":49,"key":"REST"},{"data":"Tactician","floor":52,"key":"SMITH"}],"neow_cost":"NONE","seed_source_timestamp":8082280950966,"circlet_count":0,"master_deck":["Survivor","Neutralize","Outmaneuver","Catalyst+1","Dagger Throw+1","Bouncing Flask+1","Dash","Acrobatics","Underhanded Strike","Reflex+1","Tactician+1","Adrenaline","PiercingWail","Outmaneuver","Deflect","Terror+1","Concentrate+1","Acrobatics","Acrobatics","Deadly Poison+1","Doppelganger+1","Footwork+1","Noxious Fumes","Burst","Tools of the Trade","Slice+1","Noxious Fumes+1","Dodge and Roll+1","Escape Plan+1"],"special_seed":0,"relics":["Ring of the Snake","Snake Skull","Smiling Mask","Lantern","Letter Opener","Pandora\u0027s Box","Art of War","Happy Flower","Molten Egg 2","Sozu","Nunchaku","Boot","Bag of Marbles","War Paint"],"potions_floor_usage":[],"damage_taken":[{"damage":1.0,"enemies":"Cultist","floor":1.0,"turns":4.0},{"damage":0.0,"enemies":"2 Louse","floor":2.0,"turns":4.0},{"damage":2.0,"enemies":"Jaw Worm","floor":3.0,"turns":8.0},{"damage":12.0,"enemies":"Large Slime","floor":5.0,"turns":7.0},{"damage":8.0,"enemies":"Lagavulin","floor":6.0,"turns":5.0},{"damage":0.0,"enemies":"Blue Slaver","floor":11.0,"turns":2.0},{"damage":0.0,"enemies":"Exordium Wildlife","floor":13.0,"turns":2.0},{"damage":13.0,"enemies":"3 Sentries","floor":14.0,"turns":10.0},{"damage":28.0,"enemies":"The Guardian","floor":16.0,"turns":8.0},{"damage":0.0,"enemies":"Shell Parasite","floor":18.0,"turns":2.0},{"damage":0.0,"enemies":"Spheric Guardian","floor":21.0,"turns":2.0},{"damage":0.0,"enemies":"Snake Plant","floor":22.0,"turns":3.0},{"damage":0.0,"enemies":"Slavers","floor":24.0,"turns":3.0},{"damage":23.0,"enemies":"Gremlin Leader","floor":27.0,"turns":3.0},{"damage":28.0,"enemies":"Cultist and Chosen","floor":29.0,"turns":7.0},{"damage":0.0,"enemies":"Centurion and Healer","floor":31.0,"turns":4.0},{"damage":16.0,"enemies":"Champ","floor":33.0,"turns":6.0},{"damage":6.0,"enemies":"Orb Walker","floor":35.0,"turns":3.0},{"damage":2.0,"enemies":"3 Darklings","floor":36.0,"turns":3.0},{"damage":18.0,"enemies":"Jaw Worm Horde","floor":38.0,"turns":3.0},{"damage":20.0,"enemies":"Mind Bloom Boss Battle","floor":39.0,"turns":3.0},{"damage":0,"enemies":"Transient","floor":41,"turns":5},{"damage":32,"enemies":"Spire Growth","floor":45,"turns":4},{"damage":3,"enemies":"Sphere and 2 Shapes","floor":47,"turns":4},{"damage":43,"enemies":"Time Eater","floor":50,"turns":5},{"damage":39,"enemies":"Shield and Spear","floor":54,"turns":5},{"damage":40,"enemies":"The Heart","floor":55,"turns":2}],"seed_played":"7481703964123688955","potions_obtained":[{"floor":1.0,"key":"Weak Potion"},{"floor":3.0,"key":"SkillPotion"},{"floor":5.0,"key":"Energy Potion"},{"floor":13.0,"key":"GhostInAJar"},{"floor":22.0,"key":"EntropicBrew"},{"floor":29.0,"key":"SmokeBomb"},{"floor":33.0,"key":"Explosive Potion"}],"is_trial":false,"path_per_floor":["M","M","M","$","M","E","R","?","T","?","M","R","M","E","R","B",null,"M","?","$","M","M","R","E","?","T","E","$","M","$","M","R","B",null,"M","M","$","M","?","R","M","R","T","?","M","R","M","?","R","B",null,"R","$","E","B"],"character_chosen":"THE_SILENT","items_purchased":["Bouncing Flask","Art of War","Noxious Fumes","Bag of Marbles"],"campfire_rested":5,"item_purchase_floors":[4,20,30,53],"current_hp_per_floor":[76,76,74,74,62,54,54,42,42,27,27,50,50,37,37,9,77,77,77,77,77,77,77,77,77,77,54,54,26,26,26,49,33,77,71,69,69,51,31,54,54,54,54,54,22,45,42,42,65,22,77,77,77,38,0],"gold":92,"neow_bonus":"TEN_PERCENT_HP_BONUS","is_prod":false,"is_daily":false,"chose_seed":false,"campfire_upgraded":4,"win_rate":0,"timestamp":1546533231,"path_taken":["M","?","M","$","M","E","R","?","T","?","M","R","M","E","R","BOSS","M","?","$","M","M","R","E","?","T","E","$","M","?","M","R","BOSS","M","M","$","M","?","R","M","R","T","?","?","R","M","?","R","BOSS","R","$","E","BOSS"],"build_version":"2018-12-20","purchased_purges":3,"victory":false,"max_hp_per_floor":[77,77,77,77,77,77,77,77,77,77,77,77,77,77,77,77,77,77,77,77,77,77,77,77,77,77,77,77,77,77,77,77,77,77,77,77,77,77,77,77,77,77,77,77,77,77,77,77,77,77,77,77,77,77,77],"card_choices":[{"not_picked":["Dash","Reflex"],"picked":"Outmaneuver","floor":1.0},{"not_picked":["Backflip","Heel Hook"],"picked":"Catalyst","floor":2.0},{"not_picked":["PiercingWail","Underhanded Strike"],"picked":"Dagger Throw","floor":3.0},{"not_picked":["Dagger Throw","Slice"],"picked":"Dash","floor":5.0},{"not_picked":["Setup","Bane"],"picked":"Acrobatics","floor":6.0},{"not_picked":["Leg Sweep","Quick Slash"],"picked":"Underhanded Strike","floor":11.0},{"not_picked":["Slice","Poisoned Stab"],"picked":"Reflex","floor":13.0},{"not_picked":["Flying Knee","Slice"],"picked":"Tactician","floor":14.0},{"not_picked":["Doppelganger","Malaise"],"picked":"Adrenaline","floor":16.0},{"not_picked":["Dagger Throw","Poisoned Stab+1"],"picked":"Deadly Poison+1","floor":18.0},{"not_picked":["Acrobatics","Deflect"],"picked":"Slice","floor":21.0},{"not_picked":["Backflip","Quick Slash"],"picked":"Flechettes","floor":22.0},{"not_picked":["Crippling Poison","Flying Knee"],"picked":"Doppelganger","floor":24.0},{"not_picked":["Dagger Spray","Distraction","Dagger Throw+1"],"picked":"SKIP","floor":27.0},{"not_picked":["Bane+1","Deadly Poison"],"picked":"Footwork+1","floor":29.0},{"not_picked":["Escape Plan+1","Underhanded Strike+1"],"picked":"Burst","floor":31.0},{"not_picked":["Burst","Storm of Steel"],"picked":"Tools of the Trade","floor":33.0},{"not_picked":["Cloak And Dagger+1","Setup","Bane+1"],"picked":"SKIP","floor":35.0},{"not_picked":["Blade Dance+1","Sucker Punch+1"],"picked":"Slice+1","floor":36.0},{"not_picked":["Prepared","Backstab+1","Cloak And Dagger"],"picked":"SKIP","floor":38.0},{"not_picked":["Bane+1","Catalyst"],"picked":"Noxious Fumes+1","floor":39.0},{"not_picked":["Poisoned Stab+1","Deadly Poison+1"],"picked":"Dodge and Roll+1","floor":41},{"not_picked":["Dagger Spray+1","Riddle With Holes+1","Concentrate+1"],"picked":"SKIP","floor":45},{"not_picked":["Tools of the Trade","Predator+1","Dagger Throw+1"],"picked":"SKIP","floor":47},{"not_picked":["Calculated Gamble+1","Endless Agony+1"],"picked":"Escape Plan+1","floor":54}],"player_experience":390829,"relics_obtained":[{"floor":6.0,"key":"Snake Skull"},{"floor":9.0,"key":"Lantern"},{"floor":14.0,"key":"Letter Opener"},{"floor":24.0,"key":"Happy Flower"},{"floor":27.0,"key":"Molten Egg 2"},{"floor":39.0,"key":"Nunchaku"},{"floor":43,"key":"Boot"},{"floor":54,"key":"War Paint"}],"event_choices":[{"damage_healed":0.0,"max_hp_gain":0.0,"max_hp_loss":0.0,"gold_gain":0.0,"event_name":"Scrap Ooze","player_choice":"Success","floor":8.0,"gold_loss":0.0,"damage_taken":12.0,"relics_obtained":["Smiling Mask"]},{"damage_healed":0.0,"max_hp_gain":0.0,"max_hp_loss":0.0,"gold_gain":0.0,"event_name":"Shining Light","player_choice":"Entered Light","floor":10.0,"gold_loss":0.0,"damage_taken":15.0,"cards_upgraded":["Dagger Throw","Strike_G"]},{"cards_removed":["Accuracy"],"damage_healed":0.0,"max_hp_gain":0.0,"max_hp_loss":0.0,"gold_gain":0.0,"event_name":"Beggar","player_choice":"Gave Gold","floor":19.0,"gold_loss":75.0,"damage_taken":0.0},{"damage_healed":0.0,"max_hp_gain":0.0,"max_hp_loss":0.0,"gold_gain":0.0,"event_name":"MindBloom","player_choice":"Fight","floor":39.0,"gold_loss":0.0,"damage_taken":0.0},{"damage_healed":0,"gold_gain":0,"cards_transformed":["Slice"],"player_choice":"Transformed","damage_taken":0,"max_hp_gain":0,"max_hp_loss":0,"event_name":"Transmorgrifier","floor":44,"gold_loss":0,"cards_obtained":["Phantasmal Killer"]},{"cards_removed":["Phantasmal Killer"],"damage_healed":0,"gold_gain":0,"player_choice":"Upgrade and Remove","damage_taken":0,"max_hp_gain":0,"max_hp_loss":0,"event_name":"Designer","floor":48,"gold_loss":90,"cards_upgraded":["Concentrate"]}],"is_beta":false,"boss_relics":[{"not_picked":["White Beast Statue","Cursed Key"],"picked":"Pandora\u0027s Box"},{"not_picked":["Astrolabe","Snecko Eye"],"picked":"Sozu"}],"items_purged_floors":[20,37,53],"is_endless":false,"potions_floor_spawned":[1,3,5,13,14,16,18,22,29,33,36,38,39,47],"killed_by":"The Heart","ascension_level":0}