{"gold_per_floor":[114,114,114,39,53,86,86,103,103,117,117,127,77,4,4,106,106,119,119,119,130,146,146],"floor_reached":23,"playtime":435,"items_purged":["Strike_R"],"score":302,"play_id":"af7c8693-bd5c-4297-b64f-1dd5cf3a47e6","local_time":"20180921131505","is_ascension_mode":true,"campfire_choices":[{"data":"Thunderclap","floor":7.0,"key":"SMITH"},{"data":"Rampage","floor":11.0,"key":"SMITH"},{"data":"Demon Form","floor":15.0,"key":"SMITH"}],"neow_cost":"NONE","seed_source_timestamp":2588794348357,"circlet_count":0,"master_deck":["Strike_R","Strike_R","Strike_R","Defend_R","Defend_R","Defend_R","Defend_R","Bash","Shrug It Off","Thunderclap+1","Rampage+1","Whirlwind","Demon Form+1","Brutality+1","Inflame"],"special_seed":0,"relics":["Burning Blood","NeowsBlessing","Mercury Hourglass","Regal Pillow","Meat on the Bone","Philosopher\u0027s Stone"],"potions_floor_usage":[22,23],"damage_taken":[{"damage":0.0,"enemies":"Jaw Worm","floor":1.0,"turns":1.0},{"damage":0.0,"enemies":"Small Slimes","floor":5.0,"turns":1.0},{"damage":0.0,"enemies":"Gremlin Nob","floor":6.0,"turns":1.0},{"damage":1.0,"enemies":"Cultist","floor":8.0,"turns":3.0},{"damage":1.0,"enemies":"Exordium Wildlife","floor":10.0,"turns":3.0},{"damage":3.0,"enemies":"2 Fungi Beasts","floor":12.0,"turns":3.0},{"damage":31.0,"enemies":"Hexaghost","floor":16.0,"turns":7.0},{"damage":17,"enemies":"3 Byrds","floor":18,"turns":3},{"damage":20,"enemies":"Spheric Guardian","floor":21,"turns":4},{"damage":38,"enemies":"Shelled Parasite and Fungi","floor":22,"turns":5},{"damage":15,"enemies":"Slavers","floor":23,"turns":1}],"seed_played":"-662691629085579764","potions_obtained":[{"floor":5.0,"key":"Weak Potion"},{"floor":10.0,"key":"Dexterity Potion"},{"floor":16.0,"key":"FearPotion"}],"is_trial":false,"path_per_floor":["M","?","?","$","M","E","R","M","T","M","R","M","?","$","R","B",null,"M","?","?","M","M"],"character_chosen":"IRONCLAD","items_purchased":["Demon Form"],"campfire_rested":0,"item_purchase_floors":[14],"current_hp_per_floor":[78,53,58,58,64,70,70,75,75,80,80,83,83,83,83,58,78,67,67,67,53,33,18],"gold":146,"neow_bonus":"THREE_ENEMY_KILL","is_prod":false,"is_daily":false,"chose_seed":false,"campfire_upgraded":3,"win_rate":0,"timestamp":1537506905,"path_taken":["M","?","?","?","M","E","R","M","T","M","R","M","?","?","R","BOSS","M","?","?","M","?","E"],"build_version":"2018-09-20","purchased_purges":1,"victory":false,"max_hp_per_floor":[80,80,85,85,85,85,85,85,85,85,85,85,85,85,85,85,85,85,85,85,85,85,85],"card_choices":[{"not_picked":["Armaments","Warcry","Iron Wave"],"picked":"SKIP","floor":1.0},{"not_picked":["Iron Wave","Uppercut"],"picked":"Shrug It Off","floor":5.0},{"not_picked":["Burning Pact","Iron Wave"],"picked":"Thunderclap","floor":6.0},{"not_picked":["Berserk","True Grit","Bloodletting"],"picked":"SKIP","floor":8.0},{"not_picked":["Thunderclap","Body Slam"],"picked":"Rampage","floor":10.0},{"not_picked":["Perfected Strike","Body Slam"],"picked":"Whirlwind","floor":12.0},{"not_picked":["Berserk","Demon Form"],"picked":"Brutality","floor":16.0},{"not_picked":["Armaments+1","Dropkick","Heavy Blade"],"picked":"SKIP","floor":18},{"not_picked":["Combust","Pommel Strike+1"],"picked":"Inflame","floor":21},{"not_picked":["Headbutt+1","Wild Strike","Twin Strike+1"],"picked":"SKIP","floor":22}],"player_experience":62289,"relics_obtained":[{"floor":6.0,"key":"Regal Pillow"},{"floor":9.0,"key":"Meat on the Bone"}],"event_choices":[{"event_name":"Scrap Ooze","player_choice":"success","floor":2.0,"damage_taken":25.0},{"event_name":"Big Fish","player_choice":"Donut","floor":3.0,"damage_taken":0.0},{"event_name":"The Cleric","player_choice":"Card Removal","floor":13.0,"damage_taken":0.0},{"event_name":"Ghosts","player_choice":"Ignored","floor":19,"damage_taken":0},{"event_name":"Upgrade Shrine","player_choice":"Upgraded","floor":20,"damage_taken":0}],"is_beta":false,"boss_relics":[{"not_picked":["Calling Bell","Ectoplasm"],"picked":"Philosopher\u0027s Stone"}],"items_purged_floors":[4],"is_endless":false,"potions_floor_spawned":[5,10,16,21],"killed_by":"Slavers","ascension_level":8}