{"gold_per_floor":[112,39,57,68,86,86,104,104,104,104,124,124,136,164,164,269,269,279,11,11,30,46,46,57,72,119,119,119,19,19,33,33,129,129,139,154,29,46,46,46,62,97,121,121,135,135,153,168,168,168],"floor_reached":51,"playtime":2045,"items_purged":["Doubt","Defend_G","Defend_G"],"score":850,"play_id":"d7d27e31-db60-4d01-a005-dbeff338e908","local_time":"20181021143231","is_ascension_mode":false,"campfire_choices":[{"data":"Catalyst","floor":6.0,"key":"SMITH"},{"data":"Deadly Poison","floor":8.0,"key":"SMITH"},{"data":"Neutralize","floor":10.0,"key":"SMITH"},{"data":"Bullet Time","floor":12.0,"key":"SMITH"},{"data":"Bouncing Flask","floor":15.0,"key":"SMITH"},{"data":"Noxious Fumes","floor":23,"key":"SMITH"},{"data":"Backflip","floor":27,"key":"SMITH"},{"data":"Well Laid Plans","floor":32,"key":"SMITH"},{"data":"Footwork","floor":44,"key":"SMITH"},{"data":"Catalyst","floor":49,"key":"SMITH"}],"neow_cost":"CURSE","seed_source_timestamp":21651145167209,"circlet_count":0,"master_deck":["Defend_G+1","Defend_G+1","Strike_G+1","Strike_G+1","Strike_G+1","Strike_G+1","Survivor+1","Neutralize+1","Bullet Time+1","Deadly Poison+1","Catalyst+1","Backflip+1","Backflip+1","Bouncing Flask+1","Adrenaline+1","Acrobatics+1","Catalyst+1","Noxious Fumes+1","Prepared+1","Ghostly+1","Ghostly+1","Ghostly+1","Ghostly+1","Ghostly+1","Well Laid Plans+1","Corpse Explosion+1","Prepared+1","Backflip+1","Leg Sweep+1","Footwork+1","Catalyst+1"],"special_seed":0,"relics":["Ring of the Snake","Whetstone","Odd Mushroom","Coffee Dripper","DollysMirror","Bag of Preparation","Du-Vu Doll","Empty Cage","Mark of the Bloom","Strawberry","Ancient Tea Set"],"potions_floor_usage":[20,50,50],"damage_taken":[{"damage":6.0,"enemies":"Cultist","floor":1.0,"turns":6.0},{"damage":1.0,"enemies":"Jaw Worm","floor":3.0,"turns":4.0},{"damage":3.0,"enemies":"2 Louse","floor":4.0,"turns":3.0},{"damage":4.0,"enemies":"Red Slaver","floor":5.0,"turns":2.0},{"damage":6.0,"enemies":"3 Louse","floor":7.0,"turns":5.0},{"damage":1.0,"enemies":"Exordium Wildlife","floor":11.0,"turns":4.0},{"damage":0.0,"enemies":"2 Fungi Beasts","floor":13.0,"turns":4.0},{"damage":13.0,"enemies":"The Mushroom Lair","floor":14.0,"turns":6.0},{"damage":1.0,"enemies":"Hexaghost","floor":16.0,"turns":6.0},{"damage":0.0,"enemies":"3 Byrds","floor":18.0,"turns":5.0},{"damage":1,"enemies":"Colosseum Slavers","floor":20,"turns":5},{"damage":0,"enemies":"Chosen","floor":21,"turns":3},{"damage":0,"enemies":"Snecko","floor":22,"turns":3},{"damage":0,"enemies":"Chosen and Byrds","floor":24,"turns":4},{"damage":0,"enemies":"Sentry and Sphere","floor":25,"turns":2},{"damage":0,"enemies":"Centurion and Healer","floor":31,"turns":5},{"damage":0,"enemies":"Champ","floor":33,"turns":5},{"damage":0,"enemies":"Orb Walker","floor":35,"turns":2},{"damage":0,"enemies":"3 Darklings","floor":36,"turns":4},{"damage":0,"enemies":"Sphere and 2 Shapes","floor":38,"turns":5},{"damage":0,"enemies":"4 Shapes","floor":41,"turns":1},{"damage":0,"enemies":"Nemesis","floor":42,"turns":3},{"damage":0,"enemies":"Transient","floor":45,"turns":5},{"damage":0,"enemies":"Spire Growth","floor":47,"turns":2},{"damage":0,"enemies":"Writhing Mass","floor":48,"turns":5},{"damage":0,"enemies":"Awakened One","floor":50,"turns":8}],"seed_played":"-4526298992456387221","potions_obtained":[{"floor":3.0,"key":"Dexterity Potion"},{"floor":5.0,"key":"SkillPotion"},{"floor":11.0,"key":"LiquidBronze"},{"floor":14.0,"key":"Dexterity Potion"},{"floor":21,"key":"Swift Potion"},{"floor":22,"key":"Dexterity Potion"}],"is_trial":false,"path_per_floor":["M","$","M","M","M","R","M","R","T","R","M","R","M","?","R","B",null,"M","$","?","M","M","R","M","M","T","R","?","$","T","M","R","B",null,"M","M","$","M","?","R","M","E","T","R","M","R","M","M","R","B"],"character_chosen":"THE_SILENT","items_purchased":["Catalyst","DollysMirror"],"campfire_rested":0,"item_purchase_floors":[2,19],"current_hp_per_floor":[64,64,63,60,56,56,50,50,50,50,49,49,49,36,36,35,70,70,70,69,69,69,69,69,69,69,69,35,35,35,35,35,35,35,35,35,35,35,35,35,35,35,35,35,35,35,35,35,35,35],"gold":168,"neow_bonus":"THREE_RARE_CARDS","is_prod":false,"is_daily":false,"chose_seed":false,"campfire_upgraded":10,"win_rate":0,"timestamp":1540103551,"path_taken":["M","$","?","M","M","R","M","R","T","R","M","R","M","?","R","BOSS","M","$","?","M","M","R","M","M","T","R","?","$","?","?","R","BOSS","M","?","$","M","?","R","M","E","T","R","?","R","M","M","R","BOSS"],"build_version":"2018-10-18","purchased_purges":3,"victory":true,"max_hp_per_floor":[70,70,70,70,70,70,70,70,70,70,70,70,70,70,70,70,70,70,70,70,70,70,70,70,70,70,70,35,35,35,35,35,35,35,35,35,35,35,35,35,35,42,42,42,42,42,42,42,42,42],"card_choices":[{"not_picked":["Doppelganger","A Thousand Cuts"],"picked":"Bullet Time","floor":0.0},{"not_picked":["Cloak And Dagger","Reflex"],"picked":"Deadly Poison","floor":1.0},{"not_picked":["Setup","Bane"],"picked":"Backflip","floor":3.0},{"not_picked":["Heel Hook","Prepared","PiercingWail"],"picked":"SKIP","floor":4.0},{"not_picked":["Flying Knee","Dodge and Roll","Acrobatics"],"picked":"SKIP","floor":5.0},{"not_picked":["Quick Slash","Blur"],"picked":"Backflip","floor":7.0},{"not_picked":["Infinite Blades","Underhanded Strike","Quick Slash"],"picked":"SKIP","floor":11.0},{"not_picked":["Sucker Punch","Heel Hook","Poisoned Stab"],"picked":"SKIP","floor":13.0},{"not_picked":["Phantasmal Killer","Deflect"],"picked":"Bouncing Flask","floor":14.0},{"not_picked":["Doppelganger","Envenom"],"picked":"Adrenaline","floor":16.0},{"not_picked":["Sucker Punch","Predator"],"picked":"Acrobatics+1","floor":18.0},{"not_picked":["Heel Hook","Blade Dance+1","Prepared"],"picked":"SKIP","floor":21},{"not_picked":["Outmaneuver","Leg Sweep"],"picked":"Noxious Fumes","floor":22},{"not_picked":["Deadly Poison","Prepared+1","PiercingWail"],"picked":"SKIP","floor":24},{"not_picked":["Deadly Poison","PiercingWail"],"picked":"Prepared+1","floor":24},{"not_picked":["PiercingWail","Concentrate","Underhanded Strike"],"picked":"SKIP","floor":25},{"not_picked":["Sucker Punch+1","Calculated Gamble"],"picked":"Well Laid Plans","floor":31},{"not_picked":["Storm of Steel","Venomology"],"picked":"Corpse Explosion","floor":33},{"not_picked":["Dodge and Roll","Blade Dance+1"],"picked":"Prepared+1","floor":35},{"not_picked":["Deflect+1","Cloak And Dagger"],"picked":"Backflip+1","floor":36},{"not_picked":["Dagger Throw","Escape Plan+1"],"picked":"Leg Sweep+1","floor":38},{"not_picked":["Dagger Throw","Flechettes+1","Quick Slash+1"],"picked":"SKIP","floor":41},{"not_picked":["PiercingWail+1","Dagger Spray+1"],"picked":"Footwork","floor":42},{"not_picked":["Unload","Slice","Dagger Spray"],"picked":"SKIP","floor":45},{"not_picked":["Masterful Stab","Endless Agony+1"],"picked":"Catalyst","floor":47},{"not_picked":["Flying Knee+1","Dagger Spray+1","Skewer+1"],"picked":"SKIP","floor":48}],"player_experience":453436,"relics_obtained":[{"floor":9.0,"key":"Whetstone"},{"floor":14.0,"key":"Odd Mushroom"},{"floor":26,"key":"Bag of Preparation"},{"floor":30,"key":"Du-Vu Doll"},{"floor":42,"key":"Strawberry"},{"floor":43,"key":"Ancient Tea Set"}],"event_choices":[{"damage_healed":0.0,"max_hp_gain":0.0,"max_hp_loss":0.0,"gold_gain":0.0,"event_name":"Mushrooms","player_choice":"Fought Mushrooms","floor":14.0,"gold_loss":0.0,"damage_taken":0.0},{"damage_healed":0,"gold_gain":0,"player_choice":"Fight","damage_taken":0,"max_hp_gain":0,"max_hp_loss":0,"event_name":"Colosseum","floor":20,"gold_loss":0},{"damage_healed":0,"gold_gain":0,"player_choice":"Fled From Nobs","damage_taken":0,"max_hp_gain":0,"max_hp_loss":0,"event_name":"Colosseum","floor":20,"gold_loss":0},{"damage_healed":0,"gold_gain":0,"player_choice":"Became a Ghost","damage_taken":0,"max_hp_gain":0,"max_hp_loss":35,"event_name":"Ghosts","floor":28,"gold_loss":0,"cards_obtained":["Ghostly","Ghostly","Ghostly","Ghostly","Ghostly"]},{"damage_healed":0,"gold_gain":0,"player_choice":"Upgrade","damage_taken":0,"relics_obtained":["Mark of the Bloom"],"max_hp_gain":0,"max_hp_loss":0,"event_name":"MindBloom","floor":39,"gold_loss":0,"cards_upgraded":["Defend_G","Defend_G","Strike_G","Strike_G","Survivor","Backflip","Adrenaline","Ghostly","Ghostly","Ghostly","Ghostly","Ghostly","Corpse Explosion"]}],"is_beta":false,"boss_relics":[{"not_picked":["Lizard Tail","Ectoplasm"],"picked":"Coffee Dripper"},{"not_picked":["WristBlade","Snecko Eye"],"picked":"Empty Cage"}],"items_purged_floors":[19,29,37],"is_endless":false,"potions_floor_spawned":[3,5,11,14,21,22,31,33,36,38,45,48],"ascension_level":0}