{"gold_per_floor":[109,21,36,36,36,36,53,53,80,91,91,91,115,135,135,231,231,246,82,98,121,121,121,121],"floor_reached":24,"playtime":800,"items_purged":["Writhe"],"score":376,"play_id":"35d35745-28db-467c-b06f-0fac41aac10a","local_time":"20190219092144","is_ascension_mode":true,"campfire_choices":[{"floor":6.0,"key":"REST"},{"data":"Noxious Fumes","floor":12.0,"key":"SMITH"},{"data":"Acrobatics","floor":15.0,"key":"SMITH"},{"data":"Catalyst","floor":23,"key":"SMITH"}],"neow_cost":"NONE","seed_source_timestamp":3444134419486,"circlet_count":0,"master_deck":["AscendersBane","Defend_G","Defend_G+1","Defend_G","Defend_G","Defend_G","Strike_G","Strike_G","Strike_G","Strike_G+1","Survivor","Neutralize","Backflip","Noxious Fumes+1","Tactician","Backflip","Acrobatics+1","Flechettes","Corpse Explosion","Calculated Gamble","Terror","Catalyst+1"],"special_seed":0,"relics":["Cursed Key","Regal Pillow","Bag of Preparation","Golden Idol","Busted Crown"],"potions_floor_usage":[21],"damage_taken":[{"damage":0.0,"enemies":"Cultist","floor":1.0,"turns":5.0},{"damage":0.0,"enemies":"Jaw Worm","floor":3.0,"turns":5.0},{"damage":5.0,"enemies":"Small Slimes","floor":7.0,"turns":4.0},{"damage":0.0,"enemies":"3 Louse","floor":10.0,"turns":4.0},{"damage":7.0,"enemies":"2 Fungi Beasts","floor":13.0,"turns":4.0},{"damage":0.0,"enemies":"Large Slime","floor":14.0,"turns":7.0},{"damage":19.0,"enemies":"The Guardian","floor":16.0,"turns":10.0},{"damage":3.0,"enemies":"2 Thieves","floor":18.0,"turns":3.0},{"damage":2.0,"enemies":"Chosen","floor":20.0,"turns":5.0},{"damage":4,"enemies":"Snake Plant","floor":21,"turns":4},{"damage":40,"enemies":"Slavers","floor":24,"turns":3}],"seed_played":"4946130848031594993","potions_obtained":[{"floor":3.0,"key":"LiquidBronze"},{"floor":14.0,"key":"Block Potion"},{"floor":20.0,"key":"Ancient Potion"}],"is_trial":false,"path_per_floor":["M","$","M","?","?","R","M","?","T","M","?","R","M","M","R","B",null,"M","$","M","M","?","R","E"],"character_chosen":"THE_SILENT","items_purchased":["Noxious Fumes","Calculated Gamble"],"campfire_rested":1,"item_purchase_floors":[2,19],"current_hp_per_floor":[59,59,59,39,13,47,42,35,35,35,35,35,28,28,28,9,47,44,44,42,38,38,38,0],"gold":121,"neow_bonus":"BOSS_RELIC","is_prod":false,"is_daily":false,"chose_seed":false,"campfire_upgraded":3,"win_rate":0,"timestamp":1550539304,"path_taken":["M","$","M","?","?","R","M","?","T","M","?","R","M","M","R","BOSS","M","$","M","M","?","R","E"],"build_version":"2019-01-23","purchased_purges":1,"victory":false,"max_hp_per_floor":[66,66,66,66,66,66,66,66,66,66,60,60,60,60,60,60,60,60,60,60,60,60,60,60],"card_choices":[{"not_picked":["Flying Knee","Poisoned Stab"],"picked":"Backflip","floor":1.0},{"not_picked":["Dodge and Roll","Backflip"],"picked":"Tactician","floor":3.0},{"not_picked":["Crippling Poison","Predator"],"picked":"Backflip","floor":7.0},{"not_picked":["Dagger Throw","Outmaneuver","Dagger Spray"],"picked":"SKIP","floor":10.0},{"not_picked":["Concentrate","Underhanded Strike"],"picked":"Acrobatics","floor":13.0},{"not_picked":["Slice","Heel Hook"],"picked":"Flechettes","floor":14.0},{"not_picked":["Night Terror","Storm of Steel"],"picked":"Corpse Explosion","floor":16.0},{"not_picked":["Cloak And Dagger"],"picked":"SKIP","floor":18.0},{"not_picked":["Riddle With Holes"],"picked":"SKIP","floor":20.0},{"not_picked":["Terror"],"picked":"SKIP","floor":21},{"not_picked":[],"picked":"Terror","floor":21}],"player_experience":2934684,"relics_obtained":[{"floor":9.0,"key":"Bag of Preparation"}],"event_choices":[{"damage_healed":0.0,"max_hp_gain":0.0,"max_hp_loss":0.0,"gold_gain":0.0,"event_name":"Shining Light","player_choice":"Entered Light","floor":4.0,"gold_loss":0.0,"damage_taken":20.0,"cards_upgraded":["Defend_G","Strike_G"]},{"damage_healed":0.0,"max_hp_gain":0.0,"max_hp_loss":0.0,"gold_gain":0.0,"event_name":"Scrap Ooze","player_choice":"Success","floor":5.0,"gold_loss":0.0,"damage_taken":26.0,"relics_obtained":["Regal Pillow"]},{"cards_removed":["Strike_G"],"damage_healed":0.0,"max_hp_gain":0.0,"max_hp_loss":0.0,"gold_gain":0.0,"event_name":"Golden Wing","player_choice":"Card Removal","floor":8.0,"gold_loss":0.0,"damage_taken":7.0},{"damage_healed":0.0,"max_hp_gain":0.0,"max_hp_loss":6.0,"gold_gain":0.0,"event_name":"Golden Idol","player_choice":"Lose Max HP","floor":11.0,"gold_loss":0.0,"damage_taken":0.0,"relics_obtained":["Golden Idol"]},{"damage_healed":0,"gold_gain":0,"player_choice":"Read","damage_taken":0,"max_hp_gain":0,"max_hp_loss":0,"event_name":"The Library","floor":22,"gold_loss":0,"cards_obtained":["Catalyst"]}],"is_beta":false,"boss_relics":[{"not_picked":["HoveringKite","Astrolabe"],"picked":"Busted Crown"}],"items_purged_floors":[19],"is_endless":false,"potions_floor_spawned":[3,14,16,18,20],"killed_by":"Slavers","ascension_level":20}