{"gold_per_floor":[117,117,142,23,23,23,62,85,110,160,160,184,84,100,100,193,193,206,220,9,25,46,46,59,59,130,23,23,46,70,70,70,166,166,191,41,61,0,19,19,63,86,112,445,445,270,305,305,305,305,305,305,305,16,43,43],"floor_reached":57,"playtime":5891,"items_purged":["Strike_G","Strike_G","Strike_G","Strike_G","Flechettes","Defend_G"],"score":2824,"play_id":"d102010f-5e7a-4232-8738-ecdeeb22dc29","local_time":"20190108133844","is_ascension_mode":true,"campfire_choices":[{"data":"Quick Slash","floor":6.0,"key":"SMITH"},{"floor":11.0,"key":"REST"},{"data":"Acrobatics","floor":15.0,"key":"SMITH"},{"data":"Acrobatics","floor":23.0,"key":"SMITH"},{"data":"Acrobatics","floor":25.0,"key":"SMITH"},{"data":"Expertise","floor":28.0,"key":"SMITH"},{"data":"Tactician","floor":32.0,"key":"SMITH"},{"data":"Grand Finale","floor":40.0,"key":"SMITH"},{"data":"Acrobatics","floor":45.0,"key":"SMITH"},{"floor":49.0,"key":"RECALL"},{"data":"Backflip","floor":53.0,"key":"SMITH"}],"neow_cost":"NONE","seed_source_timestamp":1717119128668,"circlet_count":0,"master_deck":["AscendersBane","Defend_G","Defend_G","Defend_G","Survivor","Neutralize","Quick Slash+1","Leg Sweep","Well Laid Plans","Acrobatics+1","Acrobatics+1","Well Laid Plans","After Image","Dash","Acrobatics+1","Expertise+1","Well Laid Plans","Tactician+1","Backflip+1","Calculated Gamble+1","Grand Finale+1","Acrobatics+1","Tactician+1","Adrenaline"],"special_seed":0,"relics":["HoveringKite","Regal Pillow","Vajra","Coffee Dripper","Ornamental Fan","Sozu","Red Mask","Snake Skull","Art of War"],"potions_floor_usage":[55,55],"damage_taken":[{"damage":17.0,"enemies":"Small Slimes","floor":1.0,"turns":5.0},{"damage":2.0,"enemies":"2 Louse","floor":3.0,"turns":4.0},{"damage":28.0,"enemies":"Lagavulin","floor":7.0,"turns":11.0},{"damage":0.0,"enemies":"Cultist","floor":8.0,"turns":4.0},{"damage":0.0,"enemies":"2 Fungi Beasts","floor":12.0,"turns":4.0},{"damage":3.0,"enemies":"3 Louse","floor":14.0,"turns":9.0},{"damage":7.0,"enemies":"The Guardian","floor":16.0,"turns":15.0},{"damage":3.0,"enemies":"Shell Parasite","floor":18.0,"turns":7.0},{"damage":0.0,"enemies":"3 Byrds","floor":19.0,"turns":2.0},{"damage":1.0,"enemies":"Centurion and Healer","floor":21.0,"turns":6.0},{"damage":3.0,"enemies":"Shelled Parasite and Fungi","floor":22.0,"turns":8.0},{"damage":2.0,"enemies":"Snake Plant","floor":24.0,"turns":7.0},{"damage":0.0,"enemies":"Centurion and Healer","floor":29.0,"turns":5.0},{"damage":0.0,"enemies":"Chosen and Byrds","floor":30.0,"turns":6.0},{"damage":6.0,"enemies":"Collector","floor":33.0,"turns":7.0},{"damage":5.0,"enemies":"3 Shapes","floor":35.0,"turns":5.0},{"damage":0.0,"enemies":"Orb Walker","floor":37.0,"turns":3.0},{"damage":0.0,"enemies":"Spire Growth","floor":39.0,"turns":3.0},{"damage":0.0,"enemies":"Giant Head","floor":41.0,"turns":3.0},{"damage":0.0,"enemies":"4 Shapes","floor":42.0,"turns":1.0},{"damage":0.0,"enemies":"Reptomancer","floor":47.0,"turns":2.0},{"damage":5.0,"enemies":"Time Eater","floor":50.0,"turns":9.0},{"damage":23.0,"enemies":"Donu and Deca","floor":51.0,"turns":5.0},{"damage":0,"enemies":"Shield and Spear","floor":55,"turns":2},{"damage":47,"enemies":"The Heart","floor":56,"turns":8}],"seed_played":"8461401855797504685","potions_obtained":[{"floor":7.0,"key":"FearPotion"},{"floor":12.0,"key":"GamblersBrew"},{"floor":14.0,"key":"AttackPotion"},{"floor":16.0,"key":"Poison Potion"},{"floor":18.0,"key":"SkillPotion"},{"floor":21.0,"key":"SkillPotion"},{"floor":33.0,"key":"AttackPotion"}],"is_trial":false,"path_per_floor":["M","?","M","$","?","R","E","M","T","?","R","M","$","M","R","B",null,"M","M","$","M","M","R","M","R","T","$","R","M","M","?","R","B",null,"M","$","M","?","M","R","E","M","T","?","R","$","E","?","R","B","B",null,"R","$","E","B",null],"character_chosen":"THE_SILENT","items_purchased":["Well Laid Plans","Expertise","Tactician","Backflip","Adrenaline"],"campfire_rested":1,"item_purchase_floors":[4,20,27,27,54],"current_hp_per_floor":[42,42,40,40,40,40,12,12,12,6,39,39,39,36,36,29,52,49,49,49,48,45,45,43,43,43,43,43,43,43,43,43,37,54,49,49,49,49,49,49,49,49,49,49,49,49,49,49,49,44,21,50,50,50,50,3],"gold":43,"neow_bonus":"BOSS_RELIC","is_prod":false,"is_daily":false,"chose_seed":false,"campfire_upgraded":9,"win_rate":0,"timestamp":1546925924,"path_taken":["M","?","M","$","?","R","E","M","T","?","R","M","$","?","R","BOSS","M","M","$","M","M","R","M","R","T","$","R","M","M","?","R","BOSS","M","$","M","?","M","R","E","M","T","?","R","?","E","?","R","BOSS","BOSS","R","$","E","BOSS"],"build_version":"2019-01-03v4","purchased_purges":6,"victory":true,"max_hp_per_floor":[66,60,60,60,60,60,60,60,60,60,60,60,60,60,60,60,60,60,60,60,60,60,60,60,60,60,60,60,60,60,60,60,60,60,60,60,60,60,60,60,60,60,60,60,60,60,60,60,60,60,60,60,60,60,60,60],"card_choices":[{"not_picked":["Underhanded Strike","Deadly Poison"],"picked":"Quick Slash","floor":1.0},{"not_picked":["Calculated Gamble","Slice"],"picked":"Leg Sweep","floor":3.0},{"not_picked":["Well Laid Plans","Bane"],"picked":"Acrobatics","floor":7.0},{"not_picked":["Infinite Blades","Dagger Spray"],"picked":"Acrobatics","floor":8.0},{"not_picked":["All Out Attack","Poisoned Stab"],"picked":"Flechettes","floor":12.0},{"not_picked":["Footwork","Dagger Spray"],"picked":"Well Laid Plans","floor":14.0},{"not_picked":["Doppelganger","Corpse Explosion"],"picked":"After Image","floor":16.0},{"not_picked":["Blur","Slice"],"picked":"Dash","floor":18.0},{"not_picked":["Bane","Poisoned Stab"],"picked":"Acrobatics","floor":19.0},{"not_picked":["Escape Plan","Masterful Stab","Dodge and Roll+1"],"picked":"SKIP","floor":21.0},{"not_picked":["Dagger Spray","Prepared","Escape Plan"],"picked":"SKIP","floor":22.0},{"not_picked":["Flying Knee","Setup+1"],"picked":"Well Laid Plans","floor":24.0},{"not_picked":["Underhanded Strike","Caltrops","Crippling Poison"],"picked":"SKIP","floor":29.0},{"not_picked":["A Thousand Cuts","Deflect"],"picked":"Calculated Gamble+1","floor":30.0},{"not_picked":["Corpse Explosion","Doppelganger"],"picked":"Grand Finale","floor":33.0},{"not_picked":["Distraction","Bane","Masterful Stab"],"picked":"SKIP","floor":35.0},{"not_picked":["Cloak And Dagger","Poisoned Stab+1","Catalyst"],"picked":"SKIP","floor":37.0},{"not_picked":["Crippling Poison","Poisoned Stab+1","Noxious Fumes"],"picked":"SKIP","floor":39.0},{"not_picked":["Cloak And Dagger","Eviscerate"],"picked":"Acrobatics","floor":41.0},{"not_picked":["Poisoned Stab","Deflect+1"],"picked":"Tactician+1","floor":42.0},{"not_picked":["Escape Plan+1","Backstab+1","Tools of the Trade"],"picked":"SKIP","floor":47.0},{"not_picked":["Crippling Poison","Distraction+1","Prepared"],"picked":"SKIP","floor":55}],"player_experience":1840676,"relics_obtained":[{"floor":7.0,"key":"Regal Pillow"},{"floor":9.0,"key":"Vajra"},{"floor":26.0,"key":"Ornamental Fan"},{"floor":47.0,"key":"Snake Skull"},{"floor":55,"key":"Art of War"}],"event_choices":[{"damage_healed":0.0,"max_hp_gain":0.0,"max_hp_loss":6.0,"gold_gain":0.0,"event_name":"Golden Idol","player_choice":"Lose Max HP","floor":2.0,"gold_loss":0.0,"damage_taken":0.0,"relics_obtained":["Golden Idol"]},{"cards_removed":["Defend_G"],"damage_healed":0.0,"max_hp_gain":0.0,"max_hp_loss":0.0,"gold_gain":0.0,"event_name":"Living Wall","player_choice":"Forget","floor":5.0,"gold_loss":0.0,"damage_taken":0.0},{"damage_healed":0.0,"max_hp_gain":0.0,"max_hp_loss":0.0,"gold_gain":50.0,"event_name":"FaceTrader","player_choice":"Touch","floor":10.0,"gold_loss":0.0,"damage_taken":6.0},{"cards_removed":["Strike_G"],"damage_healed":0.0,"max_hp_gain":0.0,"max_hp_loss":0.0,"gold_gain":0.0,"event_name":"Back to Basics","player_choice":"Elegance","floor":31.0,"gold_loss":0.0,"damage_taken":0.0},{"damage_healed":0.0,"max_hp_gain":0.0,"max_hp_loss":0.0,"gold_gain":0.0,"event_name":"Tomb of Lord Red Mask","player_choice":"Paid","floor":38.0,"gold_loss":61.0,"damage_taken":0.0,"relics_obtained":["Red Mask"]},{"damage_healed":0.0,"max_hp_gain":0.0,"max_hp_loss":0.0,"gold_gain":333.0,"event_name":"The Moai Head","player_choice":"Gave Idol","floor":44.0,"relics_lost":["Golden Idol"],"gold_loss":0.0,"damage_taken":0.0},{"damage_healed":0.0,"max_hp_gain":0.0,"max_hp_loss":0.0,"gold_gain":0.0,"event_name":"SensoryStone","player_choice":"Memory 1","floor":48.0,"gold_loss":0.0,"damage_taken":0.0}],"is_beta":false,"boss_relics":[{"not_picked":["Velvet Choker","Fusion Hammer"],"picked":"Coffee Dripper"},{"not_picked":["Black Star","Astrolabe"],"picked":"Sozu"}],"items_purged_floors":[4,13,20,36,46,54],"is_endless":false,"potions_floor_spawned":[7,12,14,16,18,21,33,39,42],"ascension_level":20}