{"gold_per_floor":[362,362,236,236,250,250,261,280,280,280,292,292,30,44,44,117,117,132,132,143,16,30,30,44,44,44,44,44,75,75,75,75,152,152,168,218,234,40,56,84,104,129,129,145,145,162,162,162,162,162,162,162,162,42,72,72],"floor_reached":57,"playtime":3066,"items_purged":["Strike_R","Strike_R","Strike_R+1","Inflame"],"score":3244,"play_id":"6b480f05-c462-4c47-a94b-f3de5d3ab5ac","local_time":"20190531095813","is_ascension_mode":true,"campfire_choices":[{"data":"Flex","floor":6.0,"key":"SMITH"},{"data":"Bash","floor":10.0,"key":"SMITH"},{"data":"Dropkick","floor":12.0,"key":"SMITH"},{"floor":15.0,"key":"RECALL"},{"floor":23.0,"key":"REST"},{"data":"Evolve","floor":25.0,"key":"SMITH"},{"data":"Defend_R","floor":27.0,"key":"SMITH"},{"data":"Defend_R","floor":30.0,"key":"SMITH"},{"data":"Defend_R","floor":32.0,"key":"SMITH"},{"data":"Corruption","floor":49.0,"key":"SMITH"},{"data":"Barricade","floor":53.0,"key":"SMITH"}],"neow_cost":"TEN_PERCENT_HP_LOSS","seed_source_timestamp":80538222170248,"circlet_count":0,"master_deck":["AscendersBane","Defend_R+1","Defend_R+1","Defend_R+1","Defend_R+1","Bash+1","Flex+1","Dropkick+1","Havoc+1","Offering+1","Seeing Red+1","Entrench+1","Impervious+1","Evolve+1","True Grit+1","Havoc+1","True Grit+1","Barricade+1","Havoc+1","Corruption+1","Rage+1","Burning Pact+1","Havoc+1","Havoc+1","Havoc+1","Sentinel+1"],"special_seed":0,"relics":["Burning Blood","The Courier","Toxic Egg 2","Dead Branch","Black Star","Ginger","Omamori","Runic Pyramid","Champion Belt","Meat on the Bone","Dream Catcher","Singing Bowl","FossilizedHelix","Ornamental Fan","Sundial","Torii"],"potions_floor_usage":[56,56,56,56],"damage_taken":[{"damage":9.0,"enemies":"2 Louse","floor":1.0,"turns":4.0},{"damage":6.0,"enemies":"Cultist","floor":5.0,"turns":3.0},{"damage":7.0,"enemies":"Jaw Worm","floor":7.0,"turns":3.0},{"damage":32.0,"enemies":"Exordium Wildlife","floor":8.0,"turns":7.0},{"damage":11.0,"enemies":"Large Slime","floor":11.0,"turns":6.0},{"damage":8.0,"enemies":"Blue Slaver","floor":14.0,"turns":3.0},{"damage":7.0,"enemies":"Hexaghost","floor":16.0,"turns":7.0},{"damage":6.0,"enemies":"Spheric Guardian","floor":18.0,"turns":3.0},{"damage":6.0,"enemies":"2 Thieves","floor":20.0,"turns":1.0},{"damage":37.0,"enemies":"Sentry and Sphere","floor":22.0,"turns":7.0},{"damage":11.0,"enemies":"Centurion and Healer","floor":24.0,"turns":3.0},{"damage":11.0,"enemies":"Gremlin Leader","floor":29.0,"turns":3.0},{"damage":24.0,"enemies":"Champ","floor":33.0,"turns":18.0},{"damage":6.0,"enemies":"3 Darklings","floor":35.0,"turns":6.0},{"damage":11.0,"enemies":"2 Orb Walkers","floor":36.0,"turns":4.0},{"damage":10.0,"enemies":"Orb Walker","floor":37.0,"turns":3.0},{"damage":27.0,"enemies":"Spire Growth","floor":39.0,"turns":5.0},{"damage":1.0,"enemies":"Reptomancer","floor":40.0,"turns":4.0},{"damage":0.0,"enemies":"Maw","floor":41.0,"turns":2.0},{"damage":9.0,"enemies":"Giant Head","floor":42.0,"turns":4.0},{"damage":0.0,"enemies":"Transient","floor":44.0,"turns":6.0},{"damage":26.0,"enemies":"4 Shapes","floor":46.0,"turns":5.0},{"damage":14.0,"enemies":"Awakened One","floor":50.0,"turns":5.0},{"damage":3.0,"enemies":"Donu and Deca","floor":51.0,"turns":7.0},{"damage":3,"enemies":"Shield and Spear","floor":55,"turns":3},{"damage":54,"enemies":"The Heart","floor":56,"turns":7}],"seed_played":"8278189610674639366","potions_obtained":[{"floor":8.0,"key":"Block Potion"},{"floor":14.0,"key":"PowerPotion"},{"floor":18.0,"key":"BloodPotion"},{"floor":22.0,"key":"EssenceOfSteel"},{"floor":35.0,"key":"SkillPotion"},{"floor":42.0,"key":"EssenceOfSteel"},{"floor":44.0,"key":"EntropicBrew"}],"is_trial":false,"path_per_floor":["M","?","$","?","M","R","M","M","T","R","M","R","$","M","R","B",null,"M","?","M","$","M","R","M","R","T","R","T","E","R","$","R","B",null,"M","?","M","$","M","E","M","E","T","M","?","M","?","?","R","B","B",null,"R","$","E","B",null],"character_chosen":"IRONCLAD","items_purchased":["Flex","Dead Branch","True Grit+1","Inflame","Corruption"],"campfire_rested":1,"item_purchase_floors":[3,13,21,38,38],"current_hp_per_floor":[65,45,45,45,45,45,44,18,18,18,13,13,13,11,11,10,54,54,54,60,60,29,49,44,44,44,44,44,39,39,39,39,21,56,56,51,47,47,26,31,49,46,46,52,66,48,48,48,48,52,55,66,66,66,69,33],"gold":72,"neow_bonus":"TWO_FIFTY_GOLD","is_prod":false,"is_daily":false,"chose_seed":false,"campfire_upgraded":9,"win_rate":0,"timestamp":1559267893,"path_taken":["M","?","$","?","M","R","M","?","T","R","M","R","$","M","R","BOSS","M","?","M","$","M","R","M","R","T","R","?","E","R","$","R","BOSS","M","?","M","$","M","E","M","E","T","M","?","M","?","?","R","BOSS","BOSS","R","$","E","BOSS"],"build_version":"2019-01-23","purchased_purges":4,"victory":true,"max_hp_per_floor":[68,68,68,68,68,68,68,68,68,68,68,68,68,68,68,68,68,68,68,68,68,68,68,68,68,68,68,68,68,68,68,68,68,68,68,68,68,68,68,68,68,68,68,68,68,70,70,70,70,70,70,70,70,70,70,70],"card_choices":[{"not_picked":["Wild Strike","Warcry"],"picked":"Cleave","floor":1.0},{"not_picked":["Clash","Anger","Havoc"],"picked":"SKIP","floor":5.0},{"not_picked":["Flame Barrier","True Grit"],"picked":"Dropkick","floor":7.0},{"not_picked":["Exhume","Sword Boomerang","Anger"],"picked":"SKIP","floor":8.0},{"not_picked":["Infernal Blade+1","Flex+1"],"picked":"Havoc+1","floor":11.0},{"not_picked":["Blood for Blood","Thunderclap","Hemokinesis"],"picked":"SKIP","floor":14.0},{"not_picked":["Double Tap+1","Bludgeon"],"picked":"Offering+1","floor":16.0},{"not_picked":["Heavy Blade","Warcry+1"],"picked":"Seeing Red+1","floor":18.0},{"not_picked":["Twin Strike","Headbutt"],"picked":"Evolve","floor":20.0},{"not_picked":["Sword Boomerang","Perfected Strike","Combust"],"picked":"SKIP","floor":22.0},{"not_picked":["Twin Strike","Perfected Strike"],"picked":"Havoc+1","floor":24.0},{"not_picked":["Sever Soul","Pommel Strike"],"picked":"True Grit+1","floor":29.0},{"not_picked":["Juggernaut","Bludgeon"],"picked":"Barricade","floor":33.0},{"not_picked":["Spot Weakness+1","Armaments+1"],"picked":"Body Slam+1","floor":35.0},{"not_picked":["Battle Trance+1","Infernal Blade+1"],"picked":"Havoc+1","floor":37.0},{"not_picked":["Sword Boomerang","Sever Soul"],"picked":"Rage+1","floor":39.0},{"not_picked":["Twin Strike","Fire Breathing"],"picked":"Burning Pact+1","floor":40.0},{"not_picked":["Sword Boomerang","Dark Embrace"],"picked":"Havoc+1","floor":41.0},{"not_picked":["Fire Breathing","Feed"],"picked":"Havoc+1","floor":42.0},{"not_picked":["Thunderclap","Armaments+1"],"picked":"Havoc+1","floor":44.0},{"not_picked":["Heavy Blade","Clash+1","Perfected Strike"],"picked":"Singing Bowl","floor":46.0},{"not_picked":["Twin Strike+1","Dual Wield+1"],"picked":"Sentinel+1","floor":55}],"player_experience":4933863,"relics_obtained":[{"floor":9.0,"key":"Toxic Egg 2"},{"floor":26.0,"key":"Ginger"},{"floor":29.0,"key":"Omamori"},{"floor":36.0,"key":"Champion Belt"},{"floor":40.0,"key":"Meat on the Bone"},{"floor":40.0,"key":"Dream Catcher"},{"floor":42.0,"key":"Singing Bowl"},{"floor":42.0,"key":"FossilizedHelix"},{"floor":43.0,"key":"Ornamental Fan"},{"floor":55,"key":"Sundial"},{"floor":55,"key":"Torii"}],"event_choices":[{"damage_healed":0.0,"max_hp_gain":0.0,"max_hp_loss":0.0,"gold_gain":0.0,"event_name":"Shining Light","player_choice":"Entered Light","floor":2.0,"gold_loss":0.0,"damage_taken":20.0,"cards_upgraded":["Strike_R","Defend_R"]},{"cards_removed":["Cleave"],"damage_healed":0.0,"max_hp_gain":0.0,"max_hp_loss":0.0,"gold_gain":0.0,"event_name":"WeMeetAgain","player_choice":"Gave Card","floor":4.0,"gold_loss":0.0,"damage_taken":0.0,"relics_obtained":["The Courier"]},{"damage_healed":0.0,"max_hp_gain":0.0,"max_hp_loss":0.0,"gold_gain":0.0,"cards_transformed":["Strike_R","Strike_R"],"event_name":"Drug Dealer","player_choice":"Became Test Subject","floor":19.0,"gold_loss":0.0,"damage_taken":0.0,"cards_obtained":["Entrench","Impervious"]},{"damage_healed":0.0,"max_hp_gain":0.0,"max_hp_loss":0.0,"gold_gain":0.0,"event_name":"Mysterious Sphere","player_choice":"Fight","floor":36.0,"gold_loss":0.0,"damage_taken":0.0},{"damage_healed":14.0,"max_hp_gain":0.0,"max_hp_loss":0.0,"gold_gain":0.0,"event_name":"Winding Halls","player_choice":"Writhe","floor":45.0,"gold_loss":0.0,"damage_taken":0.0,"cards_obtained":["Writhe"]},{"cards_removed":["Body Slam"],"damage_healed":0.0,"max_hp_gain":0.0,"max_hp_loss":0.0,"gold_gain":0.0,"event_name":"Falling","player_choice":"Removed Attack","floor":47.0,"gold_loss":0.0,"damage_taken":0.0},{"damage_healed":0.0,"max_hp_gain":0.0,"max_hp_loss":0.0,"gold_gain":0.0,"event_name":"Tomb of Lord Red Mask","player_choice":"Ignored","floor":48.0,"gold_loss":0.0,"damage_taken":0.0}],"is_beta":false,"boss_relics":[{"not_picked":["Eternal Feather","Tiny House"],"picked":"Black Star"},{"not_picked":["Black Blood","Runic Cube"],"picked":"Runic Pyramid"}],"items_purged_floors":[3,21,38,54],"is_endless":false,"potions_floor_spawned":[8,14,18,22,29,35,37,42,44],"ascension_level":20}