{"gold_per_floor":[127,139,164,189,213,225,249,261,300,312,64,64,64,76,76,155,155,170,170,170,189,205,205,236,236,236,251,279,279,307,322,322,397,397,416,416,427,444,455,482,482,516,540,540,540,559,559,576,576,576],"floor_reached":50,"playtime":3080,"items_purged":["Strike_G"],"score":1118,"play_id":"837310ef-836c-4bfa-bb95-e6b38399c117","local_time":"20190216135123","is_ascension_mode":true,"campfire_choices":[{"data":"Deadly Poison","floor":6.0,"key":"SMITH"},{"data":"Neutralize","floor":8.0,"key":"SMITH"},{"data":"Terror","floor":10.0,"key":"SMITH"},{"data":"The Bomb","floor":13.0,"key":"SMITH"},{"floor":15.0,"key":"REST"},{"data":"Catalyst","floor":23.0,"key":"SMITH"},{"data":"Wraith Form v2","floor":25.0,"key":"SMITH"},{"floor":29.0,"key":"REST"},{"floor":32.0,"key":"REST"},{"data":"Acrobatics","floor":44.0,"key":"SMITH"},{"data":"Wraith Form v2","floor":47,"key":"SMITH"},{"floor":49,"key":"RECALL"}],"neow_cost":"NONE","seed_source_timestamp":14720265753907,"circlet_count":0,"master_deck":["AscendersBane","Defend_G+1","Defend_G+1","Defend_G+1","Defend_G+1","Defend_G+1","Strike_G+1","Strike_G+1","Strike_G+1","Survivor","Neutralize+1","Terror+1","Deadly Poison+1","The Bomb+1","Wraith Form v2+1","Catalyst+1","PiercingWail+1","Backflip+1","Grand Finale","Wraith Form v2+1","Catalyst","Acrobatics","Acrobatics+1","After Image","Backflip","Doubt","Normality","After Image"],"special_seed":0,"relics":["Ring of the Snake","MawBank","Bronze Scales","Cursed Key","PreservedInsect","Red Mask","Pen Nib","Orrery","Molten Egg 2","Dodecahedron"],"potions_floor_usage":[],"damage_taken":[{"damage":1.0,"enemies":"Cultist","floor":1.0,"turns":5.0},{"damage":9.0,"enemies":"Small Slimes","floor":3.0,"turns":7.0},{"damage":0.0,"enemies":"2 Louse","floor":4.0,"turns":4.0},{"damage":11.0,"enemies":"Looter","floor":5.0,"turns":3.0},{"damage":12.0,"enemies":"3 Louse","floor":7.0,"turns":6.0},{"damage":4.0,"enemies":"Blue Slaver","floor":14.0,"turns":4.0},{"damage":23.0,"enemies":"The Guardian","floor":16.0,"turns":11.0},{"damage":7.0,"enemies":"Shell Parasite","floor":18.0,"turns":6.0},{"damage":2.0,"enemies":"3 Byrds","floor":21.0,"turns":4.0},{"damage":23.0,"enemies":"Cultist and Chosen","floor":22.0,"turns":4.0},{"damage":0.0,"enemies":"Book of Stabbing","floor":24.0,"turns":5.0},{"damage":0.0,"enemies":"Shelled Parasite and Fungi","floor":27.0,"turns":4.0},{"damage":0.0,"enemies":"Masked Bandits","floor":28.0,"turns":3.0},{"damage":7.0,"enemies":"Slavers","floor":30.0,"turns":3.0},{"damage":0.0,"enemies":"Centurion and Healer","floor":31.0,"turns":3.0},{"damage":37.0,"enemies":"Champ","floor":33.0,"turns":15.0},{"damage":0.0,"enemies":"Orb Walker","floor":35.0,"turns":4.0},{"damage":2.0,"enemies":"3 Darklings","floor":37.0,"turns":6.0},{"damage":0.0,"enemies":"Maw","floor":38.0,"turns":7.0},{"damage":9.0,"enemies":"4 Shapes","floor":39.0,"turns":3.0},{"damage":33.0,"enemies":"Nemesis","floor":40.0,"turns":7.0},{"damage":5.0,"enemies":"Reptomancer","floor":42.0,"turns":6.0},{"damage":2,"enemies":"Jaw Worm Horde","floor":46,"turns":4},{"damage":10,"enemies":"3 Darklings","floor":48,"turns":7},{"damage":58,"enemies":"Awakened One","floor":50,"turns":7}],"seed_played":"-6469083725664092978","potions_obtained":[{"floor":1.0,"key":"Strength Potion"},{"floor":7.0,"key":"SpeedPotion"},{"floor":18.0,"key":"Poison Potion"},{"floor":22.0,"key":"Poison Potion"},{"floor":27.0,"key":"Block Potion"},{"floor":30.0,"key":"Swift Potion"},{"floor":38.0,"key":"Fire Potion"},{"floor":40.0,"key":"GamblersBrew"},{"floor":42.0,"key":"SteroidPotion"}],"is_trial":false,"path_per_floor":["M","$","M","M","M","R","M","R","T","R","$","?","R","M","R","B",null,"M","?","?","M","M","R","E","R","T","M","?","R","E","M","R","B",null,"M","?","M","M","M","E","?","E","T","R","?","M","R","M","R","B"],"character_chosen":"THE_SILENT","items_purchased":["The Bomb"],"campfire_rested":3,"item_purchase_floors":[11],"current_hp_per_floor":[58,58,49,49,38,38,26,26,26,26,26,26,26,22,41,18,54,47,29,29,27,4,4,4,4,4,4,4,25,18,18,39,2,54,54,54,52,52,43,10,67,62,62,62,62,60,60,50,50,0],"gold":576,"neow_bonus":"RANDOM_COMMON_RELIC","is_prod":false,"is_daily":false,"chose_seed":false,"campfire_upgraded":8,"win_rate":0,"timestamp":1550296283,"path_taken":["M","?","M","M","M","R","M","R","T","R","$","?","R","?","R","BOSS","M","?","?","M","M","R","E","R","T","M","?","R","E","M","R","BOSS","M","?","M","M","M","E","?","E","T","R","?","M","R","M","R","BOSS"],"build_version":"2019-01-23","purchased_purges":1,"victory":false,"max_hp_per_floor":[66,66,66,66,66,66,66,66,66,66,66,66,66,66,66,66,66,66,71,71,71,71,71,71,71,71,71,71,71,71,71,71,71,71,71,67,67,67,67,67,67,67,67,67,67,67,67,67,67,67],"card_choices":[{"not_picked":["Finisher","Blade Dance","Underhanded Strike"],"picked":"SKIP","floor":1.0},{"not_picked":["Dodge and Roll","Finisher"],"picked":"Terror","floor":3.0},{"not_picked":["Outmaneuver","Bane"],"picked":"Deadly Poison","floor":4.0},{"not_picked":["Acrobatics","Bullet Time","Prepared"],"picked":"SKIP","floor":5.0},{"not_picked":["Underhanded Strike","Dagger Spray","Deflect"],"picked":"SKIP","floor":7.0},{"not_picked":["Blade Dance","Distraction","Dodge and Roll"],"picked":"SKIP","floor":14.0},{"not_picked":["Adrenaline","Malaise"],"picked":"Wraith Form v2","floor":16.0},{"not_picked":["Masterful Stab","Eviscerate","Backstab"],"picked":"SKIP","floor":18.0},{"not_picked":["Dodge and Roll","Riddle With Holes"],"picked":"Catalyst","floor":21.0},{"not_picked":["Backstab","Quick Slash"],"picked":"PiercingWail+1","floor":22.0},{"not_picked":["Tactician","Deadly Poison"],"picked":"Backflip+1","floor":24.0},{"not_picked":["Dagger Spray+1","Endless Agony","Deadly Poison"],"picked":"SKIP","floor":27.0},{"not_picked":["Terror+1","Backstab"],"picked":"Grand Finale","floor":30.0},{"not_picked":["Underhanded Strike","Flying Knee","Quick Slash"],"picked":"SKIP","floor":31.0},{"not_picked":["After Image","Unload"],"picked":"Wraith Form v2","floor":33.0},{"not_picked":["Dodge and Roll","Underhanded Strike"],"picked":"Catalyst","floor":34.0},{"not_picked":["Quick Slash+1","Endless Agony"],"picked":"Acrobatics","floor":34.0},{"not_picked":["Quick Slash","Flying Knee+1"],"picked":"Acrobatics","floor":34.0},{"not_picked":["Bane","Prepared"],"picked":"After Image","floor":34.0},{"not_picked":["Dagger Spray","Outmaneuver","Deadly Poison"],"picked":"SKIP","floor":35.0},{"not_picked":["Deadly Poison","Bouncing Flask","PiercingWail+1"],"picked":"SKIP","floor":37.0},{"not_picked":["Reflex","Sucker Punch+1"],"picked":"Backflip","floor":38.0},{"not_picked":["Finisher","Quick Slash","PiercingWail"],"picked":"SKIP","floor":39.0},{"not_picked":["Underhanded Strike","Crippling Poison","Sucker Punch"],"picked":"SKIP","floor":40.0},{"not_picked":["Flechettes+1","Bullet Time","Distraction"],"picked":"SKIP","floor":42.0},{"not_picked":["Slice+1","PiercingWail","Outmaneuver"],"picked":"SKIP","floor":46},{"not_picked":["Underhanded Strike+1","All Out Attack+1","Blade Dance"],"picked":"SKIP","floor":48}],"player_experience":2817063,"relics_obtained":[{"floor":9.0,"key":"Bronze Scales"},{"floor":24.0,"key":"PreservedInsect"},{"floor":28.0,"key":"Red Mask"},{"floor":30.0,"key":"Pen Nib"},{"floor":40.0,"key":"Molten Egg 2"},{"floor":42.0,"key":"Dodecahedron"}],"event_choices":[{"damage_healed":0.0,"max_hp_gain":0.0,"max_hp_loss":0.0,"gold_gain":0.0,"event_name":"FaceTrader","player_choice":"Leave","floor":12.0,"gold_loss":0.0,"damage_taken":0.0},{"damage_healed":0.0,"max_hp_gain":5.0,"max_hp_loss":0.0,"gold_gain":0.0,"event_name":"Forgotten Altar","player_choice":"Shed Blood","floor":19.0,"gold_loss":0.0,"damage_taken":23.0},{"damage_healed":0.0,"max_hp_gain":0.0,"max_hp_loss":0.0,"gold_gain":0.0,"event_name":"Back to Basics","player_choice":"Simplicity","floor":20.0,"gold_loss":0.0,"damage_taken":0.0,"cards_upgraded":["Defend_G","Defend_G","Defend_G","Defend_G","Defend_G","Strike_G","Strike_G","Strike_G","Strike_G"]},{"damage_healed":0.0,"max_hp_gain":0.0,"max_hp_loss":0.0,"gold_gain":0.0,"event_name":"Masked Bandits","player_choice":"Fought Bandits","floor":28.0,"gold_loss":0.0,"damage_taken":0.0},{"damage_healed":0.0,"max_hp_gain":0.0,"max_hp_loss":4.0,"gold_gain":0.0,"event_name":"Winding Halls","player_choice":"Max HP","floor":36.0,"gold_loss":0.0,"damage_taken":0.0},{"damage_healed":57.0,"max_hp_gain":0.0,"max_hp_loss":0.0,"gold_gain":0.0,"event_name":"MindBloom","player_choice":"Heal","floor":41.0,"gold_loss":0.0,"damage_taken":0.0,"cards_obtained":["Doubt"]},{"damage_healed":0.0,"max_hp_gain":0.0,"max_hp_loss":0.0,"gold_gain":0.0,"cards_transformed":["Strike_G"],"event_name":"Transmorgrifier","player_choice":"Transformed","floor":45.0,"gold_loss":0.0,"damage_taken":0.0,"cards_obtained":["After Image"]}],"is_beta":false,"boss_relics":[{"not_picked":["Ring of the Serpent","Black Star"],"picked":"Cursed Key"},{"not_picked":["White Beast Statue","Eternal Feather"],"picked":"Orrery"}],"items_purged_floors":[11],"is_endless":false,"potions_floor_spawned":[1,7,18,22,27,30,38,40,42],"killed_by":"Awakened One","ascension_level":20}