{"gold_per_floor":[212,49,68,28,28,28,28,28,28,43,43,43,62,75,75,165,165,188,188,54,78,78,139,39,39,39,53,53,77,77,102,102,197,197,217,275,66,87,168,168,201,201,226,259,313,331,347,383,383,383,383,383,383,24,68,68],"floor_reached":57,"playtime":6710,"items_purged":["Pain","Strike_G","Defend_G","Defend_G"],"score":3327,"play_id":"3a100b9f-7e2d-44bf-9c22-59857c0ba312","local_time":"20181223205128","is_ascension_mode":true,"campfire_choices":[{"data":"Noxious Fumes","floor":6.0,"key":"SMITH"},{"data":"Well Laid Plans","floor":8.0,"key":"SMITH"},{"data":"Acrobatics","floor":12.0,"key":"SMITH"},{"data":"Calculated Gamble","floor":15.0,"key":"SMITH"},{"floor":25.0,"key":"REST"},{"data":"Acrobatics","floor":30.0,"key":"SMITH"},{"data":"Prepared","floor":32.0,"key":"SMITH"},{"data":"Cloak And Dagger","floor":42.0,"key":"SMITH"},{"floor":49.0,"key":"RECALL"},{"data":"Neutralize","floor":53.0,"key":"SMITH"}],"neow_cost":"NONE","seed_source_timestamp":27509662051166,"circlet_count":0,"master_deck":["AscendersBane","Defend_G","Defend_G","Strike_G+1","Survivor","Neutralize+1","Well Laid Plans+1","Tactician+1","Noxious Fumes+1","Acrobatics+1","Venomology","Calculated Gamble+1","Corpse Explosion","Acrobatics+1","Prepared+1","Well Laid Plans+1","Noxious Fumes+1","Footwork+1","Cloak And Dagger+1","Backflip","Footwork+1","Caltrops+1","Caltrops+1","Reflex+1","Reflex+1","Caltrops+1","Tactician"],"special_seed":0,"relics":["Ring of the Snake","Oddly Smooth Stone","Golden Idol","Kunai","Empty Cage","WarpedTongs","Tiny Chest","Frozen Egg 2","Philosopher\u0027s Stone","Prayer Wheel","Question Card","Bottled Tornado","Smiling Mask","Ancient Tea Set","Strawberry","Art of War","Regal Pillow","Frozen Eye","Pen Nib"],"potions_floor_usage":[],"damage_taken":[{"damage":0.0,"enemies":"2 Louse","floor":1.0,"turns":6.0},{"damage":0.0,"enemies":"Small Slimes","floor":3.0,"turns":5.0},{"damage":0.0,"enemies":"Cultist","floor":10.0,"turns":4.0},{"damage":0.0,"enemies":"3 Louse","floor":13.0,"turns":4.0},{"damage":0.0,"enemies":"Exordium Thugs","floor":14.0,"turns":5.0},{"damage":24.0,"enemies":"The Guardian","floor":16.0,"turns":11.0},{"damage":42.0,"enemies":"Chosen","floor":18.0,"turns":7.0},{"damage":10.0,"enemies":"Slavers","floor":23.0,"turns":3.0},{"damage":0.0,"enemies":"2 Thieves","floor":27.0,"turns":2.0},{"damage":0.0,"enemies":"Centurion and Healer","floor":29.0,"turns":3.0},{"damage":0.0,"enemies":"Shelled Parasite and Fungi","floor":31.0,"turns":2.0},{"damage":0.0,"enemies":"Collector","floor":33.0,"turns":2.0},{"damage":0.0,"enemies":"3 Darklings","floor":35.0,"turns":2.0},{"damage":0.0,"enemies":"2 Orb Walkers","floor":36.0,"turns":1.0},{"damage":0.0,"enemies":"Orb Walker","floor":38.0,"turns":2.0},{"damage":0.0,"enemies":"Reptomancer","floor":41.0,"turns":4.0},{"damage":0.0,"enemies":"Nemesis","floor":44.0,"turns":3.0},{"damage":0.0,"enemies":"Spire Growth","floor":46.0,"turns":3.0},{"damage":0.0,"enemies":"4 Shapes","floor":47.0,"turns":4.0},{"damage":0.0,"enemies":"Giant Head","floor":48.0,"turns":3.0},{"damage":0.0,"enemies":"Time Eater","floor":50.0,"turns":12.0},{"damage":0.0,"enemies":"Awakened One","floor":51.0,"turns":4.0},{"damage":11.0,"enemies":"Shield and Spear","floor":55.0,"turns":6.0},{"damage":66,"enemies":"The Heart","floor":56,"turns":7}],"seed_played":"8572608350154649073","potions_obtained":[{"floor":10.0,"key":"Weak Potion"},{"floor":14.0,"key":"FearPotion"},{"floor":16.0,"key":"Regen Potion"},{"floor":18.0,"key":"Swift Potion"},{"floor":36.0,"key":"GamblersBrew"}],"is_trial":false,"path_per_floor":["M","$","M","$","?","R","?","R","T","M","?","R","M","M","R","B",null,"M","?","$","T","?","E","$","R","T","M","?","M","R","M","R","B",null,"M","?","$","M","T","T","E","R","T","E","T","M","M","E","R","B","B",null,"R","$","E","B",null],"character_chosen":"THE_SILENT","items_purchased":["Oddly Smooth Stone","Noxious Fumes","Acrobatics","Footwork+1","Frozen Eye","Caltrops+1"],"campfire_rested":1,"item_purchase_floors":[2,4,20,37,54,54],"current_hp_per_floor":[59,59,59,59,39,39,39,39,39,39,39,39,39,39,39,15,49,21,21,21,21,21,11,11,29,29,29,29,29,29,29,29,29,52,52,52,52,52,52,52,52,52,52,59,59,67,67,67,67,67,67,67,67,67,67,1],"gold":68,"neow_bonus":"HUNDRED_GOLD","is_prod":false,"is_daily":false,"chose_seed":false,"campfire_upgraded":8,"win_rate":0,"timestamp":1545569488,"path_taken":["M","$","M","$","?","R","?","R","T","M","?","R","?","M","R","BOSS","M","?","$","?","?","E","$","R","T","M","?","M","R","?","R","BOSS","M","?","$","M","?","?","E","R","T","E","?","?","M","E","R","BOSS","BOSS","R","$","E","BOSS"],"build_version":"2018-12-20","purchased_purges":4,"victory":true,"max_hp_per_floor":[66,66,66,66,66,66,60,60,60,60,60,60,60,60,60,60,60,60,60,60,60,60,60,60,60,60,60,60,60,60,60,60,60,60,60,60,60,60,60,60,60,60,60,67,67,67,67,67,67,67,67,67,67,67,67,67],"card_choices":[{"not_picked":["Flying Knee","Dodge and Roll"],"picked":"Well Laid Plans","floor":1.0},{"not_picked":["Escape Plan","Prepared"],"picked":"Tactician","floor":3.0},{"not_picked":["Expertise","Poisoned Stab"],"picked":"Acrobatics","floor":10.0},{"not_picked":["Dagger Throw","Poisoned Stab","Riddle With Holes"],"picked":"SKIP","floor":13.0},{"not_picked":["Flying Knee","Terror"],"picked":"Calculated Gamble","floor":14.0},{"not_picked":["Phantasmal Killer","Bullet Time"],"picked":"Corpse Explosion","floor":16.0},{"not_picked":["Dodge and Roll","Bane+1","Dagger Spray+1"],"picked":"SKIP","floor":18.0},{"not_picked":["Dagger Spray","Dodge and Roll"],"picked":"Prepared","floor":23.0},{"not_picked":["Leg Sweep","Acrobatics","Outmaneuver"],"picked":"SKIP","floor":27.0},{"not_picked":["Masterful Stab","Distraction","Underhanded Strike+1"],"picked":"SKIP","floor":29.0},{"not_picked":["Underhanded Strike+1","Backflip"],"picked":"Well Laid Plans+1","floor":31.0},{"not_picked":["Cloak And Dagger","Quick Slash+1"],"picked":"Noxious Fumes+1","floor":35.0},{"not_picked":["Bane","Quick Slash+1"],"picked":"Cloak And Dagger","floor":38.0},{"not_picked":["Concentrate","Blade Dance"],"picked":"Backflip","floor":38.0},{"not_picked":["Concentrate","Corpse Explosion","Blur"],"picked":"Footwork+1","floor":41.0},{"not_picked":["Sucker Punch+1","Bullet Time","Well Laid Plans+1","Dagger Spray"],"picked":"SKIP","floor":44.0},{"not_picked":["Prepared","Accuracy+1","Dagger Throw"],"picked":"Caltrops+1","floor":46.0},{"not_picked":["Flechettes","Dodge and Roll","Well Laid Plans+1","Finisher"],"picked":"SKIP","floor":46.0},{"not_picked":["Bane","Predator","Deflect"],"picked":"Caltrops+1","floor":47.0},{"not_picked":["Backflip+1","Bane","Dodge and Roll"],"picked":"Reflex+1","floor":47.0},{"not_picked":["Slice","Finisher","Bane"],"picked":"Reflex+1","floor":48.0},{"not_picked":["Dagger Spray+1","Corpse Explosion","Catalyst"],"picked":"Tactician","floor":55.0}],"player_experience":1436642,"relics_obtained":[{"floor":9.0,"key":"Kunai"},{"floor":23.0,"key":"Tiny Chest"},{"floor":26.0,"key":"Frozen Egg 2"},{"floor":36.0,"key":"Prayer Wheel"},{"floor":39.0,"key":"Question Card"},{"floor":40.0,"key":"Bottled Tornado"},{"floor":41.0,"key":"Smiling Mask"},{"floor":43.0,"key":"Ancient Tea Set"},{"floor":44.0,"key":"Strawberry"},{"floor":45.0,"key":"Art of War"},{"floor":48.0,"key":"Regal Pillow"},{"floor":55.0,"key":"Pen Nib"}],"event_choices":[{"damage_healed":0.0,"max_hp_gain":0.0,"max_hp_loss":0.0,"gold_gain":0.0,"event_name":"Shining Light","player_choice":"Entered Light","floor":5.0,"gold_loss":0.0,"damage_taken":20.0,"cards_upgraded":["Strike_G","Tactician"]},{"damage_healed":0.0,"max_hp_gain":0.0,"max_hp_loss":6.0,"gold_gain":0.0,"event_name":"Golden Idol","player_choice":"Lose Max HP","floor":7.0,"gold_loss":0.0,"damage_taken":0.0,"relics_obtained":["Golden Idol"]},{"damage_healed":0.0,"max_hp_gain":0.0,"max_hp_loss":0.0,"gold_gain":0.0,"cards_transformed":["Strike_G"],"event_name":"Transmorgrifier","player_choice":"Transformed","floor":11.0,"gold_loss":0.0,"damage_taken":0.0,"cards_obtained":["Venomology"]},{"damage_healed":0.0,"max_hp_gain":0.0,"max_hp_loss":0.0,"gold_gain":0.0,"event_name":"Accursed Blacksmith","player_choice":"Rummage","floor":19.0,"gold_loss":0.0,"damage_taken":0.0,"relics_obtained":["WarpedTongs"],"cards_obtained":["Pain"]},{"cards_removed":["Defend_G"],"damage_healed":0.0,"max_hp_gain":0.0,"max_hp_loss":0.0,"gold_gain":0.0,"event_name":"Back to Basics","player_choice":"Elegance","floor":22.0,"gold_loss":0.0,"damage_taken":0.0},{"damage_healed":0.0,"max_hp_gain":0.0,"max_hp_loss":0.0,"gold_gain":0.0,"event_name":"Vampires","player_choice":"Ignored","floor":28.0,"gold_loss":0.0,"damage_taken":0.0},{"damage_healed":0.0,"max_hp_gain":0.0,"max_hp_loss":0.0,"gold_gain":0.0,"event_name":"Mysterious Sphere","player_choice":"Fight","floor":36.0,"gold_loss":0.0,"damage_taken":0.0}],"is_beta":false,"boss_relics":[{"not_picked":["Ring of the Serpent","Velvet Choker"],"picked":"Empty Cage"},{"not_picked":["Runic Dome","WristBlade"],"picked":"Philosopher\u0027s Stone"}],"items_purged_floors":[20,24,37,54],"is_endless":false,"potions_floor_spawned":[10,14,16,18,36,44,48],"ascension_level":20}