{"gold_per_floor":[109,109,122,138,62,89,89,89,389,389,405,420,420],"floor_reached":13,"playtime":436,"items_purged":[],"score":170,"play_id":"c336ad42-5f7a-4faa-9918-93b01b6ba055","local_time":"20190703133512","is_ascension_mode":true,"campfire_choices":[{"data":"Recycle","floor":7,"key":"SMITH"},{"data":"Zap","floor":10,"key":"SMITH"}],"neow_cost":"TEN_PERCENT_HP_LOSS","seed_source_timestamp":3516452464845,"circlet_count":0,"master_deck":["AscendersBane","Strike_B","Strike_B","Defend_B","Defend_B","Defend_B","Defend_B","Zap+1","Dualcast+1","All For One","Scrape","Ball Lightning","Ball Lightning","Ball Lightning","Recycle+1","Thunder Strike","Pain"],"relics":["Cracked Core","Emotion Chip","WarpedTongs","Old Coin"],"potions_floor_usage":[],"damage_taken":[{"damage":0,"enemies":"2 Louse","floor":1,"turns":2},{"damage":0,"enemies":"Cultist","floor":3,"turns":2},{"damage":2,"enemies":"Jaw Worm","floor":4,"turns":2},{"damage":35,"enemies":"3 Sentries","floor":6,"turns":5},{"damage":14,"enemies":"Looter","floor":11,"turns":2},{"damage":3,"enemies":"2 Fungi Beasts","floor":12,"turns":2},{"damage":0,"enemies":"Exordium Wildlife","floor":13,"turns":1}],"seed_played":"2906653418565237845","potions_obtained":[{"floor":3,"key":"Weak Potion"},{"floor":11,"key":"Energy Potion"}],"is_trial":false,"path_per_floor":["M","?","M","M","$","E","R","?","T","R","M","M","M"],"character_chosen":"DEFECT","items_purchased":["Recycle"],"campfire_rested":0,"item_purchase_floors":[5],"current_hp_per_floor":[64,64,64,62,62,27,27,27,27,27,13,10,10],"gold":420,"neow_bonus":"TRANSFORM_TWO_CARDS","is_prod":false,"is_daily":false,"chose_seed":false,"campfire_upgraded":2,"win_rate":0,"timestamp":1562132112,"path_taken":["M","?","?","M","$","E","R","?","T","R","M","?","M"],"build_version":"2019-07-01","purchased_purges":0,"victory":false,"max_hp_per_floor":[64,64,64,64,64,64,64,64,64,64,64,64,64],"card_choices":[{"not_picked":["Sweeping Beam","Barrage"],"picked":"Ball Lightning","floor":1},{"not_picked":["Stack","Tempest"],"picked":"Ball Lightning","floor":3},{"not_picked":["Storm","Redo"],"picked":"Ball Lightning","floor":4},{"not_picked":["Multi-Cast","Leap"],"picked":"Thunder Strike","floor":6},{"not_picked":["Rebound","Steam","Stack"],"picked":"SKIP","floor":11},{"not_picked":["Leap","Storm","Compile Driver"],"picked":"SKIP","floor":12}],"player_experience":5613355,"relics_obtained":[{"floor":6,"key":"Emotion Chip"},{"floor":9,"key":"Old Coin"}],"event_choices":[{"damage_healed":0,"gold_gain":0,"player_choice":"Upgraded","damage_taken":0,"max_hp_gain":0,"max_hp_loss":0,"event_name":"Upgrade Shrine","floor":2,"gold_loss":0,"cards_upgraded":["Dualcast"]},{"damage_healed":0,"gold_gain":0,"player_choice":"Rummage","damage_taken":0,"relics_obtained":["WarpedTongs"],"max_hp_gain":0,"max_hp_loss":0,"event_name":"Accursed Blacksmith","floor":8,"gold_loss":0,"cards_obtained":["Pain"]}],"is_beta":false,"boss_relics":[],"items_purged_floors":[],"is_endless":false,"potions_floor_spawned":[3,11],"killed_by":"Exordium Wildlife","ascension_level":20}