{"gold_per_floor":[11,11,30,30,48,48,48,48,101,112,112,123,123,133,133,205,205,223,241,291,291,206,206,234,234,234,234],"floor_reached":27,"playtime":645,"items_purged":[],"score":542,"play_id":"1b23298e-c7e3-44af-9a03-e90371840911","local_time":"20190404232119","is_ascension_mode":true,"campfire_choices":[{"data":"Dualcast","floor":6.0,"key":"SMITH"},{"data":"Zap","floor":11.0,"key":"SMITH"},{"data":"Hologram","floor":13.0,"key":"SMITH"},{"data":"Consume","floor":15.0,"key":"SMITH"},{"data":"Recycle","floor":23.0,"key":"SMITH"}],"neow_cost":"NO_GOLD","seed_source_timestamp":40444178385785,"circlet_count":0,"master_deck":["AscendersBane","Strike_B+1","Defend_B","Defend_B","Defend_B+1","Defend_B","Zap+1","Dualcast+1","Electrodynamics","Capacitor","Tempest","Hologram+1","Glacier","Consume+1","Echo Form","Go for the Eyes","Conserve Battery","Recycle+1","Cold Snap","Self Repair"],"special_seed":0,"relics":["Cracked Core","CultistMask","Runic Pyramid","Question Card","WingedGreaves","Letter Opener"],"potions_floor_usage":[],"damage_taken":[{"damage":7.0,"enemies":"Jaw Worm","floor":1.0,"turns":3.0},{"damage":6.0,"enemies":"Cultist","floor":3.0,"turns":3.0},{"damage":9.0,"enemies":"Small Slimes","floor":5.0,"turns":4.0},{"damage":0.0,"enemies":"2 Fungi Beasts","floor":10.0,"turns":1.0},{"damage":0.0,"enemies":"Blue Slaver","floor":12.0,"turns":3.0},{"damage":10.0,"enemies":"3 Louse","floor":14.0,"turns":2.0},{"damage":0.0,"enemies":"Slime Boss","floor":16.0,"turns":5.0},{"damage":7.0,"enemies":"Shell Parasite","floor":18.0,"turns":8.0},{"damage":12.0,"enemies":"2 Thieves","floor":19.0,"turns":3.0},{"damage":23.0,"enemies":"Gremlin Leader","floor":24.0,"turns":6.0},{"damage":13,"enemies":"Cultist and Chosen","floor":27,"turns":3}],"seed_played":"6673465632027784255","potions_obtained":[{"floor":10.0,"key":"EssenceOfSteel"},{"floor":14.0,"key":"SteroidPotion"},{"floor":18.0,"key":"AttackPotion"}],"is_trial":false,"path_per_floor":["M","?","M","$","M","R","?","?","T","M","R","M","R","M","R","B",null,"M","M","?","?","?","R","E","?","T","M"],"character_chosen":"DEFECT","items_purchased":[],"campfire_rested":0,"item_purchase_floors":[],"current_hp_per_floor":[57,57,51,51,42,42,21,14,14,14,14,14,14,4,4,4,54,47,35,35,35,35,35,12,12,12,0],"gold":234,"neow_bonus":"THREE_RARE_CARDS","is_prod":false,"is_daily":false,"chose_seed":false,"campfire_upgraded":5,"win_rate":0,"timestamp":1554391279,"path_taken":["M","?","M","?","M","R","?","?","T","M","R","M","R","M","R","BOSS","M","M","?","?","?","R","E","?","T","?"],"build_version":"2019-01-23","purchased_purges":0,"victory":false,"max_hp_per_floor":[71,71,71,71,71,71,71,71,71,71,71,71,71,71,71,71,71,71,71,71,71,71,71,71,71,71,71],"card_choices":[{"not_picked":["Rainbow","Reboot"],"picked":"Electrodynamics","floor":0.0},{"not_picked":["Sweeping Beam","Force Field","Aggregate"],"picked":"SKIP","floor":1.0},{"not_picked":["FTL","Conserve Battery"],"picked":"Capacitor","floor":3.0},{"not_picked":["Steam","Go for the Eyes"],"picked":"Tempest","floor":5.0},{"not_picked":["Heatsinks","Stack"],"picked":"Hologram","floor":10.0},{"not_picked":["Reinforced Body","Gash"],"picked":"Glacier","floor":12.0},{"not_picked":["Ball Lightning","Rip and Tear"],"picked":"Consume","floor":14.0},{"not_picked":["Buffer","Seek"],"picked":"Echo Form","floor":16.0},{"not_picked":["Rebound","Doom and Gloom"],"picked":"Go for the Eyes","floor":18.0},{"not_picked":["Hologram","Conserve Battery","Leap"],"picked":"SKIP","floor":19.0},{"not_picked":["Hologram","Leap"],"picked":"Conserve Battery","floor":19.0},{"not_picked":["Redo","Chaos","Hyperbeam","Steam+1"],"picked":"SKIP","floor":24.0}],"player_experience":4059309,"relics_obtained":[{"floor":24.0,"key":"WingedGreaves"},{"floor":26.0,"key":"Letter Opener"}],"event_choices":[{"damage_healed":0.0,"max_hp_gain":0.0,"max_hp_loss":0.0,"gold_gain":0.0,"event_name":"FaceTrader","player_choice":"Trade","floor":2.0,"gold_loss":0.0,"damage_taken":0.0,"relics_obtained":["CultistMask"]},{"damage_healed":0.0,"max_hp_gain":0.0,"max_hp_loss":0.0,"gold_gain":0.0,"event_name":"Shining Light","player_choice":"Entered Light","floor":7.0,"gold_loss":0.0,"damage_taken":21.0,"cards_upgraded":["Strike_B","Defend_B"]},{"cards_removed":["Strike_B"],"damage_healed":0.0,"max_hp_gain":0.0,"max_hp_loss":0.0,"gold_gain":0.0,"event_name":"Golden Wing","player_choice":"Card Removal","floor":8.0,"gold_loss":0.0,"damage_taken":7.0},{"damage_healed":0.0,"max_hp_gain":0.0,"max_hp_loss":0.0,"gold_gain":50.0,"event_name":"Nest","player_choice":"Stole From Cult","floor":20.0,"gold_loss":0.0,"damage_taken":0.0},{"damage_healed":0.0,"max_hp_gain":0.0,"max_hp_loss":0.0,"gold_gain":0.0,"event_name":"The Library","player_choice":"Read","floor":21.0,"gold_loss":0.0,"damage_taken":0.0,"cards_obtained":["Recycle"]},{"damage_healed":0.0,"max_hp_gain":0.0,"max_hp_loss":0.0,"gold_gain":0.0,"event_name":"Addict","player_choice":"Obtained Relic","floor":22.0,"gold_loss":85.0,"damage_taken":0.0,"relics_obtained":["Question Card"]},{"damage_healed":0.0,"max_hp_gain":0.0,"max_hp_loss":0.0,"gold_gain":0.0,"cards_transformed":["Strike_B","Strike_B"],"event_name":"Drug Dealer","player_choice":"Became Test Subject","floor":25.0,"gold_loss":0.0,"damage_taken":0.0,"cards_obtained":["Cold Snap","Self Repair"]}],"is_beta":false,"boss_relics":[{"not_picked":["Coffee Dripper","FrozenCore"],"picked":"Runic Pyramid"}],"items_purged_floors":[],"is_endless":false,"potions_floor_spawned":[10,14,18],"killed_by":"Cultist and Chosen","ascension_level":20}