{"gold_per_floor":[14,14,14,33,49,49,49,73,98,117,117,160,235,273,273,273],"floor_reached":16,"playtime":359,"items_purged":[],"score":220,"play_id":"6785a102-e7bb-4dd1-9679-96c425696f03","local_time":"20190223151559","is_ascension_mode":true,"campfire_choices":[{"data":"Zap","floor":6,"key":"SMITH"},{"data":"Blizzard","floor":15,"key":"SMITH"}],"neow_cost":"NO_GOLD","seed_source_timestamp":501700863683889,"circlet_count":0,"master_deck":["AscendersBane","Strike_B","Strike_B","Strike_B","Defend_B","Defend_B","Defend_B","Zap+1","Dualcast","Recycle","Glacier","Cold Snap","Seek","Doom and Gloom","BootSequence","Blizzard+1"],"relics":["Cracked Core","Golden Idol","Orichalcum","Juzu Bracelet","Dream Catcher"],"potions_floor_usage":[10],"damage_taken":[{"damage":11,"enemies":"Small Slimes","floor":1,"turns":3},{"damage":2,"enemies":"2 Louse","floor":4,"turns":3},{"damage":0,"enemies":"Jaw Worm","floor":5,"turns":5},{"damage":9,"enemies":"Red Slaver","floor":8,"turns":4},{"damage":18,"enemies":"Gremlin Gang","floor":10,"turns":5},{"damage":18,"enemies":"3 Sentries","floor":12,"turns":6},{"damage":15,"enemies":"Gremlin Nob","floor":14,"turns":4},{"damage":30,"enemies":"Slime Boss","floor":16,"turns":3}],"seed_played":"-8683503988520365079","potions_obtained":[{"floor":1,"key":"Strength Potion"},{"floor":4,"key":"PowerPotion"}],"is_trial":false,"path_per_floor":["M","?","?","M","M","R","$","M","T","M","?","E","?","E","R","B"],"character_chosen":"DEFECT","items_purchased":[],"campfire_rested":0,"item_purchase_floors":[],"current_hp_per_floor":[53,53,53,51,51,51,51,42,42,24,45,27,16,1,1,0],"gold":273,"neow_bonus":"REMOVE_TWO","is_prod":false,"is_daily":false,"chose_seed":false,"campfire_upgraded":2,"win_rate":0,"timestamp":1550906159,"path_taken":["M","?","?","?","M","R","?","?","T","M","?","E","?","E","R","BOSS"],"build_version":"2019-01-23","purchased_purges":0,"victory":false,"max_hp_per_floor":[71,64,64,64,64,64,64,64,64,64,64,64,64,64,64,64],"card_choices":[{"not_picked":["Chill","Conserve Battery"],"picked":"Recycle","floor":1},{"not_picked":["Steam","Redo"],"picked":"Glacier","floor":4},{"not_picked":["Sweeping Beam","Gash"],"picked":"Cold Snap","floor":5},{"not_picked":["Coolheaded","Hologram"],"picked":"Seek","floor":8},{"not_picked":["FTL","Recycle"],"picked":"Doom and Gloom","floor":10},{"not_picked":["Rip and Tear","Auto Shields"],"picked":"BootSequence","floor":12},{"not_picked":["Turbo","Cold Snap"],"picked":"Blizzard","floor":14}],"player_experience":933935,"relics_obtained":[{"floor":9,"key":"Orichalcum"},{"floor":12,"key":"Juzu Bracelet"},{"floor":14,"key":"Dream Catcher"}],"event_choices":[{"damage_healed":0,"gold_gain":0,"player_choice":"Lose Max HP","damage_taken":0,"relics_obtained":["Golden Idol"],"max_hp_gain":0,"max_hp_loss":7,"event_name":"Golden Idol","floor":2,"gold_loss":0},{"damage_healed":0,"gold_gain":0,"player_choice":"Ignored","damage_taken":0,"max_hp_gain":0,"max_hp_loss":0,"event_name":"Liars Game","floor":3,"gold_loss":0},{"damage_healed":21,"gold_gain":0,"player_choice":"Banana","damage_taken":0,"max_hp_gain":0,"max_hp_loss":0,"event_name":"Big Fish","floor":11,"gold_loss":0},{"damage_healed":0,"gold_gain":75,"player_choice":"Gather Gold","damage_taken":11,"max_hp_gain":0,"max_hp_loss":0,"event_name":"World of Goop","floor":13,"gold_loss":0}],"is_beta":false,"boss_relics":[],"items_purged_floors":[],"is_endless":false,"potions_floor_spawned":[1,4],"killed_by":"Slime Boss","ascension_level":20}