{"gold_per_floor":[112,112,112,112,37,61,61,105,176,16,16,54,54,79,79,169,169,184,164,31,31,31,96,96,115,183,214,214,253,253,266,266,361,361,381,381,406,326,351,351,394,418,418,418,318,334,348,369,369,369,369,369,369,33,64,64],"floor_reached":57,"playtime":2907,"items_purged":["Strike_G","Bullet Time+1","Corpse Explosion+1","Burst+1"],"score":3427,"play_id":"c08a5a7d-5a9e-4f7d-890c-d2864abcb6b5","local_time":"20190401021055","is_ascension_mode":true,"campfire_choices":[{"data":"Corpse Explosion","floor":7.0,"key":"SMITH"},{"data":"Bouncing Flask","floor":11.0,"key":"SMITH"},{"data":"Backflip","floor":13.0,"key":"SMITH"},{"data":"Survivor","floor":15.0,"key":"SMITH"},{"data":"Bullet Time","floor":24.0,"key":"SMITH"},{"data":"Acrobatics","floor":28.0,"key":"SMITH"},{"data":"Well Laid Plans","floor":32.0,"key":"SMITH"},{"data":"Calculated Gamble","floor":40.0,"key":"SMITH"},{"floor":44.0,"key":"RECALL"},{"data":"Footwork","floor":49,"key":"SMITH"},{"data":"Blur","floor":53,"key":"SMITH"}],"neow_cost":"NONE","seed_source_timestamp":68021355208095,"circlet_count":0,"master_deck":["AscendersBane","Survivor+1","Neutralize+1","Poisoned Stab+1","Backstab","Bouncing Flask+1","Backflip+1","Infinite Blades","Outmaneuver+1","Footwork+1","Acrobatics+1","Blur+1","Well Laid Plans+1","Accuracy","Choke","Tactician+1","Calculated Gamble+1","Reflex+1"],"special_seed":0,"relics":["Ring of the Snake","NeowsBlessing","Golden Idol","Gremlin Horn","Kunai","Bronze Scales","The Courier","Pandora\u0027s Box","Oddly Smooth Stone","Tiny Chest","Paper Crane","Red Mask","Pen Nib","Coffee Dripper","War Paint","Blue Candle","Snake Skull","Mercury Hourglass"],"potions_floor_usage":[48,50,50,55,56],"damage_taken":[{"damage":0.0,"enemies":"Small Slimes","floor":1.0,"turns":1.0},{"damage":0.0,"enemies":"2 Louse","floor":6.0,"turns":1.0},{"damage":0.0,"enemies":"Lagavulin","floor":8.0,"turns":1.0},{"damage":4.0,"enemies":"Gremlin Nob","floor":12.0,"turns":3.0},{"damage":0.0,"enemies":"Jaw Worm","floor":14.0,"turns":3.0},{"damage":0.0,"enemies":"Slime Boss","floor":16.0,"turns":5.0},{"damage":13.0,"enemies":"2 Thieves","floor":18.0,"turns":3.0},{"damage":0.0,"enemies":"Gremlin Leader","floor":23.0,"turns":5.0},{"damage":0.0,"enemies":"Chosen","floor":25.0,"turns":3.0},{"damage":0.0,"enemies":"Masked Bandits","floor":27.0,"turns":1.0},{"damage":10.0,"enemies":"Slavers","floor":29.0,"turns":3.0},{"damage":0.0,"enemies":"Centurion and Healer","floor":31.0,"turns":4.0},{"damage":0.0,"enemies":"Automaton","floor":33.0,"turns":5.0},{"damage":0.0,"enemies":"3 Shapes","floor":35.0,"turns":3.0},{"damage":0.0,"enemies":"Orb Walker","floor":37.0,"turns":2.0},{"damage":0.0,"enemies":"Writhing Mass","floor":39.0,"turns":6.0},{"damage":0.0,"enemies":"Reptomancer","floor":41.0,"turns":5.0},{"damage":0.0,"enemies":"3 Darklings","floor":42.0,"turns":2.0},{"damage":0.0,"enemies":"Sphere and 2 Shapes","floor":46.0,"turns":3.0},{"damage":0.0,"enemies":"Writhing Mass","floor":47.0,"turns":3.0},{"damage":0,"enemies":"Jaw Worm Horde","floor":48,"turns":3},{"damage":0,"enemies":"Time Eater","floor":50,"turns":13},{"damage":0,"enemies":"Awakened One","floor":51,"turns":5},{"damage":0,"enemies":"Shield and Spear","floor":55,"turns":3},{"damage":46,"enemies":"The Heart","floor":56,"turns":9}],"seed_played":"8501447660614537326","potions_obtained":[{"floor":1.0,"key":"Ancient Potion"},{"floor":19.0,"key":"PowerPotion"},{"floor":27.0,"key":"Weak Potion"},{"floor":31.0,"key":"Energy Potion"},{"floor":48,"key":"Regen Potion"}],"is_trial":false,"path_per_floor":["M","?","?","?","$","M","R","E","T","$","R","E","R","M","R","B",null,"M","?","$","?","?","E","R","M","T","?","R","E","T","M","R","B",null,"M","?","M","$","M","R","E","M","T","R","$","M","M","M","R","B","B",null,"R","$","E","B",null],"character_chosen":"THE_SILENT","items_purchased":["Bronze Scales","Oddly Smooth Stone","Snake Skull","SkillPotion","Swift Potion"],"campfire_rested":0,"item_purchase_floors":[10,20,54,54,54],"current_hp_per_floor":[59,39,39,39,39,39,39,39,39,39,39,35,35,35,35,35,54,41,41,41,41,41,41,41,41,41,41,41,31,31,31,31,31,53,53,53,53,53,53,53,53,53,53,53,53,53,53,53,53,60,60,60,60,60,60,14],"gold":64,"neow_bonus":"THREE_ENEMY_KILL","is_prod":false,"is_daily":false,"chose_seed":false,"campfire_upgraded":10,"win_rate":0,"timestamp":1554055855,"path_taken":["M","?","?","?","?","M","R","E","T","$","R","E","R","M","R","BOSS","M","?","?","?","?","E","R","?","T","?","R","E","?","M","R","BOSS","M","?","?","$","M","R","E","M","T","R","$","M","M","?","R","BOSS","BOSS","R","$","E","BOSS"],"build_version":"2019-01-23","purchased_purges":4,"victory":true,"max_hp_per_floor":[66,66,66,60,60,60,60,60,60,60,60,60,60,60,60,60,60,60,60,60,60,60,60,60,60,60,60,60,60,60,60,60,60,60,60,60,60,60,60,60,60,60,60,60,60,60,60,60,60,60,60,60,60,60,60,60],"card_choices":[{"not_picked":["Dagger Spray","Escape Plan"],"picked":"Poisoned Stab","floor":1.0},{"not_picked":["Outmaneuver","Sucker Punch"],"picked":"Backstab","floor":6.0},{"not_picked":["Deflect","Expertise"],"picked":"Bouncing Flask","floor":8.0},{"not_picked":["Dagger Throw","Sucker Punch"],"picked":"Backflip","floor":12.0},{"not_picked":["Flying Knee","Acrobatics"],"picked":"Infinite Blades","floor":14.0},{"not_picked":["Corpse Explosion","Night Terror"],"picked":"Bullet Time","floor":16.0},{"not_picked":["Acrobatics","Well Laid Plans","Outmaneuver"],"picked":"SKIP","floor":18.0},{"not_picked":["Accuracy","Deadly Poison","Footwork"],"picked":"SKIP","floor":23.0},{"not_picked":["Blade Dance","Blur"],"picked":"Tactician+1","floor":25.0},{"not_picked":["Wraith Form v2","Well Laid Plans+1","Blur"],"picked":"SKIP","floor":29.0},{"not_picked":["Expertise","Tactician"],"picked":"Calculated Gamble","floor":31.0},{"not_picked":["Deadly Poison","Cloak And Dagger","Prepared+1"],"picked":"SKIP","floor":35.0},{"not_picked":["Blade Dance","Flechettes+1"],"picked":"Reflex+1","floor":37.0},{"not_picked":["Flechettes+1","Deadly Poison+1","Bane+1"],"picked":"SKIP","floor":39.0},{"not_picked":["Masterful Stab+1","Blade Dance","Leg Sweep"],"picked":"SKIP","floor":41.0},{"not_picked":["Deflect+1","Doppelganger","Dodge and Roll"],"picked":"SKIP","floor":42.0},{"not_picked":["Well Laid Plans+1","Flying Knee+1","PiercingWail+1"],"picked":"SKIP","floor":46.0},{"not_picked":["Skewer","Backstab","Poisoned Stab"],"picked":"SKIP","floor":47.0},{"not_picked":["Cloak And Dagger+1","Finisher","Quick Slash+1"],"picked":"SKIP","floor":48},{"not_picked":["Heel Hook","Crippling Poison","Deflect"],"picked":"SKIP","floor":55}],"player_experience":3971742,"relics_obtained":[{"floor":8.0,"key":"Gremlin Horn"},{"floor":9.0,"key":"Kunai"},{"floor":12.0,"key":"The Courier"},{"floor":23.0,"key":"Tiny Chest"},{"floor":26.0,"key":"Paper Crane"},{"floor":27.0,"key":"Red Mask"},{"floor":29.0,"key":"Pen Nib"},{"floor":41.0,"key":"War Paint"},{"floor":43.0,"key":"Blue Candle"},{"floor":55,"key":"Mercury Hourglass"}],"event_choices":[{"damage_healed":0.0,"max_hp_gain":0.0,"max_hp_loss":0.0,"gold_gain":0.0,"event_name":"Shining Light","player_choice":"Entered Light","floor":2.0,"gold_loss":0.0,"damage_taken":20.0,"cards_upgraded":["Poisoned Stab","Neutralize"]},{"damage_healed":0.0,"max_hp_gain":0.0,"max_hp_loss":0.0,"gold_gain":0.0,"cards_transformed":["Strike_G"],"event_name":"Living Wall","player_choice":"Change","floor":3.0,"gold_loss":0.0,"damage_taken":0.0,"cards_obtained":["Corpse Explosion"]},{"damage_healed":0.0,"max_hp_gain":0.0,"max_hp_loss":6.0,"gold_gain":0.0,"event_name":"Golden Idol","player_choice":"Lose Max HP","floor":4.0,"gold_loss":0.0,"damage_taken":0.0,"relics_obtained":["Golden Idol"]},{"damage_healed":0.0,"max_hp_gain":0.0,"max_hp_loss":0.0,"gold_gain":0.0,"event_name":"The Woman in Blue","player_choice":"Bought 1 Potion","floor":19.0,"gold_loss":0.0,"damage_taken":0.0},{"damage_healed":0.0,"max_hp_gain":0.0,"max_hp_loss":0.0,"gold_gain":0.0,"cards_transformed":["Riddle With Holes","Setup"],"event_name":"Drug Dealer","player_choice":"Became Test Subject","floor":21.0,"gold_loss":0.0,"damage_taken":0.0,"cards_obtained":["Accuracy","Choke"]},{"damage_healed":0.0,"max_hp_gain":0.0,"max_hp_loss":0.0,"gold_gain":0.0,"event_name":"Vampires","player_choice":"Ignored","floor":22.0,"gold_loss":0.0,"damage_taken":0.0},{"damage_healed":0.0,"max_hp_gain":0.0,"max_hp_loss":0.0,"gold_gain":0.0,"event_name":"Masked Bandits","player_choice":"Fought Bandits","floor":27.0,"gold_loss":0.0,"damage_taken":0.0},{"damage_healed":0.0,"max_hp_gain":0.0,"max_hp_loss":0.0,"gold_gain":0.0,"event_name":"Match and Keep!","player_choice":"0 cards matched","floor":36.0,"gold_loss":0.0,"damage_taken":0.0,"cards_obtained":[]}],"is_beta":false,"boss_relics":[{"not_picked":["Tiny House","Lizard Tail"],"picked":"Pandora\u0027s Box"},{"not_picked":["Velvet Choker","HoveringKite"],"picked":"Coffee Dripper"}],"items_purged_floors":[5,38,45,54],"is_endless":false,"potions_floor_spawned":[1,23,27,31,35,46,47,48],"ascension_level":20}