{"gold_per_floor":[116,135,148,73,93,93,106,106,106,106,125,149,149,192,192,316,316,271,171,171,171,171,46,0,0,0,0,0,0,0,0,0,0,0,0,0,0,0,0,0,0,0,0,0,0,0,0,0,0,0],"floor_reached":50,"playtime":8244,"items_purged":["Strike_R","Strike_R","Strike_R"],"score":615,"play_id":"15f1dcaa-e942-4adf-bca1-ea55ff28745a","local_time":"20190725192708","is_ascension_mode":true,"campfire_choices":[{"data":"Power Through","floor":6.0,"key":"SMITH"},{"data":"Wild Strike","floor":8.0,"key":"SMITH"},{"data":"Inflame","floor":13.0,"key":"SMITH"},{"data":"Inflame","floor":15.0,"key":"SMITH"},{"data":"Heavy Blade","floor":27.0,"key":"SMITH"},{"floor":29.0,"key":"REST"},{"data":"Twin Strike","floor":32.0,"key":"SMITH"},{"data":"Offering","floor":40.0,"key":"SMITH"},{"floor":44.0,"key":"REST"},{"floor":49,"key":"REST"}],"neow_cost":"NONE","seed_source_timestamp":0,"circlet_count":0,"master_deck":["Strike_R","Defend_R","Defend_R","Defend_R","Defend_R","Bash","Iron Wave","Power Through+1","Dropkick","Twin Strike+1","Wild Strike+1","Exhume","Inflame+1","Inflame+1","Barricade","Pummel+1","Necronomicurse","Heavy Blade+1","Whirlwind+1","Entrench+1","Seeing Red+1","Offering+1","Body Slam+1","Rampage+1","Second Wind+1","Entrench","Shrug It Off","Body Slam+1","Evolve","Pommel Strike+1","Sword Boomerang+1","Ghostly Armor+1","Limit Break","Mind Blast","Good Instincts","Blind","Intimidate+1"],"special_seed":0,"relics":["Burning Blood","Question Card","Golden Idol","Kunai","Ectoplasm","Necronomicon","Mummified Hand","Orrery","Ginger","Boot","Oddly Smooth Stone"],"potions_floor_usage":[],"damage_taken":[{"damage":12.0,"enemies":"Jaw Worm","floor":1.0,"turns":4.0},{"damage":0.0,"enemies":"2 Louse","floor":2.0,"turns":3.0},{"damage":1.0,"enemies":"Cultist","floor":3.0,"turns":4.0},{"damage":5.0,"enemies":"Looter","floor":5.0,"turns":4.0},{"damage":8.0,"enemies":"Gremlin Gang","floor":7.0,"turns":6.0},{"damage":6.0,"enemies":"Lots of Slimes","floor":11.0,"turns":4.0},{"damage":7.0,"enemies":"Looter","floor":12.0,"turns":3.0},{"damage":10.0,"enemies":"3 Sentries","floor":14.0,"turns":7.0},{"damage":18.0,"enemies":"Slime Boss","floor":16.0,"turns":8.0},{"damage":2.0,"enemies":"2 Thieves","floor":18.0,"turns":4.0},{"damage":7.0,"enemies":"Chosen","floor":28.0,"turns":2.0},{"damage":0.0,"enemies":"3 Cultists","floor":30.0,"turns":1.0},{"damage":29.0,"enemies":"Shelled Parasite and Fungi","floor":31.0,"turns":3.0},{"damage":40.0,"enemies":"Automaton","floor":33.0,"turns":6.0},{"damage":6.0,"enemies":"3 Darklings","floor":35.0,"turns":2.0},{"damage":6.0,"enemies":"Orb Walker","floor":37.0,"turns":3.0},{"damage":6.0,"enemies":"3 Darklings","floor":38.0,"turns":1.0},{"damage":41.0,"enemies":"4 Shapes","floor":41.0,"turns":7.0},{"damage":18.0,"enemies":"Mind Bloom Boss Battle","floor":42.0,"turns":4.0},{"damage":17.0,"enemies":"Nemesis","floor":45.0,"turns":3.0},{"damage":6.0,"enemies":"Maw","floor":48.0,"turns":6.0},{"damage":65,"enemies":"Awakened One","floor":50,"turns":4}],"seed_played":"3646665792672497768","potions_obtained":[{"floor":5.0,"key":"SkillPotion"},{"floor":7.0,"key":"SteroidPotion"},{"floor":12.0,"key":"Explosive Potion"},{"floor":14.0,"key":"Swift Potion"},{"floor":16.0,"key":"Swift Potion"},{"floor":18.0,"key":"Energy Potion"},{"floor":38.0,"key":"Weak Potion"},{"floor":41.0,"key":"AttackPotion"},{"floor":48,"key":"Dexterity Potion"}],"is_trial":false,"path_per_floor":["M","M","M","$","M","R","M","R","T","?","M","M","R","E","R","B",null,"M","$","?","$","?","$","$","?","T","R","M","R","M","M","R","B",null,"M","?","M","M","$","R","M","?","T","R","E","$","?","M","R","B"],"character_chosen":"IRONCLAD","items_purchased":["Heavy Blade"],"campfire_rested":3,"item_purchase_floors":[24],"current_hp_per_floor":[82,88,88,88,88,88,86,86,86,64,64,63,63,59,59,47,78,82,82,65,65,49,49,49,49,49,49,48,75,81,58,58,24,76,76,76,76,76,76,76,41,29,29,56,45,45,35,35,62,0],"gold":0,"neow_bonus":"TEN_PERCENT_HP_BONUS","is_prod":false,"is_daily":false,"chose_seed":false,"campfire_upgraded":7,"win_rate":0,"timestamp":1564100828,"path_taken":["M","M","M","$","M","R","M","R","T","?","M","M","R","E","R","BOSS","M","$","?","$","?","?","$","?","T","R","M","R","?","M","R","BOSS","M","?","?","M","?","R","M","?","T","R","E","?","?","M","R","BOSS"],"build_version":"2019-07-17","purchased_purges":3,"victory":false,"max_hp_per_floor":[88,88,88,88,88,88,88,88,88,88,88,88,88,88,88,88,88,88,88,93,93,93,93,93,93,93,93,93,93,93,93,93,93,93,93,93,93,93,93,93,93,93,93,93,93,93,93,93,93,93],"card_choices":[{"not_picked":["Flex","Thunderclap"],"picked":"Iron Wave","floor":1.0},{"not_picked":["Cleave","Flex"],"picked":"Power Through","floor":2.0},{"not_picked":["Clash","Body Slam"],"picked":"Dropkick","floor":3.0},{"not_picked":["Heavy Blade","Cleave"],"picked":"Twin Strike","floor":5.0},{"not_picked":["Twin Strike","Sword Boomerang"],"picked":"Wild Strike","floor":7.0},{"not_picked":["Uppercut","Pommel Strike","Armaments"],"picked":"Exhume","floor":11.0},{"not_picked":["Feel No Pain","Armaments","Combust"],"picked":"Inflame","floor":12.0},{"not_picked":["Second Wind","Twin Strike","Fire Breathing"],"picked":"Inflame","floor":14.0},{"not_picked":["Limit Break","Double Tap","Offering"],"picked":"Barricade","floor":16.0},{"not_picked":["Dual Wield","Dropkick","Rage"],"picked":"Pummel+1","floor":18.0},{"not_picked":["Inflame","Shrug It Off","Body Slam"],"picked":"Whirlwind+1","floor":28.0},{"not_picked":["Flex","Uppercut","Twin Strike"],"picked":"Entrench+1","floor":30.0},{"not_picked":["True Grit","Twin Strike","Flex"],"picked":"Seeing Red+1","floor":31.0},{"not_picked":["Double Tap","Feed","Barricade"],"picked":"Offering","floor":33.0},{"not_picked":["Headbutt","Fire Breathing","Blood for Blood"],"picked":"Body Slam+1","floor":34.0},{"not_picked":["Infernal Blade","Twin Strike","Cleave"],"picked":"Rampage+1","floor":34.0},{"not_picked":["Battle Trance","Flex","Clash"],"picked":"Second Wind+1","floor":34.0},{"not_picked":["Wild Strike","Blood for Blood","Battle Trance"],"picked":"Entrench","floor":34.0},{"not_picked":["Havoc","Twin Strike","Body Slam"],"picked":"Shrug It Off","floor":34.0},{"not_picked":["Anger","Feed","Sentinel+1"],"picked":"Body Slam+1","floor":35.0},{"not_picked":["Spot Weakness+1","Uppercut","Shrug It Off"],"picked":"Pommel Strike+1","floor":37.0},{"not_picked":["Searing Blow","True Grit","Twin Strike"],"picked":"Sword Boomerang+1","floor":38.0},{"not_picked":["Armaments","Dual Wield","Clash"],"picked":"Ghostly Armor+1","floor":41.0},{"not_picked":["Shrug It Off+1","Clash+1","True Grit+1"],"picked":"Limit Break","floor":45.0},{"not_picked":["Good Instincts","Discovery","Enlightenment"],"picked":"Mind Blast","floor":47.0},{"not_picked":["Chrysalis","Trip","Discovery"],"picked":"Good Instincts","floor":47.0},{"not_picked":["Sadistic Nature","PanicButton","Transmutation"],"picked":"Blind","floor":47.0},{"not_picked":["Battle Trance+1","Disarm","Dual Wield+1"],"picked":"Intimidate+1","floor":48}],"player_experience":297474,"relics_obtained":[{"floor":9.0,"key":"Question Card"},{"floor":14.0,"key":"Kunai"},{"floor":22.0,"key":"Necronomicon"},{"floor":26.0,"key":"Mummified Hand"},{"floor":42.0,"key":"Ginger"},{"floor":43.0,"key":"Boot"},{"floor":45.0,"key":"Oddly Smooth Stone"}],"event_choices":[{"damage_healed":0.0,"max_hp_gain":0.0,"max_hp_loss":0.0,"gold_gain":0.0,"event_name":"Golden Idol","player_choice":"Take Damage","floor":10.0,"gold_loss":0.0,"damage_taken":22.0,"relics_obtained":["Golden Idol"]},{"damage_healed":0.0,"max_hp_gain":5.0,"max_hp_loss":0.0,"gold_gain":0.0,"event_name":"Forgotten Altar","player_choice":"Shed Blood","floor":20.0,"gold_loss":0.0,"damage_taken":22.0},{"damage_healed":0.0,"max_hp_gain":0.0,"max_hp_loss":0.0,"gold_gain":0.0,"event_name":"Cursed Tome","player_choice":"Obtained Book","floor":22.0,"gold_loss":0.0,"damage_taken":16.0},{"cards_removed":["Strike_R"],"damage_healed":0.0,"max_hp_gain":0.0,"max_hp_loss":0.0,"gold_gain":0.0,"event_name":"Purifier","player_choice":"Purged","floor":25.0,"gold_loss":0.0,"damage_taken":0.0},{"damage_healed":0.0,"max_hp_gain":0.0,"max_hp_loss":0.0,"gold_gain":0.0,"event_name":"Match and Keep!","player_choice":"1 cards matched","floor":36.0,"gold_loss":0.0,"damage_taken":0.0,"cards_obtained":["Evolve"]},{"damage_healed":0.0,"max_hp_gain":0.0,"max_hp_loss":0.0,"gold_gain":0.0,"event_name":"MindBloom","player_choice":"Fight","floor":42.0,"gold_loss":0.0,"damage_taken":0.0},{"damage_healed":0.0,"max_hp_gain":0.0,"max_hp_loss":0.0,"gold_gain":0.0,"event_name":"SensoryStone","player_choice":"Memory 3","floor":47.0,"gold_loss":0.0,"damage_taken":10.0}],"is_beta":false,"boss_relics":[{"not_picked":["Astrolabe","Busted Crown"],"picked":"Ectoplasm"},{"not_picked":["Empty Cage","Calling Bell"],"picked":"Orrery"}],"items_purged_floors":[4,19,23],"is_endless":false,"potions_floor_spawned":[5,7,12,14,16,18,30,38,41,48],"killed_by":"Awakened One","ascension_level":5}