{"gold_per_floor":[116,191,1,276,286,319,66,66,66,66,84,116,22,51,51,125,125,143,143,143,18,34,34,34,34,34,34,54,54,81,108,120,205,217,240,252,264,291,303,315,360,372,384,406,418,485,497,524,536,548,560,572,584,54,79,79],"floor_reached":57,"playtime":4707,"items_purged":["Strike_B","Regret","Strike_B"],"score":2634,"play_id":"54517fb5-8b2e-48a3-8d92-45948eb59af7","local_time":"20190122205802","is_ascension_mode":true,"campfire_choices":[{"data":"Hologram","floor":8.0,"key":"SMITH"},{"data":"Dualcast","floor":10.0,"key":"SMITH"},{"data":"Discovery","floor":15.0,"key":"SMITH"},{"data":"Biased Cognition","floor":23.0,"key":"SMITH"},{"data":"Capacitor","floor":25.0,"key":"SMITH"},{"data":"Capacitor","floor":29.0,"key":"SMITH"},{"data":"Heatsinks","floor":32.0,"key":"SMITH"},{"data":"Echo Form","floor":40.0,"key":"SMITH"},{"data":"Self Repair","floor":42.0,"key":"SMITH"},{"floor":45.0,"key":"RECALL"},{"data":"Amplify","floor":49.0,"key":"SMITH"},{"data":"Zap","floor":53.0,"key":"SMITH"}],"neow_cost":"NONE","seed_source_timestamp":33950880275984,"circlet_count":0,"master_deck":["AscendersBane","Strike_B","Strike_B","Defend_B","Defend_B","Defend_B","Defend_B","Zap+1","Dualcast+1","Hologram+1","Glacier","Capacitor+1","Capacitor+1","Core Surge","Streamline","Discovery+1","Biased Cognition+1","Undo","Heatsinks+1","Echo Form+1","Amplify+1","Consume"],"special_seed":0,"relics":["FrozenCore","NeowsBlessing","Bird Faced Urn","Potion Belt","Question Card","Symbiotic Virus","MawBank","Coffee Dripper","PreservedInsect","Lantern","Letter Opener","Omamori","Mummified Hand","OrangePellets","Dodecahedron"],"potions_floor_usage":[56,56,56],"damage_taken":[{"damage":0.0,"enemies":"2 Louse","floor":1.0,"turns":1.0},{"damage":0.0,"enemies":"Jaw Worm","floor":5.0,"turns":1.0},{"damage":0.0,"enemies":"Lagavulin","floor":6.0,"turns":1.0},{"damage":7.0,"enemies":"Cultist","floor":11.0,"turns":4.0},{"damage":16.0,"enemies":"Gremlin Nob","floor":12.0,"turns":4.0},{"damage":26.0,"enemies":"Lagavulin","floor":14.0,"turns":9.0},{"damage":21.0,"enemies":"Hexaghost","floor":16.0,"turns":11.0},{"damage":20.0,"enemies":"Spheric Guardian","floor":18.0,"turns":8.0},{"damage":5.0,"enemies":"3 Byrds","floor":22.0,"turns":3.0},{"damage":8.0,"enemies":"Snake Plant","floor":28.0,"turns":5.0},{"damage":21.0,"enemies":"Centurion and Healer","floor":31.0,"turns":21.0},{"damage":16.0,"enemies":"Automaton","floor":33.0,"turns":13.0},{"damage":28.0,"enemies":"3 Shapes","floor":35.0,"turns":5.0},{"damage":26.0,"enemies":"Orb Walker","floor":38.0,"turns":4.0},{"damage":17.0,"enemies":"Giant Head","floor":41.0,"turns":13.0},{"damage":31.0,"enemies":"3 Darklings","floor":44.0,"turns":8.0},{"damage":29.0,"enemies":"Spire Growth","floor":48.0,"turns":6.0},{"damage":4.0,"enemies":"Time Eater","floor":50.0,"turns":18.0},{"damage":47.0,"enemies":"Awakened One","floor":51.0,"turns":24.0},{"damage":33,"enemies":"Shield and Spear","floor":55,"turns":8},{"damage":52,"enemies":"The Heart","floor":56,"turns":14}],"seed_played":"8984431170141107065","potions_obtained":[{"floor":11.0,"key":"Swift Potion"},{"floor":14.0,"key":"LiquidBronze"},{"floor":18.0,"key":"Weak Potion"},{"floor":22.0,"key":"Weak Potion"},{"floor":35.0,"key":"Weak Potion"},{"floor":44.0,"key":"FocusPotion"},{"floor":55,"key":"Swift Potion"}],"is_trial":false,"path_per_floor":["M","?","$","?","M","E","$","R","T","R","M","E","$","E","R","B",null,"M","?","?","$","M","R","$","R","T","?","M","R","T","M","R","B",null,"M","?","T","M","$","R","E","R","T","M","R","T","?","M","R","B","B",null,"R","$","E","B",null],"character_chosen":"DEFECT","items_purchased":["Glacier","Capacitor","Core Surge","Discovery","Mummified Hand","OrangePellets","Consume"],"campfire_rested":0,"item_purchase_floors":[3,3,7,13,54,54,54],"current_hp_per_floor":[64,53,53,53,53,53,53,53,53,53,48,36,36,14,14,7,55,41,41,41,41,44,44,44,44,44,44,44,44,44,71,71,69,71,69,69,69,62,62,62,71,71,71,71,71,71,71,58,58,71,71,71,71,71,60,32],"gold":79,"neow_bonus":"THREE_ENEMY_KILL","is_prod":false,"is_daily":false,"chose_seed":false,"campfire_upgraded":11,"win_rate":0,"timestamp":1548161882,"path_taken":["M","?","$","?","?","E","$","R","T","R","?","E","$","E","R","BOSS","M","?","?","$","?","R","$","R","T","?","?","R","?","M","R","BOSS","M","?","?","M","?","R","E","R","T","M","R","?","?","M","R","BOSS","BOSS","R","$","E","BOSS"],"build_version":"2019-01-17v2","purchased_purges":3,"victory":true,"max_hp_per_floor":[71,71,71,71,71,71,71,71,71,71,71,71,71,71,71,71,71,71,71,71,71,71,71,71,71,71,71,71,71,71,71,71,71,71,71,71,71,71,71,71,71,71,71,71,71,71,71,71,71,71,71,71,71,71,71,71],"card_choices":[{"not_picked":["Beam Cell","Conserve Battery"],"picked":"Hologram","floor":1.0},{"not_picked":["Double Energy","Sweeping Beam","Conserve Battery"],"picked":"SKIP","floor":5.0},{"not_picked":["Rip and Tear","Cold Snap"],"picked":"Capacitor","floor":6.0},{"not_picked":["Glacier","Steam"],"picked":"Streamline","floor":11.0},{"not_picked":["Compile Driver","Rip and Tear","Force Field"],"picked":"SKIP","floor":12.0},{"not_picked":["Beam Cell","Conserve Battery","Cold Snap"],"picked":"SKIP","floor":14.0},{"not_picked":["Machine Learning","Hyperbeam","Seek"],"picked":"Biased Cognition","floor":16.0},{"not_picked":["Turbo","Scrape","Streamline"],"picked":"Undo","floor":18.0},{"not_picked":["Go for the Eyes","Steam","Fusion","Force Field+1"],"picked":"SKIP","floor":22.0},{"not_picked":["Hologram","Sweeping Beam","Streamline","Capacitor"],"picked":"SKIP","floor":28.0},{"not_picked":["Ball Lightning","Redo","Stack+1","Barrage"],"picked":"SKIP","floor":31.0},{"not_picked":["Fission","Biased Cognition","Multi-Cast"],"picked":"Echo Form","floor":33.0},{"not_picked":["Undo","Auto Shields+1","Lockon"],"picked":"Self Repair","floor":35.0},{"not_picked":["Streamline","Steam","Reprogram","Ball Lightning"],"picked":"SKIP","floor":38.0},{"not_picked":["Conserve Battery","Beam Cell","Thunder Strike","Turbo"],"picked":"SKIP","floor":41.0},{"not_picked":["Hologram","Turbo+1","Coolheaded","Darkness"],"picked":"SKIP","floor":44.0},{"not_picked":["Hologram","Turbo+1","Coolheaded","Darkness"],"picked":"SKIP","floor":44.0},{"not_picked":["Hologram","Loop","Go for the Eyes"],"picked":"Amplify","floor":48.0},{"not_picked":["Rebound","Melter","Blizzard","Coolheaded"],"picked":"SKIP","floor":55}],"player_experience":2149380,"relics_obtained":[{"floor":6.0,"key":"Bird Faced Urn"},{"floor":12.0,"key":"Potion Belt"},{"floor":14.0,"key":"Question Card"},{"floor":26.0,"key":"Symbiotic Virus"},{"floor":30.0,"key":"MawBank"},{"floor":37.0,"key":"PreservedInsect"},{"floor":41.0,"key":"Lantern"},{"floor":43.0,"key":"Letter Opener"},{"floor":46.0,"key":"Omamori"},{"floor":55,"key":"Dodecahedron"}],"event_choices":[{"damage_healed":0.0,"max_hp_gain":0.0,"max_hp_loss":0.0,"gold_gain":75.0,"event_name":"World of Goop","player_choice":"Gather Gold","floor":2.0,"gold_loss":0.0,"damage_taken":11.0},{"damage_healed":0.0,"max_hp_gain":0.0,"max_hp_loss":0.0,"gold_gain":275.0,"event_name":"Golden Shrine","player_choice":"Desecrate","floor":4.0,"gold_loss":0.0,"damage_taken":0.0,"cards_obtained":["Regret"]},{"damage_healed":0.0,"max_hp_gain":0.0,"max_hp_loss":0.0,"gold_gain":0.0,"event_name":"The Library","player_choice":"Read","floor":19.0,"gold_loss":0.0,"damage_taken":0.0,"cards_obtained":["Heatsinks"]},{"damage_healed":0.0,"max_hp_gain":0.0,"max_hp_loss":0.0,"gold_gain":0.0,"event_name":"The Mausoleum","player_choice":"Ignored","floor":20.0,"gold_loss":0.0,"damage_taken":0.0},{"damage_healed":0.0,"max_hp_gain":0.0,"max_hp_loss":0.0,"gold_gain":0.0,"event_name":"Match and Keep!","player_choice":"0 cards matched","floor":27.0,"gold_loss":0.0,"damage_taken":0.0,"cards_obtained":[]},{"damage_healed":0.0,"max_hp_gain":0.0,"max_hp_loss":0.0,"gold_gain":0.0,"event_name":"Tomb of Lord Red Mask","player_choice":"Ignored","floor":36.0,"gold_loss":0.0,"damage_taken":0.0},{"cards_removed":["Self Repair"],"damage_healed":0.0,"max_hp_gain":0.0,"max_hp_loss":0.0,"gold_gain":0.0,"event_name":"Falling","player_choice":"Removed Power","floor":47.0,"gold_loss":0.0,"damage_taken":0.0}],"is_beta":false,"boss_relics":[{"not_picked":["Ectoplasm","Calling Bell"],"picked":"FrozenCore"},{"not_picked":["Orrery","Empty Cage"],"picked":"Coffee Dripper"}],"items_purged_floors":[3,7,21],"is_endless":false,"potions_floor_spawned":[11,14,18,22,35,44,55],"ascension_level":20}