{"gold_per_floor":[115,134,134,149,164,190,190,204,229,229,240,254,254,286,286,365,365,375,300,314,239,94,94,94,94],"floor_reached":25,"playtime":889,"items_purged":["Strike_R","Strike_R"],"score":426,"play_id":"d381e16c-2ccd-4e81-bdf6-57e9fc7222b2","local_time":"20190528014002","is_ascension_mode":true,"campfire_choices":[{"data":"Armaments","floor":7,"key":"SMITH"},{"data":"Spot Weakness","floor":10,"key":"SMITH"},{"data":"Evolve","floor":13,"key":"SMITH"},{"data":"Sword Boomerang","floor":15,"key":"SMITH"},{"data":"True Grit","floor":23,"key":"SMITH"}],"neow_cost":"NONE","seed_source_timestamp":129827045492348,"circlet_count":0,"master_deck":["AscendersBane","Defend_R","Defend_R","Defend_R","Defend_R","Bash","Clash","Reaper","Armaments+1","Evolve+1","Spot Weakness+1","Exhume","Sword Boomerang+1","Fiend Fire","True Grit+1","Dual Wield"],"special_seed":0,"relics":["Burning Blood","Pear","Regal Pillow","Empty Cage"],"potions_floor_usage":[20],"damage_taken":[{"damage":3.0,"enemies":"2 Louse","floor":1.0,"turns":4.0},{"damage":6.0,"enemies":"Cultist","floor":2.0,"turns":4.0},{"damage":2,"enemies":"Jaw Worm","floor":4,"turns":4},{"damage":16,"enemies":"Blue Slaver","floor":5,"turns":4},{"damage":40,"enemies":"3 Sentries","floor":6,"turns":7},{"damage":29,"enemies":"Exordium Wildlife","floor":8,"turns":6},{"damage":6,"enemies":"2 Fungi Beasts","floor":11,"turns":4},{"damage":10,"enemies":"3 Louse","floor":12,"turns":4},{"damage":64,"enemies":"Gremlin Nob","floor":14,"turns":5},{"damage":47,"enemies":"The Guardian","floor":16,"turns":11},{"damage":26,"enemies":"Spheric Guardian","floor":18,"turns":5},{"damage":38,"enemies":"2 Thieves","floor":20,"turns":4},{"damage":55,"enemies":"Shelled Parasite and Fungi","floor":25,"turns":4}],"seed_played":"4518798788638286208","potions_obtained":[{"floor":5,"key":"SpeedPotion"},{"floor":6,"key":"Fire Potion"},{"floor":12,"key":"AttackPotion"},{"floor":16,"key":"Energy Potion"}],"is_trial":false,"path_per_floor":["M","M","?","M","M","E","R","M","T","R","M","M","R","E","R","B",null,"M","$","M","?","$","R","?","M"],"character_chosen":"IRONCLAD","items_purchased":["Dual Wield"],"campfire_rested":0,"item_purchase_floors":[22],"current_hp_per_floor":[78,78,78,82,78,89,89,77,77,77,85,92,92,34,34,12,72,52,52,40,40,40,40,40,0],"gold":94,"neow_bonus":"TEN_PERCENT_HP_BONUS","is_prod":false,"is_daily":false,"chose_seed":false,"campfire_upgraded":5,"win_rate":0,"timestamp":1558978802,"path_taken":["M","M","?","?","M","E","R","M","T","R","M","M","R","E","R","BOSS","M","$","M","?","$","R","?","?"],"build_version":"2019-01-23","purchased_purges":2,"victory":false,"max_hp_per_floor":[82,82,82,82,82,92,92,92,92,92,92,92,92,92,92,92,92,92,92,92,92,92,92,92,92],"card_choices":[{"not_picked":["Clash","Thunderclap","Twin Strike"],"picked":"SKIP","floor":1.0},{"not_picked":["Thunderclap","Twin Strike"],"picked":"Clash","floor":1.0},{"not_picked":["Twin Strike","Heavy Blade","Sever Soul"],"picked":"SKIP","floor":2.0},{"not_picked":["Warcry","Headbutt"],"picked":"Evolve","floor":4},{"not_picked":["Whirlwind","Iron Wave"],"picked":"Spot Weakness","floor":5},{"not_picked":["Spot Weakness","Bludgeon","Headbutt"],"picked":"SKIP","floor":6},{"not_picked":["Body Slam","Armaments","Iron Wave"],"picked":"SKIP","floor":8},{"not_picked":["Twin Strike","Warcry","Wild Strike"],"picked":"SKIP","floor":11},{"not_picked":["Anger","Cleave"],"picked":"Exhume","floor":12},{"not_picked":["Berserk","Flame Barrier"],"picked":"Sword Boomerang","floor":14},{"not_picked":["Double Tap","Feed"],"picked":"Fiend Fire","floor":16},{"not_picked":["Sword Boomerang","Wild Strike"],"picked":"True Grit","floor":18},{"not_picked":["Flex","Clash","Pommel Strike"],"picked":"SKIP","floor":20}],"player_experience":4887935,"relics_obtained":[{"floor":6,"key":"Pear"},{"floor":14,"key":"Regal Pillow"}],"event_choices":[{"damage_healed":0,"gold_gain":0,"player_choice":"2 cards matched","damage_taken":0,"max_hp_gain":0,"max_hp_loss":0,"event_name":"Match and Keep!","floor":3,"gold_loss":0,"cards_obtained":["Reaper","Armaments"]},{"cards_removed":["Strike_R"],"damage_healed":0,"gold_gain":0,"player_choice":"Gave Gold","damage_taken":0,"max_hp_gain":0,"max_hp_loss":0,"event_name":"Beggar","floor":21,"gold_loss":75},{"damage_healed":0,"gold_gain":0,"player_choice":"Ignored","damage_taken":0,"max_hp_gain":0,"max_hp_loss":0,"event_name":"Vampires","floor":24,"gold_loss":0}],"is_beta":false,"boss_relics":[{"not_picked":["Ectoplasm","Tiny House"],"picked":"Empty Cage"}],"items_purged_floors":[19,22],"is_endless":false,"potions_floor_spawned":[5,6,11,12,16,18],"killed_by":"Shelled Parasite and Fungi","ascension_level":20}