{"gold_per_floor":[119,134,84,9,25,25,37,37,63,88,88,107,7,20,20,145,145,169,44,44,44,44,44,44,72,72,72,52,67,67,80,80,185,185,203,222,5,5,5,32,32,32,105,117,117,132,149,162,162,162],"floor_reached":51,"playtime":5055,"items_purged":["Defend_G","Strike_G","Defend_G","Strike_G"],"score":822,"play_id":"38241ea4-079a-458e-b0ca-911eb2eda3ac","local_time":"20181021005043","is_ascension_mode":false,"campfire_choices":[{"data":"Discovery","floor":6.0,"key":"SMITH"},{"data":"Deadly Poison","floor":8.0,"key":"SMITH"},{"data":"Neutralize","floor":15.0,"key":"SMITH"},{"data":"Wraith Form v2","floor":23.0,"key":"SMITH"},{"data":"Panacea","floor":27.0,"key":"SMITH"},{"data":"Ghostly","floor":32.0,"key":"SMITH"},{"data":"Well Laid Plans","floor":41.0,"key":"SMITH"},{"data":"Ghostly","floor":45.0,"key":"SMITH"},{"data":"Ghostly","floor":49,"key":"SMITH"}],"neow_cost":"PERCENT_DAMAGE","seed_source_timestamp":47765759191832,"circlet_count":0,"master_deck":["Defend_G","Strike_G","Strike_G","Survivor","Panacea+1","Discovery+1","Dash","Deadly Poison+1","Backflip","Wraith Form v2+1","Sucker Punch+1","Deadly Poison+1","Ghostly+1","Ghostly+1","Ghostly+1","Ghostly","Ghostly","Noxious Fumes+1","Venomology","Acrobatics+1","Well Laid Plans+1","Corpse Explosion","Leg Sweep+1"],"special_seed":0,"relics":["Ring of the Snake","Orichalcum","Juzu Bracelet","Bloody Idol","Velvet Choker","Blue Candle","StoneCalendar","Empty Cage","Regal Pillow","Question Card"],"potions_floor_usage":[48,50,50,50],"damage_taken":[{"damage":0.0,"enemies":"Small Slimes","floor":1.0,"turns":6.0},{"damage":1.0,"enemies":"Jaw Worm","floor":2.0,"turns":4.0},{"damage":0.0,"enemies":"2 Louse","floor":5.0,"turns":2.0},{"damage":1.0,"enemies":"Red Slaver","floor":7.0,"turns":4.0},{"damage":17.0,"enemies":"3 Sentries","floor":10.0,"turns":8.0},{"damage":3.0,"enemies":"Lots of Slimes","floor":12.0,"turns":6.0},{"damage":0.0,"enemies":"3 Louse","floor":14.0,"turns":3.0},{"damage":4.0,"enemies":"Hexaghost","floor":16.0,"turns":9.0},{"damage":0.0,"enemies":"3 Byrds","floor":18.0,"turns":4.0},{"damage":0.0,"enemies":"Colosseum Slavers","floor":24.0,"turns":6.0},{"damage":25.0,"enemies":"Gremlin Leader","floor":25.0,"turns":7.0},{"damage":0.0,"enemies":"2 Thieves","floor":28.0,"turns":4.0},{"damage":0.0,"enemies":"Centurion and Healer","floor":29.0,"turns":7.0},{"damage":0.0,"enemies":"Snake Plant","floor":31.0,"turns":6.0},{"damage":0.0,"enemies":"Collector","floor":33.0,"turns":7.0},{"damage":0.0,"enemies":"Orb Walker","floor":35.0,"turns":5.0},{"damage":1.0,"enemies":"3 Shapes","floor":36.0,"turns":5.0},{"damage":0.0,"enemies":"Reptomancer","floor":40.0,"turns":6.0},{"damage":0.0,"enemies":"Spire Growth","floor":44.0,"turns":6.0},{"damage":0.0,"enemies":"4 Shapes","floor":46.0,"turns":7.0},{"damage":0.0,"enemies":"Maw","floor":47.0,"turns":8.0},{"damage":0,"enemies":"Jaw Worm Horde","floor":48,"turns":3},{"damage":0,"enemies":"Donu and Deca","floor":50,"turns":8}],"seed_played":"-637111697640593170","potions_obtained":[{"floor":1.0,"key":"EntropicBrew"},{"floor":5.0,"key":"FairyPotion"},{"floor":12.0,"key":"Explosive Potion"},{"floor":28.0,"key":"LiquidBronze"},{"floor":29.0,"key":"EssenceOfSteel"},{"floor":31.0,"key":"Block Potion"},{"floor":33.0,"key":"SkillPotion"},{"floor":36.0,"key":"Poison Potion"}],"is_trial":false,"path_per_floor":["M","M","?","$","M","R","M","R","T","E","?","M","$","M","R","B",null,"M","$","?","?","?","R","?","E","T","R","M","M","?","M","R","B",null,"M","M","$","?","?","E","R","$","T","M","R","M","M","M","R","B"],"character_chosen":"THE_SILENT","items_purchased":["Well Laid Plans"],"campfire_rested":0,"item_purchase_floors":[37],"current_hp_per_floor":[49,48,48,48,48,48,47,47,47,30,13,10,10,10,10,6,70,70,70,70,70,70,70,70,50,50,50,60,65,35,35,35,35,35,35,35,35,33,33,33,33,33,33,33,33,33,33,33,33,33],"gold":162,"neow_bonus":"RANDOM_COLORLESS_2","is_prod":false,"is_daily":false,"chose_seed":false,"campfire_upgraded":9,"win_rate":0,"timestamp":1540054243,"path_taken":["M","M","?","$","?","R","M","R","T","E","?","M","$","M","R","BOSS","M","$","?","?","?","R","?","E","T","R","M","M","?","M","R","BOSS","M","M","$","?","?","E","R","$","T","M","R","M","M","M","R","BOSS"],"build_version":"2018-10-18","purchased_purges":4,"victory":true,"max_hp_per_floor":[70,70,70,70,70,70,70,70,70,70,70,70,70,70,70,70,70,70,70,70,70,70,70,70,70,70,70,70,70,35,35,35,35,35,35,35,35,33,33,33,33,33,33,33,33,33,33,33,33,33],"card_choices":[{"not_picked":["Bane","Underhanded Strike"],"picked":"Dash","floor":1.0},{"not_picked":["Prepared","Underhanded Strike","Flying Knee"],"picked":"SKIP","floor":2.0},{"not_picked":["Prepared","Dagger Spray","Dodge and Roll"],"picked":"SKIP","floor":5.0},{"not_picked":["Outmaneuver","Predator"],"picked":"Deadly Poison","floor":7.0},{"not_picked":["Acrobatics","Masterful Stab","Finisher"],"picked":"SKIP","floor":10.0},{"not_picked":["Masterful Stab","Outmaneuver"],"picked":"Backflip","floor":12.0},{"not_picked":["Sucker Punch","Reflex","Underhanded Strike"],"picked":"SKIP","floor":14.0},{"not_picked":["Venomology","Phantasmal Killer"],"picked":"Wraith Form v2","floor":16.0},{"not_picked":["Crippling Poison","Heel Hook"],"picked":"Sucker Punch+1","floor":18.0},{"not_picked":["Flying Knee","Outmaneuver","Infinite Blades+1"],"picked":"SKIP","floor":25.0},{"not_picked":["Flying Knee","Caltrops","Cloak And Dagger+1"],"picked":"SKIP","floor":28.0},{"not_picked":["Bane","Die Die Die"],"picked":"Deadly Poison+1","floor":29.0},{"not_picked":["PiercingWail","Finisher"],"picked":"Noxious Fumes+1","floor":31.0},{"not_picked":["Storm of Steel","Unload"],"picked":"Venomology","floor":33.0},{"not_picked":["Calculated Gamble","Cloak And Dagger"],"picked":"Acrobatics+1","floor":35.0},{"not_picked":["Blade Dance+1","Acrobatics","Underhanded Strike"],"picked":"SKIP","floor":36.0},{"not_picked":["PiercingWail+1","Dagger Spray+1","Prepared"],"picked":"SKIP","floor":40.0},{"not_picked":["Poisoned Stab","Dodge and Roll+1","Setup","Endless Agony"],"picked":"SKIP","floor":44.0},{"not_picked":["Outmaneuver","Endless Agony","Predator+1"],"picked":"Corpse Explosion","floor":46.0},{"not_picked":["All Out Attack","Dodge and Roll","Poisoned Stab+1","Quick Slash"],"picked":"SKIP","floor":47.0},{"not_picked":["Deflect+1","Choke","Setup+1"],"picked":"Leg Sweep+1","floor":48}],"player_experience":428987,"relics_obtained":[{"floor":9.0,"key":"Orichalcum"},{"floor":10.0,"key":"Juzu Bracelet"},{"floor":25.0,"key":"Blue Candle"},{"floor":26.0,"key":"StoneCalendar"},{"floor":40.0,"key":"Regal Pillow"},{"floor":43.0,"key":"Question Card"}],"event_choices":[{"cards_removed":["Strike_G"],"damage_healed":0.0,"max_hp_gain":0.0,"max_hp_loss":0.0,"gold_gain":0.0,"event_name":"The Cleric","player_choice":"Card Removal","floor":3.0,"gold_loss":50.0,"damage_taken":0.0},{"damage_healed":0.0,"max_hp_gain":0.0,"max_hp_loss":0.0,"gold_gain":0.0,"event_name":"Golden Idol","player_choice":"Take Damage","floor":11.0,"gold_loss":0.0,"damage_taken":17.0,"relics_obtained":["Golden Idol"]},{"damage_healed":0.0,"max_hp_gain":0.0,"max_hp_loss":0.0,"gold_gain":0.0,"event_name":"Vampires","player_choice":"Ignored","floor":20.0,"gold_loss":0.0,"damage_taken":0.0},{"damage_healed":0.0,"max_hp_gain":0.0,"max_hp_loss":0.0,"gold_gain":0.0,"event_name":"Forgotten Altar","player_choice":"Gave Idol","floor":22.0,"relics_lost":["Golden Idol"],"gold_loss":0.0,"damage_taken":0.0,"relics_obtained":["Bloody Idol"]},{"damage_healed":0.0,"max_hp_gain":0.0,"max_hp_loss":0.0,"gold_gain":0.0,"event_name":"Colosseum","player_choice":"Fight","floor":24.0,"gold_loss":0.0,"damage_taken":0.0},{"damage_healed":0.0,"max_hp_gain":0.0,"max_hp_loss":0.0,"gold_gain":0.0,"event_name":"Colosseum","player_choice":"Fled From Nobs","floor":24.0,"gold_loss":0.0,"damage_taken":0.0},{"damage_healed":0.0,"max_hp_gain":0.0,"max_hp_loss":35.0,"gold_gain":0.0,"event_name":"Ghosts","player_choice":"Became a Ghost","floor":30.0,"gold_loss":0.0,"damage_taken":0.0,"cards_obtained":["Ghostly","Ghostly","Ghostly","Ghostly","Ghostly"]},{"damage_healed":0.0,"max_hp_gain":0.0,"max_hp_loss":2.0,"gold_gain":0.0,"event_name":"Winding Halls","player_choice":"Max HP","floor":38.0,"gold_loss":0.0,"damage_taken":0.0},{"cards_removed":["Neutralize"],"damage_healed":0.0,"max_hp_gain":0.0,"max_hp_loss":0.0,"gold_gain":0.0,"event_name":"Falling","player_choice":"Removed Attack","floor":39.0,"gold_loss":0.0,"damage_taken":0.0}],"is_beta":false,"boss_relics":[{"not_picked":["Lizard Tail","WristBlade"],"picked":"Velvet Choker"},{"not_picked":["Eternal Feather","Tiny House"],"picked":"Empty Cage"}],"items_purged_floors":[4,13,19,37],"is_endless":false,"potions_floor_spawned":[1,5,12,28,29,31,33,35,36,44],"ascension_level":0}