{"gold_per_floor":[115,131,131,96,106,106,132,132,157,157,176,233,123,144,144,249,249,262,262,281,299,299,299,334,334,359,379,397,397,397,152,152,253,253,270,145,145,195,215,215,232,232,232,232,250,100,112,125,125,125],"floor_reached":51,"playtime":1826,"items_purged":["Strike_B","Strike_B","Strike_B","Strike_B"],"score":750,"play_id":"199466bd-c185-49f9-8c72-954987e62ad7","local_time":"20190612012226","is_ascension_mode":false,"campfire_choices":[{"data":"Static Discharge","floor":6.0,"key":"SMITH"},{"data":"Dualcast","floor":8.0,"key":"SMITH"},{"data":"Zap","floor":10.0,"key":"SMITH"},{"data":"Buffer","floor":15.0,"key":"SMITH"},{"floor":23,"key":"RECALL"},{"floor":25,"key":"REST"},{"floor":29,"key":"REST"},{"floor":32,"key":"REST"},{"floor":40,"key":"REST"},{"floor":42,"key":"REST"},{"floor":49,"key":"REST"}],"neow_cost":"NONE","seed_source_timestamp":51493293609443,"circlet_count":0,"master_deck":["Defend_B+1","Defend_B","Defend_B+1","Defend_B","Zap+1","Dualcast+1","Sweeping Beam","Static Discharge+1","Turbo","Glacier","Buffer+1","Hello World","Ball Lightning","BootSequence","Creative AI","Recycle","Creative AI","White Noise+1","White Noise","Skim","Biased Cognition","Tempest+1","Madness","Madness","Fusion+1","Turbo+1","Stack","Turbo+1","Recycle"],"special_seed":0,"relics":["Cracked Core","Anchor","Dead Branch","Art of War","Tiny Chest","Odd Mushroom","Fusion Hammer","Vajra","Lantern","War Paint","Runic Dome","Mango","Centennial Puzzle","Blue Candle"],"potions_floor_usage":[50,50,50],"damage_taken":[{"damage":6.0,"enemies":"2 Louse","floor":1.0,"turns":2.0},{"damage":1.0,"enemies":"Jaw Worm","floor":2.0,"turns":4.0},{"damage":0.0,"enemies":"Small Slimes","floor":5.0,"turns":2.0},{"damage":13.0,"enemies":"Lagavulin","floor":7.0,"turns":7.0},{"damage":0.0,"enemies":"Blue Slaver","floor":11.0,"turns":3.0},{"damage":14.0,"enemies":"Gremlin Nob","floor":12.0,"turns":4.0},{"damage":0.0,"enemies":"The Mushroom Lair","floor":14.0,"turns":4.0},{"damage":0.0,"enemies":"The Guardian","floor":16.0,"turns":14.0},{"damage":0.0,"enemies":"Shell Parasite","floor":18.0,"turns":8.0},{"damage":0.0,"enemies":"Spheric Guardian","floor":20.0,"turns":5.0},{"damage":1.0,"enemies":"Cultist and Chosen","floor":21.0,"turns":4.0},{"damage":7,"enemies":"Slavers","floor":24,"turns":3},{"damage":0,"enemies":"Snecko","floor":27,"turns":4},{"damage":6,"enemies":"Sentry and Sphere","floor":28,"turns":3},{"damage":42,"enemies":"Automaton","floor":33,"turns":6},{"damage":0,"enemies":"Orb Walker","floor":35,"turns":3},{"damage":42,"enemies":"2 Orb Walkers","floor":38,"turns":4},{"damage":0,"enemies":"3 Darklings","floor":39,"turns":3},{"damage":16,"enemies":"Spire Growth","floor":41,"turns":3},{"damage":8,"enemies":"4 Shapes","floor":45,"turns":4},{"damage":5,"enemies":"Maw","floor":47,"turns":4},{"damage":6,"enemies":"3 Darklings","floor":48,"turns":2},{"damage":26,"enemies":"Donu and Deca","floor":50,"turns":4}],"seed_played":"-4042967728064391555","potions_obtained":[{"floor":1.0,"key":"EssenceOfSteel"},{"floor":2.0,"key":"Ancient Potion"},{"floor":5.0,"key":"Explosive Potion"},{"floor":21.0,"key":"Fruit Juice"},{"floor":24,"key":"EssenceOfSteel"},{"floor":39,"key":"PowerPotion"}],"is_trial":false,"path_per_floor":["M","M","?","?","M","R","E","R","T","R","M","E","$","?","R","B",null,"M","?","M","M","?","R","E","R","T","M","M","R","?","$","R","B",null,"M","$","?","?","M","R","M","R","T","T","M","$","M","M","R","B",null],"character_chosen":"DEFECT","items_purchased":["BootSequence","War Paint"],"campfire_rested":6,"item_purchase_floors":[13,31],"current_hp_per_floor":[69,68,35,53,53,53,40,40,40,40,40,26,26,26,26,26,75,75,75,75,79,79,79,72,80,80,80,74,80,80,80,80,38,80,80,80,70,42,42,70,54,82,82,82,74,74,69,63,91,65],"gold":125,"neow_bonus":"THREE_CARDS","is_prod":false,"is_daily":false,"chose_seed":false,"campfire_upgraded":4,"win_rate":0,"timestamp":1560273746,"path_taken":["M","M","?","?","M","R","E","R","T","R","?","E","$","?","R","BOSS","M","?","?","M","?","R","E","R","T","M","M","R","?","$","R","BOSS","M","$","?","?","M","R","M","R","T","?","?","$","M","M","R","BOSS"],"build_version":"2019-01-23","purchased_purges":4,"victory":true,"max_hp_per_floor":[75,75,75,75,75,75,75,75,75,75,75,75,75,75,75,75,75,75,75,75,80,80,80,80,80,80,80,80,80,80,80,80,80,80,80,80,80,94,94,94,94,94,94,94,94,94,94,94,94,94],"card_choices":[{"not_picked":["Reprogram","Barrage"],"picked":"Sweeping Beam","floor":0.0},{"not_picked":["Hologram","Rebound"],"picked":"Static Discharge","floor":1.0},{"not_picked":["Scrape","Leap"],"picked":"Turbo","floor":2.0},{"not_picked":["Storm","Coolheaded"],"picked":"Glacier","floor":5.0},{"not_picked":["White Noise","Steam Power"],"picked":"Buffer","floor":7.0},{"not_picked":["Fusion","FTL"],"picked":"Hello World","floor":11.0},{"not_picked":["Fusion","Redo"],"picked":"Ball Lightning","floor":12.0},{"not_picked":["Amplify","Reboot"],"picked":"Creative AI","floor":16.0},{"not_picked":["Compile Driver+1","Defragment+1"],"picked":"Recycle","floor":18.0},{"not_picked":["Fusion","Reprogram+1","Static Discharge"],"picked":"SKIP","floor":20.0},{"not_picked":["Go for the Eyes+1","FTL"],"picked":"White Noise+1","floor":21.0},{"not_picked":["Auto Shields","Fusion"],"picked":"White Noise","floor":24},{"not_picked":["Stack","Rebound","Sweeping Beam"],"picked":"SKIP","floor":27},{"not_picked":["Defragment","Sweeping Beam+1"],"picked":"Skim","floor":28},{"not_picked":["Meteor Strike","Echo Form"],"picked":"Biased Cognition","floor":33},{"not_picked":["Turbo","Leap+1"],"picked":"Tempest+1","floor":35},{"not_picked":["Leap+1","Chaos+1"],"picked":"Fusion+1","floor":38},{"not_picked":["Gash","Hello World"],"picked":"Turbo+1","floor":39},{"not_picked":["Hello World","Static Discharge+1"],"picked":"Stack","floor":41},{"not_picked":["Leap","FTL","Steam+1"],"picked":"SKIP","floor":45},{"not_picked":["Conserve Battery+1","Rebound+1"],"picked":"Turbo+1","floor":47},{"not_picked":["Genetic Algorithm+1","Stack+1"],"picked":"Recycle","floor":48}],"player_experience":5078643,"relics_obtained":[{"floor":7.0,"key":"Dead Branch"},{"floor":9.0,"key":"Art of War"},{"floor":12.0,"key":"Tiny Chest"},{"floor":14.0,"key":"Odd Mushroom"},{"floor":24,"key":"Vajra"},{"floor":26,"key":"Lantern"},{"floor":38,"key":"Mango"},{"floor":43,"key":"Centennial Puzzle"},{"floor":44,"key":"Blue Candle"}],"event_choices":[{"damage_healed":0.0,"max_hp_gain":0.0,"max_hp_loss":0.0,"gold_gain":0.0,"event_name":"Scrap Ooze","player_choice":"Success","floor":3.0,"gold_loss":0.0,"damage_taken":33.0,"relics_obtained":["Anchor"]},{"damage_healed":18.0,"max_hp_gain":0.0,"max_hp_loss":0.0,"gold_gain":0.0,"event_name":"The Cleric","player_choice":"Healed","floor":4.0,"gold_loss":35.0,"damage_taken":0.0},{"damage_healed":0.0,"max_hp_gain":0.0,"max_hp_loss":0.0,"gold_gain":0.0,"event_name":"Mushrooms","player_choice":"Fought Mushrooms","floor":14.0,"gold_loss":0.0,"damage_taken":0.0},{"damage_healed":0.0,"max_hp_gain":0.0,"max_hp_loss":0.0,"gold_gain":0.0,"event_name":"Duplicator","player_choice":"Copied","floor":19.0,"gold_loss":0.0,"damage_taken":0.0,"cards_obtained":["Creative AI"]},{"damage_healed":0,"gold_gain":0,"player_choice":"Ignored","damage_taken":0,"max_hp_gain":0,"max_hp_loss":0,"event_name":"Cursed Tome","floor":22,"gold_loss":0},{"damage_healed":0,"gold_gain":0,"player_choice":"Ignored","damage_taken":0,"max_hp_gain":0,"max_hp_loss":0,"event_name":"Ghosts","floor":30,"gold_loss":0},{"damage_healed":0,"gold_gain":0,"player_choice":"Embrace Madness","damage_taken":10,"max_hp_gain":0,"max_hp_loss":0,"event_name":"Winding Halls","floor":37,"gold_loss":0,"cards_obtained":["Madness","Madness"]},{"damage_healed":0,"gold_gain":0,"player_choice":"Fight","damage_taken":0,"max_hp_gain":0,"max_hp_loss":0,"event_name":"Mysterious Sphere","floor":38,"gold_loss":0}],"is_beta":false,"boss_relics":[{"not_picked":["White Beast Statue","Orrery"],"picked":"Fusion Hammer"},{"not_picked":["Nuclear Battery","Tiny House"],"picked":"Runic Dome"}],"items_purged_floors":[13,31,36,46],"is_endless":false,"potions_floor_spawned":[1,2,5,14,21,24,27,39,41,45],"ascension_level":0}