{"gold_per_floor":[160,310,322,163,182,182,194,194,194,194,224,224],"floor_reached":12,"playtime":566,"items_purged":["Doubt"],"score":136,"play_id":"5c03e9ce-18cc-4c33-a0ee-fd8bbf5bb0b1","local_time":"20181227131052","is_ascension_mode":true,"campfire_choices":[{"data":"Noxious Fumes","floor":6,"key":"SMITH"},{"data":"Catalyst","floor":8,"key":"SMITH"},{"data":"Neutralize","floor":10,"key":"SMITH"}],"neow_cost":"NONE","seed_source_timestamp":5049446436102,"circlet_count":0,"master_deck":["AscendersBane","Defend_G","Defend_G","Defend_G","Defend_G","Defend_G","Strike_G+1","Strike_G","Strike_G","Strike_G","Strike_G","Survivor","Neutralize+1","Backflip","Poisoned Stab","Noxious Fumes+1","Catalyst+1","Calculated Gamble","Footwork"],"relics":["Tiny House","Kunai","Turnip"],"potions_floor_usage":[],"damage_taken":[{"damage":0,"enemies":"Small Slimes","floor":1,"turns":4},{"damage":3,"enemies":"2 Louse","floor":3,"turns":3},{"damage":4,"enemies":"Cultist","floor":5,"turns":4},{"damage":20,"enemies":"Large Slime","floor":7,"turns":6},{"damage":6,"enemies":"3 Sentries","floor":12,"turns":4}],"seed_played":"-8005055937455755936","potions_obtained":[{"floor":0,"key":"GamblersBrew"},{"floor":5,"key":"Weak Potion"}],"is_trial":false,"path_per_floor":["M","?","M","$","M","R","M","R","T","R","?","E"],"character_chosen":"THE_SILENT","items_purchased":["Catalyst"],"campfire_rested":0,"item_purchase_floors":[4],"current_hp_per_floor":[64,64,61,61,57,57,37,37,37,37,37,31],"gold":224,"neow_bonus":"BOSS_RELIC","is_prod":false,"is_daily":false,"chose_seed":false,"campfire_upgraded":3,"win_rate":0,"timestamp":1545887452,"path_taken":["M","?","M","$","M","R","M","R","T","R","?","E"],"build_version":"2018-12-20","purchased_purges":1,"victory":false,"max_hp_per_floor":[71,71,71,71,71,71,71,71,71,71,71,71],"card_choices":[{"not_picked":["Deflect","Finisher"],"picked":"Backflip","floor":0},{"not_picked":["Slice","Riddle With Holes"],"picked":"Poisoned Stab","floor":1},{"not_picked":["Flying Knee","Backflip"],"picked":"Noxious Fumes","floor":3},{"not_picked":["Dodge and Roll","Slice"],"picked":"Calculated Gamble","floor":5},{"not_picked":["Acrobatics","Bane"],"picked":"Footwork","floor":7}],"player_experience":1514161,"relics_obtained":[{"floor":9,"key":"Kunai"}],"event_choices":[{"damage_healed":0,"gold_gain":150,"player_choice":"AGREE","damage_taken":0,"max_hp_gain":0,"max_hp_loss":0,"event_name":"Liars Game","floor":2,"gold_loss":0,"cards_obtained":["Doubt"]},{"damage_healed":0,"gold_gain":30,"player_choice":"Searched \u00272\u0027 times","damage_taken":0,"relics_obtained":["Turnip"],"max_hp_gain":0,"max_hp_loss":0,"event_name":"Dead Adventurer","floor":11,"gold_loss":0}],"is_beta":false,"boss_relics":[],"items_purged_floors":[4],"is_endless":false,"potions_floor_spawned":[5],"killed_by":"3 Sentries","ascension_level":20}