{"gold_per_floor":[115,390,405,424,424,424,424,258,258,293,293,303,303,323,323,396,396,412,382,394,405,419,419,451,451],"floor_reached":25,"playtime":856,"items_purged":["Regret"],"score":446,"play_id":"4ae8040f-bf51-46e2-b1c8-fb46f97c6f1f","local_time":"20190228213907","is_ascension_mode":true,"campfire_choices":[{"data":"Calculated Gamble","floor":6.0,"key":"SMITH"},{"data":"Well Laid Plans","floor":11.0,"key":"SMITH"},{"data":"Purity","floor":13.0,"key":"SMITH"},{"data":"Reflex","floor":15.0,"key":"SMITH"},{"data":"Tactician","floor":23.0,"key":"SMITH"}],"neow_cost":"NONE","seed_source_timestamp":35368239299986,"circlet_count":0,"master_deck":["AscendersBane","Defend_G","Defend_G","Defend_G","Defend_G","Defend_G","Strike_G","Strike_G+1","Strike_G+1","Strike_G","Strike_G+1","Survivor","Neutralize","Calculated Gamble+1","Deadly Poison+1","Reflex+1","Purity+1","Well Laid Plans+1","Tactician+1","Grand Finale"],"special_seed":0,"relics":["Ring of the Snake","NeowsBlessing","Matryoshka","Bag of Preparation","Pocketwatch","Black Star","Vajra","Whetstone"],"potions_floor_usage":[],"damage_taken":[{"damage":0.0,"enemies":"Jaw Worm","floor":1.0,"turns":1.0},{"damage":0.0,"enemies":"Cultist","floor":3.0,"turns":1.0},{"damage":0.0,"enemies":"Small Slimes","floor":4.0,"turns":1.0},{"damage":22.0,"enemies":"Lagavulin","floor":10.0,"turns":7.0},{"damage":1.0,"enemies":"Red Slaver","floor":12.0,"turns":4.0},{"damage":6.0,"enemies":"Exordium Wildlife","floor":14.0,"turns":6.0},{"damage":19.0,"enemies":"Hexaghost","floor":16.0,"turns":8.0},{"damage":7.0,"enemies":"Chosen","floor":18.0,"turns":3.0},{"damage":8.0,"enemies":"Spheric Guardian","floor":20.0,"turns":5.0},{"damage":3.0,"enemies":"3 Cultists","floor":21.0,"turns":3.0},{"damage":0.0,"enemies":"Centurion and Healer","floor":22.0,"turns":5.0},{"damage":28.0,"enemies":"Slavers","floor":24.0,"turns":4.0},{"damage":0,"enemies":"Colosseum Slavers","floor":25,"turns":1}],"seed_played":"6740869274155357488","potions_obtained":[{"floor":1.0,"key":"Regen Potion"},{"floor":3.0,"key":"GamblersBrew"},{"floor":12.0,"key":"AttackPotion"},{"floor":16.0,"key":"PowerPotion"},{"floor":19.0,"key":"Weak Potion"},{"floor":19.0,"key":"EntropicBrew"}],"is_trial":false,"path_per_floor":["M","?","M","M","?","R","T","$","T","E","R","M","R","M","R","B",null,"M","?","M","M","M","R","E","?"],"character_chosen":"THE_SILENT","items_purchased":["Purity"],"campfire_rested":0,"item_purchase_floors":[8],"current_hp_per_floor":[59,59,59,59,39,39,39,39,39,32,32,31,31,25,25,6,51,44,44,36,33,33,33,5,5],"gold":451,"neow_bonus":"THREE_ENEMY_KILL","is_prod":false,"is_daily":false,"chose_seed":false,"campfire_upgraded":5,"win_rate":0,"timestamp":1551361147,"path_taken":["M","?","?","M","?","R","?","$","T","E","R","M","R","M","R","BOSS","M","?","?","M","M","R","E","?"],"build_version":"2019-01-23","purchased_purges":1,"victory":false,"max_hp_per_floor":[66,66,66,66,66,66,66,66,66,66,66,66,66,66,66,66,66,66,66,66,66,66,66,66,66],"card_choices":[{"not_picked":["Terror","Dagger Spray"],"picked":"Calculated Gamble","floor":1.0},{"not_picked":["Caltrops","Acrobatics"],"picked":"Deadly Poison","floor":3.0},{"not_picked":["Backstab","Slice"],"picked":"Reflex","floor":4.0},{"not_picked":["Escape Plan","Distraction"],"picked":"Well Laid Plans","floor":10.0},{"not_picked":["Dagger Spray","Acrobatics"],"picked":"Tactician","floor":12.0},{"not_picked":["Bane","Slice","Flying Knee"],"picked":"SKIP","floor":14.0},{"not_picked":["A Thousand Cuts","Die Die Die"],"picked":"Grand Finale","floor":16.0},{"not_picked":["Distraction","Heel Hook","Cloak And Dagger"],"picked":"SKIP","floor":18.0},{"not_picked":["Sucker Punch","Choke","Flying Knee"],"picked":"SKIP","floor":20.0},{"not_picked":["Finisher","Eviscerate","Accuracy"],"picked":"SKIP","floor":21.0},{"not_picked":["Well Laid Plans","Quick Slash","Dagger Spray"],"picked":"SKIP","floor":22.0},{"not_picked":["Glass Knife","Setup","Infinite Blades"],"picked":"SKIP","floor":24.0}],"player_experience":3239357,"relics_obtained":[{"floor":7.0,"key":"Matryoshka"},{"floor":9.0,"key":"Bag of Preparation"},{"floor":10.0,"key":"Pocketwatch"},{"floor":24.0,"key":"Vajra"},{"floor":24.0,"key":"Whetstone"}],"event_choices":[{"damage_healed":0.0,"max_hp_gain":0.0,"max_hp_loss":0.0,"gold_gain":275.0,"event_name":"Golden Shrine","player_choice":"Desecrate","floor":2.0,"gold_loss":0.0,"damage_taken":0.0,"cards_obtained":["Regret"]},{"damage_healed":0.0,"max_hp_gain":0.0,"max_hp_loss":0.0,"gold_gain":0.0,"event_name":"Shining Light","player_choice":"Entered Light","floor":5.0,"gold_loss":0.0,"damage_taken":20.0,"cards_upgraded":["Strike_G","Deadly Poison"]},{"damage_healed":0.0,"max_hp_gain":0.0,"max_hp_loss":0.0,"gold_gain":0.0,"event_name":"The Woman in Blue","player_choice":"Bought 2 Potions","floor":19.0,"gold_loss":0.0,"damage_taken":0.0},{"damage_healed":0,"gold_gain":0,"player_choice":"Fight","damage_taken":0,"max_hp_gain":0,"max_hp_loss":0,"event_name":"Colosseum","floor":25,"gold_loss":0}],"is_beta":false,"boss_relics":[{"not_picked":["Ring of the Serpent","Busted Crown"],"picked":"Black Star"}],"items_purged_floors":[8],"is_endless":false,"potions_floor_spawned":[1,3,12,16,20],"killed_by":"Colosseum Slavers","ascension_level":20}