{"gold_per_floor":[209,27,45,45,45,45,68,68,116,131,131,24,24,48,48,143,143,164,89,89,110,133,133,177,177,253,268,311,7,7,7,7,103,103,121,454,469,469,488,518,518,547,547,562,572,572,472,491,491,491,491,491,491,32,65,65],"floor_reached":57,"playtime":4277,"items_purged":["Strike_B","Strike_B","Strike_B"],"score":2680,"play_id":"432b64cc-da29-46e5-9800-758716601893","local_time":"20190227210329","is_ascension_mode":true,"campfire_choices":[{"data":"Apotheosis","floor":6.0,"key":"SMITH"},{"floor":11.0,"key":"RECALL"},{"data":"Loop","floor":13.0,"key":"SMITH"},{"floor":15.0,"key":"REST"},{"data":"Loop","floor":23.0,"key":"SMITH"},{"floor":25.0,"key":"REST"},{"floor":30.0,"key":"REST"},{"floor":32.0,"key":"REST"},{"floor":41.0,"key":"REST"},{"floor":46.0,"key":"REST"},{"floor":49.0,"key":"REST"},{"floor":53.0,"key":"REST"}],"neow_cost":"NONE","seed_source_timestamp":30485308957634,"circlet_count":0,"master_deck":["AscendersBane","Defend_B","Defend_B","Defend_B","Defend_B","Zap+1","Dualcast","Skim","Apotheosis+1","Ball Lightning","Chaos","Loop+1","Hologram","Cold Snap","Meteor Strike","Loop+1","Reinforced Body","Double Energy","Reinforced Body","Coolheaded","Biased Cognition","Glacier+1","Biased Cognition","Skim","Consume+1","Buffer","Coolheaded","Coolheaded","Coolheaded","Coolheaded","Amplify","Recycle","Panacea"],"special_seed":0,"relics":["Cracked Core","Omamori","Snecko Eye","Bronze Scales","MawBank","Medical Kit","Inserter","CultistMask","Bag of Preparation","Mango","The Courier","Vajra"],"potions_floor_usage":[56,56,56],"damage_taken":[{"damage":7.0,"enemies":"Jaw Worm","floor":1.0,"turns":3.0},{"damage":14.0,"enemies":"Small Slimes","floor":3.0,"turns":5.0},{"damage":0.0,"enemies":"Cultist","floor":7.0,"turns":3.0},{"damage":10.0,"enemies":"Exordium Wildlife","floor":10.0,"turns":2.0},{"damage":26.0,"enemies":"Lots of Slimes","floor":14.0,"turns":3.0},{"damage":12.0,"enemies":"Slime Boss","floor":16.0,"turns":8.0},{"damage":8.0,"enemies":"3 Byrds","floor":18.0,"turns":3.0},{"damage":3.0,"enemies":"Shell Parasite","floor":21.0,"turns":3.0},{"damage":1.0,"enemies":"Cultist and Chosen","floor":22.0,"turns":7.0},{"damage":33.0,"enemies":"Slavers","floor":24.0,"turns":6.0},{"damage":9.0,"enemies":"Centurion and Healer","floor":27.0,"turns":4.0},{"damage":20.0,"enemies":"Book of Stabbing","floor":28.0,"turns":4.0},{"damage":31.0,"enemies":"Collector","floor":33.0,"turns":15.0},{"damage":0.0,"enemies":"3 Darklings","floor":35.0,"turns":5.0},{"damage":0.0,"enemies":"3 Shapes","floor":37.0,"turns":5.0},{"damage":32.0,"enemies":"Transient","floor":39.0,"turns":6.0},{"damage":15.0,"enemies":"Nemesis","floor":40.0,"turns":7.0},{"damage":7.0,"enemies":"Reptomancer","floor":42.0,"turns":5.0},{"damage":5.0,"enemies":"Jaw Worm Horde","floor":44.0,"turns":6.0},{"damage":0.0,"enemies":"Writhing Mass","floor":45.0,"turns":6.0},{"damage":2.0,"enemies":"Sphere and 2 Shapes","floor":48.0,"turns":3.0},{"damage":9.0,"enemies":"Time Eater","floor":50.0,"turns":23.0},{"damage":40.0,"enemies":"Awakened One","floor":51.0,"turns":17.0},{"damage":16.0,"enemies":"Shield and Spear","floor":55.0,"turns":9.0},{"damage":44,"enemies":"The Heart","floor":56,"turns":12}],"seed_played":"-7179764963590039137","potions_obtained":[{"floor":14.0,"key":"GamblersBrew"},{"floor":16.0,"key":"Dexterity Potion"},{"floor":18.0,"key":"AttackPotion"},{"floor":24.0,"key":"EntropicBrew"},{"floor":27.0,"key":"Poison Potion"},{"floor":28.0,"key":"FocusPotion"},{"floor":42.0,"key":"EssenceOfSteel"},{"floor":44.0,"key":"Weak Potion"},{"floor":48.0,"key":"EntropicBrew"}],"is_trial":false,"path_per_floor":["M","$","M","?","?","R","M","?","T","M","R","$","R","M","R","B",null,"M","$","?","M","M","R","E","R","T","M","E","$","R","?","R","B",null,"M","?","M","?","M","E","R","E","T","M","M","R","$","M","R","B","B",null,"R","$","E","B",null],"character_chosen":"DEFECT","items_purchased":["Apotheosis","Loop","Hologram","Medical Kit","Coolheaded","Coolheaded","Coolheaded","Coolheaded","Amplify","Recycle","Panacea","Energy Potion"],"campfire_rested":8,"item_purchase_floors":[2,12,12,29,54,54,54,54,54,54,54,54],"current_hp_per_floor":[57,57,43,43,48,48,48,48,48,38,38,38,38,12,32,20,57,49,49,49,46,45,45,12,32,32,23,3,3,23,23,43,12,55,55,55,55,55,23,8,28,35,35,30,30,54,54,52,76,67,27,69,83,83,67,23],"gold":65,"neow_bonus":"HUNDRED_GOLD","is_prod":false,"is_daily":false,"chose_seed":false,"campfire_upgraded":3,"win_rate":0,"timestamp":1551272609,"path_taken":["M","$","M","?","?","R","M","?","T","M","R","$","R","M","R","BOSS","M","?","?","M","?","R","E","R","T","?","E","$","R","?","R","BOSS","M","?","M","?","M","E","R","E","T","M","M","R","$","M","R","BOSS","BOSS","R","$","E","BOSS"],"build_version":"2019-01-23","purchased_purges":3,"victory":true,"max_hp_per_floor":[71,71,71,64,69,69,69,69,69,69,69,69,69,69,69,69,69,69,69,69,69,69,69,69,69,69,69,69,69,69,69,69,69,69,69,69,69,69,69,69,69,83,83,83,83,83,83,83,83,83,83,83,83,83,83,83],"card_choices":[{"not_picked":["Turbo","Go for the Eyes"],"picked":"Skim","floor":1.0},{"not_picked":["Coolheaded","Heatsinks"],"picked":"Ball Lightning","floor":3.0},{"not_picked":["Scrape","Heatsinks","Sweeping Beam"],"picked":"SKIP","floor":7.0},{"not_picked":["Skim","Rip and Tear"],"picked":"Chaos","floor":10.0},{"not_picked":["Skim","FTL"],"picked":"Cold Snap","floor":14.0},{"not_picked":["Amplify","Thunder Strike"],"picked":"Meteor Strike","floor":16.0},{"not_picked":["Beam Cell","Hologram"],"picked":"Loop","floor":18.0},{"not_picked":["Cold Snap","Steam Power"],"picked":"Double Energy","floor":21.0},{"not_picked":["Beam Cell","Leap","Steam"],"picked":"SKIP","floor":22.0},{"not_picked":["Compile Driver+1","Ball Lightning"],"picked":"Reinforced Body","floor":24.0},{"not_picked":["Force Field","BootSequence"],"picked":"Coolheaded","floor":27.0},{"not_picked":["Seek","Hologram","Self Repair"],"picked":"SKIP","floor":28.0},{"not_picked":["Fission","Thunder Strike"],"picked":"Biased Cognition","floor":33.0},{"not_picked":["Leap","Conserve Battery","Hello World"],"picked":"SKIP","floor":35.0},{"not_picked":["Leap","Ball Lightning"],"picked":"Glacier+1","floor":37.0},{"not_picked":["Leap","Streamline"],"picked":"Biased Cognition","floor":39.0},{"not_picked":["Self Repair","Steam"],"picked":"Skim","floor":40.0},{"not_picked":["Hologram","Rebound"],"picked":"Consume+1","floor":42.0},{"not_picked":["Sweeping Beam+1","Turbo","Compile Driver"],"picked":"SKIP","floor":44.0},{"not_picked":["Double Energy","Streamline","Hello World"],"picked":"SKIP","floor":45.0},{"not_picked":["Streamline","Leap"],"picked":"Buffer","floor":48.0},{"not_picked":["Go for the Eyes","Rebound","Self Repair"],"picked":"SKIP","floor":55.0}],"player_experience":3205264,"relics_obtained":[{"floor":9.0,"key":"Omamori"},{"floor":24.0,"key":"Bronze Scales"},{"floor":28.0,"key":"MawBank"},{"floor":40.0,"key":"Bag of Preparation"},{"floor":42.0,"key":"Mango"},{"floor":43.0,"key":"The Courier"},{"floor":55.0,"key":"Vajra"}],"event_choices":[{"damage_healed":0.0,"max_hp_gain":0.0,"max_hp_loss":7.0,"gold_gain":0.0,"event_name":"Golden Idol","player_choice":"Lose Max HP","floor":4.0,"gold_loss":0.0,"damage_taken":0.0,"relics_obtained":["Golden Idol"]},{"damage_healed":0.0,"max_hp_gain":5.0,"max_hp_loss":0.0,"gold_gain":0.0,"event_name":"Big Fish","player_choice":"Donut","floor":5.0,"gold_loss":0.0,"damage_taken":0.0},{"damage_healed":0.0,"max_hp_gain":0.0,"max_hp_loss":0.0,"gold_gain":0.0,"event_name":"Upgrade Shrine","player_choice":"Upgraded","floor":8.0,"gold_loss":0.0,"damage_taken":0.0,"cards_upgraded":["Zap"]},{"damage_healed":0.0,"max_hp_gain":0.0,"max_hp_loss":0.0,"gold_gain":0.0,"event_name":"The Library","player_choice":"Read","floor":20.0,"gold_loss":0.0,"damage_taken":0.0,"cards_obtained":["Reinforced Body"]},{"cards_removed":["Strike_B"],"damage_healed":0.0,"max_hp_gain":0.0,"max_hp_loss":0.0,"gold_gain":0.0,"event_name":"Back to Basics","player_choice":"Elegance","floor":31.0,"gold_loss":0.0,"damage_taken":0.0},{"damage_healed":0.0,"max_hp_gain":0.0,"max_hp_loss":0.0,"gold_gain":333.0,"event_name":"The Moai Head","player_choice":"Gave Idol","floor":36.0,"relics_lost":["Golden Idol"],"gold_loss":0.0,"damage_taken":0.0},{"damage_healed":0.0,"max_hp_gain":0.0,"max_hp_loss":0.0,"gold_gain":0.0,"event_name":"FaceTrader","player_choice":"Trade","floor":38.0,"gold_loss":0.0,"damage_taken":0.0,"relics_obtained":["CultistMask"]}],"is_beta":false,"boss_relics":[{"not_picked":["Tiny House","Lizard Tail"],"picked":"Snecko Eye"},{"not_picked":["Velvet Choker","Black Star"],"picked":"Inserter"}],"items_purged_floors":[19,29,47],"is_endless":false,"potions_floor_spawned":[14,16,18,24,27,28,35,42,44,45,48],"ascension_level":20}