{"gold_per_floor":[113,113,129,139,64,64,91,91,115,115,128,128,158,158,158,247,247,265,445,460,130,149,149,193,193,246,262,303,337,337,337,337,430,430,445,320,340,562,586,620,620,651,651,128,151,151,191,209,209,209,209,209,209,34,78,78],"floor_reached":56,"playtime":2767,"items_purged":["Strike_B","Strike_B","Defend_B","Defend_B+1","Defend_B+1"],"score":2087,"play_id":"3d38f9f1-9530-44dc-8007-a59d23c056cf","local_time":"20190317170515","is_ascension_mode":true,"campfire_choices":[{"data":"Streamline","floor":6.0,"key":"SMITH"},{"data":"Consume","floor":8.0,"key":"SMITH"},{"data":"Dualcast","floor":10.0,"key":"SMITH"},{"data":"Zap","floor":12.0,"key":"SMITH"},{"data":"Undo","floor":15.0,"key":"SMITH"},{"data":"Redo","floor":23.0,"key":"SMITH"},{"data":"Electrodynamics","floor":25.0,"key":"SMITH"},{"floor":30.0,"key":"RECALL"},{"data":"Multi-Cast","floor":32.0,"key":"SMITH"},{"data":"Genetic Algorithm","floor":46.0,"key":"SMITH"},{"data":"Core Surge","floor":49.0,"key":"SMITH"}],"neow_cost":"TEN_PERCENT_HP_LOSS","seed_source_timestamp":29503587188366,"circlet_count":0,"master_deck":["AscendersBane","Zap+1","Dualcast+1","Streamline+1","Rainbow+1","Genetic Algorithm+1","Consume+1","Undo+1","Electrodynamics+1","Hologram+1","Redo+1","Recycle+1","Multi-Cast+1","Core Surge+1","Coolheaded+1","Chaos+1"],"special_seed":0,"relics":["Cracked Core","DataDisk","Centennial Puzzle","Dream Catcher","Golden Idol","Coffee Dripper","Lee\u0027s Waffle","Mercury Hourglass","Meat on the Bone","Red Mask","Busted Crown","Anchor","Pen Nib","PreservedInsect","War Paint","Chemical X","Bottled Lightning","Mango"],"potions_floor_usage":[56,56],"damage_taken":[{"damage":2.0,"enemies":"Jaw Worm","floor":1.0,"turns":3.0},{"damage":0.0,"enemies":"2 Louse","floor":3.0,"turns":3.0},{"damage":0.0,"enemies":"Cultist","floor":4.0,"turns":4.0},{"damage":17.0,"enemies":"Gremlin Nob","floor":7.0,"turns":4.0},{"damage":8.0,"enemies":"Looter","floor":11.0,"turns":3.0},{"damage":0.0,"enemies":"Lagavulin","floor":13.0,"turns":6.0},{"damage":0.0,"enemies":"Hexaghost","floor":16.0,"turns":9.0},{"damage":0.0,"enemies":"Shell Parasite","floor":18.0,"turns":5.0},{"damage":1.0,"enemies":"3 Byrds","floor":20.0,"turns":2.0},{"damage":3.0,"enemies":"Snake Plant","floor":22.0,"turns":4.0},{"damage":7.0,"enemies":"Gremlin Leader","floor":24.0,"turns":5.0},{"damage":0.0,"enemies":"Centurion and Healer","floor":27.0,"turns":3.0},{"damage":1.0,"enemies":"Book of Stabbing","floor":28.0,"turns":5.0},{"damage":0.0,"enemies":"Masked Bandits","floor":29.0,"turns":1.0},{"damage":1.0,"enemies":"Champ","floor":33.0,"turns":9.0},{"damage":0.0,"enemies":"3 Shapes","floor":35.0,"turns":2.0},{"damage":0.0,"enemies":"3 Darklings","floor":37.0,"turns":2.0},{"damage":0.0,"enemies":"Sphere and 2 Shapes","floor":39.0,"turns":4.0},{"damage":31.0,"enemies":"Nemesis","floor":40.0,"turns":9.0},{"damage":7.0,"enemies":"Reptomancer","floor":42.0,"turns":5.0},{"damage":0.0,"enemies":"Transient","floor":45.0,"turns":6.0},{"damage":10.0,"enemies":"Nemesis","floor":47.0,"turns":5.0},{"damage":0.0,"enemies":"4 Shapes","floor":48.0,"turns":2.0},{"damage":8.0,"enemies":"Donu and Deca","floor":50.0,"turns":6.0},{"damage":8.0,"enemies":"Awakened One","floor":51.0,"turns":15.0},{"damage":29.0,"enemies":"Shield and Spear","floor":55.0,"turns":3.0},{"damage":44,"enemies":"The Heart","floor":56,"turns":8}],"seed_played":"2975857902387946697","potions_obtained":[{"floor":3.0,"key":"GamblersBrew"},{"floor":4.0,"key":"Block Potion"},{"floor":16.0,"key":"PowerPotion"},{"floor":20.0,"key":"Ancient Potion"},{"floor":27.0,"key":"EssenceOfSteel"},{"floor":33.0,"key":"Block Potion"},{"floor":40.0,"key":"Explosive Potion"},{"floor":55.0,"key":"SpeedPotion"}],"is_trial":false,"path_per_floor":["M","?","M","M","$","R","E","R","T","R","M","R","E","?","R","B",null,"M","?","M","$","M","R","E","R","T","M","E","?","R","?","R","B",null,"M","$","M","?","M","E","?","E","T","$","M","R","E","M","R","B","B",null,"R","$","E","B"],"character_chosen":"DEFECT","items_purchased":["Lee\u0027s Waffle","War Paint","Chemical X"],"campfire_rested":0,"item_purchase_floors":[21,44,44],"current_hp_per_floor":[62,43,43,43,43,43,26,26,26,26,18,18,18,18,18,18,48,48,30,29,65,62,62,55,55,55,55,54,54,54,54,54,53,62,62,62,62,62,62,43,43,36,36,36,36,36,38,38,38,42,34,57,57,57,54,10],"gold":78,"neow_bonus":"TRANSFORM_TWO_CARDS","is_prod":false,"is_daily":false,"chose_seed":false,"campfire_upgraded":10,"win_rate":0,"timestamp":1552813515,"path_taken":["M","?","M","M","$","R","E","R","T","R","M","R","E","?","R","BOSS","M","?","?","$","M","R","E","R","T","M","E","?","R","?","R","BOSS","M","$","M","?","M","E","?","E","T","$","M","R","E","M","R","BOSS","BOSS","R","$","E","BOSS"],"build_version":"2019-01-23","purchased_purges":5,"victory":false,"max_hp_per_floor":[64,64,64,64,64,64,64,64,64,64,64,64,64,58,58,58,58,58,58,58,65,65,65,65,65,65,65,65,65,65,65,65,65,65,65,65,65,65,65,65,65,65,65,65,65,65,65,65,65,65,65,65,65,65,79,79],"card_choices":[{"not_picked":["Compile Driver","Barrage","Static Discharge"],"picked":"SKIP","floor":1.0},{"not_picked":["Go for the Eyes","Barrage"],"picked":"Genetic Algorithm","floor":3.0},{"not_picked":["Storm","Hologram"],"picked":"Cold Snap","floor":4.0},{"not_picked":["Conserve Battery","Thunder Strike"],"picked":"Consume","floor":7.0},{"not_picked":["Redo","Leap","Stack"],"picked":"SKIP","floor":11.0},{"not_picked":["Compile Driver","Beam Cell"],"picked":"Undo","floor":13.0},{"not_picked":["Meteor Strike","Reboot"],"picked":"Electrodynamics","floor":16.0},{"not_picked":["Aggregate","Darkness"],"picked":"Hologram+1","floor":18.0},{"not_picked":["Hologram","Stack","Melter"],"picked":"SKIP","floor":20.0},{"not_picked":["Aggregate","BootSequence","Redo"],"picked":"SKIP","floor":22.0},{"not_picked":["Aggregate","BootSequence"],"picked":"Redo","floor":22.0},{"not_picked":["Reinforced Body","Coolheaded"],"picked":"Recycle+1","floor":24.0},{"not_picked":["Hologram","Go for the Eyes","Electrodynamics"],"picked":"SKIP","floor":27.0},{"not_picked":["Turbo","Hologram","Darkness"],"picked":"SKIP","floor":28.0},{"not_picked":["Multi-Cast","Amplify"],"picked":"Core Surge","floor":33.0},{"not_picked":["Redo"],"picked":"SKIP","floor":35.0},{"not_picked":[],"picked":"Coolheaded","floor":37.0},{"not_picked":["Streamline"],"picked":"SKIP","floor":39.0},{"not_picked":["Sweeping Beam"],"picked":"SKIP","floor":40.0},{"not_picked":[],"picked":"Chaos+1","floor":42.0},{"not_picked":["Compile Driver"],"picked":"SKIP","floor":45.0},{"not_picked":["Compile Driver"],"picked":"SKIP","floor":45.0},{"not_picked":["Steam"],"picked":"SKIP","floor":47.0},{"not_picked":["Beam Cell"],"picked":"SKIP","floor":48.0},{"not_picked":["Hologram"],"picked":"SKIP","floor":55.0}],"player_experience":3650944,"relics_obtained":[{"floor":7.0,"key":"DataDisk"},{"floor":9.0,"key":"Centennial Puzzle"},{"floor":13.0,"key":"Dream Catcher"},{"floor":24.0,"key":"Mercury Hourglass"},{"floor":28.0,"key":"Meat on the Bone"},{"floor":29.0,"key":"Red Mask"},{"floor":40.0,"key":"Anchor"},{"floor":42.0,"key":"Pen Nib"},{"floor":43.0,"key":"PreservedInsect"},{"floor":47.0,"key":"Bottled Lightning"},{"floor":55.0,"key":"Mango"}],"event_choices":[{"damage_healed":0.0,"max_hp_gain":0.0,"max_hp_loss":0.0,"gold_gain":0.0,"event_name":"Shining Light","player_choice":"Entered Light","floor":2.0,"gold_loss":0.0,"damage_taken":19.0,"cards_upgraded":["Defend_B","Rainbow"]},{"damage_healed":0.0,"max_hp_gain":0.0,"max_hp_loss":6.0,"gold_gain":0.0,"event_name":"Golden Idol","player_choice":"Lose Max HP","floor":14.0,"gold_loss":0.0,"damage_taken":0.0,"relics_obtained":["Golden Idol"]},{"damage_healed":0.0,"max_hp_gain":0.0,"max_hp_loss":0.0,"gold_gain":180.0,"event_name":"Knowing Skull","player_choice":"GOLD GOLD ","floor":19.0,"potions_obtained":[],"gold_loss":0.0,"damage_taken":18.0,"cards_obtained":[]},{"damage_healed":0.0,"max_hp_gain":0.0,"max_hp_loss":0.0,"gold_gain":0.0,"event_name":"Masked Bandits","player_choice":"Fought Bandits","floor":29.0,"gold_loss":0.0,"damage_taken":0.0},{"damage_healed":0.0,"max_hp_gain":0.0,"max_hp_loss":0.0,"gold_gain":0.0,"cards_transformed":["Defend_B"],"event_name":"Transmorgrifier","player_choice":"Transformed","floor":31.0,"gold_loss":0.0,"damage_taken":0.0,"cards_obtained":["Multi-Cast"]},{"damage_healed":0.0,"max_hp_gain":0.0,"max_hp_loss":0.0,"gold_gain":222.0,"event_name":"Tomb of Lord Red Mask","player_choice":"Wore Mask","floor":38.0,"gold_loss":0.0,"damage_taken":0.0},{"cards_removed":["Cold Snap"],"damage_healed":0.0,"max_hp_gain":0.0,"max_hp_loss":0.0,"gold_gain":0.0,"event_name":"Falling","player_choice":"Removed Attack","floor":41.0,"gold_loss":0.0,"damage_taken":0.0}],"is_beta":false,"boss_relics":[{"not_picked":["Philosopher\u0027s Stone","Fusion Hammer"],"picked":"Coffee Dripper"},{"not_picked":["FrozenCore","Velvet Choker"],"picked":"Busted Crown"}],"items_purged_floors":[5,21,36,44,54],"is_endless":false,"potions_floor_spawned":[3,4,16,20,27,28,33,37,39,40,55],"killed_by":"The Heart","ascension_level":20}