{"gold_per_floor":[109,59,59,59,71,71,97,116,116,128,141,170,170,20,20,119,119,133,145,244,69,69,69,81,81,106,106,126,139,14,14,14,14],"floor_reached":33,"playtime":943,"items_purged":["Strike_R","Strike_R","Strike_R+1"],"score":448,"play_id":"decfe2af-d259-4374-9c2e-24bd8ab26add","local_time":"20181212211254","is_ascension_mode":true,"campfire_choices":[{"data":"Disarm","floor":6,"key":"SMITH"},{"data":"Inflame","floor":13,"key":"SMITH"},{"data":"Spot Weakness","floor":15,"key":"SMITH"},{"data":"Offering","floor":23,"key":"SMITH"},{"data":"Evolve","floor":25,"key":"SMITH"},{"data":"Second Wind","floor":27,"key":"SMITH"},{"data":"Offering","floor":32,"key":"SMITH"}],"neow_cost":"NONE","seed_source_timestamp":38498548102725,"circlet_count":0,"master_deck":["AscendersBane","Defend_R","Defend_R","Defend_R","Bash","Disarm+1","Dual Wield","Inflame+1","Second Wind+1","Ghostly Armor","Spot Weakness+1","Offering+1","Shrug It Off+1","Evolve+1","Rage","Infernal Blade","Offering+1"],"relics":["Burning Blood","NeowsBlessing","Magic Flower","Letter Opener","Coffee Dripper","PreservedInsect"],"potions_floor_usage":[18,22,29,33],"damage_taken":[{"damage":0,"enemies":"2 Louse","floor":1,"turns":1},{"damage":0,"enemies":"Small Slimes","floor":5,"turns":1},{"damage":0,"enemies":"Lagavulin","floor":7,"turns":1},{"damage":4,"enemies":"Jaw Worm","floor":8,"turns":3},{"damage":0,"enemies":"Large Slime","floor":10,"turns":5},{"damage":13,"enemies":"3 Louse","floor":11,"turns":4},{"damage":34,"enemies":"Gremlin Nob","floor":12,"turns":5},{"damage":41,"enemies":"The Guardian","floor":16,"turns":12},{"damage":17,"enemies":"Spheric Guardian","floor":18,"turns":3},{"damage":6,"enemies":"Chosen","floor":19,"turns":5},{"damage":26,"enemies":"Colosseum Slavers","floor":22,"turns":6},{"damage":10,"enemies":"Centurion and Healer","floor":24,"turns":6},{"damage":22,"enemies":"Shelled Parasite and Fungi","floor":28,"turns":6},{"damage":19,"enemies":"Snecko","floor":29,"turns":5},{"damage":33,"enemies":"Collector","floor":33,"turns":8}],"seed_played":"-5590826064747319646","potions_obtained":[{"floor":5,"key":"GamblersBrew"},{"floor":7,"key":"SneckoOil"},{"floor":11,"key":"SpeedPotion"},{"floor":16,"key":"PowerPotion"},{"floor":18,"key":"BloodPotion"},{"floor":24,"key":"GamblersBrew"}],"is_trial":false,"path_per_floor":["M","?","?","?","M","R","E","M","T","M","M","E","R","$","R","B",null,"M","M","?","$","?","R","M","R","T","R","M","M","$","?","R","B"],"character_chosen":"IRONCLAD","items_purchased":["Spot Weakness","Evolve"],"campfire_rested":0,"item_purchase_floors":[14,21],"current_hp_per_floor":[78,78,62,62,68,68,74,79,79,80,76,51,51,51,51,19,65,57,60,60,60,55,55,54,54,54,54,41,31,31,31,31,0],"gold":14,"neow_bonus":"THREE_ENEMY_KILL","is_prod":false,"is_daily":false,"chose_seed":false,"campfire_upgraded":7,"win_rate":0,"timestamp":1544620374,"path_taken":["M","?","?","?","M","R","E","M","T","M","?","E","R","$","R","BOSS","M","M","?","$","?","R","M","R","T","R","M","M","$","?","R","BOSS"],"build_version":"2018-12-06","purchased_purges":3,"victory":false,"max_hp_per_floor":[80,80,80,80,80,80,80,80,80,80,80,80,80,80,80,80,80,80,80,80,80,80,80,80,80,80,80,80,80,80,80,80,80],"card_choices":[{"not_picked":["Perfected Strike","Shrug It Off"],"picked":"Disarm","floor":1},{"not_picked":["Clash","Metallicize"],"picked":"Dual Wield","floor":5},{"not_picked":["Anger","Hemokinesis","Headbutt"],"picked":"SKIP","floor":7},{"not_picked":["Flame Barrier","Shrug It Off","Rampage"],"picked":"SKIP","floor":8},{"not_picked":["Flex","Rampage"],"picked":"Inflame","floor":10},{"not_picked":["Flex","Anger"],"picked":"Second Wind","floor":11},{"not_picked":["Havoc","Infernal Blade"],"picked":"Ghostly Armor","floor":12},{"not_picked":["Brutality","Bludgeon"],"picked":"Offering","floor":16},{"not_picked":["Dual Wield","Spot Weakness"],"picked":"Shrug It Off+1","floor":18},{"not_picked":["Iron Wave","Whirlwind","Twin Strike"],"picked":"SKIP","floor":19},{"not_picked":["Wild Strike","Seeing Red","Thunderclap"],"picked":"SKIP","floor":24},{"not_picked":["Shrug It Off","Anger","Clash+1"],"picked":"SKIP","floor":28},{"not_picked":["Sentinel+1","Pommel Strike"],"picked":"Rage","floor":29}],"player_experience":1230964,"relics_obtained":[{"floor":7,"key":"Magic Flower"},{"floor":12,"key":"Letter Opener"},{"floor":26,"key":"PreservedInsect"}],"event_choices":[{"cards_removed":["Strike_R"],"damage_healed":0,"gold_gain":0,"player_choice":"Card Removal","damage_taken":0,"max_hp_gain":0,"max_hp_loss":0,"event_name":"The Cleric","floor":2,"gold_loss":50},{"damage_healed":0,"gold_gain":0,"player_choice":"Entered Light","damage_taken":16,"max_hp_gain":0,"max_hp_loss":0,"event_name":"Shining Light","floor":3,"gold_loss":0,"cards_upgraded":["Strike_R","Strike_R"]},{"damage_healed":0,"gold_gain":0,"player_choice":"Ignored","damage_taken":0,"max_hp_gain":0,"max_hp_loss":0,"event_name":"Liars Game","floor":4,"gold_loss":0},{"damage_healed":0,"gold_gain":99,"player_choice":"Stole From Cult","damage_taken":0,"max_hp_gain":0,"max_hp_loss":0,"event_name":"Nest","floor":20,"gold_loss":0},{"damage_healed":0,"gold_gain":0,"player_choice":"Fight","damage_taken":0,"max_hp_gain":0,"max_hp_loss":0,"event_name":"Colosseum","floor":22,"gold_loss":0},{"damage_healed":0,"gold_gain":0,"player_choice":"Fled From Nobs","damage_taken":0,"max_hp_gain":0,"max_hp_loss":0,"event_name":"Colosseum","floor":22,"gold_loss":0},{"damage_healed":0,"gold_gain":0,"cards_transformed":["Defend_R","Strike_R"],"player_choice":"Became Test Subject","damage_taken":0,"max_hp_gain":0,"max_hp_loss":0,"event_name":"Drug Dealer","floor":31,"gold_loss":0,"cards_obtained":["Infernal Blade","Offering"]}],"is_beta":false,"boss_relics":[{"not_picked":["Empty Cage","Velvet Choker"],"picked":"Coffee Dripper"}],"items_purged_floors":[14,21,30],"is_endless":false,"potions_floor_spawned":[5,7,11,16,18,24,28],"killed_by":"Collector","ascension_level":12}