{"gold_per_floor":[115,40,51,51,51,51,85,103,103,103,23,23,35,65,65,142,142,152,152,152,152,202,319,319,332,332,360,95,128,128,140,140,214,214,227,177,195,21,41,76,88,88,115,115,65,65,84,97,97,97,97,97,97,8,39,39],"floor_reached":57,"playtime":3110,"items_purged":["Strike_G","Strike_G","Strike_G","Strike_G","Strike_G"],"score":2946,"play_id":"4215ac2c-5f51-460d-90bd-2a353460c8de","local_time":"20190127180245","is_ascension_mode":true,"campfire_choices":[{"data":"Neutralize","floor":6.0,"key":"SMITH"},{"data":"Catalyst","floor":10.0,"key":"SMITH"},{"data":"Survivor","floor":15.0,"key":"SMITH"},{"floor":30.0,"key":"REST"},{"floor":32.0,"key":"REST"},{"floor":44.0,"key":"RECALL"},{"floor":49.0,"key":"REST"},{"floor":53.0,"key":"REST"}],"neow_cost":"NONE","seed_source_timestamp":10798887054922,"circlet_count":0,"master_deck":["AscendersBane","Defend_G","Defend_G","Defend_G","Defend_G","Defend_G","Survivor+1","Neutralize+1","Backstab","Catalyst+1","Noxious Fumes+1","Escape Plan+1","Night Terror+1","Prepared+1","PiercingWail+1","Catalyst+1","Acrobatics+1","Doppelganger+1","Bouncing Flask+1","Footwork+1","Acrobatics+1","Tools of the Trade+1","Noxious Fumes+1","Catalyst+1"],"special_seed":0,"relics":["Ring of the Serpent","NeowsBlessing","Frozen Egg 2","Toxic Egg 2","Regal Pillow","Matryoshka","theJungle:SneckoAutograph","theJungle:BirthdayCake","Tiny Chest","Bag of Marbles","Omamori","Molten Egg 2","FossilizedHelix","Paper Crane","Membership Card","Smiling Mask","Cursed Key","Torii","Prayer Wheel","Centennial Puzzle","Sundial","Ninja Scroll"],"potions_floor_usage":[56],"damage_taken":[{"damage":0.0,"enemies":"Jaw Worm","floor":1.0,"turns":1.0},{"damage":0.0,"enemies":"2 Louse","floor":3.0,"turns":1.0},{"damage":0.0,"enemies":"3 Sentries","floor":7.0,"turns":1.0},{"damage":0.0,"enemies":"Small Slimes","floor":8.0,"turns":4.0},{"damage":1.0,"enemies":"2 Fungi Beasts","floor":13.0,"turns":5.0},{"damage":19.0,"enemies":"Lagavulin","floor":14.0,"turns":8.0},{"damage":16.0,"enemies":"The Guardian","floor":16.0,"turns":10.0},{"damage":11.0,"enemies":"theJungle:GiantWrat","floor":18.0,"turns":6.0},{"damage":31.0,"enemies":"Shell Parasite","floor":22.0,"turns":6.0},{"damage":4.0,"enemies":"theJungle:2_Phrogs","floor":23.0,"turns":11.0},{"damage":0.0,"enemies":"theJungle:Snecko_Cultist_And_Trap","floor":25.0,"turns":12.0},{"damage":5.0,"enemies":"theJungle:MamaSnecko","floor":27.0,"turns":5.0},{"damage":0.0,"enemies":"theJungle:2_Phrogs","floor":29.0,"turns":10.0},{"damage":18.0,"enemies":"theJungle:2_Snecko_Cultists","floor":31.0,"turns":5.0},{"damage":0.0,"enemies":"theJungle:FunGuy","floor":33.0,"turns":4.0},{"damage":0.0,"enemies":"Orb Walker","floor":35.0,"turns":4.0},{"damage":0.0,"enemies":"3 Shapes","floor":37.0,"turns":6.0},{"damage":12.0,"enemies":"Spire Growth","floor":39.0,"turns":4.0},{"damage":0.0,"enemies":"Nemesis","floor":40.0,"turns":5.0},{"damage":2.0,"enemies":"4 Shapes","floor":41.0,"turns":6.0},{"damage":5.0,"enemies":"3 Darklings","floor":47.0,"turns":5.0},{"damage":1.0,"enemies":"Transient","floor":48.0,"turns":4.0},{"damage":20.0,"enemies":"Time Eater","floor":50.0,"turns":4.0},{"damage":10.0,"enemies":"Donu and Deca","floor":51.0,"turns":7.0},{"damage":20.0,"enemies":"Shield and Spear","floor":55.0,"turns":7.0},{"damage":34,"enemies":"The Heart","floor":56,"turns":5}],"seed_played":"1556890206498228969","potions_obtained":[{"floor":1.0,"key":"Energy Potion"},{"floor":7.0,"key":"AttackPotion"},{"floor":16.0,"key":"Block Potion"},{"floor":22.0,"key":"GhostInAJar"},{"floor":23.0,"key":"LiquidBronze"},{"floor":25.0,"key":"GhostInAJar"}],"is_trial":false,"path_per_floor":["M","$","M","?","?","R","E","M","T","R","$","?","M","E","R","B",null,"M","?","?","?","M","E","?","M","T","E","$","E","R","M","R","B",null,"M","$","M","$","M","E","M","?","T","R","$","?","M","M","R","B","B",null,"R","$","E","B",null],"character_chosen":"THE_SILENT","items_purchased":["Noxious Fumes+1","Membership Card","Torii","Noxious Fumes+1"],"campfire_rested":4,"item_purchase_floors":[11,28,38,54],"current_hp_per_floor":[59,59,59,64,64,64,64,64,64,64,64,46,45,26,26,10,56,45,45,65,65,34,30,15,15,15,10,10,10,52,34,76,76,87,87,87,87,87,75,75,73,73,73,73,73,73,68,67,91,71,61,84,91,91,71,37],"gold":39,"neow_bonus":"THREE_ENEMY_KILL","is_prod":false,"is_daily":false,"chose_seed":false,"campfire_upgraded":3,"win_rate":0,"timestamp":1548583365,"path_taken":["M","$","M","?","?","R","E","M","T","R","$","?","M","E","R","BOSS","M","?","?","?","M","E","?","M","T","E","?","E","R","M","R","BOSS","M","$","M","$","M","E","?","?","T","R","$","?","M","M","R","BOSS","BOSS","R","$","E","BOSS"],"build_version":"2019-01-23","purchased_purges":5,"victory":true,"max_hp_per_floor":[66,66,66,71,71,71,71,71,71,71,71,71,71,71,71,71,71,71,71,91,91,91,91,91,91,91,91,91,91,91,91,91,91,91,91,91,91,91,91,91,91,91,91,91,91,91,91,91,91,91,91,91,91,91,91,91],"card_choices":[{"not_picked":["Dodge and Roll","Deadly Poison"],"picked":"Backstab","floor":1.0},{"not_picked":["Deadly Poison","Riddle With Holes","Dodge and Roll"],"picked":"SKIP","floor":3.0},{"not_picked":["Acrobatics","Riddle With Holes"],"picked":"Catalyst","floor":7.0},{"not_picked":["Slice","Heel Hook","All Out Attack"],"picked":"SKIP","floor":8.0},{"not_picked":["Quick Slash","Endless Agony","Slice"],"picked":"SKIP","floor":13.0},{"not_picked":["Quick Slash","Endless Agony","Slice"],"picked":"SKIP","floor":13.0},{"not_picked":["Distraction+1","Riddle With Holes"],"picked":"Escape Plan+1","floor":14.0},{"not_picked":["Grand Finale","Doppelganger+1"],"picked":"Night Terror+1","floor":16.0},{"not_picked":["Terror+1","Dagger Throw+1"],"picked":"Prepared+1","floor":18.0},{"not_picked":["Dagger Throw","Cloak And Dagger+1"],"picked":"Leg Sweep+1","floor":22.0},{"not_picked":["Sucker Punch","Dash"],"picked":"PiercingWail+1","floor":23.0},{"not_picked":["Dagger Spray","Escape Plan+1"],"picked":"Catalyst+1","floor":25.0},{"not_picked":["All Out Attack+1","Skewer+1"],"picked":"Acrobatics+1","floor":27.0},{"not_picked":["Blade Dance+1","Phantasmal Killer+1","Poisoned Stab+1"],"picked":"SKIP","floor":29.0},{"not_picked":["Terror+1","Flechettes+1","Quick Slash+1"],"picked":"SKIP","floor":31.0},{"not_picked":["Unload+1","Grand Finale+1"],"picked":"Doppelganger+1","floor":33.0},{"not_picked":["Acrobatics+1","Slice+1"],"picked":"Bouncing Flask+1","floor":35.0},{"not_picked":["Outmaneuver+1","Prepared+1","Poisoned Stab+1"],"picked":"SKIP","floor":37.0},{"not_picked":["Glass Knife+1","Bane+1"],"picked":"Footwork+1","floor":39.0},{"not_picked":["Glass Knife+1","Dagger Throw+1","Slice+1"],"picked":"SKIP","floor":40.0},{"not_picked":["Dodge and Roll+1","Slice+1"],"picked":"Acrobatics+1","floor":41.0},{"not_picked":["Outmaneuver+1","Bane+1","Crippling Poison+1"],"picked":"SKIP","floor":41.0},{"not_picked":["Quick Slash+1","Slice+1","Dodge and Roll+1"],"picked":"SKIP","floor":47.0},{"not_picked":["Outmaneuver+1","Sucker Punch+1","Dodge and Roll+1"],"picked":"SKIP","floor":47.0},{"not_picked":["Dagger Throw+1","Dash+1"],"picked":"Tools of the Trade+1","floor":48.0},{"not_picked":["Slice+1","Concentrate+1","Cloak And Dagger+1"],"picked":"SKIP","floor":48.0},{"not_picked":["Dodge and Roll+1","Calculated Gamble+1"],"picked":"Catalyst+1","floor":55.0}],"player_experience":2323288,"relics_obtained":[{"floor":7.0,"key":"Frozen Egg 2"},{"floor":9.0,"key":"Toxic Egg 2"},{"floor":14.0,"key":"Matryoshka"},{"floor":23.0,"key":"Tiny Chest"},{"floor":23.0,"key":"Bag of Marbles"},{"floor":26.0,"key":"Omamori"},{"floor":26.0,"key":"Molten Egg 2"},{"floor":27.0,"key":"FossilizedHelix"},{"floor":29.0,"key":"Smiling Mask"},{"floor":40.0,"key":"Prayer Wheel"},{"floor":43.0,"key":"Centennial Puzzle"},{"floor":55.0,"key":"Ninja Scroll"}],"event_choices":[{"damage_healed":0.0,"max_hp_gain":5.0,"max_hp_loss":0.0,"gold_gain":0.0,"event_name":"Big Fish","player_choice":"Donut","floor":4.0,"gold_loss":0.0,"damage_taken":0.0},{"damage_healed":0.0,"max_hp_gain":0.0,"max_hp_loss":0.0,"gold_gain":0.0,"event_name":"The Cleric","player_choice":"Leave","floor":5.0,"gold_loss":0.0,"damage_taken":0.0},{"damage_healed":0.0,"max_hp_gain":0.0,"max_hp_loss":0.0,"gold_gain":0.0,"event_name":"Scrap Ooze","player_choice":"Success","floor":12.0,"gold_loss":0.0,"damage_taken":18.0,"relics_obtained":["Regal Pillow"]},{"damage_healed":0.0,"max_hp_gain":0.0,"max_hp_loss":0.0,"gold_gain":0.0,"event_name":"Tomb of Lord Red Mask","player_choice":"Ignored","floor":42.0,"gold_loss":0.0,"damage_taken":0.0},{"cards_removed":["Leg Sweep"],"damage_healed":0.0,"max_hp_gain":0.0,"max_hp_loss":0.0,"gold_gain":0.0,"event_name":"WeMeetAgain","player_choice":"Gave Card","floor":46.0,"gold_loss":0.0,"damage_taken":0.0,"relics_obtained":["Sundial"]}],"is_beta":false,"boss_relics":[{"not_picked":["Fusion Hammer","Velvet Choker"],"picked":"Ring of the Serpent"},{"not_picked":["Tiny House","Ectoplasm"],"picked":"Cursed Key"}],"items_purged_floors":[2,28,36,45,54],"is_endless":false,"potions_floor_spawned":[1,7,8,16,22,25,27,31,35,39,41,48],"ascension_level":20}