{"gold_per_floor":[110,129,129,54,54,54,69,87,87,125,125,138,153,78,78,78],"floor_reached":16,"playtime":481,"items_purged":["Strike_G"],"score":204,"play_id":"61a6e7a5-0200-4999-8627-bbb1a4843e6b","local_time":"20181209223441","is_ascension_mode":true,"campfire_choices":[{"data":"Noxious Fumes","floor":11,"key":"SMITH"},{"data":"Prepared","floor":15,"key":"SMITH"}],"neow_cost":"NONE","seed_source_timestamp":13801581120664,"circlet_count":0,"master_deck":["AscendersBane","Defend_G","Defend_G","Defend_G+1","Defend_G","Defend_G","Strike_G+1","Strike_G","Survivor","Neutralize","Crippling Poison","Eviscerate","Noxious Fumes+1","Acrobatics","Reflex","Prepared+1"],"relics":["Coffee Dripper","Golden Idol","Bottled Tornado"],"potions_floor_usage":[12,12,16],"damage_taken":[{"damage":7,"enemies":"Jaw Worm","floor":1,"turns":5},{"damage":0,"enemies":"2 Louse","floor":2,"turns":5},{"damage":0,"enemies":"Small Slimes","floor":7,"turns":5},{"damage":0,"enemies":"Exordium Wildlife","floor":8,"turns":4},{"damage":24,"enemies":"3 Sentries","floor":10,"turns":11},{"damage":4,"enemies":"Exordium Thugs","floor":12,"turns":5},{"damage":3,"enemies":"Red Slaver","floor":13,"turns":4},{"damage":8,"enemies":"Hexaghost","floor":16,"turns":9}],"seed_played":"-5845096372068050041","potions_obtained":[{"floor":7,"key":"Strength Potion"},{"floor":8,"key":"GamblersBrew"},{"floor":10,"key":"Regen Potion"},{"floor":12,"key":"Fire Potion"},{"floor":13,"key":"Dexterity Potion"}],"is_trial":false,"path_per_floor":["M","M","?","$","?","?","M","M","T","E","R","M","M","?","R","B"],"character_chosen":"THE_SILENT","items_purchased":[],"campfire_rested":0,"item_purchase_floors":[],"current_hp_per_floor":[52,52,45,45,45,27,27,27,27,3,3,11,8,8,8,0],"gold":78,"neow_bonus":"BOSS_RELIC","is_prod":false,"is_daily":false,"chose_seed":false,"campfire_upgraded":2,"win_rate":0,"timestamp":1544366081,"path_taken":["M","M","?","$","?","?","M","M","T","E","R","M","M","?","R","BOSS"],"build_version":"2018-12-06","purchased_purges":1,"victory":false,"max_hp_per_floor":[66,66,66,66,60,60,60,60,60,60,60,60,60,60,60,60],"card_choices":[{"not_picked":["Slice","Bane","Dodge and Roll"],"picked":"SKIP","floor":1},{"not_picked":["Dodge and Roll","Outmaneuver"],"picked":"Crippling Poison","floor":2},{"not_picked":["Concentrate","Slice"],"picked":"Eviscerate","floor":7},{"not_picked":["Poisoned Stab","Well Laid Plans"],"picked":"Noxious Fumes","floor":8},{"not_picked":["Distraction","Accuracy"],"picked":"Acrobatics","floor":10},{"not_picked":["PiercingWail","Cloak And Dagger"],"picked":"Reflex","floor":12},{"not_picked":["Slice","Dodge and Roll"],"picked":"Prepared","floor":13}],"player_experience":1214257,"relics_obtained":[{"floor":10,"key":"Bottled Tornado"}],"event_choices":[{"cards_removed":["Strike_G"],"damage_healed":0,"gold_gain":0,"player_choice":"Card Removal","damage_taken":7,"max_hp_gain":0,"max_hp_loss":0,"event_name":"Golden Wing","floor":3,"gold_loss":0},{"damage_healed":0,"gold_gain":0,"player_choice":"Lose Max HP","damage_taken":0,"relics_obtained":["Golden Idol"],"max_hp_gain":0,"max_hp_loss":6,"event_name":"Golden Idol","floor":5,"gold_loss":0},{"damage_healed":0,"gold_gain":0,"player_choice":"Entered Light","damage_taken":18,"max_hp_gain":0,"max_hp_loss":0,"event_name":"Shining Light","floor":6,"gold_loss":0,"cards_upgraded":["Strike_G","Defend_G"]},{"cards_removed":["Strike_G"],"damage_healed":0,"gold_gain":0,"player_choice":"Card Removal","damage_taken":0,"max_hp_gain":0,"max_hp_loss":0,"event_name":"The Cleric","floor":14,"gold_loss":75}],"is_beta":true,"boss_relics":[],"items_purged_floors":[4],"is_endless":false,"potions_floor_spawned":[7,8,10,12,13],"killed_by":"Hexaghost","ascension_level":20}