{"gold_per_floor":[109,121,139,139,139,139,156,156,180,199,95,174,192,92,92,164,164,183,183,196,71,71,71,83,83,109,109,109,109,140,153,153,230,230,248,260,260,260,272,306,306,156,156,156,181,6,17,17,17,17,17],"floor_reached":52,"playtime":1711,"items_purged":["Strike_B","Defend_B","Defend_B","Defend_B","Defend_B"],"score":1926,"play_id":"b9f82d06-feb1-4c68-9b1b-56da173b9814","local_time":"20190119221835","is_ascension_mode":true,"campfire_choices":[{"data":"Dualcast","floor":6.0,"key":"SMITH"},{"data":"Zap","floor":8.0,"key":"SMITH"},{"data":"Hyperbeam","floor":15.0,"key":"SMITH"},{"data":"Coolheaded","floor":23.0,"key":"SMITH"},{"data":"Go for the Eyes","floor":25.0,"key":"SMITH"},{"data":"Steam Power","floor":29.0,"key":"SMITH"},{"data":"Reprogram","floor":32.0,"key":"SMITH"},{"data":"Beam Cell","floor":41,"key":"SMITH"},{"data":"Seek","floor":44,"key":"SMITH"},{"data":"FTL","floor":49,"key":"SMITH"}],"neow_cost":"NONE","seed_source_timestamp":26515704484325,"circlet_count":0,"master_deck":["AscendersBane","Zap+1","Dualcast+1","Gash","Gash","Genetic Algorithm","Coolheaded+1","Hyperbeam+1","Self Repair+1","All For One","Go for the Eyes+1","Steam Power+1","Steam Power+1","Reprogram+1","Beam Cell+1","FTL+1","Seek+1"],"special_seed":0,"relics":["Cracked Core","NeowsBlessing","Orichalcum","Pen Nib","Shuriken","Coffee Dripper","Strawberry","Torii","Runic Pyramid","Anchor","Symbiotic Virus","Vajra"],"potions_floor_usage":[51,51],"damage_taken":[{"damage":0.0,"enemies":"Small Slimes","floor":1.0,"turns":1.0},{"damage":0.0,"enemies":"Jaw Worm","floor":2.0,"turns":1.0},{"damage":0.0,"enemies":"2 Louse","floor":3.0,"turns":1.0},{"damage":6.0,"enemies":"Large Slime","floor":7.0,"turns":5.0},{"damage":12.0,"enemies":"Lots of Slimes","floor":10.0,"turns":4.0},{"damage":3.0,"enemies":"Blue Slaver","floor":13.0,"turns":3.0},{"damage":0.0,"enemies":"Slime Boss","floor":16.0,"turns":5.0},{"damage":0.0,"enemies":"2 Thieves","floor":18.0,"turns":1.0},{"damage":23.0,"enemies":"Shell Parasite","floor":20.0,"turns":4.0},{"damage":17.0,"enemies":"Colosseum Slavers","floor":22.0,"turns":2.0},{"damage":0.0,"enemies":"Sentry and Sphere","floor":24.0,"turns":2.0},{"damage":12.0,"enemies":"Gremlin Leader","floor":30.0,"turns":4.0},{"damage":15.0,"enemies":"Snake Plant","floor":31.0,"turns":3.0},{"damage":8.0,"enemies":"Automaton","floor":33.0,"turns":4.0},{"damage":0,"enemies":"3 Darklings","floor":35,"turns":1},{"damage":7,"enemies":"3 Shapes","floor":36,"turns":2},{"damage":11,"enemies":"Maw","floor":39,"turns":4},{"damage":0,"enemies":"Nemesis","floor":40,"turns":3},{"damage":0,"enemies":"Jaw Worm Horde","floor":47,"turns":2},{"damage":27,"enemies":"Time Eater","floor":50,"turns":3},{"damage":6,"enemies":"Awakened One","floor":51,"turns":4}],"seed_played":"-5042385754427224613","potions_obtained":[{"floor":1.0,"key":"Explosive Potion"},{"floor":7.0,"key":"Poison Potion"},{"floor":13.0,"key":"LiquidBronze"},{"floor":18.0,"key":"GamblersBrew"}],"is_trial":false,"path_per_floor":["M","M","M","?","T","R","M","R","T","M","$","T","M","$","R","B",null,"M","?","M","$","?","R","M","R","T","$","?","R","E","M","R","B",null,"M","M","?","?","M","E","R","$","T","R","T","$","M","?","R","B","B",null],"character_chosen":"DEFECT","items_purchased":["Coolheaded"],"campfire_rested":0,"item_purchase_floors":[11],"current_hp_per_floor":[64,64,64,57,57,57,51,51,51,39,39,39,36,36,36,36,62,62,62,49,49,32,32,42,42,49,49,78,78,76,71,71,73,77,77,78,78,78,77,78,78,78,78,78,78,78,78,74,74,57,51],"gold":17,"neow_bonus":"THREE_ENEMY_KILL","is_prod":false,"is_daily":false,"chose_seed":false,"campfire_upgraded":10,"win_rate":0,"timestamp":1547907515,"path_taken":["M","M","M","?","?","R","M","R","T","M","$","?","M","$","R","BOSS","M","?","M","$","?","R","M","R","T","$","?","R","E","M","R","BOSS","M","?","?","?","M","E","R","$","T","R","?","?","?","?","R","BOSS","BOSS"],"build_version":"2019-01-17v2","purchased_purges":5,"victory":true,"max_hp_per_floor":[71,71,71,71,71,71,71,71,71,71,71,71,71,71,71,71,71,71,71,71,71,71,71,71,71,78,78,78,78,78,78,78,78,78,78,78,78,78,78,78,78,78,78,78,78,78,78,74,74,74,74],"card_choices":[{"not_picked":["Static Discharge","Barrage"],"picked":"Gash","floor":1.0},{"not_picked":["Tempest","Leap"],"picked":"Gash","floor":2.0},{"not_picked":["Leap","Barrage"],"picked":"Machine Learning","floor":3.0},{"not_picked":["Ball Lightning","Compile Driver"],"picked":"Genetic Algorithm","floor":7.0},{"not_picked":["Cold Snap","Redo","Barrage"],"picked":"SKIP","floor":10.0},{"not_picked":["Hologram","Sweeping Beam"],"picked":"Hyperbeam","floor":13.0},{"not_picked":["Loop+1","Darkness+1"],"picked":"Self Repair+1","floor":18.0},{"not_picked":["Darkness","Ball Lightning+1"],"picked":"Go for the Eyes","floor":20.0},{"not_picked":["Leap+1","Scrape"],"picked":"Steam Power","floor":24.0},{"not_picked":["Rebound+1","Turbo"],"picked":"Steam Power+1","floor":30.0},{"not_picked":["Stack","Force Field"],"picked":"Reprogram","floor":31.0},{"not_picked":["Rebound+1","Hologram"],"picked":"Beam Cell","floor":35},{"not_picked":["Compile Driver","Stack","Steam"],"picked":"SKIP","floor":36},{"not_picked":["Rebound","Capacitor"],"picked":"FTL","floor":39},{"not_picked":["Double Energy","Cold Snap+1"],"picked":"Seek","floor":40},{"not_picked":["White Noise","Loop","Coolheaded"],"picked":"SKIP","floor":47}],"player_experience":2044262,"relics_obtained":[{"floor":5.0,"key":"Orichalcum"},{"floor":9.0,"key":"Pen Nib"},{"floor":12.0,"key":"Shuriken"},{"floor":26.0,"key":"Strawberry"},{"floor":30.0,"key":"Torii"},{"floor":40,"key":"Anchor"},{"floor":43,"key":"Symbiotic Virus"},{"floor":45,"key":"Vajra"}],"event_choices":[{"cards_removed":["Strike_B"],"damage_healed":0.0,"max_hp_gain":0.0,"max_hp_loss":0.0,"gold_gain":0.0,"event_name":"Golden Wing","player_choice":"Card Removal","floor":4.0,"gold_loss":0.0,"damage_taken":7.0},{"damage_healed":0.0,"max_hp_gain":0.0,"max_hp_loss":0.0,"gold_gain":0.0,"cards_transformed":["Strike_B","Strike_B"],"event_name":"Drug Dealer","player_choice":"Became Test Subject","floor":19.0,"gold_loss":0.0,"damage_taken":0.0,"cards_obtained":["All For One","Rip and Tear"]},{"damage_healed":0.0,"max_hp_gain":0.0,"max_hp_loss":0.0,"gold_gain":0.0,"event_name":"Colosseum","player_choice":"Fight","floor":22.0,"gold_loss":0.0,"damage_taken":0.0},{"damage_healed":0.0,"max_hp_gain":0.0,"max_hp_loss":0.0,"gold_gain":0.0,"event_name":"Colosseum","player_choice":"Fled From Nobs","floor":22.0,"gold_loss":0.0,"damage_taken":0.0},{"cards_removed":["Rip and Tear"],"damage_healed":29.0,"max_hp_gain":0.0,"max_hp_loss":0.0,"gold_gain":0.0,"event_name":"Bonfire Elementals","player_choice":"Offered Uncommon","floor":28.0,"gold_loss":0.0,"damage_taken":0.0},{"damage_healed":0,"gold_gain":0,"player_choice":"Ignored","damage_taken":0,"max_hp_gain":0,"max_hp_loss":0,"event_name":"Tomb of Lord Red Mask","floor":37,"gold_loss":0},{"cards_removed":["Machine Learning"],"damage_healed":0,"gold_gain":0,"player_choice":"Removed Power","damage_taken":0,"max_hp_gain":0,"max_hp_loss":0,"event_name":"Falling","floor":38,"gold_loss":0},{"damage_healed":0,"gold_gain":0,"player_choice":"Max HP","damage_taken":0,"max_hp_gain":0,"max_hp_loss":4,"event_name":"Winding Halls","floor":48,"gold_loss":0}],"is_beta":false,"boss_relics":[{"not_picked":["Black Star","Eternal Feather"],"picked":"Coffee Dripper"},{"not_picked":["Astrolabe","Tiny House"],"picked":"Runic Pyramid"}],"items_purged_floors":[11,14,21,42,46],"is_endless":false,"potions_floor_spawned":[1,7,13,18,22,24,33,36,40],"ascension_level":20}