{"gold_per_floor":[20,31,46,46,64,64,64,64,88,122,122,122,136,8,8,105,105,116,27,45,6,6,6,6,6,31,44,57,57,57,74,74,177,177,192,142,142,92,92,92,92,107,134,168,10,29,0,0,0,0,0,0,0,33,33],"floor_reached":56,"playtime":2226,"items_purged":["Strike_G","Strike_G","Strike_G","Forethought","Defend_G"],"score":1326,"play_id":"ca8c2b03-530f-46fd-a412-92c4da8f2a33","local_time":"20181206215720","is_ascension_mode":false,"campfire_choices":[{"data":"Noxious Fumes","floor":6.0,"key":"SMITH"},{"data":"Deadly Poison","floor":8.0,"key":"SMITH"},{"data":"Noxious Fumes","floor":15.0,"key":"SMITH"},{"data":"Footwork","floor":23.0,"key":"SMITH"},{"data":"Footwork","floor":25.0,"key":"SMITH"},{"data":"Catalyst","floor":30.0,"key":"SMITH"},{"data":"Footwork","floor":32.0,"key":"SMITH"},{"data":"Footwork","floor":40.0,"key":"SMITH"},{"floor":49.0,"key":"RECALL"},{"data":"Footwork","floor":52.0,"key":"SMITH"}],"neow_cost":"NO_GOLD","seed_source_timestamp":45078791163255,"circlet_count":0,"master_deck":["Defend_G","Defend_G","Defend_G","Defend_G+1","Survivor","Neutralize","Dark Shackles","Noxious Fumes+1","Deadly Poison+1","Noxious Fumes+1","Footwork+1","Wraith Form v2","Well Laid Plans+1","Footwork+1","Backflip","Footwork+1","Footwork+1","Catalyst+1","Footwork+1","Malaise","Well Laid Plans+1","Dodge and Roll","Footwork+1","Dodge and Roll","Noxious Fumes+1","Expertise"],"special_seed":0,"relics":["Ring of the Snake","Smiling Mask","Meat on the Bone","Runic Dome","Dream Catcher","Anchor","Sozu","CultistMask","Oddly Smooth Stone","Boot","Red Mask","Matryoshka"],"potions_floor_usage":[55,55,55],"damage_taken":[{"damage":0.0,"enemies":"Small Slimes","floor":1.0,"turns":3.0},{"damage":0.0,"enemies":"Jaw Worm","floor":2.0,"turns":5.0},{"damage":0.0,"enemies":"2 Louse","floor":3.0,"turns":3.0},{"damage":5.0,"enemies":"Large Slime","floor":5.0,"turns":6.0},{"damage":18.0,"enemies":"3 Sentries","floor":10.0,"turns":8.0},{"damage":0.0,"enemies":"3 Louse","floor":13.0,"turns":4.0},{"damage":13.0,"enemies":"The Guardian","floor":16.0,"turns":9.0},{"damage":0.0,"enemies":"Chosen","floor":18.0,"turns":5.0},{"damage":0.0,"enemies":"3 Byrds","floor":20.0,"turns":4.0},{"damage":0.0,"enemies":"Snake Plant","floor":27.0,"turns":5.0},{"damage":9.0,"enemies":"Chosen and Byrds","floor":28.0,"turns":5.0},{"damage":0.0,"enemies":"Shelled Parasite and Fungi","floor":31.0,"turns":5.0},{"damage":44.0,"enemies":"Collector","floor":33.0,"turns":7.0},{"damage":0.0,"enemies":"Orb Walker","floor":35.0,"turns":6.0},{"damage":0.0,"enemies":"3 Shapes","floor":42.0,"turns":6.0},{"damage":2.0,"enemies":"Nemesis","floor":44.0,"turns":9.0},{"damage":0.0,"enemies":"Transient","floor":46.0,"turns":5.0},{"damage":5.0,"enemies":"Awakened One","floor":50.0,"turns":16.0},{"damage":0.0,"enemies":"Shield and Spear","floor":54.0,"turns":8.0},{"damage":0,"enemies":"The Heart","floor":55,"turns":13}],"seed_played":"-6844907669233343261","potions_obtained":[{"floor":3.0,"key":"Dexterity Potion"},{"floor":10.0,"key":"SpeedPotion"},{"floor":13.0,"key":"Explosive Potion"},{"floor":20.0,"key":"EssenceOfSteel"}],"is_trial":false,"path_per_floor":["M","M","M","?","M","R","?","R","T","E","?","?","M","$","R","B",null,"M","$","M","$","?","R","?","R","T","M","M","?","R","M","R","B",null,"M","$","?","$","?","R","?","M","T","E","$","M","?","$","R","B",null,"R","$","E","B",null],"character_chosen":"THE_SILENT","items_purchased":["Footwork","Footwork","Footwork","Footwork","Dodge and Roll"],"campfire_rested":0,"item_purchase_floors":[14,19,21,45,45],"current_hp_per_floor":[70,70,70,63,58,58,44,44,44,26,26,26,38,38,38,37,70,70,70,70,70,70,70,70,70,70,70,61,61,61,61,61,29,70,70,70,70,70,70,70,70,70,70,68,68,68,68,68,68,63,70,70,70,70,70],"gold":33,"neow_bonus":"RANDOM_COLORLESS_2","is_prod":false,"is_daily":false,"chose_seed":false,"campfire_upgraded":9,"win_rate":0,"timestamp":1544104640,"path_taken":["M","M","M","?","M","R","?","R","T","E","?","?","M","$","R","BOSS","M","$","M","$","?","R","?","R","T","?","M","?","R","M","R","BOSS","M","$","?","$","?","R","?","?","T","E","?","M","?","?","R","BOSS","R","$","E","BOSS"],"build_version":"2018-11-15","purchased_purges":5,"victory":true,"max_hp_per_floor":[70,70,70,70,70,70,70,70,70,70,70,70,70,70,70,70,70,70,70,70,70,70,70,70,70,70,70,70,70,70,70,70,70,70,70,70,70,70,70,70,70,70,70,70,70,70,70,70,70,70,70,70,70,70,70],"card_choices":[{"not_picked":["Flying Knee","Dagger Throw","Calculated Gamble"],"picked":"SKIP","floor":1.0},{"not_picked":["Acrobatics","Poisoned Stab"],"picked":"Noxious Fumes","floor":2.0},{"not_picked":["Dodge and Roll","Flying Knee"],"picked":"Deadly Poison","floor":3.0},{"not_picked":["Heel Hook","Poisoned Stab","Envenom"],"picked":"SKIP","floor":5.0},{"not_picked":["Flechettes","Sucker Punch","Quick Slash"],"picked":"SKIP","floor":10.0},{"not_picked":["Crippling Poison","Backflip"],"picked":"Noxious Fumes","floor":13.0},{"not_picked":["Die Die Die","Venomology"],"picked":"Wraith Form v2","floor":16.0},{"not_picked":["Backstab","Outmaneuver"],"picked":"Well Laid Plans+1","floor":18.0},{"not_picked":["Backflip","Prepared+1","Poisoned Stab"],"picked":"SKIP","floor":20.0},{"not_picked":["Prepared+1","Poisoned Stab"],"picked":"Backflip","floor":20.0},{"not_picked":["Tactician+1","Predator"],"picked":"Catalyst","floor":27.0},{"not_picked":["Distraction","Dagger Throw","Prepared"],"picked":"SKIP","floor":28.0},{"not_picked":["Blade Dance","Underhanded Strike+1","Sucker Punch"],"picked":"SKIP","floor":31.0},{"not_picked":["Tools of the Trade","Die Die Die"],"picked":"Malaise","floor":33.0},{"not_picked":["Backstab+1","Dagger Spray","Flying Knee+1"],"picked":"SKIP","floor":35.0},{"not_picked":["Infinite Blades+1","Blur+1"],"picked":"Well Laid Plans+1","floor":42.0},{"not_picked":["Acrobatics","Quick Slash+1"],"picked":"Dodge and Roll","floor":44.0},{"not_picked":["Finisher","Deadly Poison"],"picked":"Noxious Fumes+1","floor":46.0},{"not_picked":["Caltrops","Calculated Gamble"],"picked":"Expertise","floor":54.0}],"player_experience":1173119,"relics_obtained":[{"floor":10.0,"key":"Meat on the Bone"},{"floor":26.0,"key":"Anchor"},{"floor":43.0,"key":"Oddly Smooth Stone"},{"floor":44.0,"key":"Boot"},{"floor":54.0,"key":"Matryoshka"}],"event_choices":[{"damage_healed":0.0,"max_hp_gain":0.0,"max_hp_loss":0.0,"gold_gain":0.0,"event_name":"Scrap Ooze","player_choice":"Success","floor":4.0,"gold_loss":0.0,"damage_taken":7.0,"relics_obtained":["Smiling Mask"]},{"damage_healed":0.0,"max_hp_gain":0.0,"max_hp_loss":0.0,"gold_gain":0.0,"event_name":"Shining Light","player_choice":"Entered Light","floor":7.0,"gold_loss":0.0,"damage_taken":14.0,"cards_upgraded":["Strike_G","Defend_G"]},{"damage_healed":0.0,"max_hp_gain":0.0,"max_hp_loss":0.0,"gold_gain":0.0,"event_name":"Liars Game","player_choice":"Ignored","floor":11.0,"gold_loss":0.0,"damage_taken":0.0},{"cards_removed":["Strike_G"],"damage_healed":0.0,"max_hp_gain":0.0,"max_hp_loss":0.0,"gold_gain":0.0,"event_name":"Living Wall","player_choice":"Forget","floor":12.0,"gold_loss":0.0,"damage_taken":0.0},{"damage_healed":0.0,"max_hp_gain":0.0,"max_hp_loss":0.0,"gold_gain":0.0,"event_name":"The Library","player_choice":"Read","floor":22.0,"gold_loss":0.0,"damage_taken":0.0,"cards_obtained":["Footwork"]},{"damage_healed":0.0,"max_hp_gain":0.0,"max_hp_loss":0.0,"gold_gain":0.0,"event_name":"The Mausoleum","player_choice":"Opened","floor":24.0,"gold_loss":0.0,"damage_taken":0.0,"relics_obtained":["Dream Catcher"]},{"damage_healed":0.0,"max_hp_gain":0.0,"max_hp_loss":0.0,"gold_gain":0.0,"event_name":"Duplicator","player_choice":"Copied","floor":29.0,"gold_loss":0.0,"damage_taken":0.0,"cards_obtained":["Footwork"]},{"cards_removed":["Strike_G"],"damage_healed":0.0,"max_hp_gain":0.0,"max_hp_loss":0.0,"gold_gain":0.0,"event_name":"Falling","player_choice":"Removed Attack","floor":37.0,"gold_loss":0.0,"damage_taken":0.0},{"damage_healed":0.0,"max_hp_gain":0.0,"max_hp_loss":0.0,"gold_gain":0.0,"event_name":"Mysterious Sphere","player_choice":"Ignored","floor":39.0,"gold_loss":0.0,"damage_taken":0.0},{"damage_healed":0.0,"max_hp_gain":0.0,"max_hp_loss":0.0,"gold_gain":0.0,"event_name":"FaceTrader","player_choice":"Trade","floor":41.0,"gold_loss":0.0,"damage_taken":0.0,"relics_obtained":["CultistMask"]},{"damage_healed":0.0,"max_hp_gain":0.0,"max_hp_loss":0.0,"gold_gain":0.0,"event_name":"Tomb of Lord Red Mask","player_choice":"Paid","floor":47.0,"gold_loss":29.0,"damage_taken":0.0,"relics_obtained":["Red Mask"]}],"is_beta":false,"boss_relics":[{"not_picked":["Empty Cage","Fusion Hammer"],"picked":"Runic Dome"},{"not_picked":["Snecko Eye","Astrolabe"],"picked":"Sozu"}],"items_purged_floors":[14,19,36,38,45],"is_endless":false,"potions_floor_spawned":[3,10,13,20,27,33,35,44,54],"ascension_level":0}