{"gold_per_floor":[117,134,209,26,26,55,67,98,110,138,75,75,75],"floor_reached":13,"playtime":187,"items_purged":["Strike_B"],"score":216,"play_id":"f1d9920f-4f0a-4817-b592-12db644fe2d6","local_time":"20181012161212","is_ascension_mode":true,"campfire_choices":[{"data":"Zap","floor":7,"key":"SMITH"},{"data":"Streamline","floor":12,"key":"SMITH"}],"neow_cost":"NONE","seed_source_timestamp":145783867181130,"circlet_count":0,"master_deck":["Strike_B","Strike_B","Strike_B","Defend_B","Defend_B","Defend_B","Defend_B+1","Zap+1","Dualcast+1","AscendersBane","Go for the Eyes","Streamline+1","Creative AI","Buffer"],"relics":["Cracked Core","NeowsBlessing","MawBank","Bottled Flame"],"potions_floor_usage":[13],"damage_taken":[{"damage":0,"enemies":"Cultist","floor":1,"turns":1},{"damage":0,"enemies":"Small Slimes","floor":2,"turns":1},{"damage":0,"enemies":"3 Sentries","floor":6,"turns":1},{"damage":7,"enemies":"2 Louse","floor":8,"turns":3},{"damage":7,"enemies":"Exordium Wildlife","floor":10,"turns":4},{"damage":32,"enemies":"Gremlin Nob","floor":13,"turns":3}],"seed_played":"-2923932543518534211","potions_obtained":[{"floor":8,"key":"FocusPotion"},{"floor":10,"key":"SpeedPotion"}],"is_trial":false,"path_per_floor":["M","M","?","$","?","E","R","M","T","M","$","R"],"character_chosen":"DEFECT","items_purchased":["Creative AI"],"campfire_rested":0,"item_purchase_floors":[4],"current_hp_per_floor":[64,64,53,53,32,32,32,25,25,18,18,18,0],"gold":75,"neow_bonus":"THREE_ENEMY_KILL","is_prod":false,"is_daily":false,"chose_seed":false,"campfire_upgraded":2,"win_rate":0,"timestamp":1539331932,"path_taken":["M","?","?","$","?","E","R","M","T","M","$","R","E"],"build_version":"2018-10-11","purchased_purges":1,"victory":false,"max_hp_per_floor":[71,71,71,71,71,71,71,71,71,71,71,71,71],"card_choices":[{"not_picked":["Compile Driver","Sunder"],"picked":"Go for the Eyes","floor":1},{"not_picked":["Static Discharge","Auto Shields"],"picked":"Streamline","floor":2},{"not_picked":["Rip and Tear","Fusion","Recycle"],"picked":"SKIP","floor":6},{"not_picked":["Coolheaded","Conserve Battery"],"picked":"Buffer","floor":8},{"not_picked":["Coolheaded","Recycle","Streamline"],"picked":"SKIP","floor":10}],"player_experience":312101,"relics_obtained":[{"floor":6,"key":"MawBank"},{"floor":9,"key":"Bottled Flame"}],"event_choices":[{"event_name":"World of Goop","player_choice":"Gather Gold","floor":3,"damage_taken":0},{"event_name":"Shining Light","player_choice":"Entered Light","floor":5,"damage_taken":0}],"is_beta":false,"boss_relics":[],"items_purged_floors":[11],"is_endless":false,"potions_floor_spawned":[8,10],"killed_by":"Gremlin Nob","ascension_level":20}