{"gold_per_floor":[110,260,143,143,162,87,87,104,177,188,200,200,200,100,100,174,174,192,67,167,184,99,114,114,114,183,33,33,83,103,113,113,185,185,197,248,73,90,0,0,0,0,0,18,49,49,61,92,92,92,92],"floor_reached":51,"playtime":1476,"items_purged":["Doubt","Strike_G","Riddle With Holes","All Out Attack","Flechettes"],"score":1361,"play_id":"ce772a11-4a3c-4a85-b7b1-b2110b48d8bb","local_time":"20190106132729","is_ascension_mode":true,"campfire_choices":[{"data":"Catalyst","floor":7.0,"key":"SMITH"},{"data":"Poisoned Stab","floor":13.0,"key":"SMITH"},{"data":"Neutralize","floor":15.0,"key":"SMITH"},{"floor":25.0,"key":"REST"},{"floor":28.0,"key":"REST"},{"floor":32.0,"key":"REST"},{"floor":40.0,"key":"RECALL"},{"floor":42.0,"key":"REST"},{"floor":46.0,"key":"REST"},{"floor":49.0,"key":"REST"}],"neow_cost":"NONE","seed_source_timestamp":6158422980100,"circlet_count":0,"master_deck":["AscendersBane","Survivor","Neutralize+1","Backstab","Catalyst+1","Acrobatics","Poisoned Stab+1","Corpse Explosion","Corpse Explosion","Adrenaline","Dagger Throw","Dash","Grand Finale","Catalyst+1","After Image","Acrobatics","Adrenaline","Acrobatics","Footwork","Catalyst+1","Acrobatics","Grand Finale","Backflip"],"special_seed":0,"relics":["Ring of the Snake","NeowsBlessing","Mummified Hand","Pandora\u0027s Box","The Specimen","Blue Candle","Art of War","Mercury Hourglass","Fusion Hammer","Tingsha","Red Mask","Letter Opener","Bronze Scales","Calipers"],"potions_floor_usage":[],"damage_taken":[{"damage":0.0,"enemies":"Jaw Worm","floor":1.0,"turns":1.0},{"damage":0.0,"enemies":"Small Slimes","floor":5.0,"turns":1.0},{"damage":0.0,"enemies":"2 Louse","floor":8.0,"turns":1.0},{"damage":22.0,"enemies":"Large Slime","floor":10.0,"turns":6.0},{"damage":0.0,"enemies":"Exordium Wildlife","floor":11.0,"turns":3.0},{"damage":14.0,"enemies":"The Guardian","floor":16.0,"turns":12.0},{"damage":12.0,"enemies":"Spheric Guardian","floor":18.0,"turns":5.0},{"damage":22.0,"enemies":"Colosseum Slavers","floor":20.0,"turns":4.0},{"damage":0.0,"enemies":"Colosseum Nobs","floor":20.0,"turns":2.0},{"damage":15.0,"enemies":"Shell Parasite","floor":21.0,"turns":2.0},{"damage":0.0,"enemies":"Sentry and Sphere","floor":23.0,"turns":1.0},{"damage":9.0,"enemies":"Centurion and Healer","floor":30.0,"turns":3.0},{"damage":14.0,"enemies":"Snake Plant","floor":31.0,"turns":2.0},{"damage":26.0,"enemies":"Collector","floor":33.0,"turns":4.0},{"damage":0.0,"enemies":"3 Darklings","floor":35.0,"turns":2.0},{"damage":0.0,"enemies":"2 Orb Walkers","floor":36.0,"turns":1.0},{"damage":0.0,"enemies":"3 Shapes","floor":38.0,"turns":1.0},{"damage":0.0,"enemies":"Maw","floor":44.0,"turns":2.0},{"damage":5.0,"enemies":"Giant Head","floor":45.0,"turns":3.0},{"damage":0.0,"enemies":"Transient","floor":47.0,"turns":5.0},{"damage":9.0,"enemies":"Reptomancer","floor":48.0,"turns":2.0},{"damage":17.0,"enemies":"Time Eater","floor":50.0,"turns":3.0},{"damage":50,"enemies":"Awakened One","floor":51,"turns":5}],"seed_played":"501251219449793066","potions_obtained":[{"floor":1.0,"key":"SkillPotion"},{"floor":10.0,"key":"PowerPotion"},{"floor":16.0,"key":"Ancient Potion"},{"floor":21.0,"key":"GamblersBrew"},{"floor":30.0,"key":"Weak Potion"},{"floor":33.0,"key":"GamblersBrew"}],"is_trial":false,"path_per_floor":["M","?","$","?","M","?","R","M","T","M","M","?","R","$","R","B",null,"M","$","?","M","?","M","?","R","T","$","R","?","M","M","R","B",null,"M","?","$","M","?","R","T","R","T","M","E","R","M","E","R","B","B"],"character_chosen":"THE_SILENT","items_purchased":["Catalyst"],"campfire_rested":6,"item_purchase_floors":[3],"current_hp_per_floor":[59,59,59,39,39,39,39,39,39,17,17,17,17,17,17,3,50,38,38,16,1,1,1,1,20,20,20,39,39,30,16,35,9,52,52,52,52,52,52,52,52,66,66,66,61,66,66,57,66,49,0],"gold":92,"neow_bonus":"THREE_ENEMY_KILL","is_prod":false,"is_daily":false,"chose_seed":false,"campfire_upgraded":3,"win_rate":0,"timestamp":1546752449,"path_taken":["M","?","$","?","M","?","R","M","T","M","M","?","R","$","R","BOSS","M","$","?","M","?","M","?","R","T","$","R","?","M","?","R","BOSS","M","?","$","M","?","R","?","R","T","?","E","R","?","E","R","BOSS","BOSS"],"build_version":"2019-01-03v4","purchased_purges":5,"victory":false,"max_hp_per_floor":[66,66,66,66,66,66,66,66,66,66,66,66,66,66,66,66,66,66,66,66,66,66,66,66,66,66,66,66,66,66,66,66,66,66,66,66,66,66,66,66,66,66,66,66,66,66,66,66,66,66,66],"card_choices":[{"not_picked":["Reflex","Eviscerate"],"picked":"Backstab","floor":1.0},{"not_picked":["Flying Knee","Bane"],"picked":"Acrobatics","floor":5.0},{"not_picked":["Predator","Concentrate"],"picked":"Poisoned Stab","floor":8.0},{"not_picked":["Phantasmal Killer","Finisher","Blade Dance"],"picked":"SKIP","floor":10.0},{"not_picked":["Flying Knee","Blur","Eviscerate"],"picked":"SKIP","floor":11.0},{"not_picked":["Burst","Storm of Steel"],"picked":"Corpse Explosion","floor":16.0},{"not_picked":["Bane","Backstab"],"picked":"Catalyst+1","floor":18.0},{"not_picked":["Quick Slash","Outmaneuver","Bane"],"picked":"SKIP","floor":21.0},{"not_picked":["Deflect","Masterful Stab","Crippling Poison"],"picked":"SKIP","floor":23.0},{"not_picked":["Blade Dance","Escape Plan+1"],"picked":"Acrobatics","floor":30.0},{"not_picked":["Riddle With Holes","Masterful Stab","Caltrops+1"],"picked":"SKIP","floor":31.0},{"not_picked":["Corpse Explosion","Storm of Steel"],"picked":"Adrenaline","floor":33.0},{"not_picked":["Slice","Poisoned Stab"],"picked":"Acrobatics","floor":35.0},{"not_picked":["Outmaneuver","Deflect"],"picked":"Footwork","floor":36.0},{"not_picked":["Blade Dance","Setup"],"picked":"Catalyst+1","floor":38.0},{"not_picked":["Caltrops","Slice+1"],"picked":"Acrobatics","floor":44.0},{"not_picked":["Dagger Spray","Flying Knee","Slice"],"picked":"SKIP","floor":45.0},{"not_picked":["Accuracy","Distraction+1"],"picked":"Grand Finale","floor":47.0},{"not_picked":["Quick Slash","Dagger Spray"],"picked":"Backflip","floor":48.0}],"player_experience":1772548,"relics_obtained":[{"floor":9.0,"key":"Mummified Hand"},{"floor":20.0,"key":"The Specimen"},{"floor":20.0,"key":"Blue Candle"},{"floor":26.0,"key":"Mercury Hourglass"},{"floor":36.0,"key":"Tingsha"},{"floor":43.0,"key":"Letter Opener"},{"floor":45.0,"key":"Bronze Scales"},{"floor":48.0,"key":"Calipers"}],"event_choices":[{"damage_healed":0.0,"max_hp_gain":0.0,"max_hp_loss":0.0,"gold_gain":150.0,"event_name":"Liars Game","player_choice":"AGREE","floor":2.0,"gold_loss":0.0,"damage_taken":0.0,"cards_obtained":["Doubt"]},{"damage_healed":0.0,"max_hp_gain":0.0,"max_hp_loss":0.0,"gold_gain":0.0,"event_name":"Shining Light","player_choice":"Entered Light","floor":4.0,"gold_loss":0.0,"damage_taken":20.0,"cards_upgraded":["Strike_G","Strike_G"]},{"cards_removed":["Strike_G"],"damage_healed":0.0,"max_hp_gain":0.0,"max_hp_loss":0.0,"gold_gain":0.0,"event_name":"The Cleric","player_choice":"Card Removal","floor":6.0,"gold_loss":75.0,"damage_taken":0.0},{"damage_healed":0.0,"max_hp_gain":0.0,"max_hp_loss":0.0,"gold_gain":0.0,"event_name":"Dead Adventurer","player_choice":"Searched \u00270\u0027 times","floor":12.0,"gold_loss":0.0,"damage_taken":0.0},{"damage_healed":0.0,"max_hp_gain":0.0,"max_hp_loss":0.0,"gold_gain":0.0,"event_name":"Colosseum","player_choice":"Fight","floor":20.0,"gold_loss":0.0,"damage_taken":0.0},{"damage_healed":0.0,"max_hp_gain":0.0,"max_hp_loss":0.0,"gold_gain":0.0,"event_name":"Colosseum","player_choice":"Fought Nobs","floor":20.0,"gold_loss":0.0,"damage_taken":0.0},{"damage_healed":0.0,"max_hp_gain":0.0,"max_hp_loss":0.0,"gold_gain":0.0,"event_name":"Addict","player_choice":"Obtained Relic","floor":22.0,"gold_loss":85.0,"damage_taken":0.0,"relics_obtained":["Art of War"]},{"damage_healed":0.0,"max_hp_gain":0.0,"max_hp_loss":0.0,"gold_gain":0.0,"event_name":"The Library","player_choice":"Read","floor":24.0,"gold_loss":0.0,"damage_taken":0.0,"cards_obtained":["After Image"]},{"damage_healed":0.0,"max_hp_gain":0.0,"max_hp_loss":0.0,"gold_gain":50.0,"event_name":"Golden Shrine","player_choice":"Pray","floor":29.0,"gold_loss":0.0,"damage_taken":0.0},{"damage_healed":0.0,"max_hp_gain":0.0,"max_hp_loss":0.0,"gold_gain":0.0,"event_name":"Mysterious Sphere","player_choice":"Fight","floor":36.0,"gold_loss":0.0,"damage_taken":0.0},{"damage_healed":0.0,"max_hp_gain":0.0,"max_hp_loss":0.0,"gold_gain":0.0,"event_name":"Tomb of Lord Red Mask","player_choice":"Paid","floor":39.0,"gold_loss":90.0,"damage_taken":0.0,"relics_obtained":["Red Mask"]}],"is_beta":false,"boss_relics":[{"not_picked":["Snecko Eye","Ectoplasm"],"picked":"Pandora\u0027s Box"},{"not_picked":["Eternal Feather","White Beast Statue"],"picked":"Fusion Hammer"}],"items_purged_floors":[3,14,19,27,37],"is_endless":false,"potions_floor_spawned":[1,10,16,20,21,30,33,36,38,47,48],"killed_by":"Awakened One","ascension_level":20}