{"gold_per_floor":[360,372,108,108,17,17,29,62,62,62,73,92,92,112,112,185,185,204,224,242,260,185,219,219,249,249,249,274,291,291,20,20,99,99,109,132,150,150,161,161,188,188,188,201,224,242,255,286,286,286,286],"floor_reached":51,"playtime":1884,"items_purged":["Strike_G","Strike_G"],"score":1488,"play_id":"04e10981-a0ca-4f1f-b00c-a3f77831a8f9","local_time":"20190218143739","is_ascension_mode":true,"campfire_choices":[{"data":"Well Laid Plans","floor":6.0,"key":"SMITH"},{"data":"Blade Dance","floor":10.0,"key":"SMITH"},{"data":"Neutralize","floor":13.0,"key":"SMITH"},{"data":"Cloak And Dagger","floor":15.0,"key":"SMITH"},{"floor":24.0,"key":"REST"},{"floor":27.0,"key":"REST"},{"floor":32.0,"key":"REST"},{"floor":40.0,"key":"RECALL"},{"floor":49.0,"key":"REST"}],"neow_cost":"TEN_PERCENT_HP_LOSS","seed_source_timestamp":21691421797843,"circlet_count":0,"master_deck":["AscendersBane","Defend_G","Defend_G","Defend_G","Defend_G","Defend_G","Strike_G","Strike_G","Strike_G","Survivor","Neutralize+1","Infinite Blades","Deadly Poison+1","Well Laid Plans+1","Blade Dance+1","Backstab","Storm of Steel","Finisher","Cloak And Dagger+1","Finisher","Footwork","Backstab","Terror","Night Terror","Cloak And Dagger+1","Expertise+1","Infinite Blades","Backstab+1","Cloak And Dagger","Endless Agony","Concentrate"],"special_seed":0,"relics":["Ring of the Snake","Shuriken","Incense Burner","Pocketwatch","Fusion Hammer","Gremlin Horn","Potion Belt","Vajra","Pantograph","Paper Crane","Omamori","Sozu","Blood Vial","Bag of Preparation","Art of War","Mummified Hand"],"potions_floor_usage":[],"damage_taken":[{"damage":0.0,"enemies":"2 Louse","floor":1.0,"turns":4.0},{"damage":1.0,"enemies":"Cultist","floor":2.0,"turns":4.0},{"damage":1.0,"enemies":"Jaw Worm","floor":7.0,"turns":3.0},{"damage":33.0,"enemies":"Gremlin Nob","floor":8.0,"turns":4.0},{"damage":0.0,"enemies":"Blue Slaver","floor":11.0,"turns":4.0},{"damage":0.0,"enemies":"Red Slaver","floor":12.0,"turns":3.0},{"damage":0.0,"enemies":"3 Louse","floor":14.0,"turns":1.0},{"damage":3.0,"enemies":"The Guardian","floor":16.0,"turns":9.0},{"damage":0.0,"enemies":"Chosen","floor":18.0,"turns":4.0},{"damage":0.0,"enemies":"Spheric Guardian","floor":19.0,"turns":4.0},{"damage":19.0,"enemies":"Shelled Parasite and Fungi","floor":20.0,"turns":4.0},{"damage":3.0,"enemies":"Centurion and Healer","floor":21.0,"turns":5.0},{"damage":20.0,"enemies":"Slavers","floor":23.0,"turns":6.0},{"damage":0.0,"enemies":"Gremlin Leader","floor":25.0,"turns":4.0},{"damage":17.0,"enemies":"Book of Stabbing","floor":28.0,"turns":4.0},{"damage":8.0,"enemies":"3 Cultists","floor":29.0,"turns":4.0},{"damage":35.0,"enemies":"Champ","floor":33.0,"turns":7.0},{"damage":2.0,"enemies":"3 Shapes","floor":35.0,"turns":5.0},{"damage":8.0,"enemies":"3 Darklings","floor":37.0,"turns":4.0},{"damage":1.0,"enemies":"Sphere and 2 Shapes","floor":39.0,"turns":3.0},{"damage":34.0,"enemies":"Reptomancer","floor":41.0,"turns":4.0},{"damage":0.0,"enemies":"Writhing Mass","floor":44.0,"turns":4.0},{"damage":0.0,"enemies":"3 Darklings","floor":46.0,"turns":4.0},{"damage":0.0,"enemies":"Transient","floor":47.0,"turns":6.0},{"damage":8.0,"enemies":"Nemesis","floor":48.0,"turns":3.0},{"damage":13.0,"enemies":"Awakened One","floor":50.0,"turns":6.0},{"damage":35,"enemies":"Time Eater","floor":51,"turns":4}],"seed_played":"-7875657947924794991","potions_obtained":[{"floor":1.0,"key":"EssenceOfSteel"},{"floor":7.0,"key":"Fire Potion"},{"floor":11.0,"key":"Block Potion"},{"floor":14.0,"key":"Fire Potion"},{"floor":21.0,"key":"Block Potion"},{"floor":23.0,"key":"AttackPotion"},{"floor":28.0,"key":"Strength Potion"},{"floor":33.0,"key":"PowerPotion"}],"is_trial":false,"path_per_floor":["M","M","$","?","$","R","M","E","T","R","M","M","R","M","R","B",null,"M","M","M","M","$","E","R","E","T","R","E","M","?","$","R","B",null,"M","T","M","?","M","R","E","?","T","M","T","M","M","E","R","B","B"],"character_chosen":"THE_SILENT","items_purchased":["Shuriken","Well Laid Plans","Explosive Potion","Omamori"],"campfire_rested":4,"item_purchase_floors":[3,5,5,31],"current_hp_per_floor":[59,58,58,58,58,58,57,24,24,24,24,24,24,24,24,21,50,50,50,31,28,28,8,26,26,26,44,27,19,19,19,37,25,51,49,49,43,43,44,44,12,12,12,14,14,16,18,12,29,43,22],"gold":286,"neow_bonus":"TWO_FIFTY_GOLD","is_prod":false,"is_daily":false,"chose_seed":false,"campfire_upgraded":4,"win_rate":0,"timestamp":1550471859,"path_taken":["M","M","$","?","?","R","M","E","T","R","M","?","R","M","R","BOSS","M","M","M","M","$","E","R","E","T","R","E","M","?","$","R","BOSS","M","?","M","?","M","R","E","?","T","M","?","?","M","E","R","BOSS","BOSS"],"build_version":"2019-01-23","purchased_purges":2,"victory":false,"max_hp_per_floor":[60,60,60,60,60,60,60,60,60,60,60,60,60,60,60,60,60,60,60,60,60,60,60,60,60,60,60,60,60,60,60,60,60,60,60,60,60,57,57,57,57,57,57,57,57,57,57,57,57,57,57],"card_choices":[{"not_picked":["Blade Dance","Dagger Spray"],"picked":"Infinite Blades","floor":1.0},{"not_picked":["Prepared","Dagger Throw"],"picked":"Deadly Poison","floor":2.0},{"not_picked":["Flying Knee","Underhanded Strike"],"picked":"Blade Dance","floor":7.0},{"not_picked":["Bane","Deadly Poison"],"picked":"Backstab","floor":8.0},{"not_picked":["Dagger Spray","Quick Slash"],"picked":"Storm of Steel","floor":11.0},{"not_picked":["Noxious Fumes","Dodge and Roll"],"picked":"Finisher","floor":12.0},{"not_picked":["Accuracy","Sucker Punch"],"picked":"Cloak And Dagger","floor":14.0},{"not_picked":["Die Die Die","Phantasmal Killer"],"picked":"Night Terror","floor":16.0},{"not_picked":["Quick Slash","Reflex","Blur"],"picked":"SKIP","floor":18.0},{"not_picked":["Predator","Leg Sweep","Blur"],"picked":"SKIP","floor":19.0},{"not_picked":["Terror","Outmaneuver","Slice"],"picked":"SKIP","floor":20.0},{"not_picked":["PiercingWail","Underhanded Strike","Dagger Spray"],"picked":"SKIP","floor":21.0},{"not_picked":["Dagger Throw","Cloak And Dagger"],"picked":"Finisher","floor":23.0},{"not_picked":["Dodge and Roll","Accuracy"],"picked":"Footwork","floor":25.0},{"not_picked":["Acrobatics","Predator"],"picked":"Backstab","floor":28.0},{"not_picked":["Terror","Slice","Quick Slash"],"picked":"SKIP","floor":29.0},{"not_picked":["Slice","Quick Slash"],"picked":"Terror","floor":29.0},{"not_picked":["Storm of Steel","Unload"],"picked":"Night Terror","floor":33.0},{"not_picked":["Dash","Bane"],"picked":"Cloak And Dagger+1","floor":35.0},{"not_picked":["Underhanded Strike+1","Caltrops+1"],"picked":"Expertise+1","floor":37.0},{"not_picked":["Reflex+1","Deadly Poison"],"picked":"Infinite Blades","floor":39.0},{"not_picked":["Slice","Calculated Gamble"],"picked":"Backstab+1","floor":41.0},{"not_picked":["Underhanded Strike+1","Dagger Throw+1","Dodge and Roll"],"picked":"SKIP","floor":44.0},{"not_picked":["Calculated Gamble","Masterful Stab+1"],"picked":"Cloak And Dagger","floor":46.0},{"not_picked":["Tactician+1","Quick Slash"],"picked":"Endless Agony","floor":47.0},{"not_picked":["Masterful Stab+1","Flying Knee"],"picked":"Concentrate","floor":48.0}],"player_experience":2903584,"relics_obtained":[{"floor":8.0,"key":"Incense Burner"},{"floor":9.0,"key":"Pocketwatch"},{"floor":23.0,"key":"Gremlin Horn"},{"floor":25.0,"key":"Potion Belt"},{"floor":26.0,"key":"Vajra"},{"floor":28.0,"key":"Pantograph"},{"floor":36.0,"key":"Blood Vial"},{"floor":41.0,"key":"Bag of Preparation"},{"floor":45.0,"key":"Art of War"},{"floor":48.0,"key":"Mummified Hand"}],"event_choices":[{"damage_healed":0.0,"max_hp_gain":0.0,"max_hp_loss":0.0,"gold_gain":0.0,"event_name":"Upgrade Shrine","player_choice":"Upgraded","floor":4.0,"gold_loss":0.0,"damage_taken":0.0,"cards_upgraded":["Deadly Poison"]},{"damage_healed":0.0,"max_hp_gain":0.0,"max_hp_loss":0.0,"gold_gain":0.0,"event_name":"WeMeetAgain","player_choice":"Gave Potion","floor":30.0,"gold_loss":0.0,"damage_taken":0.0,"relics_obtained":["Paper Crane"]},{"damage_healed":0.0,"max_hp_gain":0.0,"max_hp_loss":3.0,"gold_gain":0.0,"event_name":"Winding Halls","player_choice":"Max HP","floor":38.0,"gold_loss":0.0,"damage_taken":0.0},{"cards_removed":["Night Terror"],"damage_healed":0.0,"max_hp_gain":0.0,"max_hp_loss":0.0,"gold_gain":0.0,"event_name":"Falling","player_choice":"Removed Skill","floor":42.0,"gold_loss":0.0,"damage_taken":0.0}],"is_beta":false,"boss_relics":[{"not_picked":["White Beast Statue","HoveringKite"],"picked":"Fusion Hammer"},{"not_picked":["Velvet Choker","Astrolabe"],"picked":"Sozu"}],"items_purged_floors":[22,31],"is_endless":false,"potions_floor_spawned":[1,7,11,14,16,18,21,23,28,33,41,47,48],"killed_by":"Time Eater","ascension_level":20}