{"gold_per_floor":[367,379,231,243,243,277,288,388,414,414,414,437,387,462,462,582,582,607,706,729,745,455,490,490,138,138,151,151,151],"floor_reached":29,"playtime":1421,"items_purged":["Decay","Defend_B","Strike_B"],"score":243,"play_id":"50531cc7-8a59-4121-8571-b9d36c4cef2b","local_time":"20180701185624","is_ascension_mode":false,"campfire_choices":[{"data":"Fusion","floor":10,"key":"SMITH"},{"floor":15,"key":"REST"},{"floor":24,"key":"REST"},{"floor":28,"key":"REST"}],"neow_cost":"CURSE","seed_source_timestamp":13442150358291,"circlet_count":0,"master_deck":["Strike_B","Strike_B","Defend_B","Defend_B","Defend_B","Zap","Dualcast","Hello World","Defragment","Sunder","Fusion+1","Cold Snap","White Noise","Capacitor","Amplify","Ball Lightning+1","Leap+1","Master of Strategy","Hologram+1","Echo Form"],"relics":["Cracked Core","Juzu Bracelet","Oddly Smooth Stone","Golden Idol","Sozu","Lantern","Singing Bowl","Bottled Lightning"],"potions_floor_usage":[21,29],"damage_taken":[{"damage":2,"enemies":"2 Louse","floor":1,"turns":4},{"damage":6,"enemies":"Jaw Worm","floor":2,"turns":4},{"damage":17,"enemies":"Small Slimes","floor":4,"turns":3},{"damage":26,"enemies":"Lagavulin","floor":6,"turns":7},{"damage":9,"enemies":"Red Slaver","floor":7,"turns":3},{"damage":3,"enemies":"Blue Slaver","floor":12,"turns":4},{"damage":26,"enemies":"Hexaghost","floor":16,"turns":11},{"damage":19,"enemies":"Shell Parasite","floor":18,"turns":6},{"damage":0,"enemies":"3 Byrds","floor":20,"turns":4},{"damage":23,"enemies":"Centurion and Healer","floor":21,"turns":7},{"damage":25,"enemies":"Gremlin Leader","floor":23,"turns":7},{"damage":39,"enemies":"Slaver and Parasite","floor":27,"turns":5},{"damage":33,"enemies":"Slavers","floor":29,"turns":3}],"seed_played":"-1118791344505440307","potions_obtained":[{"floor":1,"key":"SteroidPotion"},{"floor":6,"key":"FocusPotion"}],"is_trial":false,"path_per_floor":["M","M","$","M","?","E","M","?","T","R","?","M","?","?","R","B",null,"M","?","M","M","$","E","R","$","T","M","R"],"character_chosen":"DEFECT","items_purchased":["Sunder","Master of Strategy","Echo Form","Singing Bowl"],"campfire_rested":3,"item_purchase_floors":[3,22,25,25],"current_hp_per_floor":[73,67,67,50,75,49,40,40,40,40,22,19,19,8,30,4,75,56,56,56,47,47,22,44,44,44,7,30,0],"gold":151,"neow_bonus":"TWO_FIFTY_GOLD","is_prod":false,"is_daily":false,"chose_seed":false,"campfire_upgraded":1,"win_rate":0,"timestamp":1530464184,"path_taken":["M","M","$","M","?","E","M","?","T","R","?","M","?","?","R","BOSS","M","?","M","M","$","E","R","$","T","M","R","E"],"build_version":"2018-06-28","purchased_purges":3,"victory":false,"max_hp_per_floor":[75,75,75,75,75,75,75,75,75,75,75,75,75,75,75,75,75,75,75,75,75,75,75,75,75,75,77,77,77],"card_choices":[{"not_picked":["Reprogram","Blizzard"],"picked":"Hello World","floor":1},{"not_picked":["Redo","Gash"],"picked":"Defragment","floor":2},{"not_picked":["Ball Lightning","Gash"],"picked":"Fusion","floor":4},{"not_picked":["Lockon","Amplify"],"picked":"Cold Snap","floor":6},{"not_picked":["Stack","Consume"],"picked":"White Noise","floor":7},{"not_picked":["Stack","Hologram"],"picked":"Capacitor","floor":12},{"not_picked":["Machine Learning","All For One"],"picked":"Amplify","floor":16},{"not_picked":["Heatsinks","Sweeping Beam","Beam Cell"],"picked":"SKIP","floor":18},{"not_picked":["Steam","Conserve Battery"],"picked":"Ball Lightning+1","floor":20},{"not_picked":["Redo","Steam"],"picked":"Leap+1","floor":21},{"not_picked":["Darkness","Sunder"],"picked":"Hologram+1","floor":23},{"not_picked":["Stack","Go for the Eyes","Ball Lightning"],"picked":"Singing Bowl","floor":27}],"player_experience":300711,"relics_obtained":[{"floor":6,"key":"Juzu Bracelet"},{"floor":9,"key":"Oddly Smooth Stone"},{"floor":23,"key":"Lantern"},{"floor":26,"key":"Bottled Lightning"}],"event_choices":[{"event_name":"Big Fish","player_choice":"Banana","floor":5,"damage_taken":0},{"event_name":"Golden Shrine","player_choice":"Pray","floor":8,"damage_taken":0},{"event_name":"Golden Idol","player_choice":"Take Damage","floor":11,"damage_taken":0},{"event_name":"The Cleric","player_choice":"Card Removal","floor":13,"damage_taken":0},{"event_name":"World of Goop","player_choice":"Gather Gold","floor":14,"damage_taken":0},{"event_name":"Nest","player_choice":"Stole From Cult","floor":19,"damage_taken":0}],"boss_relics":[{"not_picked":["Astrolabe","Velvet Choker"],"picked":"Sozu"}],"items_purged_floors":[3,22,25],"is_endless":false,"potions_floor_spawned":[1,6,20],"killed_by":"Slavers","ascension_level":0}