{"gold_per_floor":[14,14,33,33,44,74,92,92],"floor_reached":8,"playtime":276,"items_purged":[],"score":116,"play_id":"bd5dcff5-e954-4ec2-9c2b-8ccb2bad98a2","local_time":"20190131144443","is_ascension_mode":true,"campfire_choices":[],"neow_cost":"NO_GOLD","seed_source_timestamp":9688051008021,"circlet_count":0,"master_deck":["AscendersBane","Defend_G","Defend_G","Defend_G","Defend_G","Defend_G","Strike_G","Strike_G","Strike_G","Strike_G","Survivor","Neutralize","Grand Finale","Backflip","Acrobatics"],"relics":["Ring of the Snake","Boot"],"potions_floor_usage":[6,6,6],"damage_taken":[{"damage":1,"enemies":"2 Louse","floor":1,"turns":3},{"damage":6,"enemies":"Cultist","floor":3,"turns":5},{"damage":0,"enemies":"Small Slimes","floor":5,"turns":2},{"damage":31,"enemies":"Lagavulin","floor":6,"turns":9},{"damage":0,"enemies":"Blue Slaver","floor":7,"turns":2},{"damage":22,"enemies":"Gremlin Nob","floor":8,"turns":4}],"seed_played":"3672124288501453408","potions_obtained":[{"floor":3,"key":"Weak Potion"},{"floor":5,"key":"SkillPotion"},{"floor":6,"key":"Fruit Juice"},{"floor":7,"key":"SpeedPotion"}],"is_trial":false,"path_per_floor":["M","?","M","?","M","E","M","E"],"character_chosen":"THE_SILENT","items_purchased":[],"campfire_rested":0,"item_purchase_floors":[],"current_hp_per_floor":[58,58,52,52,52,26,26,4],"gold":92,"neow_bonus":"THREE_RARE_CARDS","is_prod":false,"is_daily":false,"chose_seed":false,"campfire_upgraded":0,"win_rate":0,"timestamp":1548917083,"path_taken":["M","?","M","?","M","E","?","E"],"build_version":"2019-01-23","purchased_purges":0,"victory":false,"max_hp_per_floor":[66,66,66,66,66,71,71,71],"card_choices":[{"not_picked":["Malaise","Burst"],"picked":"Grand Finale","floor":0},{"not_picked":["Dagger Throw","Choke","Concentrate"],"picked":"SKIP","floor":1},{"not_picked":["Cloak And Dagger","Reflex"],"picked":"Backflip","floor":3},{"not_picked":["PiercingWail","Calculated Gamble","Sucker Punch"],"picked":"SKIP","floor":5},{"not_picked":["Dagger Throw","Wraith Form v2"],"picked":"Acrobatics","floor":6},{"not_picked":["Dodge and Roll","Underhanded Strike","Dagger Spray"],"picked":"SKIP","floor":7}],"player_experience":1400009,"relics_obtained":[{"floor":6,"key":"Boot"}],"event_choices":[{"damage_healed":0,"gold_gain":0,"player_choice":"Ignored","damage_taken":0,"max_hp_gain":0,"max_hp_loss":0,"event_name":"Liars Game","floor":2,"gold_loss":0},{"cards_removed":["Strike_G"],"damage_healed":0,"gold_gain":0,"player_choice":"Card Removal","damage_taken":0,"max_hp_gain":0,"max_hp_loss":0,"event_name":"Wheel of Change","floor":4,"gold_loss":0}],"is_beta":true,"boss_relics":[],"items_purged_floors":[],"is_endless":false,"potions_floor_spawned":[3,5,6,7],"killed_by":"Gremlin Nob","ascension_level":20}