{"gold_per_floor":[368,14,28,40,40,40,50,50,50,50,75,150,10,25,25,130,130,141,169,169,183,183,183,207,70,93,104,104,116,129,144,144,242,242,259,277,277,97,116,116,135,135,183,183,60,75,87,105,105,105],"floor_reached":51,"playtime":1094,"items_purged":["Strike_R","Strike_R","Strike_R","Bash","Flex"],"score":726,"play_id":"56b4b95c-3a63-49c8-b846-0f7b364a08a3","local_time":"20190705142314","is_ascension_mode":false,"campfire_choices":[{"data":"Searing Blow","floor":6.0,"key":"SMITH"},{"data":"Searing Blow+1","floor":8.0,"key":"SMITH"},{"data":"Searing Blow+2","floor":10.0,"key":"SMITH"},{"data":"Searing Blow+3","floor":15.0,"key":"SMITH"},{"data":"Searing Blow+4","floor":23.0,"key":"SMITH"},{"data":"Searing Blow+5","floor":28.0,"key":"SMITH"},{"data":"Searing Blow+6","floor":32.0,"key":"SMITH"},{"data":"Searing Blow+7","floor":40,"key":"SMITH"},{"data":"Searing Blow+8","floor":42,"key":"SMITH"},{"data":"Searing Blow+9","floor":44,"key":"SMITH"},{"data":"Searing Blow+10","floor":49,"key":"SMITH"}],"neow_cost":"PERCENT_DAMAGE","seed_source_timestamp":11442234677847,"circlet_count":0,"master_deck":["Defend_R","Defend_R","Defend_R","Defend_R","Searing Blow+11","Battle Trance","Second Wind","Apotheosis","Apotheosis"],"special_seed":0,"relics":["Burning Blood","Membership Card","Ice Cream","Peace Pipe","Busted Crown","Red Mask","MutagenicStrength","Pen Nib","Bag of Preparation","Blood Vial","Philosopher\u0027s Stone","DollysMirror","Smiling Mask","Centennial Puzzle"],"potions_floor_usage":[50,50,50],"damage_taken":[{"damage":4.0,"enemies":"Jaw Worm","floor":1.0,"turns":5.0},{"damage":1.0,"enemies":"2 Louse","floor":3.0,"turns":2.0},{"damage":7.0,"enemies":"Small Slimes","floor":4.0,"turns":3.0},{"damage":4.0,"enemies":"3 Louse","floor":7.0,"turns":3.0},{"damage":17.0,"enemies":"3 Sentries","floor":11.0,"turns":8.0},{"damage":0.0,"enemies":"Looter","floor":14.0,"turns":2.0},{"damage":35.0,"enemies":"Slime Boss","floor":16.0,"turns":6.0},{"damage":0.0,"enemies":"Chosen","floor":18.0,"turns":3.0},{"damage":4.0,"enemies":"Masked Bandits","floor":19.0,"turns":3.0},{"damage":0.0,"enemies":"Spheric Guardian","floor":21.0,"turns":3.0},{"damage":6.0,"enemies":"Chosen and Byrds","floor":27.0,"turns":2.0},{"damage":0.0,"enemies":"3 Cultists","floor":29.0,"turns":3.0},{"damage":9.0,"enemies":"Centurion and Healer","floor":30.0,"turns":3.0},{"damage":0.0,"enemies":"Snecko","floor":31.0,"turns":1.0},{"damage":18.0,"enemies":"Champ","floor":33.0,"turns":4.0},{"damage":0,"enemies":"3 Darklings","floor":35,"turns":2},{"damage":0,"enemies":"Orb Walker","floor":36,"turns":2},{"damage":0,"enemies":"Jaw Worm Horde","floor":39,"turns":2},{"damage":0,"enemies":"Spire Growth","floor":41,"turns":2},{"damage":0,"enemies":"Maw","floor":46,"turns":3},{"damage":5,"enemies":"4 Shapes","floor":47,"turns":3},{"damage":0,"enemies":"Jaw Worm Horde","floor":48,"turns":2},{"damage":3,"enemies":"Donu and Deca","floor":50,"turns":2}],"seed_played":"2451305188105869621","potions_obtained":[{"floor":3.0,"key":"PowerPotion"},{"floor":4.0,"key":"AttackPotion"},{"floor":14.0,"key":"SkillPotion"}],"is_trial":false,"path_per_floor":["M","$","M","M","?","R","M","R","T","R","E","?","$","M","R","B",null,"M","?","?","M","?","R","T","$","T","M","R","M","M","M","R","B",null,"M","M","?","$","M","R","M","R","T","R","$","M","M","M","R","B",null],"character_chosen":"IRONCLAD","items_purchased":["Membership Card","Searing Blow","Battle Trance","Second Wind","Apotheosis","Bag of Preparation","DollysMirror","Centennial Puzzle"],"campfire_rested":0,"item_purchase_floors":[2,2,2,2,13,25,38,45],"current_hp_per_floor":[58,58,63,62,62,62,64,64,64,64,53,42,42,48,48,19,80,80,80,80,80,80,80,80,80,80,80,80,80,77,80,80,68,80,80,80,76,76,76,76,76,76,76,76,76,76,76,76,76,76],"gold":105,"neow_bonus":"TWO_FIFTY_GOLD","is_prod":false,"is_daily":false,"chose_seed":false,"campfire_upgraded":11,"win_rate":0,"timestamp":1562307794,"path_taken":["M","$","M","M","?","R","M","R","T","R","E","?","$","M","R","BOSS","M","?","?","M","?","R","?","$","T","M","R","M","?","M","R","BOSS","M","M","?","$","M","R","M","R","T","R","$","M","M","M","R","BOSS"],"build_version":"2019-07-01","purchased_purges":5,"victory":true,"max_hp_per_floor":[80,80,80,80,80,80,80,80,80,80,80,80,80,80,80,80,80,80,80,80,80,80,80,80,80,80,80,80,80,80,80,80,80,80,80,80,76,76,76,76,76,76,76,76,76,76,76,76,76,76],"card_choices":[{"not_picked":["Body Slam","Headbutt"],"picked":"Flex","floor":1.0},{"not_picked":["Pommel Strike","Clash","Corruption"],"picked":"SKIP","floor":3.0},{"not_picked":["Bloodletting","Entrench","Cleave"],"picked":"SKIP","floor":4.0},{"not_picked":["Sever Soul","Seeing Red","Armaments"],"picked":"SKIP","floor":7.0},{"not_picked":["Dropkick","Intimidate","Bloodletting"],"picked":"SKIP","floor":11.0},{"not_picked":["Warcry","Intimidate","Perfected Strike"],"picked":"SKIP","floor":14.0},{"not_picked":["Feel No Pain"],"picked":"SKIP","floor":18.0},{"not_picked":["Shrug It Off"],"picked":"SKIP","floor":21.0},{"not_picked":["Havoc"],"picked":"SKIP","floor":27.0},{"not_picked":["Intimidate"],"picked":"SKIP","floor":29.0},{"not_picked":["Body Slam+1"],"picked":"SKIP","floor":30.0},{"not_picked":["Clothesline"],"picked":"SKIP","floor":31.0},{"not_picked":["Sentinel"],"picked":"SKIP","floor":35},{"not_picked":["Infernal Blade+1"],"picked":"SKIP","floor":36},{"not_picked":["Sentinel"],"picked":"SKIP","floor":39},{"not_picked":["Bloodletting"],"picked":"SKIP","floor":41},{"not_picked":["Ghostly Armor+1"],"picked":"SKIP","floor":46},{"not_picked":["Iron Wave"],"picked":"SKIP","floor":47},{"not_picked":["Warcry"],"picked":"SKIP","floor":48}],"player_experience":5688337,"relics_obtained":[{"floor":9.0,"key":"Ice Cream"},{"floor":11.0,"key":"Peace Pipe"},{"floor":19.0,"key":"Red Mask"},{"floor":24.0,"key":"Pen Nib"},{"floor":26.0,"key":"Blood Vial"},{"floor":43,"key":"Smiling Mask"}],"event_choices":[{"cards_removed":["Strike_R"],"damage_healed":0.0,"max_hp_gain":0.0,"max_hp_loss":0.0,"gold_gain":0.0,"event_name":"Living Wall","player_choice":"Forget","floor":5.0,"gold_loss":0.0,"damage_taken":0.0},{"damage_healed":0.0,"max_hp_gain":0.0,"max_hp_loss":0.0,"gold_gain":75.0,"event_name":"World of Goop","player_choice":"Gather Gold","floor":12.0,"gold_loss":0.0,"damage_taken":11.0},{"damage_healed":0.0,"max_hp_gain":0.0,"max_hp_loss":0.0,"gold_gain":0.0,"event_name":"Masked Bandits","player_choice":"Fought Bandits","floor":19.0,"gold_loss":0.0,"damage_taken":0.0},{"cards_removed":["Strike_R"],"damage_healed":0.0,"max_hp_gain":0.0,"max_hp_loss":0.0,"gold_gain":0.0,"event_name":"Back to Basics","player_choice":"Elegance","floor":20.0,"gold_loss":0.0,"damage_taken":0.0},{"damage_healed":0.0,"max_hp_gain":0.0,"max_hp_loss":0.0,"gold_gain":0.0,"event_name":"Drug Dealer","player_choice":"Inject Mutagens","floor":22.0,"gold_loss":0.0,"damage_taken":0.0,"relics_obtained":["MutagenicStrength"]},{"damage_healed":0,"gold_gain":0,"player_choice":"Max HP","damage_taken":0,"max_hp_gain":0,"max_hp_loss":4,"event_name":"Winding Halls","floor":37,"gold_loss":0}],"is_beta":false,"boss_relics":[{"not_picked":["Snecko Eye","Pandora\u0027s Box"],"picked":"Busted Crown"},{"not_picked":["Black Blood","Astrolabe"],"picked":"Philosopher\u0027s Stone"}],"items_purged_floors":[2,13,25,38,45],"is_endless":false,"potions_floor_spawned":[3,4,14,18,21,31,35,36,46,47],"ascension_level":0}