{"gold_per_floor":[109,109,109,109,119,149,149,179,191,218,241,253,291,303,315,405,417,439,451,476,498,528,571,583,595],"floor_reached":25,"playtime":652,"items_purged":[],"score":512,"play_id":"5bdb7592-45d5-4e78-a7ea-d6bebabcc3f1","local_time":"20190605172508","is_ascension_mode":true,"campfire_choices":[{"data":"Electrodynamics","floor":7.0,"key":"SMITH"},{"data":"Coolheaded","floor":12.0,"key":"SMITH"},{"data":"Heatsinks","floor":15.0,"key":"SMITH"},{"data":"Turbo","floor":24.0,"key":"SMITH"}],"neow_cost":"TEN_PERCENT_HP_LOSS","seed_source_timestamp":0,"circlet_count":0,"master_deck":["AscendersBane","Zap","Dualcast+1","Electrodynamics+1","Auto Shields","Melter","Coolheaded+1","Chill","Hello World","Turbo+1","Cold Snap","Heatsinks+1","Amplify","Consume","Go for the Eyes","Capacitor","Beam Cell","Creative AI","Recycle","Coolheaded","Hologram","Coolheaded"],"special_seed":0,"relics":["Cracked Core","Bottled Tornado","MawBank","Happy Flower","Odd Mushroom","Bag of Preparation","Nloth\u0027s Gift","Regal Pillow"],"potions_floor_usage":[],"damage_taken":[{"damage":2.0,"enemies":"2 Louse","floor":1.0,"turns":2.0},{"damage":0.0,"enemies":"Small Slimes","floor":5.0,"turns":2.0},{"damage":25.0,"enemies":"Lagavulin","floor":6.0,"turns":7.0},{"damage":0.0,"enemies":"3 Sentries","floor":8.0,"turns":2.0},{"damage":0.0,"enemies":"Cultist","floor":10.0,"turns":2.0},{"damage":1.0,"enemies":"Blue Slaver","floor":11.0,"turns":2.0},{"damage":0.0,"enemies":"The Mushroom Lair","floor":13.0,"turns":1.0},{"damage":12.0,"enemies":"Slime Boss","floor":16.0,"turns":9.0},{"damage":0.0,"enemies":"Shell Parasite","floor":18.0,"turns":5.0},{"damage":29.0,"enemies":"2 Thieves","floor":20.0,"turns":3.0},{"damage":7.0,"enemies":"Cultist and Chosen","floor":21.0,"turns":5.0},{"damage":0.0,"enemies":"3 Cultists","floor":22.0,"turns":2.0},{"damage":5.0,"enemies":"Gremlin Leader","floor":23.0,"turns":7.0},{"damage":0,"enemies":"Book of Stabbing","floor":25,"turns":1}],"seed_played":"-3793665651735558286","potions_obtained":[{"floor":1.0,"key":"FairyPotion"},{"floor":10.0,"key":"GamblersBrew"},{"floor":16.0,"key":"Regen Potion"},{"floor":21.0,"key":"Block Potion"},{"floor":23.0,"key":"EssenceOfSteel"}],"is_trial":false,"path_per_floor":["M","?","?","?","M","E","R","E","T","M","M","R","?","?","R","B",null,"M","?","M","M","M","E","R","E"],"character_chosen":"DEFECT","items_purchased":[],"campfire_rested":0,"item_purchase_floors":[],"current_hp_per_floor":[62,62,43,43,43,18,18,18,18,18,17,17,17,6,6,6,50,50,50,21,28,28,23,23,23],"gold":595,"neow_bonus":"TRANSFORM_TWO_CARDS","is_prod":false,"is_daily":false,"chose_seed":false,"campfire_upgraded":4,"win_rate":0,"timestamp":1559723108,"path_taken":["M","?","?","?","?","E","R","E","T","M","M","R","?","?","R","BOSS","M","?","M","M","M","E","R","E"],"build_version":"2019-01-23","purchased_purges":0,"victory":false,"max_hp_per_floor":[64,64,64,64,64,64,64,64,64,64,64,64,64,64,64,64,64,64,64,64,64,64,64,64,64],"card_choices":[{"not_picked":["Reprogram","Barrage"],"picked":"Melter","floor":1.0},{"not_picked":["Conserve Battery","Sweeping Beam"],"picked":"Coolheaded","floor":5.0},{"not_picked":["Barrage","Hello World"],"picked":"Chill","floor":6.0},{"not_picked":["Stack","Steam"],"picked":"Hello World","floor":8.0},{"not_picked":["Compile Driver","Capacitor"],"picked":"Turbo","floor":10.0},{"not_picked":["Redo","Stack"],"picked":"Cold Snap","floor":11.0},{"not_picked":["Redo","Steam Power"],"picked":"Heatsinks","floor":13.0},{"not_picked":["Reboot","Hyperbeam"],"picked":"Amplify","floor":16.0},{"not_picked":["Stack","Auto Shields"],"picked":"Recycle","floor":18.0},{"not_picked":["Darkness","Chaos"],"picked":"Coolheaded","floor":20.0},{"not_picked":["Rip and Tear","Sweeping Beam"],"picked":"Hologram","floor":21.0},{"not_picked":["Leap","Meteor Strike"],"picked":"Coolheaded","floor":22.0},{"not_picked":["Stack","Creative AI","Compile Driver"],"picked":"SKIP","floor":23.0}],"player_experience":551961,"relics_obtained":[{"floor":6.0,"key":"Bottled Tornado"},{"floor":8.0,"key":"MawBank"},{"floor":9.0,"key":"Happy Flower"},{"floor":13.0,"key":"Odd Mushroom"},{"floor":23.0,"key":"Regal Pillow"}],"event_choices":[{"damage_healed":0.0,"max_hp_gain":0.0,"max_hp_loss":0.0,"gold_gain":0.0,"event_name":"Liars Game","player_choice":"Ignored","floor":2.0,"gold_loss":0.0,"damage_taken":0.0},{"damage_healed":0.0,"max_hp_gain":0.0,"max_hp_loss":0.0,"gold_gain":0.0,"event_name":"Shining Light","player_choice":"Entered Light","floor":3.0,"gold_loss":0.0,"damage_taken":19.0,"cards_upgraded":["Strike_B","Dualcast"]},{"cards_removed":["Strike_B"],"damage_healed":0.0,"max_hp_gain":0.0,"max_hp_loss":0.0,"gold_gain":0.0,"event_name":"Purifier","player_choice":"Purged","floor":4.0,"gold_loss":0.0,"damage_taken":0.0},{"damage_healed":0.0,"max_hp_gain":0.0,"max_hp_loss":0.0,"gold_gain":0.0,"event_name":"Mushrooms","player_choice":"Fought Mushrooms","floor":13.0,"gold_loss":0.0,"damage_taken":0.0},{"damage_healed":0.0,"max_hp_gain":0.0,"max_hp_loss":0.0,"gold_gain":0.0,"event_name":"Scrap Ooze","player_choice":"Success","floor":14.0,"gold_loss":0.0,"damage_taken":11.0,"relics_obtained":["Bag of Preparation"]},{"damage_healed":0.0,"max_hp_gain":0.0,"max_hp_loss":0.0,"gold_gain":0.0,"event_name":"N\u0027loth","player_choice":"Traded Relic","floor":19.0,"relics_lost":["Pandora\u0027s Box"],"gold_loss":0.0,"damage_taken":0.0,"relics_obtained":["Nloth\u0027s Gift"]}],"is_beta":false,"boss_relics":[{"not_picked":["Lizard Tail","Tiny House"],"picked":"Pandora\u0027s Box"}],"items_purged_floors":[],"is_endless":false,"potions_floor_spawned":[1,10,11,16,21,23],"killed_by":"Book of Stabbing","ascension_level":20}