{"gold_per_floor":[113,127,31,31,41,41,71,71,121,196,196],"floor_reached":11,"playtime":192,"items_purged":[],"score":142,"play_id":"9f3369d4-6678-4589-bb9d-6129169260e9","local_time":"20190223205917","is_ascension_mode":true,"campfire_choices":[{"data":"Sunder","floor":6,"key":"SMITH"}],"neow_cost":"TEN_PERCENT_HP_LOSS","seed_source_timestamp":522466289984555,"circlet_count":0,"master_deck":["AscendersBane","Strike_B","Strike_B","Strike_B","Defend_B","Defend_B","Defend_B","Zap","Dualcast","Conserve Battery","Compile Driver","Coolheaded","Melter","Sunder+1","Self Repair"],"relics":["Cracked Core","Omamori","Vajra","Smiling Mask"],"potions_floor_usage":[],"damage_taken":[{"damage":18,"enemies":"Small Slimes","floor":1,"turns":3},{"damage":4,"enemies":"2 Louse","floor":2,"turns":3},{"damage":5,"enemies":"Jaw Worm","floor":5,"turns":3},{"damage":13,"enemies":"Lagavulin","floor":7,"turns":8},{"damage":0,"enemies":"Exordium Wildlife","floor":11,"turns":1}],"seed_played":"-1476742716394349410","potions_obtained":[{"floor":1,"key":"SteroidPotion"},{"floor":5,"key":"EssenceOfSteel"}],"is_trial":false,"path_per_floor":["M","M","$","?","M","R","E","?","T","?","M"],"character_chosen":"DEFECT","items_purchased":["Coolheaded","Melter"],"campfire_rested":0,"item_purchase_floors":[3,3],"current_hp_per_floor":[46,42,42,42,37,37,24,13,13,2,2],"gold":196,"neow_bonus":"REMOVE_TWO","is_prod":false,"is_daily":false,"chose_seed":false,"campfire_upgraded":1,"win_rate":0,"timestamp":1550926757,"path_taken":["M","M","$","?","M","R","E","?","T","?","M"],"build_version":"2019-01-23","purchased_purges":0,"victory":false,"max_hp_per_floor":[64,64,64,64,64,64,64,64,64,64,64],"card_choices":[{"not_picked":["Lockon","Stack"],"picked":"Conserve Battery","floor":1},{"not_picked":["Genetic Algorithm","Steam"],"picked":"Compile Driver","floor":2},{"not_picked":["Turbo","Self Repair"],"picked":"Sunder","floor":5},{"not_picked":["White Noise","Stack"],"picked":"Self Repair","floor":7}],"player_experience":946496,"relics_obtained":[{"floor":7,"key":"Omamori"},{"floor":9,"key":"Smiling Mask"}],"event_choices":[{"damage_healed":0,"gold_gain":0,"player_choice":"Ignored","damage_taken":0,"max_hp_gain":0,"max_hp_loss":0,"event_name":"Liars Game","floor":4,"gold_loss":0},{"damage_healed":0,"gold_gain":0,"player_choice":"Success","damage_taken":11,"relics_obtained":["Vajra"],"max_hp_gain":0,"max_hp_loss":0,"event_name":"Scrap Ooze","floor":8,"gold_loss":0},{"damage_healed":0,"gold_gain":75,"player_choice":"Gather Gold","damage_taken":11,"max_hp_gain":0,"max_hp_loss":0,"event_name":"World of Goop","floor":10,"gold_loss":0}],"is_beta":false,"boss_relics":[],"items_purged_floors":[],"is_endless":false,"potions_floor_spawned":[1,5],"killed_by":"Exordium Wildlife","ascension_level":20}