{"gold_per_floor":[365,375,216,216,235,235,253,253,253,265,265,265],"floor_reached":12,"playtime":295,"items_purged":["Strike_G"],"score":140,"play_id":"5b2764c4-431a-48c8-98d0-b50ae5355b16","local_time":"20190410234654","is_ascension_mode":true,"campfire_choices":[{"data":"Noxious Fumes","floor":6.0,"key":"SMITH"},{"data":"Accuracy","floor":8,"key":"SMITH"},{"data":"Noxious Fumes","floor":11,"key":"SMITH"}],"neow_cost":"TEN_PERCENT_HP_LOSS","seed_source_timestamp":70050958429775,"circlet_count":0,"master_deck":["AscendersBane","Defend_G","Defend_G","Defend_G","Defend_G","Defend_G","Strike_G","Strike_G","Strike_G","Strike_G","Survivor","Neutralize","Infinite Blades","Tactician","Noxious Fumes+1","Storm of Steel","Accuracy+1","Noxious Fumes+1","Backflip"],"special_seed":0,"relics":["Ring of the Snake","Vajra"],"potions_floor_usage":[7],"damage_taken":[{"damage":1.0,"enemies":"Jaw Worm","floor":1.0,"turns":4.0},{"damage":0.0,"enemies":"Cultist","floor":2.0,"turns":4.0},{"damage":3.0,"enemies":"Small Slimes","floor":5.0,"turns":4.0},{"damage":9,"enemies":"2 Fungi Beasts","floor":7,"turns":3},{"damage":11,"enemies":"Looter","floor":10,"turns":4},{"damage":49,"enemies":"Gremlin Nob","floor":12,"turns":4}],"seed_played":"2097321729054454872","potions_obtained":[{"floor":1.0,"key":"Poison Potion"},{"floor":2.0,"key":"EssenceOfSteel"}],"is_trial":false,"path_per_floor":["M","M","$","?","M","R","M","R","T","M","R","E"],"character_chosen":"THE_SILENT","items_purchased":["Noxious Fumes"],"campfire_rested":0,"item_purchase_floors":[3],"current_hp_per_floor":[58,58,58,58,55,55,46,46,46,35,35,0],"gold":265,"neow_bonus":"TWO_FIFTY_GOLD","is_prod":false,"is_daily":false,"chose_seed":false,"campfire_upgraded":3,"win_rate":0,"timestamp":1554911214,"path_taken":["M","M","$","?","M","R","M","R","T","?","R","E"],"build_version":"2019-01-23","purchased_purges":1,"victory":false,"max_hp_per_floor":[60,60,60,60,60,60,60,60,60,60,60,60],"card_choices":[{"not_picked":["Bane","Backstab"],"picked":"Infinite Blades","floor":1.0},{"not_picked":["Flying Knee","Dagger Throw"],"picked":"Tactician","floor":2.0},{"not_picked":["Backstab","Acrobatics"],"picked":"Accuracy","floor":5.0},{"not_picked":["Dodge and Roll","Bouncing Flask"],"picked":"Noxious Fumes","floor":7},{"not_picked":["All Out Attack","Riddle With Holes"],"picked":"Backflip","floor":10}],"player_experience":4222945,"relics_obtained":[{"floor":9,"key":"Vajra"}],"event_choices":[{"damage_healed":0.0,"max_hp_gain":0.0,"max_hp_loss":0.0,"gold_gain":0.0,"event_name":"Match and Keep!","player_choice":"1 cards matched","floor":4.0,"gold_loss":0.0,"damage_taken":0.0,"cards_obtained":["Storm of Steel"]}],"is_beta":false,"boss_relics":[],"items_purged_floors":[3],"is_endless":false,"potions_floor_spawned":[1,2],"killed_by":"Gremlin Nob","ascension_level":20}