{"gold_per_floor":[363,363,363,374,75,91,91,110,137,163,35,49,61,87,87,163,163,177,194,194,244,244],"floor_reached":22,"playtime":1520,"items_purged":["Pain","Strike_B"],"score":392,"play_id":"821e0b8f-0bf3-4a11-a226-03ce8fe95269","local_time":"20190203202408","is_ascension_mode":true,"campfire_choices":[{"data":"Zap","floor":7,"key":"SMITH"},{"data":"Anger","floor":15,"key":"SMITH"}],"neow_cost":"PERCENT_DAMAGE","seed_source_timestamp":32924920861436,"circlet_count":0,"master_deck":["AscendersBane","Defend_B","Defend_B","Defend_B","Defend_B","Zap+1","Dualcast","Consume","Shrug It Off","Anger+1","Glacier","Beam Cell","Impatience","Grand Finale","Acrobatics+1","Decay"],"relics":["Cracked Core","WarpedTongs","PrismaticShard","Blood Vial","Orichalcum","Smiling Mask","Empty Cage"],"potions_floor_usage":[10,16,16,18],"damage_taken":[{"damage":1,"enemies":"Cultist","floor":1,"turns":3},{"damage":5,"enemies":"2 Louse","floor":4,"turns":3},{"damage":0,"enemies":"Jaw Worm","floor":6,"turns":4},{"damage":7,"enemies":"Large Slime","floor":8,"turns":5},{"damage":5,"enemies":"Lagavulin","floor":10,"turns":7},{"damage":2,"enemies":"2 Fungi Beasts","floor":12,"turns":4},{"damage":5,"enemies":"3 Louse","floor":13,"turns":4},{"damage":6,"enemies":"3 Sentries","floor":14,"turns":9},{"damage":4,"enemies":"Hexaghost","floor":16,"turns":12},{"damage":14,"enemies":"Chosen","floor":18,"turns":7},{"damage":12,"enemies":"2 Thieves","floor":19,"turns":4},{"damage":47,"enemies":"Chosen and Byrds","floor":22,"turns":8}],"seed_played":"4944830693350488735","potions_obtained":[{"floor":1,"key":"Dexterity Potion"},{"floor":4,"key":"Strength Potion"},{"floor":8,"key":"AttackPotion"},{"floor":13,"key":"SkillPotion"},{"floor":16,"key":"SpeedPotion"},{"floor":19,"key":"SpeedPotion"}],"is_trial":false,"path_per_floor":["M","?","?","M","$","M","R","M","T","E","$","M","M","E","R","B",null,"M","M","?","?","M"],"character_chosen":"DEFECT","items_purchased":["PrismaticShard","Beam Cell"],"campfire_rested":0,"item_purchase_floors":[5,11],"current_hp_per_floor":[45,38,38,33,33,33,33,26,26,23,23,23,20,16,16,14,57,45,35,35,35,0],"gold":244,"neow_bonus":"TWO_FIFTY_GOLD","is_prod":false,"is_daily":false,"chose_seed":false,"campfire_upgraded":2,"win_rate":0,"timestamp":1549196648,"path_taken":["M","?","?","M","$","M","R","M","T","E","$","?","?","E","R","BOSS","M","M","?","?","M"],"build_version":"2019-01-23","purchased_purges":2,"victory":false,"max_hp_per_floor":[71,71,71,71,71,71,71,71,71,71,71,71,71,71,71,71,71,71,71,71,71,71],"card_choices":[{"not_picked":["Reprogram","Melter"],"picked":"Consume","floor":1},{"not_picked":["Compile Driver","Gash","Reprogram"],"picked":"SKIP","floor":4},{"not_picked":["Bane","Hemokinesis"],"picked":"Shrug It Off","floor":6},{"not_picked":["Outmaneuver","Thunderclap"],"picked":"Anger","floor":8},{"not_picked":["Leg Sweep","Amplify"],"picked":"Glacier","floor":10},{"not_picked":["Ball Lightning","Madness","Heel Hook"],"picked":"SKIP","floor":12},{"not_picked":["Headbutt","Sword Boomerang","Steam Power"],"picked":"SKIP","floor":13},{"not_picked":["Tempest","Sword Boomerang"],"picked":"Impatience","floor":14},{"not_picked":["Dark Embrace","Limit Break"],"picked":"Grand Finale","floor":16},{"not_picked":["Slice","Outmaneuver","Beam Cell"],"picked":"SKIP","floor":18},{"not_picked":["Panacea+1","Fusion"],"picked":"Acrobatics+1","floor":19}],"player_experience":2488393,"relics_obtained":[{"floor":9,"key":"Blood Vial"},{"floor":10,"key":"Orichalcum"},{"floor":14,"key":"Smiling Mask"}],"event_choices":[{"cards_removed":["Strike_B"],"damage_healed":0,"gold_gain":0,"player_choice":"Card Removal","damage_taken":7,"max_hp_gain":0,"max_hp_loss":0,"event_name":"Golden Wing","floor":2,"gold_loss":0},{"damage_healed":0,"gold_gain":0,"player_choice":"Rummage","damage_taken":0,"relics_obtained":["WarpedTongs"],"max_hp_gain":0,"max_hp_loss":0,"event_name":"Accursed Blacksmith","floor":3,"gold_loss":0,"cards_obtained":["Pain"]},{"damage_healed":0,"gold_gain":0,"player_choice":"Smashed Altar","damage_taken":0,"max_hp_gain":0,"max_hp_loss":0,"event_name":"Forgotten Altar","floor":20,"gold_loss":0,"cards_obtained":["Decay"]},{"damage_healed":0,"gold_gain":50,"player_choice":"Stole From Cult","damage_taken":0,"max_hp_gain":0,"max_hp_loss":0,"event_name":"Nest","floor":21,"gold_loss":0}],"is_beta":false,"boss_relics":[{"not_picked":["White Beast Statue","Busted Crown"],"picked":"Empty Cage"}],"items_purged_floors":[5,11],"is_endless":false,"potions_floor_spawned":[1,4,8,13,16,19],"killed_by":"Chosen and Byrds","ascension_level":20}