{"gold_per_floor":[110,35,46,46,62,62,77,87,87,12,12,32,45,63,63,63],"floor_reached":16,"playtime":295,"items_purged":["Strike_G"],"score":192,"play_id":"32de93c6-3a3b-4f3c-b09c-38aafa214697","local_time":"20190710155457","is_ascension_mode":true,"campfire_choices":[{"data":"Dagger Spray","floor":6.0,"key":"SMITH"},{"data":"Poisoned Stab","floor":15.0,"key":"SMITH"}],"neow_cost":"NONE","seed_source_timestamp":1025093421872500,"circlet_count":0,"master_deck":["AscendersBane","Strike_G","Strike_G","Strike_G","Defend_G","Defend_G+1","Defend_G","Defend_G","Defend_G","Survivor","Neutralize","Poisoned Stab+1","Tactician+1","Dagger Spray+1"],"special_seed":0,"relics":["Ring of the Snake","NeowsBlessing","Vajra","Question Card"],"potions_floor_usage":[16,16],"damage_taken":[{"damage":0.0,"enemies":"Jaw Worm","floor":1.0,"turns":1.0},{"damage":0.0,"enemies":"2 Louse","floor":3.0,"turns":1.0},{"damage":0.0,"enemies":"Small Slimes","floor":5.0,"turns":1.0},{"damage":9.0,"enemies":"Looter","floor":7.0,"turns":3.0},{"damage":4.0,"enemies":"Blue Slaver","floor":8.0,"turns":3.0},{"damage":0.0,"enemies":"Lots of Slimes","floor":12.0,"turns":3.0},{"damage":1.0,"enemies":"Looter","floor":13.0,"turns":4.0},{"damage":2.0,"enemies":"Exordium Wildlife","floor":14.0,"turns":7.0},{"damage":31,"enemies":"Slime Boss","floor":16,"turns":8}],"seed_played":"2816342219260988549","potions_obtained":[{"floor":1.0,"key":"Regen Potion"},{"floor":7.0,"key":"LiquidBronze"},{"floor":14.0,"key":"FearPotion"}],"is_trial":false,"path_per_floor":["M","?","M","T","M","R","M","M","T","$","?","M","M","M","R","B"],"character_chosen":"THE_SILENT","items_purchased":[],"campfire_rested":0,"item_purchase_floors":[],"current_hp_per_floor":[59,59,59,59,59,59,50,46,46,46,26,26,25,38,38,7],"gold":63,"neow_bonus":"THREE_ENEMY_KILL","is_prod":false,"is_daily":false,"chose_seed":false,"campfire_upgraded":2,"win_rate":0,"timestamp":1562745297,"path_taken":["M","?","M","?","M","R","M","M","T","$","?","M","M","M","R","BOSS"],"build_version":"2019-07-05","purchased_purges":1,"victory":false,"max_hp_per_floor":[66,66,66,66,66,66,66,66,66,66,66,66,66,66,66,66],"card_choices":[{"not_picked":["Calculated Gamble","Skewer"],"picked":"Poisoned Stab","floor":1.0},{"not_picked":["Finisher","Flying Knee"],"picked":"Tactician","floor":3.0},{"not_picked":["Endless Agony","All Out Attack"],"picked":"Dagger Spray","floor":5.0},{"not_picked":["Underhanded Strike","Outmaneuver","Accuracy"],"picked":"SKIP","floor":7.0},{"not_picked":["Flying Knee","Deflect","Slice"],"picked":"SKIP","floor":8.0},{"not_picked":["Flying Knee","PiercingWail","Underhanded Strike","Expertise"],"picked":"SKIP","floor":12.0},{"not_picked":["PiercingWail","Blade Dance","Dagger Spray","Eviscerate"],"picked":"SKIP","floor":13.0},{"not_picked":["Deflect","Bane","Flying Knee","Predator"],"picked":"SKIP","floor":14.0}],"player_experience":654060,"relics_obtained":[{"floor":4.0,"key":"Vajra"},{"floor":9.0,"key":"Question Card"}],"event_choices":[{"cards_removed":["Strike_G"],"damage_healed":0.0,"max_hp_gain":0.0,"max_hp_loss":0.0,"gold_gain":0.0,"event_name":"The Cleric","player_choice":"Card Removal","floor":2.0,"gold_loss":75.0,"damage_taken":0.0},{"damage_healed":0.0,"max_hp_gain":0.0,"max_hp_loss":0.0,"gold_gain":0.0,"event_name":"Shining Light","player_choice":"Entered Light","floor":11.0,"gold_loss":0.0,"damage_taken":20.0,"cards_upgraded":["Tactician","Defend_G"]}],"is_beta":false,"boss_relics":[],"items_purged_floors":[10],"is_endless":false,"potions_floor_spawned":[1,7,8,14],"killed_by":"Slime Boss","ascension_level":20}