{"gold_per_floor":[109,109,63,133,13,39,39,49,123,0,0,50,120,134,134,236,236,252,227,328,348,398,398,408,408,431,390,418,86,136,153,153,248,248,268,285,135,152,202,214,364,189,243,257,275,75,125,137,137,137],"floor_reached":51,"playtime":1436,"items_purged":["Strike_R","Strike_R","Strike_R","Strike_R","Defend_R","Defend_R"],"score":792,"play_id":"cc19316b-72fa-42d3-91c5-c9c0ef495427","local_time":"20190709183808","is_ascension_mode":false,"campfire_choices":[{"data":"Armaments","floor":7.0,"key":"SMITH"},{"data":"Body Slam","floor":11.0,"key":"SMITH"},{"data":"Shrug It Off","floor":15.0,"key":"SMITH"},{"data":"Shrug It Off","floor":23.0,"key":"SMITH"},{"data":"Bash","floor":25.0,"key":"SMITH"},{"data":"Defend_R","floor":32,"key":"SMITH"},{"data":"Defend_R","floor":49,"key":"SMITH"}],"neow_cost":"NONE","seed_source_timestamp":947150238714100,"circlet_count":0,"master_deck":["Defend_R+1","Bash+1","Armaments+1","Body Slam+1","Shrug It Off+1","Shrug It Off+1"],"special_seed":0,"relics":["Burning Blood","NeowsBlessing","SsserpentHead","Centennial Puzzle","Kunai","Gremlin Horn","Runic Dome","Juzu Bracelet","Strawberry","Vajra","Pear","ClockworkSouvenir","MutagenicStrength","Runic Pyramid","Charon\u0027s Ashes","Oddly Smooth Stone"],"potions_floor_usage":[33,50,50,50,50,50,50],"damage_taken":[{"damage":0.0,"enemies":"Small Slimes","floor":1.0,"turns":1.0},{"damage":0.0,"enemies":"Cultist","floor":4.0,"turns":1.0},{"damage":0.0,"enemies":"Gremlin Nob","floor":6.0,"turns":1.0},{"damage":0.0,"enemies":"Jaw Worm","floor":8.0,"turns":4.0},{"damage":2.0,"enemies":"Exordium Thugs","floor":13.0,"turns":6.0},{"damage":4.0,"enemies":"Blue Slaver","floor":14.0,"turns":4.0},{"damage":45.0,"enemies":"Slime Boss","floor":16.0,"turns":16.0},{"damage":0.0,"enemies":"Shell Parasite","floor":18.0,"turns":5.0},{"damage":13.0,"enemies":"Chosen","floor":21.0,"turns":5.0},{"damage":16.0,"enemies":"Snake Plant","floor":24.0,"turns":3.0},{"damage":11.0,"enemies":"Slavers","floor":28.0,"turns":7.0},{"damage":3,"enemies":"Centurion and Healer","floor":31,"turns":5},{"damage":36,"enemies":"Automaton","floor":33,"turns":11},{"damage":0,"enemies":"3 Shapes","floor":35,"turns":5},{"damage":4,"enemies":"3 Darklings","floor":36,"turns":3},{"damage":0,"enemies":"Maw","floor":38,"turns":7},{"damage":0,"enemies":"Sphere and 2 Shapes","floor":40,"turns":5},{"damage":0,"enemies":"Mind Bloom Boss Battle","floor":41,"turns":4},{"damage":0,"enemies":"Transient","floor":44,"turns":5},{"damage":0,"enemies":"Spire Growth","floor":45,"turns":3},{"damage":0,"enemies":"3 Darklings","floor":48,"turns":3},{"damage":6,"enemies":"Time Eater","floor":50,"turns":12}],"seed_played":"466036466676585192","potions_obtained":[{"floor":1.0,"key":"Ancient Potion"},{"floor":8.0,"key":"GamblersBrew"},{"floor":13.0,"key":"BloodPotion"},{"floor":36,"key":"FearPotion"},{"floor":47,"key":"EntropicBrew"},{"floor":47,"key":"BloodPotion"}],"is_trial":false,"path_per_floor":["M","?","$","M","$","E","R","M","T","$","R","T","M","M","R","B",null,"M","?","T","M","?","R","M","R","T","?","E","$","?","M","R","B",null,"M","M","$","M","?","M","?","$","T","M","M","$","?","M","R","B",null],"character_chosen":"IRONCLAD","items_purchased":["Body Slam","Shrug It Off","Shrug It Off","ClockworkSouvenir"],"campfire_rested":0,"item_purchase_floors":[3,5,10,29],"current_hp_per_floor":[80,80,80,80,80,80,80,80,80,80,80,80,80,80,80,41,80,80,80,80,73,73,73,63,63,70,70,75,75,75,78,78,72,97,97,97,97,97,97,97,97,97,97,97,97,97,97,97,97,97],"gold":137,"neow_bonus":"THREE_ENEMY_KILL","is_prod":false,"is_daily":false,"chose_seed":false,"campfire_upgraded":7,"win_rate":0,"timestamp":1562668688,"path_taken":["M","?","$","?","$","E","R","M","T","$","R","?","?","M","R","BOSS","M","?","?","M","?","R","M","R","T","?","E","$","?","M","R","BOSS","M","M","$","M","?","M","?","$","T","M","M","$","?","M","R","BOSS"],"build_version":"2019-07-05","purchased_purges":6,"victory":true,"max_hp_per_floor":[80,80,80,80,80,80,80,80,80,80,80,80,80,80,80,80,80,80,80,80,80,80,80,80,80,87,87,97,97,97,97,97,97,97,97,97,97,97,97,97,97,97,97,97,97,97,97,97,97,97],"card_choices":[{"not_picked":["Flame Barrier","Twin Strike"],"picked":"Armaments","floor":1.0},{"not_picked":["Flex","Carnage","Anger"],"picked":"SKIP","floor":4.0},{"not_picked":["Disarm","Brutality","Anger"],"picked":"SKIP","floor":6.0},{"not_picked":["Spot Weakness","Inflame","Thunderclap"],"picked":"SKIP","floor":8.0},{"not_picked":["Clothesline","Warcry","Hemokinesis"],"picked":"SKIP","floor":13.0},{"not_picked":["Flex","Corruption","Clothesline"],"picked":"SKIP","floor":14.0},{"not_picked":["Thunderclap","Spot Weakness","Power Through+1"],"picked":"SKIP","floor":18.0},{"not_picked":["Havoc","Dual Wield","Searing Blow+1"],"picked":"SKIP","floor":21.0},{"not_picked":["Cleave","Iron Wave","Thunderclap+1"],"picked":"SKIP","floor":24.0},{"not_picked":["Cleave","Pommel Strike","Shrug It Off+1"],"picked":"SKIP","floor":28.0},{"not_picked":["Shockwave","Warcry","Sever Soul"],"picked":"SKIP","floor":31},{"not_picked":["Battle Trance+1","Thunderclap+1","Dropkick+1"],"picked":"SKIP","floor":35},{"not_picked":["Reckless Charge","Entrench","Pommel Strike+1"],"picked":"SKIP","floor":36},{"not_picked":["Warcry","Twin Strike+1","Thunderclap"],"picked":"SKIP","floor":38},{"not_picked":["Power Through","Shockwave+1","Spot Weakness"],"picked":"SKIP","floor":40},{"not_picked":["Battle Trance+1","Havoc+1","Perfected Strike"],"picked":"SKIP","floor":44},{"not_picked":["True Grit","Reaper","Warcry"],"picked":"SKIP","floor":45},{"not_picked":["Cleave","Flex+1","Headbutt"],"picked":"SKIP","floor":48}],"player_experience":650446,"relics_obtained":[{"floor":6.0,"key":"Centennial Puzzle"},{"floor":9.0,"key":"Kunai"},{"floor":12.0,"key":"Gremlin Horn"},{"floor":20.0,"key":"Juzu Bracelet"},{"floor":26.0,"key":"Strawberry"},{"floor":28.0,"key":"Pear"},{"floor":41,"key":"Charon\u0027s Ashes"},{"floor":43,"key":"Oddly Smooth Stone"}],"event_choices":[{"damage_healed":0.0,"max_hp_gain":0.0,"max_hp_loss":0.0,"gold_gain":0.0,"event_name":"FaceTrader","player_choice":"Trade","floor":2.0,"gold_loss":0.0,"damage_taken":0.0,"relics_obtained":["SsserpentHead"]},{"cards_removed":["Strike_R"],"damage_healed":0.0,"max_hp_gain":0.0,"max_hp_loss":0.0,"gold_gain":0.0,"event_name":"Beggar","player_choice":"Gave Gold","floor":19.0,"gold_loss":75.0,"damage_taken":0.0},{"damage_healed":0.0,"max_hp_gain":0.0,"max_hp_loss":0.0,"gold_gain":0.0,"event_name":"Ghosts","player_choice":"Ignored","floor":22.0,"gold_loss":0.0,"damage_taken":0.0},{"damage_healed":0.0,"max_hp_gain":0.0,"max_hp_loss":0.0,"gold_gain":0.0,"event_name":"WeMeetAgain","player_choice":"Paid Gold","floor":27.0,"gold_loss":91.0,"damage_taken":0.0,"relics_obtained":["Vajra"]},{"damage_healed":0,"gold_gain":0,"player_choice":"Inject Mutagens","damage_taken":0,"relics_obtained":["MutagenicStrength"],"max_hp_gain":0,"max_hp_loss":0,"event_name":"Drug Dealer","floor":30,"gold_loss":0},{"cards_removed":["Defend_R"],"damage_healed":0,"gold_gain":0,"player_choice":"Removed Skill","damage_taken":0,"max_hp_gain":0,"max_hp_loss":0,"event_name":"Falling","floor":39,"gold_loss":0},{"damage_healed":0,"gold_gain":0,"player_choice":"Fight","damage_taken":0,"max_hp_gain":0,"max_hp_loss":0,"event_name":"MindBloom","floor":41,"gold_loss":0},{"damage_healed":0,"gold_gain":0,"player_choice":"Got Potions","damage_taken":0,"max_hp_gain":0,"max_hp_loss":0,"event_name":"Lab","floor":47,"gold_loss":0}],"is_beta":false,"boss_relics":[{"not_picked":["Mark of Pain","Astrolabe"],"picked":"Runic Dome"},{"not_picked":["Runic Cube","Black Blood"],"picked":"Runic Pyramid"}],"items_purged_floors":[5,10,29,37,42,46],"is_endless":false,"potions_floor_spawned":[1,8,13,18,28,31,36,44,45],"ascension_level":0}