{"path_per_floor":["M","?","?","M","M","R","E","M","T","R","M","E","M","?","R"],"character_chosen":"THE_SILENT","items_purchased":[],"gold_per_floor":[365,365,365,375,385,385,413,431,431,431,451,481,497,462,462,462],"floor_reached":16,"campfire_rested":1,"playtime":523,"item_purchase_floors":[],"current_hp_per_floor":[59,59,47,42,42,42,36,10,10,34,34,9,9,29,29,0],"items_purged":[],"gold":462,"score":190,"play_id":"0a8b26d0-0e9c-4f09-a0e5-79a150e7d299","local_time":"20180615140423","is_prod":false,"is_daily":false,"chose_seed":false,"is_ascension_mode":true,"campfire_upgraded":2,"win_rate":0,"timestamp":1529042663,"campfire_choices":[{"data":"Neutralize","floor":6,"key":"SMITH"},{"floor":10,"key":"REST"},{"data":"Jack Of All Trades","floor":15,"key":"SMITH"}],"path_taken":["M","?","?","M","M","R","E","M","T","R","M","E","?","?","R","BOSS"],"build_version":"2018-06-14","seed_source_timestamp":16626537441905,"purchased_purges":0,"victory":false,"master_deck":["Defend_G","Defend_G","Defend_G","Defend_G","Defend_G","Strike_G","Strike_G","Strike_G","Strike_G","Strike_G","Survivor","Neutralize+1","AscendersBane","Clumsy","Deadly Poison","Jack Of All Trades+1","Poisoned Stab","Acrobatics","Poisoned Stab"],"max_hp_per_floor":[66,66,66,66,66,66,80,80,80,80,80,80,80,80,80,80],"relics":["Ring of the Snake","Happy Flower","Mango","Gremlin Horn","Orichalcum"],"card_choices":[{"not_picked":["Skewer","Dodge and Roll"],"picked":"Deadly Poison","floor":1},{"not_picked":["Cloak And Dagger","Backflip"],"picked":"Poisoned Stab","floor":4},{"not_picked":["Dodge and Roll","Cloak And Dagger"],"picked":"Acrobatics","floor":5},{"not_picked":["Storm of Steel","Caltrops","Unload"],"picked":"SKIP","floor":7},{"not_picked":["Outmaneuver","Prepared"],"picked":"Poisoned Stab","floor":8},{"not_picked":["Reflex","Skewer","PiercingWail"],"picked":"SKIP","floor":11},{"not_picked":["Corpse Explosion","Malaise","Sucker Punch"],"picked":"SKIP","floor":12},{"not_picked":["Masterful Stab","Deadly Poison","Skewer"],"picked":"SKIP","floor":13}],"player_experience":609617,"potions_floor_usage":[7,7,12],"damage_taken":[{"damage":0,"enemies":"Small Slimes","floor":1,"turns":6},{"damage":5,"enemies":"Cultist","floor":4,"turns":4},{"damage":0,"enemies":"2 Louse","floor":5,"turns":2},{"damage":24,"enemies":"Gremlin Nob","floor":7,"turns":4},{"damage":26,"enemies":"Exordium Thugs","floor":8,"turns":7},{"damage":0,"enemies":"2 Fungi Beasts","floor":11,"turns":5},{"damage":29,"enemies":"3 Sentries","floor":12,"turns":8},{"damage":0,"enemies":"Large Slime","floor":13,"turns":5},{"damage":30,"enemies":"Slime Boss","floor":16,"turns":6}],"relics_obtained":[{"floor":7,"key":"Mango"},{"floor":9,"key":"Gremlin Horn"},{"floor":12,"key":"Orichalcum"}],"event_choices":[{"event_name":"Match and Keep!","player_choice":"1 cards matched","floor":2,"damage_taken":0},{"event_name":"Scrap Ooze","player_choice":"success","floor":3,"damage_taken":12},{"event_name":"The Cleric","player_choice":"Healed","floor":14,"damage_taken":0}],"boss_relics":[],"items_purged_floors":[],"is_endless":false,"potions_floor_spawned":[1,4,8],"seed_played":"4973970686904453777","killed_by":"Slime Boss","ascension_level":14,"potions_obtained":[{"floor":1,"key":"Strength Potion"},{"floor":4,"key":"SkillPotion"},{"floor":8,"key":"Strength Potion"}],"is_trial":false}