{"gold_per_floor":[216,1,1,68,118,118,151,151,175,190,203,253,253,263,263,263],"floor_reached":16,"playtime":398,"items_purged":[],"score":200,"play_id":"6b8c0313-86ac-482a-8bf6-fa60e47afe24","local_time":"20190118222639","is_ascension_mode":true,"campfire_choices":[{"data":"Chaos","floor":6.0,"key":"SMITH"},{"data":"Coolheaded","floor":8.0,"key":"SMITH"},{"floor":13,"key":"REST"},{"data":"Dualcast","floor":15,"key":"SMITH"}],"neow_cost":"NONE","seed_source_timestamp":37805893301721,"circlet_count":0,"master_deck":["AscendersBane","Strike_B","Strike_B","Strike_B","Defend_B","Defend_B","Defend_B","Defend_B","Zap","Dualcast+1","Coolheaded+1","Chaos+1","Gash"],"special_seed":0,"relics":["Cracked Core","Membership Card","SsserpentHead","Bag of Marbles","Pen Nib","Juzu Bracelet"],"potions_floor_usage":[],"damage_taken":[{"damage":0.0,"enemies":"2 Louse","floor":1.0,"turns":3.0},{"damage":1.0,"enemies":"Cultist","floor":4.0,"turns":4.0},{"damage":35.0,"enemies":"3 Sentries","floor":7.0,"turns":7.0},{"damage":2.0,"enemies":"Jaw Worm","floor":10.0,"turns":4.0},{"damage":2.0,"enemies":"Exordium Wildlife","floor":11.0,"turns":5.0},{"damage":11,"enemies":"Large Slime","floor":14,"turns":5},{"damage":0,"enemies":"Slime Boss","floor":16,"turns":3}],"seed_played":"2274318444150902580","potions_obtained":[{"floor":7.0,"key":"Ancient Potion"},{"floor":14,"key":"Fire Potion"}],"is_trial":false,"path_per_floor":["M","$","?","M","?","R","E","R","T","M","M","T","R","M","R","B"],"character_chosen":"DEFECT","items_purchased":["Membership Card"],"campfire_rested":1,"item_purchase_floors":[2],"current_hp_per_floor":[64,64,64,63,56,56,21,21,21,19,17,17,38,27,27,27],"gold":263,"neow_bonus":"HUNDRED_GOLD","is_prod":false,"is_daily":false,"chose_seed":false,"campfire_upgraded":3,"win_rate":0,"timestamp":1547821599,"path_taken":["M","$","?","?","?","R","E","R","T","M","M","?","R","M","R","BOSS"],"build_version":"2019-01-17","purchased_purges":0,"victory":false,"max_hp_per_floor":[71,71,71,71,71,71,71,71,71,71,71,71,71,71,71,71],"card_choices":[{"not_picked":["Steam","Steam Power"],"picked":"Coolheaded","floor":1.0},{"not_picked":["Rebound","Barrage","Chaos"],"picked":"SKIP","floor":4.0},{"not_picked":["Rebound","Barrage"],"picked":"Chaos","floor":4.0},{"not_picked":["Reprogram","Conserve Battery"],"picked":"Gash","floor":7.0},{"not_picked":["Reprogram","Go for the Eyes","Tempest"],"picked":"SKIP","floor":10.0},{"not_picked":["Compile Driver","Conserve Battery","Lockon"],"picked":"SKIP","floor":11.0},{"not_picked":["Ball Lightning","Auto Shields","Streamline"],"picked":"SKIP","floor":14}],"player_experience":2017608,"relics_obtained":[{"floor":7.0,"key":"Bag of Marbles"},{"floor":9.0,"key":"Pen Nib"},{"floor":12,"key":"Juzu Bracelet"}],"event_choices":[{"damage_healed":0.0,"max_hp_gain":0.0,"max_hp_loss":0.0,"gold_gain":0.0,"event_name":"FaceTrader","player_choice":"Trade","floor":3.0,"gold_loss":0.0,"damage_taken":0.0,"relics_obtained":["SsserpentHead"]},{"cards_removed":["Strike_B"],"damage_healed":0.0,"max_hp_gain":0.0,"max_hp_loss":0.0,"gold_gain":0.0,"event_name":"Golden Wing","player_choice":"Card Removal","floor":5.0,"gold_loss":0.0,"damage_taken":7.0}],"is_beta":false,"boss_relics":[],"items_purged_floors":[],"is_endless":false,"potions_floor_spawned":[7,14],"killed_by":"Slime Boss","ascension_level":20}