{"gold_per_floor":[110,110,385,397,415,415,443,443,466,120,138,138,152,152,152,227,227,244,7,7,27,44,69,69,86,86,114,114,140,140,67,67,67],"floor_reached":33,"playtime":827,"items_purged":[],"score":655,"play_id":"26e67512-95e5-4b66-8b07-bfa8f522ab94","local_time":"20190208183712","is_ascension_mode":true,"campfire_choices":[{"data":"Infinite Blades","floor":6.0,"key":"SMITH"},{"floor":8.0,"key":"REST"},{"data":"Footwork","floor":15.0,"key":"SMITH"},{"data":"Terror","floor":24.0,"key":"SMITH"},{"floor":32,"key":"REST"}],"neow_cost":"TEN_PERCENT_HP_LOSS","seed_source_timestamp":25275019822953,"circlet_count":0,"master_deck":["AscendersBane","Defend_G","Defend_G","Defend_G","Defend_G","Defend_G","Strike_G","Strike_G+1","Strike_G","Strike_G+1","Strike_G","Survivor","Neutralize","Footwork","Backstab","Regret","Cloak And Dagger","Calculated Gamble","Masterful Stab","Infinite Blades+1","Terror+1","Quick Slash","Footwork+1","Panacea","Backflip","Calculated Gamble","Parasite","Cloak And Dagger","Escape Plan","Accuracy","Escape Plan","Mind Blast+1","PiercingWail","Setup+1","Endless Agony","Backstab","Acrobatics","Dagger Throw","PiercingWail+1","Writhe","Outmaneuver+1","Backstab","Shame","Dagger Throw","Deflect","Accuracy"],"special_seed":0,"relics":["Ring of the Snake","Prayer Wheel","Ancient Tea Set","Potion Belt","Dream Catcher","Regal Pillow","Torii","Cursed Key","PreservedInsect","Whetstone","Matryoshka","Pen Nib","Girya","Sundial"],"potions_floor_usage":[27,29,29],"damage_taken":[{"damage":0.0,"enemies":"2 Louse","floor":1.0,"turns":3.0},{"damage":5.0,"enemies":"Cultist","floor":4.0,"turns":4.0},{"damage":5.0,"enemies":"Jaw Worm","floor":5.0,"turns":7.0},{"damage":15.0,"enemies":"Gremlin Nob","floor":7.0,"turns":4.0},{"damage":0.0,"enemies":"Looter","floor":11.0,"turns":3.0},{"damage":22.0,"enemies":"Lots of Slimes","floor":13.0,"turns":6.0},{"damage":16.0,"enemies":"Hexaghost","floor":16.0,"turns":11.0},{"damage":0.0,"enemies":"Chosen","floor":18.0,"turns":4.0},{"damage":0.0,"enemies":"Spheric Guardian","floor":21.0,"turns":3.0},{"damage":19.0,"enemies":"Shelled Parasite and Fungi","floor":22.0,"turns":5.0},{"damage":1.0,"enemies":"Gremlin Leader","floor":23.0,"turns":4.0},{"damage":24.0,"enemies":"Centurion and Healer","floor":25.0,"turns":5.0},{"damage":10,"enemies":"Book of Stabbing","floor":27,"turns":5},{"damage":1,"enemies":"Slavers","floor":29,"turns":2},{"damage":45,"enemies":"Automaton","floor":33,"turns":6}],"seed_played":"-8406261092619513370","potions_obtained":[{"floor":1.0,"key":"AttackPotion"},{"floor":5.0,"key":"SpeedPotion"},{"floor":11.0,"key":"SmokeBomb"},{"floor":21.0,"key":"Regen Potion"},{"floor":25.0,"key":"SteroidPotion"},{"floor":27,"key":"Fire Potion"},{"floor":29,"key":"FearPotion"}],"is_trial":false,"path_per_floor":["M","?","?","M","M","R","E","R","T","$","M","?","M","T","R","B",null,"M","$","?","M","M","E","R","M","T","E","?","E","?","$","R","B"],"character_chosen":"THE_SILENT","items_purchased":["Quick Slash","Footwork","Regal Pillow","Panacea","Mind Blast","PreservedInsect","Dagger Throw","Deflect"],"campfire_rested":2,"item_purchase_floors":[10,10,10,10,19,19,31,31],"current_hp_per_floor":[59,41,41,36,31,31,16,34,34,34,34,49,27,27,27,11,48,48,48,48,48,29,40,40,16,16,6,6,5,5,5,38,0],"gold":67,"neow_bonus":"ONE_RARE_RELIC","is_prod":false,"is_daily":false,"chose_seed":true,"campfire_upgraded":3,"win_rate":0,"timestamp":1549622232,"path_taken":["M","?","?","M","?","R","E","R","T","$","M","?","M","?","R","BOSS","M","$","?","?","M","E","R","?","T","E","?","E","?","?","R","BOSS"],"build_version":"2019-01-23","purchased_purges":0,"victory":false,"max_hp_per_floor":[60,60,60,60,60,60,60,60,60,60,60,60,60,60,60,60,60,60,60,60,60,60,60,60,60,60,60,60,60,60,60,60,60],"card_choices":[{"not_picked":["Flying Knee","Blur"],"picked":"Footwork","floor":1.0},{"not_picked":["Bouncing Flask","Prepared"],"picked":"Backstab","floor":1.0},{"not_picked":["Quick Slash","Skewer"],"picked":"Cloak And Dagger","floor":4.0},{"not_picked":["Night Terror","Flying Knee"],"picked":"Calculated Gamble","floor":4.0},{"not_picked":["Deflect","Blade Dance"],"picked":"Masterful Stab","floor":5.0},{"not_picked":["Backflip","Dagger Throw"],"picked":"Infinite Blades","floor":5.0},{"not_picked":["Leg Sweep","Sucker Punch"],"picked":"Terror","floor":7.0},{"not_picked":["Caltrops","Malaise"],"picked":"Backflip","floor":11.0},{"not_picked":["Catalyst","Outmaneuver"],"picked":"Calculated Gamble","floor":11.0},{"not_picked":["Riddle With Holes","Slice"],"picked":"Cloak And Dagger","floor":13.0},{"not_picked":["A Thousand Cuts","Underhanded Strike"],"picked":"Escape Plan","floor":13.0},{"not_picked":["Reflex","Endless Agony"],"picked":"Accuracy","floor":18.0},{"not_picked":["Slice","Dagger Spray"],"picked":"Escape Plan","floor":18.0},{"not_picked":["Dagger Throw","Eviscerate"],"picked":"PiercingWail","floor":21.0},{"not_picked":["Bane+1","Finisher"],"picked":"Setup+1","floor":21.0},{"not_picked":["Skewer","PiercingWail"],"picked":"Endless Agony","floor":22.0},{"not_picked":["Grand Finale","Calculated Gamble+1"],"picked":"Backstab","floor":22.0},{"not_picked":["Slice","Predator"],"picked":"Acrobatics","floor":23.0},{"not_picked":["Acrobatics","Deadly Poison"],"picked":"Dagger Throw","floor":25.0},{"not_picked":["Outmaneuver+1","Deadly Poison"],"picked":"PiercingWail+1","floor":25.0},{"not_picked":["Die Die Die","Setup"],"picked":"Outmaneuver+1","floor":27},{"not_picked":["Outmaneuver","Acrobatics"],"picked":"Backstab","floor":29},{"not_picked":["Reflex","Flying Knee"],"picked":"Accuracy","floor":32}],"player_experience":1447219,"relics_obtained":[{"floor":7.0,"key":"Potion Belt"},{"floor":9.0,"key":"Dream Catcher"},{"floor":14.0,"key":"Torii"},{"floor":23.0,"key":"Whetstone"},{"floor":26.0,"key":"Matryoshka"},{"floor":27,"key":"Pen Nib"},{"floor":29,"key":"Girya"}],"event_choices":[{"damage_healed":0.0,"max_hp_gain":0.0,"max_hp_loss":0.0,"gold_gain":0.0,"event_name":"Scrap Ooze","player_choice":"Success","floor":2.0,"gold_loss":0.0,"damage_taken":18.0,"relics_obtained":["Ancient Tea Set"]},{"damage_healed":0.0,"max_hp_gain":0.0,"max_hp_loss":0.0,"gold_gain":275.0,"event_name":"Golden Shrine","player_choice":"Desecrate","floor":3.0,"gold_loss":0.0,"damage_taken":0.0,"cards_obtained":["Regret"]},{"damage_healed":15.0,"max_hp_gain":0.0,"max_hp_loss":0.0,"gold_gain":0.0,"event_name":"Mushrooms","player_choice":"Healed and dodged fight","floor":12.0,"gold_loss":0.0,"damage_taken":0.0,"cards_obtained":["Parasite"]},{"damage_healed":0.0,"max_hp_gain":0.0,"max_hp_loss":0.0,"gold_gain":0.0,"event_name":"Upgrade Shrine","player_choice":"Upgraded","floor":20.0,"gold_loss":0.0,"damage_taken":0.0,"cards_upgraded":["Mind Blast"]},{"damage_healed":0,"gold_gain":0,"player_choice":"Ignored","damage_taken":0,"max_hp_gain":0,"max_hp_loss":0,"event_name":"Cursed Tome","floor":28,"gold_loss":0},{"damage_healed":0,"gold_gain":0,"player_choice":"Stole Relic","damage_taken":0,"relics_obtained":["Sundial"],"max_hp_gain":0,"max_hp_loss":0,"event_name":"Addict","floor":30,"gold_loss":0,"cards_obtained":["Shame"]}],"is_beta":false,"boss_relics":[{"not_picked":["White Beast Statue","Empty Cage"],"picked":"Cursed Key"}],"items_purged_floors":[],"is_endless":false,"potions_floor_spawned":[1,5,11,21,25,27,29],"killed_by":"Automaton","ascension_level":15}