{"gold_per_floor":[112,187,210,220,220,220,247,247,247,247,265,275,294,321,321,392,392,402,402,342,54,54,80,80,115,115,129,129,19,19,36,36,109,109,126,34,34,1033,354,354,409,409,409,409,424,439,25,57,57,57,57,57,12,40,40],"floor_reached":56,"playtime":3080,"items_purged":["Strike_R","Strike_R","Normality","Normality"],"score":2090,"play_id":"8f0d2007-7b41-4729-b688-2754e99a6b46","local_time":"20190528210251","is_ascension_mode":true,"campfire_choices":[{"data":"Hemokinesis","floor":6.0,"key":"SMITH"},{"data":"Bash","floor":8.0,"key":"SMITH"},{"data":"Flame Barrier","floor":10.0,"key":"SMITH"},{"data":"Shockwave","floor":15.0,"key":"SMITH"},{"floor":24,"key":"REST"},{"floor":28,"key":"REST"},{"floor":32,"key":"REST"},{"data":"Barricade","floor":40,"key":"SMITH"},{"floor":42,"key":"REST"},{"floor":44,"key":"REST"},{"floor":49,"key":"RECALL"},{"data":"Dark Embrace","floor":52,"key":"SMITH"}],"neow_cost":"NONE","seed_source_timestamp":37552674397122,"circlet_count":0,"master_deck":["AscendersBane","Bash+1","Hemokinesis+1","Headbutt","Flame Barrier+1","Metallicize","Shockwave+1","Limit Break","Evolve+1","Spot Weakness","Corruption","Sword Boomerang","Power Through","Barricade+1","Shrug It Off","Thunderclap","Heavy Blade","Combust","Feel No Pain","Evolve","Impervious","Corruption","Battle Trance","Dark Embrace+1","Armaments","True Grit+1"],"special_seed":0,"relics":["Burning Blood","NeowsBlessing","Red Skull","Vajra","Gremlin Horn","The Courier","Mark of Pain","ClockworkSouvenir","MutagenicStrength","StoneCalendar","Strawberry","Boot","Pandora\u0027s Box","OrangePellets","Bag of Preparation","Pantograph","Champion Belt","Lee\u0027s Waffle","Happy Flower","Dead Branch"],"potions_floor_usage":[16,33,55,55],"damage_taken":[{"damage":0.0,"enemies":"Jaw Worm","floor":1.0,"turns":1.0},{"damage":0.0,"enemies":"Cultist","floor":4.0,"turns":2.0},{"damage":0.0,"enemies":"Lagavulin","floor":7.0,"turns":1.0},{"damage":2.0,"enemies":"2 Louse","floor":11.0,"turns":2.0},{"damage":5.0,"enemies":"Exordium Thugs","floor":12.0,"turns":5.0},{"damage":11.0,"enemies":"Large Slime","floor":13.0,"turns":9.0},{"damage":17.0,"enemies":"3 Sentries","floor":14.0,"turns":13.0},{"damage":34,"enemies":"Slime Boss","floor":16,"turns":8},{"damage":28,"enemies":"Shell Parasite","floor":18,"turns":5},{"damage":34,"enemies":"Gremlin Leader","floor":23,"turns":5},{"damage":29,"enemies":"Book of Stabbing","floor":25,"turns":4},{"damage":17,"enemies":"Chosen","floor":27,"turns":4},{"damage":17,"enemies":"Snake Plant","floor":31,"turns":4},{"damage":29,"enemies":"Collector","floor":33,"turns":5},{"damage":3,"enemies":"Orb Walker","floor":35,"turns":2},{"damage":52,"enemies":"2 Orb Walkers","floor":41,"turns":4},{"damage":49,"enemies":"3 Darklings","floor":45,"turns":5},{"damage":7,"enemies":"Sphere and 2 Shapes","floor":46,"turns":7},{"damage":18,"enemies":"Reptomancer","floor":48,"turns":5},{"damage":52,"enemies":"Time Eater","floor":50,"turns":7},{"damage":52,"enemies":"Shield and Spear","floor":54,"turns":5},{"damage":39,"enemies":"The Heart","floor":55,"turns":6}],"seed_played":"-5403854158150729053","potions_obtained":[{"floor":4.0,"key":"Fire Potion"},{"floor":11.0,"key":"Dexterity Potion"},{"floor":14.0,"key":"AttackPotion"},{"floor":23,"key":"Strength Potion"},{"floor":33,"key":"Energy Potion"},{"floor":54,"key":"Swift Potion"}],"is_trial":false,"path_per_floor":["M","?","T","M","?","R","E","R","T","R","M","M","M","E","R","B",null,"M","?","$","$","?","E","R","E","T","M","R","?","$","M","R","B",null,"M","$","?","?","$","R","?","R","T","R","M","M","$","E","R","B",null,"R","$","E","B",null],"character_chosen":"IRONCLAD","items_purchased":["Spot Weakness","ClockworkSouvenir","Feel No Pain","Evolve","OrangePellets","Bag of Preparation","Pantograph","Ancient Potion","Lee\u0027s Waffle","Corruption","Battle Trance","Armaments"],"campfire_rested":5,"item_purchase_floors":[21,21,36,36,39,39,39,39,47,47,47,53],"current_hp_per_floor":[74,63,63,69,69,69,75,75,75,75,75,75,70,59,59,31,64,42,42,42,42,42,14,36,20,20,9,33,33,33,22,46,23,67,70,70,70,70,70,70,24,48,48,72,29,28,89,77,77,43,78,78,78,32,24],"gold":40,"neow_bonus":"THREE_ENEMY_KILL","is_prod":false,"is_daily":false,"chose_seed":false,"campfire_upgraded":6,"win_rate":0,"timestamp":1559070171,"path_taken":["M","?","?","M","?","R","E","R","T","R","M","M","?","E","R","BOSS","M","?","?","$","?","E","R","E","T","M","R","?","$","?","R","BOSS","M","$","?","?","$","R","?","R","T","R","M","M","?","E","R","BOSS","R","$","E","BOSS"],"build_version":"2019-01-23","purchased_purges":4,"victory":true,"max_hp_per_floor":[75,75,75,75,75,75,75,75,75,75,75,75,75,75,75,75,75,75,75,75,75,75,75,75,82,82,82,82,82,82,82,82,82,82,82,82,82,82,82,82,82,82,82,82,82,82,89,89,89,89,89,89,89,89,89],"card_choices":[{"not_picked":["Clash","Pummel"],"picked":"Hemokinesis","floor":1.0},{"not_picked":["Pommel Strike","Flex"],"picked":"Headbutt","floor":4.0},{"not_picked":["Clash","Seeing Red"],"picked":"Flame Barrier","floor":7.0},{"not_picked":["Sword Boomerang","Blood for Blood"],"picked":"Metallicize","floor":11.0},{"not_picked":["Headbutt","Clash","True Grit"],"picked":"SKIP","floor":12.0},{"not_picked":["Entrench","Warcry","Hemokinesis"],"picked":"SKIP","floor":13.0},{"not_picked":["Twin Strike","Sever Soul"],"picked":"Shockwave","floor":14.0},{"not_picked":["Bludgeon","Dark Embrace"],"picked":"Limit Break","floor":16},{"not_picked":["Dual Wield+1","Rampage+1"],"picked":"Evolve","floor":18},{"not_picked":["Wild Strike","Twin Strike+1"],"picked":"Corruption","floor":23},{"not_picked":["Headbutt+1","Pommel Strike"],"picked":"Sword Boomerang","floor":25},{"not_picked":["Clothesline","Wild Strike"],"picked":"Power Through","floor":27},{"not_picked":["Havoc","Wild Strike"],"picked":"Iron Wave","floor":31},{"not_picked":["Immolate","Bludgeon"],"picked":"Barricade","floor":33},{"not_picked":["Shockwave","Clash","Seeing Red"],"picked":"SKIP","floor":35},{"not_picked":["Body Slam","Cleave+1"],"picked":"Impervious","floor":45},{"not_picked":["Warcry","Headbutt","Sword Boomerang"],"picked":"SKIP","floor":46},{"not_picked":["Feel No Pain","Combust+1"],"picked":"Dark Embrace","floor":48},{"not_picked":["Perfected Strike","Wild Strike"],"picked":"True Grit+1","floor":54}],"player_experience":606535,"relics_obtained":[{"floor":3.0,"key":"Red Skull"},{"floor":7.0,"key":"Vajra"},{"floor":9.0,"key":"Gremlin Horn"},{"floor":14.0,"key":"The Courier"},{"floor":23,"key":"StoneCalendar"},{"floor":25,"key":"Strawberry"},{"floor":26,"key":"Boot"},{"floor":41,"key":"Champion Belt"},{"floor":48,"key":"Happy Flower"},{"floor":54,"key":"Dead Branch"}],"event_choices":[{"damage_healed":0.0,"max_hp_gain":0.0,"max_hp_loss":0.0,"gold_gain":75.0,"event_name":"World of Goop","player_choice":"Gather Gold","floor":2.0,"gold_loss":0.0,"damage_taken":11.0},{"cards_removed":["Strike_R"],"damage_healed":0.0,"max_hp_gain":0.0,"max_hp_loss":0.0,"gold_gain":0.0,"event_name":"Purifier","player_choice":"Purged","floor":5.0,"gold_loss":0.0,"damage_taken":0.0},{"cards_removed":["Strike_R"],"damage_healed":0,"gold_gain":0,"player_choice":"Purged","damage_taken":0,"max_hp_gain":0,"max_hp_loss":0,"event_name":"Purifier","floor":19,"gold_loss":0},{"damage_healed":0,"gold_gain":0,"player_choice":"Inject Mutagens","damage_taken":0,"relics_obtained":["MutagenicStrength"],"max_hp_gain":0,"max_hp_loss":0,"event_name":"Drug Dealer","floor":22,"gold_loss":0},{"cards_removed":["Strike_R"],"damage_healed":0,"gold_gain":0,"player_choice":"Upgrade and Remove","damage_taken":0,"max_hp_gain":0,"max_hp_loss":0,"event_name":"Designer","floor":29,"gold_loss":110,"cards_upgraded":["Evolve"]},{"cards_removed":["Iron Wave"],"damage_healed":0,"gold_gain":0,"player_choice":"Removed Attack","damage_taken":0,"max_hp_gain":0,"max_hp_loss":0,"event_name":"Falling","floor":37,"gold_loss":0},{"damage_healed":0,"gold_gain":999,"player_choice":"Gold","damage_taken":0,"max_hp_gain":0,"max_hp_loss":0,"event_name":"MindBloom","floor":38,"gold_loss":0,"cards_obtained":["Normality","Normality"]},{"damage_healed":0,"gold_gain":0,"player_choice":"Fight","damage_taken":0,"max_hp_gain":0,"max_hp_loss":0,"event_name":"Mysterious Sphere","floor":41,"gold_loss":0}],"is_beta":false,"boss_relics":[{"not_picked":["Eternal Feather","Black Star"],"picked":"Mark of Pain"},{"not_picked":["Runic Dome","Velvet Choker"],"picked":"Pandora\u0027s Box"}],"items_purged_floors":[20,21,39,47],"is_endless":false,"potions_floor_spawned":[4,11,14,23,33,35,46,54],"ascension_level":18}