{"gold_per_floor":[119,133,283,293,165,165,192,210,210,230,260,101,115,128,128,128],"floor_reached":16,"playtime":520,"items_purged":["Doubt","Strike_R"],"score":228,"play_id":"fd9764ae-d840-4cf0-999c-9c12e76c3c91","local_time":"20190806003128","is_ascension_mode":true,"campfire_choices":[{"data":"Bash","floor":6.0,"key":"SMITH"},{"data":"Havoc","floor":15.0,"key":"SMITH"}],"neow_cost":"NONE","seed_source_timestamp":713471212070350,"circlet_count":0,"master_deck":["AscendersBane","Strike_R","Strike_R","Strike_R+1","Strike_R","Defend_R","Defend_R","Defend_R","Defend_R","Bash+1","Corruption","Hemokinesis+1","Shrug It Off","Second Wind","Sword Boomerang","Disarm","Havoc+1"],"special_seed":0,"relics":["Burning Blood","Vajra","Whetstone","Omamori","Frozen Egg 2"],"potions_floor_usage":[16,16],"damage_taken":[{"damage":4.0,"enemies":"Jaw Worm","floor":1.0,"turns":5.0},{"damage":4.0,"enemies":"Small Slimes","floor":2.0,"turns":3.0},{"damage":3.0,"enemies":"Cultist","floor":4.0,"turns":2.0},{"damage":45.0,"enemies":"Lagavulin","floor":7.0,"turns":7.0},{"damage":2.0,"enemies":"Large Slime","floor":8.0,"turns":4.0},{"damage":11.0,"enemies":"Red Slaver","floor":10.0,"turns":3.0},{"damage":30.0,"enemies":"Gremlin Nob","floor":11.0,"turns":4.0},{"damage":1.0,"enemies":"2 Fungi Beasts","floor":13.0,"turns":3.0},{"damage":5.0,"enemies":"Exordium Wildlife","floor":14.0,"turns":3.0},{"damage":15,"enemies":"The Guardian","floor":16,"turns":10}],"seed_played":"-2775797232337091386","potions_obtained":[{"floor":1.0,"key":"GamblersBrew"},{"floor":2.0,"key":"Poison Potion"},{"floor":11.0,"key":"Fire Potion"},{"floor":14.0,"key":"AttackPotion"}],"is_trial":false,"path_per_floor":["M","M","?","M","$","R","E","M","T","M","E","$","M","M","R","B"],"character_chosen":"IRONCLAD","items_purchased":["Shrug It Off","Havoc"],"campfire_rested":0,"item_purchase_floors":[5,12],"current_hp_per_floor":[70,72,72,75,75,75,36,40,40,35,11,11,16,17,17,2],"gold":128,"neow_bonus":"RANDOM_COMMON_RELIC","is_prod":false,"is_daily":false,"chose_seed":false,"campfire_upgraded":2,"win_rate":0,"timestamp":1565019088,"path_taken":["M","M","?","M","$","R","E","M","T","M","E","$","M","M","R","BOSS"],"build_version":"2019-07-17","purchased_purges":2,"victory":false,"max_hp_per_floor":[75,75,75,75,75,75,75,75,75,75,75,75,75,75,75,75],"card_choices":[{"not_picked":["True Grit","Spot Weakness"],"picked":"Corruption","floor":1.0},{"not_picked":["Warcry","Shrug It Off"],"picked":"Hemokinesis","floor":2.0},{"not_picked":["Pommel Strike","Shrug It Off","Headbutt"],"picked":"SKIP","floor":4.0},{"not_picked":["Sword Boomerang","Spot Weakness"],"picked":"Second Wind","floor":7.0},{"not_picked":["Sword Boomerang","Thunderclap","Entrench"],"picked":"SKIP","floor":8.0},{"not_picked":["Sword Boomerang","Thunderclap","Entrench"],"picked":"SKIP","floor":8.0},{"not_picked":["Thunderclap","Entrench"],"picked":"Sword Boomerang","floor":8.0},{"not_picked":["Perfected Strike","Clash","Shrug It Off"],"picked":"SKIP","floor":10.0},{"not_picked":["Brutality","Disarm","Iron Wave"],"picked":"SKIP","floor":11.0},{"not_picked":["Brutality","Iron Wave"],"picked":"Disarm","floor":11.0},{"not_picked":["Clash","Heavy Blade","Clothesline"],"picked":"SKIP","floor":13.0},{"not_picked":["Shockwave","Wild Strike","Warcry"],"picked":"SKIP","floor":14.0}],"player_experience":775800,"relics_obtained":[{"floor":7.0,"key":"Whetstone"},{"floor":9.0,"key":"Omamori"},{"floor":11.0,"key":"Frozen Egg 2"}],"event_choices":[{"damage_healed":0.0,"max_hp_gain":0.0,"max_hp_loss":0.0,"gold_gain":150.0,"event_name":"Liars Game","player_choice":"AGREE","floor":3.0,"gold_loss":0.0,"damage_taken":0.0,"cards_obtained":["Doubt"]}],"is_beta":false,"boss_relics":[],"items_purged_floors":[5,12],"is_endless":false,"potions_floor_spawned":[1,2,4,11,14],"killed_by":"The Guardian","ascension_level":20}