{"gold_per_floor":[109,125,125,50,50,50,68,84,84,96,109,109,126,139,139,216,216,236,249,108,33,33,33],"floor_reached":23,"playtime":819,"items_purged":["Strike_G","Strike_G"],"score":370,"play_id":"1e6c1534-3b3a-4544-8e45-c2910b22c628","local_time":"20190213164648","is_ascension_mode":true,"campfire_choices":[{"data":"Neutralize","floor":6,"key":"SMITH"},{"data":"Endless Agony","floor":12,"key":"SMITH"},{"data":"Endless Agony","floor":15,"key":"SMITH"}],"neow_cost":"TEN_PERCENT_HP_LOSS","seed_source_timestamp":30954290895807,"circlet_count":0,"master_deck":["AscendersBane","Defend_G+1","Defend_G+1","Defend_G+1","Defend_G+1","Strike_G+1","Survivor","Neutralize+1","Backflip","Endless Agony+1","Cloak And Dagger","Endless Agony+1","All Out Attack","Burst","Footwork","Calculated Gamble"],"relics":["Ring of the Snake","Gremlin Horn","Busted Crown"],"potions_floor_usage":[11,16,23,23],"damage_taken":[{"damage":0,"enemies":"Cultist","floor":1,"turns":5},{"damage":2,"enemies":"Small Slimes","floor":2,"turns":4},{"damage":0,"enemies":"2 Louse","floor":7,"turns":3},{"damage":4,"enemies":"2 Fungi Beasts","floor":8,"turns":5},{"damage":0,"enemies":"Exordium Wildlife","floor":10,"turns":3},{"damage":20,"enemies":"Large Slime","floor":11,"turns":9},{"damage":0,"enemies":"Gremlin Gang","floor":13,"turns":4},{"damage":3,"enemies":"3 Louse","floor":14,"turns":2},{"damage":35,"enemies":"Slime Boss","floor":16,"turns":11},{"damage":25,"enemies":"Spheric Guardian","floor":18,"turns":6},{"damage":0,"enemies":"Shell Parasite","floor":19,"turns":8},{"damage":26,"enemies":"Slavers","floor":23,"turns":4}],"seed_played":"9111565028859311433","potions_obtained":[{"floor":2,"key":"FearPotion"},{"floor":5,"key":"Regen Potion"},{"floor":14,"key":"Swift Potion"},{"floor":18,"key":"LiquidBronze"}],"is_trial":false,"path_per_floor":["M","M","$","$","?","R","M","M","T","M","M","R","M","M","R","B",null,"M","M","$","?","?","E"],"character_chosen":"THE_SILENT","items_purchased":["Calculated Gamble"],"campfire_rested":0,"item_purchase_floors":[20],"current_hp_per_floor":[59,57,57,57,57,57,57,53,53,53,48,48,48,45,45,10,48,23,23,23,23,23,0],"gold":33,"neow_bonus":"REMOVE_TWO","is_prod":false,"is_daily":false,"chose_seed":false,"campfire_upgraded":3,"win_rate":0,"timestamp":1550047608,"path_taken":["M","?","?","$","?","R","M","M","T","?","?","R","M","M","R","BOSS","M","M","$","?","?","E"],"build_version":"2019-01-23","purchased_purges":2,"victory":false,"max_hp_per_floor":[60,60,60,60,60,60,60,60,60,60,60,60,60,60,60,60,60,60,60,60,60,60,60],"card_choices":[{"not_picked":["Dagger Spray","Caltrops","Poisoned Stab"],"picked":"SKIP","floor":1},{"not_picked":["Riddle With Holes","PiercingWail"],"picked":"Backflip","floor":2},{"not_picked":["Crippling Poison","Caltrops","Prepared"],"picked":"SKIP","floor":7},{"not_picked":["Skewer","PiercingWail"],"picked":"Endless Agony","floor":8},{"not_picked":["Eviscerate","Blade Dance"],"picked":"Cloak And Dagger","floor":10},{"not_picked":["Deflect","Acrobatics"],"picked":"Endless Agony","floor":11},{"not_picked":["Dagger Spray","Dash"],"picked":"All Out Attack","floor":13},{"not_picked":["Outmaneuver","Underhanded Strike"],"picked":"Burst","floor":14},{"not_picked":[],"picked":"Footwork","floor":18},{"not_picked":["Slice"],"picked":"SKIP","floor":19}],"player_experience":2686115,"relics_obtained":[{"floor":9,"key":"Gremlin Horn"}],"event_choices":[{"damage_healed":0,"gold_gain":0,"player_choice":"Got Potions","damage_taken":0,"max_hp_gain":0,"max_hp_loss":0,"event_name":"Lab","floor":5,"gold_loss":0},{"cards_removed":["Strike_G"],"damage_healed":0,"gold_gain":0,"player_choice":"Gave Gold","damage_taken":0,"max_hp_gain":0,"max_hp_loss":0,"event_name":"Beggar","floor":21,"gold_loss":75},{"damage_healed":0,"gold_gain":0,"player_choice":"Simplicity","damage_taken":0,"max_hp_gain":0,"max_hp_loss":0,"event_name":"Back to Basics","floor":22,"gold_loss":0,"cards_upgraded":["Defend_G","Defend_G","Defend_G","Defend_G","Strike_G"]}],"is_beta":false,"boss_relics":[{"not_picked":["WristBlade","Black Star"],"picked":"Busted Crown"}],"items_purged_floors":[4,20],"is_endless":false,"potions_floor_spawned":[2,10,14,18],"killed_by":"Slavers","ascension_level":20}