{"gold_per_floor":[114,114,38,38,54,54,54,54,54,79,113,138,178,54,54,148,148,172,185,185,185,208,244,265,265,265,296,296,246,286,336,336,432,432,451,784,784,801,544,576,595,620,620,653,672,672,685,685,685,685,685,685,685,253,278,278],"floor_reached":57,"playtime":4627,"items_purged":["Strike_G","Strike_G","Strike_G","Defend_G"],"score":3587,"play_id":"b5171cd9-b097-40da-b07b-67aa66bad508","local_time":"20190220123933","is_ascension_mode":true,"campfire_choices":[{"data":"Well Laid Plans","floor":6.0,"key":"SMITH"},{"data":"Neutralize","floor":8.0,"key":"SMITH"},{"data":"Calculated Gamble","floor":15.0,"key":"SMITH"},{"data":"Grand Finale","floor":25.0,"key":"SMITH"},{"data":"Survivor","floor":28.0,"key":"SMITH"},{"floor":32.0,"key":"RECALL"},{"data":"Defend_G","floor":46,"key":"SMITH"},{"data":"Defend_G","floor":49,"key":"SMITH"},{"data":"Defend_G","floor":53,"key":"SMITH"}],"neow_cost":"NONE","seed_source_timestamp":408254154805,"circlet_count":0,"master_deck":["AscendersBane","Defend_G+1","Defend_G","Defend_G+1","Defend_G+1","Survivor+1","Neutralize+1","Bouncing Flask+1","Well Laid Plans+1","Calculated Gamble+1","Adrenaline+1","Concentrate+1","Expertise+1","Grand Finale+1","Acrobatics+1","Thinking Ahead+1","Madness+1"],"special_seed":0,"relics":["Ring of the Serpent","NeowsBlessing","Toxic Egg 2","Bronze Scales","Smiling Mask","Black Star","Anchor","Bottled Lightning","Mummified Hand","Dream Catcher","Bag of Preparation","Meat on the Bone","FaceOfCleric","Blue Candle","Bottled Tornado","Gremlin Horn","Dodecahedron","Bottled Flame","Pear","Darkstone Periapt","TheAbacus","Vajra","Tough Bandages"],"potions_floor_usage":[47,56],"damage_taken":[{"damage":0.0,"enemies":"Small Slimes","floor":1.0,"turns":1.0},{"damage":0.0,"enemies":"Cultist","floor":5.0,"turns":1.0},{"damage":0.0,"enemies":"Jaw Worm","floor":10.0,"turns":1.0},{"damage":36.0,"enemies":"Gremlin Nob","floor":11.0,"turns":4.0},{"damage":0.0,"enemies":"Looter","floor":12.0,"turns":2.0},{"damage":12.0,"enemies":"3 Sentries","floor":13.0,"turns":9.0},{"damage":1.0,"enemies":"Hexaghost","floor":16.0,"turns":8.0},{"damage":4.0,"enemies":"2 Thieves","floor":18.0,"turns":2.0},{"damage":0.0,"enemies":"3 Byrds","floor":19.0,"turns":1.0},{"damage":0.0,"enemies":"Snake Plant","floor":22.0,"turns":2.0},{"damage":5.0,"enemies":"Book of Stabbing","floor":23.0,"turns":4.0},{"damage":8.0,"enemies":"Snecko","floor":24.0,"turns":4.0},{"damage":4.0,"enemies":"Slavers","floor":27.0,"turns":3.0},{"damage":0.0,"enemies":"Book of Stabbing","floor":30.0,"turns":3.0},{"damage":0.0,"enemies":"Collector","floor":33.0,"turns":4.0},{"damage":0.0,"enemies":"3 Darklings","floor":35.0,"turns":1.0},{"damage":0.0,"enemies":"Orb Walker","floor":38.0,"turns":2.0},{"damage":0,"enemies":"Giant Head","floor":40,"turns":3},{"damage":0,"enemies":"Maw","floor":41,"turns":1},{"damage":0,"enemies":"Reptomancer","floor":42,"turns":2},{"damage":0,"enemies":"Nemesis","floor":44,"turns":1},{"damage":0,"enemies":"Jaw Worm Horde","floor":45,"turns":1},{"damage":0,"enemies":"Spire Growth","floor":47,"turns":3},{"damage":0,"enemies":"Awakened One","floor":50,"turns":7},{"damage":0,"enemies":"Donu and Deca","floor":51,"turns":5},{"damage":0,"enemies":"Shield and Spear","floor":55,"turns":2},{"damage":1,"enemies":"The Heart","floor":56,"turns":7}],"seed_played":"666389065386620194","potions_obtained":[{"floor":1.0,"key":"Fruit Juice"},{"floor":5.0,"key":"PowerPotion"},{"floor":22.0,"key":"Poison Potion"},{"floor":35.0,"key":"FearPotion"},{"floor":42,"key":"Regen Potion"}],"is_trial":false,"path_per_floor":["M","?","$","?","M","R","?","R","T","M","E","M","E","$","R","B",null,"M","M","?","?","M","E","M","R","T","E","R","$","E","?","R","B",null,"M","?","?","M","$","E","M","E","T","E","M","R","M","?","R","B","B",null,"R","$","E","B",null],"character_chosen":"THE_SILENT","items_purchased":["Well Laid Plans","Expertise+1","Thinking Ahead+1","TheAbacus","Madness+1","Explosive Potion"],"campfire_rested":0,"item_purchase_floors":[3,14,39,54,54,54],"current_hp_per_floor":[64,64,64,64,64,64,64,64,64,64,28,28,16,16,16,15,52,48,48,48,48,48,43,35,35,35,31,31,31,31,31,31,43,59,59,59,59,60,60,61,62,63,63,74,75,75,81,77,77,78,79,79,79,79,80,80],"gold":278,"neow_bonus":"THREE_ENEMY_KILL","is_prod":false,"is_daily":false,"chose_seed":false,"campfire_upgraded":8,"win_rate":0,"timestamp":1550637573,"path_taken":["M","?","?","?","M","R","?","R","T","M","E","M","E","$","R","BOSS","M","M","?","?","M","E","?","R","T","E","R","$","E","?","R","BOSS","M","?","?","M","$","E","M","E","T","E","?","R","M","?","R","BOSS","BOSS","R","$","E","BOSS"],"build_version":"2019-01-23","purchased_purges":4,"victory":true,"max_hp_per_floor":[71,71,71,64,64,64,64,64,64,64,64,64,64,64,64,64,64,64,64,64,64,64,64,64,64,64,64,64,64,64,64,64,64,64,64,64,64,65,65,66,67,68,68,79,80,80,81,77,77,78,79,79,79,79,80,81],"card_choices":[{"not_picked":["Outmaneuver","Escape Plan"],"picked":"Bouncing Flask","floor":1.0},{"not_picked":["Deflect","PiercingWail","Concentrate"],"picked":"SKIP","floor":5.0},{"not_picked":["Underhanded Strike","Eviscerate","Heel Hook"],"picked":"SKIP","floor":10.0},{"not_picked":["Blade Dance+1","Outmaneuver+1"],"picked":"Adrenaline+1","floor":11.0},{"not_picked":["Deflect+1","Underhanded Strike","Choke"],"picked":"SKIP","floor":12.0},{"not_picked":["Deflect+1","Underhanded Strike","Choke"],"picked":"SKIP","floor":12.0},{"not_picked":["Outmaneuver+1","Heel Hook"],"picked":"Concentrate+1","floor":13.0},{"not_picked":["Envenom","A Thousand Cuts"],"picked":"Grand Finale","floor":16.0},{"not_picked":["Quick Slash","Riddle With Holes","Bouncing Flask+1"],"picked":"SKIP","floor":18.0},{"not_picked":["Quick Slash","Dagger Throw+1","Backstab"],"picked":"SKIP","floor":19.0},{"not_picked":["Dodge and Roll+1","Dagger Spray","Deflect+1"],"picked":"SKIP","floor":22.0},{"not_picked":["Deadly Poison+1","Dagger Spray+1","Bane+1"],"picked":"SKIP","floor":23.0},{"not_picked":["Quick Slash","Choke","Dagger Throw"],"picked":"SKIP","floor":24.0},{"not_picked":["Finisher","Deflect+1","Dagger Throw"],"picked":"SKIP","floor":27.0},{"not_picked":["Dagger Throw","Outmaneuver+1"],"picked":"Acrobatics+1","floor":30.0},{"not_picked":["Calculated Gamble+1","Dagger Throw","Deflect+1"],"picked":"SKIP","floor":35.0},{"not_picked":["Riddle With Holes","All Out Attack","Concentrate+1"],"picked":"SKIP","floor":38.0},{"not_picked":["Backstab","Deadly Poison+1","Quick Slash"],"picked":"SKIP","floor":40},{"not_picked":["Sucker Punch","Poisoned Stab","Dagger Throw"],"picked":"SKIP","floor":41},{"not_picked":["Underhanded Strike","Dagger Spray","Bane+1"],"picked":"SKIP","floor":42},{"not_picked":["Infinite Blades","Deflect+1","Blade Dance+1"],"picked":"SKIP","floor":44},{"not_picked":["Masterful Stab","Venomology+1","Deadly Poison+1"],"picked":"SKIP","floor":45},{"not_picked":["Slice","Backstab","Footwork"],"picked":"SKIP","floor":47},{"not_picked":["Outmaneuver+1","Underhanded Strike","Bane"],"picked":"SKIP","floor":55}],"player_experience":2978754,"relics_obtained":[{"floor":9.0,"key":"Toxic Egg 2"},{"floor":11.0,"key":"Bronze Scales"},{"floor":13.0,"key":"Smiling Mask"},{"floor":23.0,"key":"Anchor"},{"floor":23.0,"key":"Bottled Lightning"},{"floor":27.0,"key":"Mummified Hand"},{"floor":27.0,"key":"Dream Catcher"},{"floor":30.0,"key":"Bag of Preparation"},{"floor":30.0,"key":"Meat on the Bone"},{"floor":40,"key":"Blue Candle"},{"floor":40,"key":"Bottled Tornado"},{"floor":42,"key":"Gremlin Horn"},{"floor":42,"key":"Dodecahedron"},{"floor":43,"key":"Bottled Flame"},{"floor":44,"key":"Pear"},{"floor":44,"key":"Darkstone Periapt"},{"floor":55,"key":"Vajra"},{"floor":55,"key":"Tough Bandages"}],"event_choices":[{"damage_healed":0.0,"max_hp_gain":0.0,"max_hp_loss":0.0,"gold_gain":0.0,"event_name":"Upgrade Shrine","player_choice":"Upgraded","floor":2.0,"gold_loss":0.0,"damage_taken":0.0,"cards_upgraded":["Bouncing Flask"]},{"damage_healed":0.0,"max_hp_gain":0.0,"max_hp_loss":7.0,"gold_gain":0.0,"event_name":"Golden Idol","player_choice":"Lose Max HP","floor":4.0,"gold_loss":0.0,"damage_taken":0.0,"relics_obtained":["Golden Idol"]},{"damage_healed":0.0,"max_hp_gain":0.0,"max_hp_loss":0.0,"gold_gain":0.0,"cards_transformed":["Strike_G"],"event_name":"Transmorgrifier","player_choice":"Transformed","floor":7.0,"gold_loss":0.0,"damage_taken":0.0,"cards_obtained":["Calculated Gamble"]},{"damage_healed":0.0,"max_hp_gain":0.0,"max_hp_loss":0.0,"gold_gain":0.0,"event_name":"Cursed Tome","player_choice":"Ignored","floor":20.0,"gold_loss":0.0,"damage_taken":0.0},{"cards_removed":["Strike_G"],"damage_healed":0.0,"max_hp_gain":0.0,"max_hp_loss":0.0,"gold_gain":0.0,"event_name":"Purifier","player_choice":"Purged","floor":21.0,"gold_loss":0.0,"damage_taken":0.0},{"damage_healed":0.0,"max_hp_gain":0.0,"max_hp_loss":0.0,"gold_gain":50.0,"event_name":"Golden Shrine","player_choice":"Pray","floor":31.0,"gold_loss":0.0,"damage_taken":0.0},{"damage_healed":0.0,"max_hp_gain":0.0,"max_hp_loss":0.0,"gold_gain":333.0,"event_name":"The Moai Head","player_choice":"Gave Idol","floor":36.0,"relics_lost":["Golden Idol"],"gold_loss":0.0,"damage_taken":0.0},{"damage_healed":0.0,"max_hp_gain":0.0,"max_hp_loss":0.0,"gold_gain":0.0,"event_name":"FaceTrader","player_choice":"Trade","floor":37.0,"gold_loss":0.0,"damage_taken":0.0,"relics_obtained":["FaceOfCleric"]},{"damage_healed":0,"gold_gain":0,"player_choice":"Max HP","damage_taken":0,"max_hp_gain":0,"max_hp_loss":4,"event_name":"Winding Halls","floor":48,"gold_loss":0}],"is_beta":false,"boss_relics":[{"not_picked":["Velvet Choker","White Beast Statue"],"picked":"Black Star"},{"not_picked":["Cursed Key","Fusion Hammer"],"picked":"Ring of the Serpent"}],"items_purged_floors":[14,29,39,54],"is_endless":false,"potions_floor_spawned":[1,5,22,24,35,41,42,45],"ascension_level":20}