{"gold_per_floor":[116,116,41,41,55,55,73,117,195,195,222,237,237,255,255,345,345,369,369,383,253,274,274,288,288,288,213,213,251,251,291,291,386,449,465,156,156,180,205,205,225,240,264,40,59,80,80,113,113,113,113,113,113,113,151,151],"floor_reached":57,"playtime":2422,"items_purged":["Strike_G","Strike_G"],"score":2854,"play_id":"0385f04b-7c1b-491c-a6e3-d613a39d50a0","local_time":"20190218103822","is_ascension_mode":true,"campfire_choices":[{"data":"Neutralize","floor":6.0,"key":"SMITH"},{"data":"Deadly Poison","floor":10.0,"key":"SMITH"},{"data":"Caltrops","floor":13.0,"key":"SMITH"},{"data":"Tactician","floor":15.0,"key":"SMITH"},{"data":"Acrobatics","floor":23.0,"key":"SMITH"},{"data":"Catalyst","floor":28.0,"key":"SMITH"},{"data":"Corpse Explosion","floor":30.0,"key":"SMITH"},{"data":"Survivor","floor":32.0,"key":"SMITH"},{"data":"Acrobatics","floor":40,"key":"SMITH"},{"floor":49,"key":"RECALL"},{"data":"Burst","floor":53,"key":"SMITH"}],"neow_cost":"TEN_PERCENT_HP_LOSS","seed_source_timestamp":6699417084387,"circlet_count":0,"master_deck":["AscendersBane","Defend_G","Defend_G","Defend_G","Defend_G","Survivor+1","Neutralize+1","Deadly Poison+1","Caltrops+1","Tactician+1","Corpse Explosion+1","Acrobatics+1","Catalyst+1","After Image+1","Catalyst","Acrobatics+1","Burst+1","PiercingWail+1","Calculated Gamble"],"special_seed":0,"relics":["Ring of the Snake","Ice Cream","Golden Idol","Blood Vial","Matryoshka","Pen Nib","Coffee Dripper","Anchor","Molten Egg 2","Red Mask","Lantern","Tiny House","Toy Ornithopter","Snake Skull","Medical Kit","Incense Burner","Bag of Marbles"],"potions_floor_usage":[56,56],"damage_taken":[{"damage":7.0,"enemies":"Jaw Worm","floor":1.0,"turns":5.0},{"damage":2.0,"enemies":"2 Louse","floor":5.0,"turns":4.0},{"damage":0.0,"enemies":"Cultist","floor":7.0,"turns":5.0},{"damage":42.0,"enemies":"3 Sentries","floor":8.0,"turns":14.0},{"damage":1.0,"enemies":"2 Fungi Beasts","floor":12.0,"turns":4.0},{"damage":3.0,"enemies":"Red Slaver","floor":14.0,"turns":3.0},{"damage":5.0,"enemies":"Hexaghost","floor":16.0,"turns":8.0},{"damage":13.0,"enemies":"Shell Parasite","floor":18.0,"turns":5.0},{"damage":1.0,"enemies":"3 Byrds","floor":20.0,"turns":1.0},{"damage":12.0,"enemies":"Cultist and Chosen","floor":22.0,"turns":5.0},{"damage":0.0,"enemies":"Sentry and Sphere","floor":24.0,"turns":3.0},{"damage":0.0,"enemies":"Masked Bandits","floor":29.0,"turns":2.0},{"damage":1.0,"enemies":"Slavers","floor":31.0,"turns":2.0},{"damage":8.0,"enemies":"Collector","floor":33.0,"turns":6.0},{"damage":0.0,"enemies":"3 Darklings","floor":35.0,"turns":2.0},{"damage":0,"enemies":"Orb Walker","floor":38,"turns":2},{"damage":0,"enemies":"Writhing Mass","floor":39,"turns":4},{"damage":0,"enemies":"Transient","floor":41,"turns":6},{"damage":0,"enemies":"Maw","floor":42,"turns":3},{"damage":0,"enemies":"4 Shapes","floor":45,"turns":2},{"damage":0,"enemies":"3 Darklings","floor":46,"turns":2},{"damage":0,"enemies":"Giant Head","floor":48,"turns":3},{"damage":3,"enemies":"Awakened One","floor":50,"turns":10},{"damage":0,"enemies":"Donu and Deca","floor":51,"turns":6},{"damage":0,"enemies":"Shield and Spear","floor":55,"turns":3},{"damage":50,"enemies":"The Heart","floor":56,"turns":8}],"seed_played":"2136670314120666653","potions_obtained":[{"floor":5.0,"key":"Swift Potion"},{"floor":7.0,"key":"Poison Potion"},{"floor":12.0,"key":"Poison Potion"},{"floor":18.0,"key":"Explosive Potion"},{"floor":22.0,"key":"LiquidBronze"},{"floor":29.0,"key":"Explosive Potion"},{"floor":34.0,"key":"FearPotion"},{"floor":35.0,"key":"GamblersBrew"},{"floor":38,"key":"Ancient Potion"}],"is_trial":false,"path_per_floor":["M","?","?","$","M","R","M","E","T","R","T","M","R","M","R","B",null,"M","?","M","$","M","R","M","?","T","?","R","?","R","E","R","B",null,"M","$","?","M","M","R","M","M","T","$","M","M","?","E","R","B","B",null,"R","$","E","B",null],"character_chosen":"THE_SILENT","items_purchased":["Poison Potion","Toy Ornithopter","Medical Kit"],"campfire_rested":0,"item_purchase_floors":[21,36,44],"current_hp_per_floor":[52,52,52,52,50,50,50,8,8,8,8,9,9,8,8,5,42,31,31,32,32,22,22,24,24,24,24,24,26,26,27,27,21,51,53,53,53,55,57,57,59,59,59,59,59,59,59,59,59,56,58,59,59,59,59,14],"gold":151,"neow_bonus":"ONE_RARE_RELIC","is_prod":false,"is_daily":false,"chose_seed":false,"campfire_upgraded":10,"win_rate":0,"timestamp":1550457502,"path_taken":["M","?","?","$","M","R","M","E","T","R","?","M","R","M","R","BOSS","M","?","M","$","M","R","M","?","T","?","R","?","R","E","R","BOSS","M","$","?","M","M","R","M","M","T","?","M","M","?","E","R","BOSS","BOSS","R","$","E","BOSS"],"build_version":"2019-01-23","purchased_purges":2,"victory":true,"max_hp_per_floor":[60,54,54,54,54,54,54,54,54,54,54,54,54,54,54,54,54,54,54,54,54,54,54,54,54,54,54,54,54,54,54,54,54,59,59,59,59,59,59,59,59,59,59,59,59,59,59,59,59,59,59,59,59,59,59,59],"card_choices":[{"not_picked":["Dagger Throw","Riddle With Holes","PiercingWail"],"picked":"SKIP","floor":1.0},{"not_picked":["Underhanded Strike","Acrobatics","Eviscerate"],"picked":"SKIP","floor":5.0},{"not_picked":["Underhanded Strike","Poisoned Stab"],"picked":"Deadly Poison","floor":7.0},{"not_picked":["Quick Slash","Slice","Infinite Blades"],"picked":"SKIP","floor":8.0},{"not_picked":["Flechettes","Caltrops","Cloak And Dagger"],"picked":"SKIP","floor":12.0},{"not_picked":["Flechettes","Cloak And Dagger"],"picked":"Caltrops","floor":12.0},{"not_picked":["Deflect","Noxious Fumes"],"picked":"Tactician","floor":14.0},{"not_picked":["Envenom","Glass Knife"],"picked":"Corpse Explosion","floor":16.0},{"not_picked":["Bane","Dagger Spray","Dagger Throw+1"],"picked":"SKIP","floor":18.0},{"not_picked":["Dodge and Roll","Bane"],"picked":"Acrobatics","floor":20.0},{"not_picked":["Flying Knee+1","Quick Slash","Slice"],"picked":"SKIP","floor":22.0},{"not_picked":["Die Die Die","Flying Knee"],"picked":"Catalyst","floor":24.0},{"not_picked":["PiercingWail","Deadly Poison","Dash+1"],"picked":"SKIP","floor":31.0},{"not_picked":["Grand Finale+1","Adrenaline"],"picked":"After Image","floor":33.0},{"not_picked":["Underhanded Strike+1","Eviscerate+1"],"picked":"Catalyst","floor":35.0},{"not_picked":["Dagger Spray+1","Underhanded Strike+1"],"picked":"Acrobatics","floor":38},{"not_picked":["Cloak And Dagger","Prepared"],"picked":"Burst","floor":39},{"not_picked":["Eviscerate+1","Caltrops"],"picked":"PiercingWail+1","floor":41},{"not_picked":["Dash+1","Blade Dance","Underhanded Strike+1"],"picked":"SKIP","floor":42},{"not_picked":["Dagger Spray+1","Quick Slash+1"],"picked":"Calculated Gamble","floor":45},{"not_picked":["Sucker Punch+1","Dagger Spray+1","PiercingWail"],"picked":"SKIP","floor":46},{"not_picked":["Distraction+1","Masterful Stab+1","Grand Finale+1"],"picked":"SKIP","floor":48},{"not_picked":["Bane+1","Dodge and Roll","Infinite Blades"],"picked":"SKIP","floor":55}],"player_experience":2891909,"relics_obtained":[{"floor":8.0,"key":"Blood Vial"},{"floor":9.0,"key":"Matryoshka"},{"floor":11.0,"key":"Pen Nib"},{"floor":26.0,"key":"Anchor"},{"floor":26.0,"key":"Molten Egg 2"},{"floor":29.0,"key":"Red Mask"},{"floor":31.0,"key":"Lantern"},{"floor":43,"key":"Snake Skull"},{"floor":48,"key":"Incense Burner"},{"floor":55,"key":"Bag of Marbles"}],"event_choices":[{"damage_healed":0.0,"max_hp_gain":0.0,"max_hp_loss":6.0,"gold_gain":0.0,"event_name":"Golden Idol","player_choice":"Lose Max HP","floor":2.0,"gold_loss":0.0,"damage_taken":0.0,"relics_obtained":["Golden Idol"]},{"cards_removed":["Strike_G"],"damage_healed":0.0,"max_hp_gain":0.0,"max_hp_loss":0.0,"gold_gain":0.0,"event_name":"The Cleric","player_choice":"Card Removal","floor":3.0,"gold_loss":75.0,"damage_taken":0.0},{"damage_healed":0.0,"max_hp_gain":0.0,"max_hp_loss":0.0,"gold_gain":0.0,"event_name":"Cursed Tome","player_choice":"Ignored","floor":19.0,"gold_loss":0.0,"damage_taken":0.0},{"damage_healed":0.0,"max_hp_gain":0.0,"max_hp_loss":0.0,"gold_gain":0.0,"event_name":"The Mausoleum","player_choice":"Ignored","floor":25.0,"gold_loss":0.0,"damage_taken":0.0},{"cards_removed":["Strike_G"],"damage_healed":0.0,"max_hp_gain":0.0,"max_hp_loss":0.0,"gold_gain":0.0,"event_name":"Beggar","player_choice":"Gave Gold","floor":27.0,"gold_loss":75.0,"damage_taken":0.0},{"damage_healed":0.0,"max_hp_gain":0.0,"max_hp_loss":0.0,"gold_gain":0.0,"event_name":"Masked Bandits","player_choice":"Fought Bandits","floor":29.0,"gold_loss":0.0,"damage_taken":0.0},{"cards_removed":["Strike_G"],"damage_healed":0,"gold_gain":0,"player_choice":"Offered Basic","damage_taken":0,"max_hp_gain":0,"max_hp_loss":0,"event_name":"Bonfire Elementals","floor":37,"gold_loss":0},{"cards_removed":["Defend_G"],"damage_healed":0,"gold_gain":0,"player_choice":"Card Removal","damage_taken":0,"max_hp_gain":0,"max_hp_loss":0,"event_name":"Wheel of Change","floor":47,"gold_loss":0}],"is_beta":false,"boss_relics":[{"not_picked":["Eternal Feather","Busted Crown"],"picked":"Coffee Dripper"},{"not_picked":["Philosopher\u0027s Stone","Snecko Eye"],"picked":"Tiny House"}],"items_purged_floors":[21,36],"is_endless":false,"potions_floor_spawned":[5,7,12,18,22,29,31,35,38,42,46,55],"ascension_level":20}