{"gold_per_floor":[109,16,31,51,65,90,90,15,15,15,15,48,65,84,84,188,188,206,106,106,31,46,77,77,77,77,91,91],"floor_reached":28,"playtime":1443,"items_purged":["Defend_G","Strike_G"],"score":248,"play_id":"80167989-88d4-4b5a-a706-fed0cb8238c7","local_time":"20190102214533","is_ascension_mode":false,"campfire_choices":[{"data":"Storm of Steel","floor":7.0,"key":"SMITH"},{"floor":15.0,"key":"REST"},{"floor":24,"key":"REST"}],"neow_cost":"NONE","seed_source_timestamp":30921481783926,"circlet_count":0,"master_deck":["Defend_G","Survivor","Neutralize","Cloak And Dagger","Caltrops","Quick Slash+1","Deadly Poison","Storm of Steel+1","Tactician","Storm of Steel","Deadly Poison","Finisher+1","Quick Slash+1","Infinite Blades","Bane"],"special_seed":0,"relics":["Ring of the Snake","NeowsBlessing","Omamori","Blue Candle","Centennial Puzzle","Empty Cage","Whetstone","PreservedInsect","Ginger"],"potions_floor_usage":[23],"damage_taken":[{"damage":0.0,"enemies":"2 Louse","floor":1.0,"turns":1.0},{"damage":0.0,"enemies":"Cultist","floor":3.0,"turns":1.0},{"damage":0.0,"enemies":"Small Slimes","floor":4.0,"turns":1.0},{"damage":5.0,"enemies":"2 Fungi Beasts","floor":5.0,"turns":4.0},{"damage":36.0,"enemies":"Gremlin Nob","floor":6.0,"turns":5.0},{"damage":13.0,"enemies":"Lagavulin","floor":12.0,"turns":7.0},{"damage":0.0,"enemies":"Large Slime","floor":13.0,"turns":5.0},{"damage":0.0,"enemies":"Blue Slaver","floor":14.0,"turns":4.0},{"damage":27.0,"enemies":"Slime Boss","floor":16.0,"turns":5.0},{"damage":19.0,"enemies":"Shell Parasite","floor":18.0,"turns":7.0},{"damage":4.0,"enemies":"Chosen","floor":22.0,"turns":4.0},{"damage":38,"enemies":"Gremlin Leader","floor":23,"turns":4},{"damage":28,"enemies":"3 Cultists","floor":27,"turns":4}],"seed_played":"8211879702106074355","potions_obtained":[{"floor":4.0,"key":"Regen Potion"},{"floor":5.0,"key":"Swift Potion"},{"floor":6.0,"key":"Fire Potion"},{"floor":14.0,"key":"PowerPotion"},{"floor":18.0,"key":"Ancient Potion"},{"floor":22.0,"key":"GamblersBrew"}],"is_trial":false,"path_per_floor":["M","?","M","M","M","E","R","$","T","?","?","E","M","M","R","B",null,"M","$","?","?","M","E","R","?","T","M","?"],"character_chosen":"THE_SILENT","items_purchased":[],"campfire_rested":2,"item_purchase_floors":[],"current_hp_per_floor":[70,70,70,70,65,41,41,41,41,41,34,21,21,21,42,15,70,51,51,51,51,47,9,30,30,30,2,0],"gold":91,"neow_bonus":"THREE_ENEMY_KILL","is_prod":false,"is_daily":false,"chose_seed":false,"campfire_upgraded":1,"win_rate":0,"timestamp":1546461933,"path_taken":["M","?","?","?","M","E","R","$","T","?","?","E","M","M","R","BOSS","M","$","?","?","M","E","R","?","T","M","?"],"build_version":"2018-12-20","purchased_purges":2,"victory":false,"max_hp_per_floor":[70,70,70,70,70,70,70,70,70,70,70,70,70,70,70,70,70,70,70,70,70,70,70,70,70,70,70,75],"card_choices":[{"not_picked":["Backflip","Blur"],"picked":"Cloak And Dagger","floor":1.0},{"not_picked":["Setup","PiercingWail"],"picked":"Caltrops","floor":3.0},{"not_picked":["Outmaneuver","Sucker Punch"],"picked":"Quick Slash","floor":4.0},{"not_picked":["Dagger Spray","Deflect"],"picked":"Deadly Poison","floor":5.0},{"not_picked":["PiercingWail","Dagger Throw"],"picked":"Storm of Steel","floor":6.0},{"not_picked":["Bane","Poisoned Stab"],"picked":"Tactician","floor":12.0},{"not_picked":["Skewer","Distraction","Caltrops"],"picked":"SKIP","floor":13.0},{"not_picked":["Endless Agony","Prepared","Deflect"],"picked":"SKIP","floor":14.0},{"not_picked":["Wraith Form v2","Glass Knife"],"picked":"Storm of Steel","floor":16.0},{"not_picked":["Prepared","Poisoned Stab","Deflect"],"picked":"SKIP","floor":18.0},{"not_picked":["Deadly Poison","Blur"],"picked":"Quick Slash+1","floor":22.0},{"not_picked":["Flechettes","Skewer"],"picked":"Infinite Blades","floor":23},{"not_picked":["Deadly Poison","Flying Knee"],"picked":"Bane","floor":27}],"player_experience":387765,"relics_obtained":[{"floor":6.0,"key":"Blue Candle"},{"floor":12.0,"key":"Centennial Puzzle"},{"floor":23,"key":"Whetstone"},{"floor":26,"key":"Ginger"}],"event_choices":[{"damage_healed":0.0,"max_hp_gain":0.0,"max_hp_loss":0.0,"gold_gain":0.0,"event_name":"WeMeetAgain","player_choice":"Paid Gold","floor":2.0,"gold_loss":93.0,"damage_taken":0.0,"relics_obtained":["Omamori"]},{"cards_removed":["Strike_G"],"damage_healed":0.0,"max_hp_gain":0.0,"max_hp_loss":0.0,"gold_gain":0.0,"event_name":"Living Wall","player_choice":"Forget","floor":10.0,"gold_loss":0.0,"damage_taken":0.0},{"cards_removed":["Defend_G"],"damage_healed":0.0,"max_hp_gain":0.0,"max_hp_loss":0.0,"gold_gain":0.0,"event_name":"Golden Wing","player_choice":"Card Removal","floor":11.0,"gold_loss":0.0,"damage_taken":7.0},{"damage_healed":0.0,"max_hp_gain":0.0,"max_hp_loss":0.0,"gold_gain":0.0,"cards_transformed":["Strike_G","Defend_G"],"event_name":"Drug Dealer","player_choice":"Became Test Subject","floor":20.0,"gold_loss":0.0,"damage_taken":0.0,"cards_obtained":["Deadly Poison","Finisher"]},{"cards_removed":["Strike_G"],"damage_healed":0.0,"max_hp_gain":0.0,"max_hp_loss":0.0,"gold_gain":0.0,"event_name":"Beggar","player_choice":"Gave Gold","floor":21.0,"gold_loss":75.0,"damage_taken":0.0},{"damage_healed":0,"gold_gain":0,"player_choice":"Opened","damage_taken":0,"relics_obtained":["PreservedInsect"],"max_hp_gain":0,"max_hp_loss":0,"event_name":"The Mausoleum","floor":25,"gold_loss":0,"cards_obtained":["Writhe"]}],"is_beta":false,"boss_relics":[{"not_picked":["Eternal Feather","Runic Pyramid"],"picked":"Empty Cage"}],"items_purged_floors":[8,19],"is_endless":false,"potions_floor_spawned":[4,5,6,14,18,22],"ascension_level":0}