{"gold_per_floor":[109,128,128,145,70,70,70,70,70,85,7,7,21,39,39,39],"floor_reached":16,"playtime":437,"items_purged":["Strike_G"],"score":184,"play_id":"1e071c97-039d-4fe6-aa71-ac95bb36ebac","local_time":"20190104094608","is_ascension_mode":true,"campfire_choices":[{"data":"Corpse Explosion","floor":6.0,"key":"SMITH"},{"data":"Footwork","floor":12.0,"key":"SMITH"},{"data":"Deadly Poison","floor":15.0,"key":"SMITH"}],"neow_cost":"NONE","seed_source_timestamp":1812787405921,"circlet_count":0,"master_deck":["AscendersBane","Defend_G","Defend_G","Defend_G","Defend_G","Defend_G","Strike_G","Strike_G","Strike_G","Strike_G","Survivor","Neutralize+1","Corpse Explosion+1","Leg Sweep","Footwork+1","Deadly Poison+1"],"special_seed":0,"relics":["Ring of the Snake"],"potions_floor_usage":[16,16],"damage_taken":[{"damage":5.0,"enemies":"Cultist","floor":1.0,"turns":4.0},{"damage":1.0,"enemies":"Small Slimes","floor":2.0,"turns":3.0},{"damage":0.0,"enemies":"2 Louse","floor":4.0,"turns":2.0},{"damage":4.0,"enemies":"Red Slaver","floor":10.0,"turns":8.0},{"damage":9.0,"enemies":"Exordium Wildlife","floor":13.0,"turns":7.0},{"damage":0.0,"enemies":"2 Fungi Beasts","floor":14.0,"turns":2.0},{"damage":51,"enemies":"Slime Boss","floor":16,"turns":7}],"seed_played":"6036766263785214255","potions_obtained":[{"floor":1.0,"key":"Poison Potion"},{"floor":13.0,"key":"EssenceOfSteel"},{"floor":14.0,"key":"Explosive Potion"}],"is_trial":false,"path_per_floor":["M","M","?","M","$","R","$","?","T","M","$","R","M","M","R","B"],"character_chosen":"THE_SILENT","items_purchased":["Footwork"],"campfire_rested":0,"item_purchase_floors":[11],"current_hp_per_floor":[54,53,58,58,58,58,58,58,58,54,54,54,45,45,45,0],"gold":39,"neow_bonus":"ONE_RANDOM_RARE_CARD","is_prod":false,"is_daily":false,"chose_seed":false,"campfire_upgraded":3,"win_rate":0,"timestamp":1546566368,"path_taken":["M","M","?","M","$","R","$","?","T","?","?","R","M","?","R","BOSS"],"build_version":"2019-01-03","purchased_purges":1,"victory":false,"max_hp_per_floor":[66,66,71,71,71,71,71,71,71,71,71,71,71,71,71,71],"card_choices":[{"not_picked":["Reflex","Sucker Punch","Dodge and Roll"],"picked":"SKIP","floor":1.0},{"not_picked":["Outmaneuver","PiercingWail"],"picked":"Leg Sweep","floor":2.0},{"not_picked":["Flechettes","Blur","Setup"],"picked":"SKIP","floor":4.0},{"not_picked":["Heel Hook","Poisoned Stab","Deflect"],"picked":"SKIP","floor":10.0},{"not_picked":["Acrobatics","Dagger Spray"],"picked":"Deadly Poison","floor":13.0},{"not_picked":["Prepared","Dodge and Roll","Eviscerate"],"picked":"SKIP","floor":14.0}],"player_experience":1714841,"relics_obtained":[],"event_choices":[{"damage_healed":0.0,"max_hp_gain":5.0,"max_hp_loss":0.0,"gold_gain":0.0,"event_name":"Big Fish","player_choice":"Donut","floor":3.0,"gold_loss":0.0,"damage_taken":0.0},{"damage_healed":0.0,"max_hp_gain":0.0,"max_hp_loss":0.0,"gold_gain":0.0,"event_name":"Upgrade Shrine","player_choice":"Upgraded","floor":8.0,"gold_loss":0.0,"damage_taken":0.0,"cards_upgraded":["Neutralize"]}],"is_beta":false,"boss_relics":[],"items_purged_floors":[5],"is_endless":false,"potions_floor_spawned":[1,13,14],"killed_by":"Slime Boss","ascension_level":20}