{"path_per_floor":["M","M","M","M","M","M","R","?","T","M","R","M","R","M","R"],"character_chosen":"THE_SILENT","items_purchased":[],"gold_per_floor":[118,128,138,148,165,180,180,145,168,178,178,191,191,210,210],"floor_reached":16,"campfire_rested":0,"playtime":1463,"current_hp_per_floor":[69,69,69,59,45,35,35,52,52,52,52,52,52,52,52],"items_purged":[],"gold":210,"score":98,"play_id":"7d8d310c-593a-452b-9a85-ae52ae8fe826","is_prod":false,"is_daily":false,"is_ascension_mode":false,"campfire_upgraded":4,"path_taken":["M","?","M","M","M","M","R","?","T","M","R","M","R","M","R","BOSS"],"build_version":"2018-02-22-PROD2","purchased_purges":0,"victory":false,"master_deck":["Defend_G","Defend_G","Defend_G","Defend_G","Defend_G","Strike_G","Strike_G","Strike_G","Strike_G","Strike_G","Survivor","Neutralize","Adrenaline+1","Flying Knee","Bane","Prepared","Riddle With Holes+1","Predator","Heel Hook","Choke+1","Envenom","Flechettes+1"],"max_hp_per_floor":[70,70,70,70,70,70,70,70,70,70,70,70,70,70,70],"relics":["Ring of the Snake","Bag of Preparation"],"card_choices":[{"not_picked":["Deflect","Malaise"],"picked":"Flying Knee"},{"not_picked":["Deflect","Prepared"],"picked":"Bane"},{"not_picked":["Slice","Leg Sweep"],"picked":"Prepared"},{"not_picked":["Bane","Slice"],"picked":"Riddle With Holes"},{"not_picked":["Sucker Punch","PiercingWail"],"picked":"Predator"},{"not_picked":["Deflect","Malaise"],"picked":"Heel Hook"},{"not_picked":["PiercingWail","Well Laid Plans"],"picked":"Choke"},{"not_picked":["Sucker Punch","Finisher"],"picked":"Envenom"},{"not_picked":["Malaise","Sucker Punch"],"picked":"Flechettes"}],"player_experience":14200,"potions_floor_usage":[],"damage_taken":[{"damage":1,"enemies":"Cultist","floor":1,"turns":4},{"damage":0,"enemies":"Small Slimes","floor":2,"turns":4},{"damage":0,"enemies":"2 Louse","floor":3,"turns":3},{"damage":10,"enemies":"Large Slime","floor":4,"turns":5},{"damage":14,"enemies":"Lots of Slimes","floor":5,"turns":4},{"damage":10,"enemies":"Exordium Thugs","floor":6,"turns":5},{"damage":0,"enemies":"Blue Slaver","floor":10,"turns":2},{"damage":0,"enemies":"Red Slaver","floor":12,"turns":2},{"damage":0,"enemies":"Lots of Slimes","floor":14,"turns":4},{"damage":52,"enemies":"The Guardian","floor":16,"turns":7}],"event_choices":[{"event_name":"The Cleric","player_choice":"Healed","floor":8,"damage_taken":0}],"boss_relics":[],"potions_floor_spawned":[2,3,5,6],"seed_played":"6758977556047831990","killed_by":"The Guardian","ascension_level":0,"is_trial":false}