{"gold_per_floor":[118,7,26,26,42,42,74,89,89,117,129,1,1,11,11,86,86,96,96,96,112,124,124,152,152,152,152,185,185,69,88,88,166,216,235,22,22,34,34,34,63,63,63,163,54,88,108,120,120,120,120,120,120,30,60,60],"floor_reached":57,"playtime":2295,"items_purged":["Strike_B","Pain"],"score":2916,"play_id":"e678c56d-e0c7-4f89-8f4f-85df16a1d9c5","local_time":"20190422122935","is_ascension_mode":true,"campfire_choices":[{"floor":6.0,"key":"RECALL"},{"data":"Coolheaded","floor":13.0,"key":"SMITH"},{"data":"Rip and Tear","floor":15.0,"key":"SMITH"},{"data":"Storm","floor":23.0,"key":"SMITH"},{"data":"Biased Cognition","floor":25.0,"key":"SMITH"},{"data":"Biased Cognition","floor":29.0,"key":"SMITH"},{"data":"Defragment","floor":32.0,"key":"SMITH"},{"data":"Turbo","floor":40.0,"key":"SMITH"},{"data":"Dualcast","floor":42.0,"key":"SMITH"},{"data":"Hologram","floor":49.0,"key":"SMITH"},{"data":"Turbo","floor":53.0,"key":"SMITH"}],"neow_cost":"NONE","seed_source_timestamp":80261416657413,"circlet_count":0,"master_deck":["AscendersBane","Defend_B","Defend_B","Defend_B","Defend_B","Zap","Dualcast+1","Self Repair","Rip and Tear+1","Self Repair","Self Repair","Core Surge+1","Ball Lightning","Coolheaded+1","Heatsinks+1","Biased Cognition+1","Hyperbeam+1","Blizzard+1","Chill+1","Self Repair","Ghostly","Ghostly","Ghostly","Storm+1","Biased Cognition+1","White Noise","Turbo+1","Defragment+1","Seek","Recycle+1","Turbo+1","Double Energy+1","Coolheaded+1","Hologram+1","Capacitor"],"special_seed":0,"relics":["Cracked Core","NeowsBlessing","WarpedTongs","Potion Belt","DataDisk","Singing Bowl","Astrolabe","Juzu Bracelet","Ancient Tea Set","Tiny House","TheAbacus","Omamori","Blue Candle","Dead Branch","Bottled Flame","Kunai"],"potions_floor_usage":[56,56,56,56,56],"damage_taken":[{"damage":0.0,"enemies":"Jaw Worm","floor":1.0,"turns":1.0},{"damage":0.0,"enemies":"Cultist","floor":3.0,"turns":1.0},{"damage":1.0,"enemies":"2 Louse","floor":5.0,"turns":1.0},{"damage":45.0,"enemies":"3 Sentries","floor":7.0,"turns":9.0},{"damage":25.0,"enemies":"Red Slaver","floor":8.0,"turns":4.0},{"damage":26.0,"enemies":"Gremlin Nob","floor":10.0,"turns":4.0},{"damage":8.0,"enemies":"Exordium Wildlife","floor":11.0,"turns":3.0},{"damage":26.0,"enemies":"Exordium Thugs","floor":14.0,"turns":4.0},{"damage":35.0,"enemies":"Hexaghost","floor":16.0,"turns":9.0},{"damage":9.0,"enemies":"3 Byrds","floor":18.0,"turns":4.0},{"damage":0.0,"enemies":"Spheric Guardian","floor":21.0,"turns":5.0},{"damage":0.0,"enemies":"Snake Plant","floor":22.0,"turns":5.0},{"damage":11.0,"enemies":"Book of Stabbing","floor":24.0,"turns":5.0},{"damage":6.0,"enemies":"Slavers","floor":28.0,"turns":5.0},{"damage":17.0,"enemies":"3 Cultists","floor":31.0,"turns":4.0},{"damage":0.0,"enemies":"Champ","floor":33.0,"turns":7.0},{"damage":35.0,"enemies":"3 Darklings","floor":35.0,"turns":3.0},{"damage":0.0,"enemies":"Orb Walker","floor":38.0,"turns":2.0},{"damage":58.0,"enemies":"Giant Head","floor":41.0,"turns":7.0},{"damage":0.0,"enemies":"Mind Bloom Boss Battle","floor":44.0,"turns":4.0},{"damage":2.0,"enemies":"Reptomancer","floor":46.0,"turns":6.0},{"damage":21.0,"enemies":"Jaw Worm Horde","floor":47.0,"turns":3.0},{"damage":0.0,"enemies":"4 Shapes","floor":48.0,"turns":3.0},{"damage":18.0,"enemies":"Time Eater","floor":50.0,"turns":9.0},{"damage":26.0,"enemies":"Awakened One","floor":51.0,"turns":6.0},{"damage":0.0,"enemies":"Shield and Spear","floor":55.0,"turns":3.0},{"damage":16,"enemies":"The Heart","floor":56,"turns":7}],"seed_played":"-7895645448327221816","potions_obtained":[{"floor":5.0,"key":"Block Potion"},{"floor":7.0,"key":"EssenceOfSteel"},{"floor":11.0,"key":"GamblersBrew"},{"floor":14.0,"key":"FairyPotion"},{"floor":21.0,"key":"LiquidBronze"},{"floor":24.0,"key":"Dexterity Potion"},{"floor":31.0,"key":"EssenceOfSteel"},{"floor":34.0,"key":"Energy Potion"},{"floor":38.0,"key":"Swift Potion"},{"floor":46.0,"key":"Block Potion"},{"floor":47.0,"key":"Poison Potion"}],"is_trial":false,"path_per_floor":["M","$","M","?","M","R","E","M","T","E","M","$","R","M","R","B",null,"M","?","$","M","M","R","E","R","T","$","E","R","$","M","R","B",null,"M","$","?","M","?","R","E","R","T","?","$","E","M","M","R","B","B",null,"R","$","E","B",null],"character_chosen":"DEFECT","items_purchased":["Rip and Tear","Coolheaded","Turbo","Defragment","TheAbacus","EntropicBrew","Capacitor"],"campfire_rested":0,"item_purchase_floors":[2,12,30,30,36,45,54],"current_hp_per_floor":[64,64,64,64,63,63,35,34,34,35,41,41,41,39,39,18,58,66,35,35,37,37,37,37,37,37,37,37,37,37,39,39,39,44,25,25,25,41,41,41,37,37,37,48,48,48,48,48,48,44,42,47,47,47,50,50],"gold":60,"neow_bonus":"THREE_ENEMY_KILL","is_prod":false,"is_daily":false,"chose_seed":false,"campfire_upgraded":10,"win_rate":0,"timestamp":1555907375,"path_taken":["M","$","M","?","?","R","E","M","T","E","M","$","R","M","R","BOSS","M","?","$","M","M","R","E","R","T","$","E","R","$","M","R","BOSS","M","$","?","M","?","R","E","R","T","?","?","E","M","M","R","BOSS","BOSS","R","$","E","BOSS"],"build_version":"2019-01-23","purchased_purges":2,"victory":true,"max_hp_per_floor":[71,71,71,71,71,71,71,71,71,71,71,71,71,71,71,71,71,71,35,35,37,37,37,37,37,37,37,37,37,37,39,39,39,44,46,46,46,48,46,46,48,48,48,48,48,48,48,48,48,48,48,48,48,48,50,50],"card_choices":[{"not_picked":["Barrage","Scrape"],"picked":"Self Repair","floor":1.0},{"not_picked":["Melter","Rebound","Barrage"],"picked":"SKIP","floor":3.0},{"not_picked":["Barrage","Cold Snap"],"picked":"Self Repair","floor":5.0},{"not_picked":["Conserve Battery","Capacitor"],"picked":"Self Repair","floor":7.0},{"not_picked":["Streamline","Static Discharge","BootSequence"],"picked":"SKIP","floor":8.0},{"not_picked":["Ball Lightning","Sweeping Beam"],"picked":"Core Surge","floor":10.0},{"not_picked":["Leap","Coolheaded"],"picked":"Ball Lightning","floor":11.0},{"not_picked":["Cold Snap","Conserve Battery"],"picked":"Heatsinks","floor":14.0},{"not_picked":["Machine Learning","Multi-Cast"],"picked":"Biased Cognition","floor":16.0},{"not_picked":["Barrage+1","Consume"],"picked":"Self Repair","floor":18.0},{"not_picked":["Rebound","Streamline","Redo"],"picked":"Singing Bowl","floor":21.0},{"not_picked":["Tempest","Cold Snap"],"picked":"Storm","floor":22.0},{"not_picked":["Coolheaded+1","BootSequence"],"picked":"Biased Cognition","floor":24.0},{"not_picked":["Aggregate","Gash+1"],"picked":"White Noise","floor":28.0},{"not_picked":["Conserve Battery","Ball Lightning","Hologram"],"picked":"Singing Bowl","floor":31.0},{"not_picked":["Hyperbeam","All For One"],"picked":"Seek","floor":33.0},{"not_picked":["Coolheaded","Darkness+1"],"picked":"Recycle+1","floor":34.0},{"not_picked":["Steam Power","Sweeping Beam","Melter"],"picked":"Singing Bowl","floor":35.0},{"not_picked":["Doom and Gloom","Auto Shields","Hello World"],"picked":"Singing Bowl","floor":38.0},{"not_picked":["Reprogram","Darkness","Steam+1"],"picked":"Singing Bowl","floor":41.0},{"not_picked":["Leap+1","Chill"],"picked":"Turbo","floor":44.0},{"not_picked":["Compile Driver","Barrage"],"picked":"Double Energy+1","floor":46.0},{"not_picked":["Stack+1","Compile Driver"],"picked":"Coolheaded+1","floor":47.0},{"not_picked":["Consume+1","Steam"],"picked":"Hologram","floor":48.0},{"not_picked":["Gash","Darkness","Reinforced Body"],"picked":"Singing Bowl","floor":55.0}],"player_experience":4428056,"relics_obtained":[{"floor":7.0,"key":"Potion Belt"},{"floor":9.0,"key":"DataDisk"},{"floor":10.0,"key":"Singing Bowl"},{"floor":24.0,"key":"Juzu Bracelet"},{"floor":28.0,"key":"Ancient Tea Set"},{"floor":41.0,"key":"Omamori"},{"floor":43.0,"key":"Blue Candle"},{"floor":44.0,"key":"Dead Branch"},{"floor":46.0,"key":"Bottled Flame"},{"floor":55.0,"key":"Kunai"}],"event_choices":[{"damage_healed":0.0,"max_hp_gain":0.0,"max_hp_loss":0.0,"gold_gain":0.0,"event_name":"Accursed Blacksmith","player_choice":"Rummage","floor":4.0,"gold_loss":0.0,"damage_taken":0.0,"relics_obtained":["WarpedTongs"],"cards_obtained":["Pain"]},{"damage_healed":0.0,"max_hp_gain":0.0,"max_hp_loss":36.0,"gold_gain":0.0,"event_name":"Ghosts","player_choice":"Became a Ghost","floor":19.0,"gold_loss":0.0,"damage_taken":0.0,"cards_obtained":["Ghostly","Ghostly","Ghostly"]},{"damage_healed":0.0,"max_hp_gain":0.0,"max_hp_loss":0.0,"gold_gain":0.0,"event_name":"Upgrade Shrine","player_choice":"Upgraded","floor":37.0,"gold_loss":0.0,"damage_taken":0.0,"cards_upgraded":["Heatsinks"]},{"damage_healed":0.0,"max_hp_gain":0.0,"max_hp_loss":2.0,"gold_gain":0.0,"event_name":"Winding Halls","player_choice":"Max HP","floor":39.0,"gold_loss":0.0,"damage_taken":0.0},{"damage_healed":0.0,"max_hp_gain":0.0,"max_hp_loss":0.0,"gold_gain":0.0,"event_name":"MindBloom","player_choice":"Fight","floor":44.0,"gold_loss":0.0,"damage_taken":0.0}],"is_beta":false,"boss_relics":[{"not_picked":["Eternal Feather","Orrery"],"picked":"Astrolabe"},{"not_picked":["FrozenCore","Snecko Eye"],"picked":"Tiny House"}],"items_purged_floors":[2,12],"is_endless":false,"potions_floor_spawned":[5,7,11,14,21,24,31,38,46,47],"ascension_level":20}