{"gold_per_floor":[112,112,38,58,58,133,148,148,148,166,166,186,186,200,200,297,297,309,297,152,164,183,183,217,227,227,227,237,237,162,77,77,175,175,186,186,204,221,63,63,98,98,98,112,131,51,51,63,63,63],"floor_reached":51,"playtime":1783,"items_purged":["Strike_G","Defend_G"],"score":716,"play_id":"391254e1-8adc-4697-8f1f-03a89d336246","local_time":"20181024052252","is_ascension_mode":false,"campfire_choices":[{"data":"Deadly Poison","floor":8.0,"key":"SMITH"},{"data":"Footwork","floor":11.0,"key":"SMITH"},{"data":"Wraith Form v2","floor":13.0,"key":"SMITH"},{"data":"Leg Sweep","floor":15.0,"key":"SMITH"},{"data":"Well Laid Plans","floor":23.0,"key":"SMITH"},{"data":"Wraith Form v2","floor":29,"key":"SMITH"},{"data":"Deadly Poison","floor":32,"key":"SMITH"},{"data":"Footwork","floor":40,"key":"SMITH"},{"data":"Footwork","floor":42,"key":"SMITH"},{"data":"Malaise","floor":49,"key":"SMITH"}],"neow_cost":"NONE","seed_source_timestamp":8060948065374,"circlet_count":0,"master_deck":["Defend_G","Defend_G","Defend_G","Strike_G","Strike_G","Strike_G+1","Survivor","Neutralize","Escape Plan","Poisoned Stab+1","Leg Sweep+1","Footwork+1","Backflip","Deadly Poison+1","Wraith Form v2+1","Wraith Form v2+1","Well Laid Plans+1","Footwork+1","Deadly Poison+1","Deadly Poison+1","Ghostly","Ghostly","Ghostly","Ghostly","Ghostly","Corpse Explosion","Footwork+1","Malaise+1"],"special_seed":0,"relics":["Ring of the Snake","Bottled Tornado","Philosopher\u0027s Stone","Whetstone","Blue Candle","Snake Skull","Sozu","Mercury Hourglass","The Courier"],"potions_floor_usage":[50,50,50],"damage_taken":[{"damage":0.0,"enemies":"2 Louse","floor":1.0,"turns":2.0},{"damage":0.0,"enemies":"Jaw Worm","floor":4.0,"turns":4.0},{"damage":3.0,"enemies":"Small Slimes","floor":7.0,"turns":4.0},{"damage":3.0,"enemies":"Exordium Thugs","floor":10.0,"turns":4.0},{"damage":2.0,"enemies":"Blue Slaver","floor":12.0,"turns":3.0},{"damage":2.0,"enemies":"Looter","floor":14.0,"turns":4.0},{"damage":7.0,"enemies":"Hexaghost","floor":16.0,"turns":10.0},{"damage":0.0,"enemies":"Shell Parasite","floor":18.0,"turns":6.0},{"damage":0.0,"enemies":"2 Thieves","floor":19.0,"turns":5.0},{"damage":0.0,"enemies":"Snake Plant","floor":21.0,"turns":6.0},{"damage":0.0,"enemies":"Snecko","floor":22.0,"turns":6.0},{"damage":4,"enemies":"Book of Stabbing","floor":24,"turns":7},{"damage":3,"enemies":"Cultist and Chosen","floor":25,"turns":8},{"damage":0,"enemies":"Shelled Parasite and Fungi","floor":28,"turns":6},{"damage":4,"enemies":"Champ","floor":33,"turns":13},{"damage":0,"enemies":"3 Shapes","floor":35,"turns":3},{"damage":0,"enemies":"Orb Walker","floor":37,"turns":5},{"damage":0,"enemies":"Jaw Worm Horde","floor":38,"turns":4},{"damage":4,"enemies":"Nemesis","floor":41,"turns":9},{"damage":0,"enemies":"3 Darklings","floor":44,"turns":2},{"damage":0,"enemies":"4 Shapes","floor":45,"turns":5},{"damage":2,"enemies":"Transient","floor":48,"turns":5},{"damage":4,"enemies":"Awakened One","floor":50,"turns":17}],"seed_played":"-181426662453553894","potions_obtained":[{"floor":4.0,"key":"Strength Potion"},{"floor":12.0,"key":"AttackPotion"},{"floor":14.0,"key":"Strength Potion"},{"floor":16.0,"key":"Strength Potion"},{"floor":25,"key":"Energy Potion"},{"floor":28,"key":"SkillPotion"},{"floor":33,"key":"PowerPotion"}],"is_trial":false,"path_per_floor":["M","?","$","M","$","?","M","R","T","M","R","M","R","M","R","B",null,"M","M","$","M","M","R","E","M","T","?","M","R","?","?","R","B",null,"M","?","M","M","$","R","E","R","T","M","M","$","?","M","R","B"],"character_chosen":"THE_SILENT","items_purchased":["Footwork","Footwork","Malaise"],"campfire_rested":0,"item_purchase_floors":[3,20,39],"current_hp_per_floor":[70,70,70,70,70,59,56,56,56,53,53,51,51,49,49,42,70,70,70,70,70,70,70,66,63,63,35,35,35,35,35,35,31,35,35,35,35,35,35,35,31,31,31,31,31,31,31,29,29,25],"gold":63,"neow_bonus":"THREE_CARDS","is_prod":false,"is_daily":false,"chose_seed":false,"campfire_upgraded":10,"win_rate":0,"timestamp":1540329772,"path_taken":["M","?","$","M","?","?","M","R","T","M","R","?","R","M","R","BOSS","M","M","$","M","M","R","E","M","T","?","M","R","?","?","R","BOSS","M","?","M","?","$","R","E","R","T","?","M","$","?","M","R","BOSS"],"build_version":"2018-10-18","purchased_purges":2,"victory":true,"max_hp_per_floor":[70,70,70,70,70,70,70,70,70,70,70,70,70,70,70,70,70,70,70,70,70,70,70,70,70,70,35,35,35,35,35,35,35,35,35,35,35,35,35,35,35,35,35,35,35,35,33,33,33,33],"card_choices":[{"not_picked":["Backflip","Sucker Punch"],"picked":"Escape Plan","floor":0.0},{"not_picked":["Dagger Spray","Sucker Punch"],"picked":"Poisoned Stab","floor":1.0},{"not_picked":["Endless Agony","Sucker Punch"],"picked":"Backflip","floor":4.0},{"not_picked":["Quick Slash","Underhanded Strike"],"picked":"Deadly Poison","floor":7.0},{"not_picked":["Reflex","Dodge and Roll","PiercingWail"],"picked":"SKIP","floor":10.0},{"not_picked":["Backflip","Dagger Spray"],"picked":"Wraith Form v2","floor":12.0},{"not_picked":["Flying Knee","Blade Dance","Accuracy"],"picked":"SKIP","floor":14.0},{"not_picked":["Glass Knife","Adrenaline"],"picked":"Wraith Form v2","floor":16.0},{"not_picked":["Quick Slash","Blade Dance"],"picked":"Well Laid Plans","floor":18.0},{"not_picked":["Choke","Backstab","Terror"],"picked":"SKIP","floor":19.0},{"not_picked":["Bane","Flying Knee+1"],"picked":"Deadly Poison","floor":21.0},{"not_picked":["PiercingWail","Quick Slash+1"],"picked":"Deadly Poison+1","floor":22.0},{"not_picked":["Quick Slash","Flechettes","Endless Agony"],"picked":"SKIP","floor":24},{"not_picked":["All Out Attack","Endless Agony","Skewer+1"],"picked":"SKIP","floor":25},{"not_picked":["Dagger Spray","Underhanded Strike","Outmaneuver"],"picked":"SKIP","floor":28},{"not_picked":["A Thousand Cuts","Burst"],"picked":"Corpse Explosion","floor":33},{"not_picked":["Blade Dance","Sucker Punch"],"picked":"Footwork","floor":35},{"not_picked":["Cloak And Dagger","Slice+1","Dodge and Roll"],"picked":"SKIP","floor":37},{"not_picked":["Underhanded Strike","Deadly Poison","Poisoned Stab"],"picked":"SKIP","floor":38},{"not_picked":["Slice","Dagger Spray+1","A Thousand Cuts"],"picked":"SKIP","floor":41},{"not_picked":["Predator","Distraction+1","Dagger Spray+1"],"picked":"SKIP","floor":44},{"not_picked":["Distraction+1","Deflect","Acrobatics+1"],"picked":"SKIP","floor":45},{"not_picked":["Reflex","Tactician","PiercingWail"],"picked":"SKIP","floor":48}],"player_experience":592685,"relics_obtained":[{"floor":9.0,"key":"Bottled Tornado"},{"floor":24,"key":"Whetstone"},{"floor":26,"key":"Blue Candle"},{"floor":41,"key":"Mercury Hourglass"},{"floor":43,"key":"The Courier"}],"event_choices":[{"damage_healed":0.0,"max_hp_gain":0.0,"max_hp_loss":0.0,"gold_gain":0.0,"cards_transformed":["Strike_G"],"event_name":"Living Wall","player_choice":"Change","floor":2.0,"gold_loss":0.0,"damage_taken":0.0,"cards_obtained":["Leg Sweep"]},{"damage_healed":0.0,"max_hp_gain":0.0,"max_hp_loss":0.0,"gold_gain":75.0,"event_name":"World of Goop","player_choice":"Gather Gold","floor":6.0,"gold_loss":0.0,"damage_taken":11.0},{"damage_healed":0,"gold_gain":0,"player_choice":"Became a Ghost","damage_taken":0,"max_hp_gain":0,"max_hp_loss":35,"event_name":"Ghosts","floor":27,"gold_loss":0,"cards_obtained":["Ghostly","Ghostly","Ghostly","Ghostly","Ghostly"]},{"cards_removed":["Defend_G"],"damage_healed":0,"gold_gain":0,"player_choice":"Gave Gold","damage_taken":0,"max_hp_gain":0,"max_hp_loss":0,"event_name":"Beggar","floor":30,"gold_loss":75},{"damage_healed":0,"gold_gain":0,"player_choice":"Obtained Relic","damage_taken":0,"relics_obtained":["Snake Skull"],"max_hp_gain":0,"max_hp_loss":0,"event_name":"Addict","floor":31,"gold_loss":85},{"damage_healed":0,"gold_gain":0,"player_choice":"Ignored","damage_taken":0,"max_hp_gain":0,"max_hp_loss":0,"event_name":"Tomb of Lord Red Mask","floor":36,"gold_loss":0},{"damage_healed":0,"gold_gain":0,"player_choice":"Max HP","damage_taken":0,"max_hp_gain":0,"max_hp_loss":2,"event_name":"Winding Halls","floor":47,"gold_loss":0}],"is_beta":false,"boss_relics":[{"not_picked":["Black Star","Calling Bell"],"picked":"Philosopher\u0027s Stone"},{"not_picked":["Fusion Hammer","Tiny House"],"picked":"Sozu"}],"items_purged_floors":[20,46],"is_endless":false,"potions_floor_spawned":[4,12,14,16,25,28,33,35,37,44,48],"ascension_level":0}