{"gold_per_floor":[367,385,67,32,49,49,83,94,94,129,145,420,107,137,137,214,214,229,242,242,242,342,368,387,34,34,34,48,48,79,156,156,233,233,244,119,1118,1129,1129,1159,287,300,323,323,353,5,5,38,38,38,38,38,38,38,70,70],"floor_reached":57,"playtime":4877,"items_purged":["Strike_R","Strike_R","Regret","Normality","Dropkick+1"],"score":3663,"play_id":"477d4879-1d29-4de5-90fd-f81c11cc4af3","local_time":"20190314100604","is_ascension_mode":true,"campfire_choices":[{"data":"Carnage","floor":6.0,"key":"SMITH"},{"data":"Uppercut","floor":15.0,"key":"SMITH"},{"data":"Armaments","floor":27.0,"key":"SMITH"},{"data":"Bloodletting","floor":29.0,"key":"SMITH"},{"data":"Burning Pact","floor":32.0,"key":"SMITH"},{"floor":44.0,"key":"RECALL"},{"data":"Evolve","floor":47.0,"key":"SMITH"},{"data":"Turbo","floor":49.0,"key":"SMITH"},{"data":"Second Wind","floor":53,"key":"SMITH"}],"neow_cost":"PERCENT_DAMAGE","seed_source_timestamp":2311529595887,"circlet_count":0,"master_deck":["AscendersBane","Strike_R","Defend_R","Defend_R","Defend_R","Defend_R+1","Bash","Hemokinesis","Uppercut+1","Carnage+1","Shrug It Off+1","Evolve+1","Second Wind+1","Master of Strategy","Burst","Genetic Algorithm","Armaments+1","Burning Pact+1","Bloodletting+1","Backflip+1","Sentinel","Feed+1","Sunder+1","Dropkick+1","Fiend Fire+1","Normality","Turbo+1","Finesse+1","Prepared+1","Body Slam+1","Hologram+1"],"special_seed":0,"relics":["Burning Blood","Bag of Preparation","Gambling Chip","Meat on the Bone","Ornamental Fan","PrismaticShard","Shuriken","Runic Pyramid","FossilizedHelix","Matryoshka","Molten Egg 2","Paper Frog","Oddly Smooth Stone","War Paint","Centennial Puzzle","Bottled Lightning","Cursed Key","Omamori","Toxic Egg 2","Charon\u0027s Ashes","Orichalcum","Mummified Hand","Lantern","Red Skull","Bottled Flame"],"potions_floor_usage":[50,56],"damage_taken":[{"damage":7.0,"enemies":"Cultist","floor":1.0,"turns":4.0},{"damage":18.0,"enemies":"Jaw Worm","floor":2.0,"turns":3.0},{"damage":3.0,"enemies":"2 Louse","floor":5.0,"turns":2.0},{"damage":13.0,"enemies":"Lagavulin","floor":7.0,"turns":5.0},{"damage":6.0,"enemies":"Large Slime","floor":8.0,"turns":3.0},{"damage":19.0,"enemies":"3 Sentries","floor":10.0,"turns":8.0},{"damage":0.0,"enemies":"Looter","floor":11.0,"turns":2.0},{"damage":27.0,"enemies":"Lagavulin","floor":14.0,"turns":6.0},{"damage":40.0,"enemies":"The Guardian","floor":16.0,"turns":11.0},{"damage":4.0,"enemies":"Spheric Guardian","floor":18.0,"turns":4.0},{"damage":24.0,"enemies":"3 Byrds","floor":19.0,"turns":6.0},{"damage":13.0,"enemies":"Colosseum Slavers","floor":22.0,"turns":6.0},{"damage":23.0,"enemies":"Colosseum Nobs","floor":22.0,"turns":9.0},{"damage":24.0,"enemies":"Book of Stabbing","floor":23.0,"turns":5.0},{"damage":19.0,"enemies":"Centurion and Healer","floor":24.0,"turns":10.0},{"damage":5.0,"enemies":"Cultist and Chosen","floor":28.0,"turns":9.0},{"damage":28.0,"enemies":"Slavers","floor":30.0,"turns":6.0},{"damage":30.0,"enemies":"Collector","floor":33.0,"turns":5.0},{"damage":0.0,"enemies":"Orb Walker","floor":35.0,"turns":3.0},{"damage":9.0,"enemies":"3 Darklings","floor":38.0,"turns":5.0},{"damage":6.0,"enemies":"Reptomancer","floor":40.0,"turns":3.0},{"damage":0.0,"enemies":"Writhing Mass","floor":42.0,"turns":3.0},{"damage":0.0,"enemies":"Nemesis","floor":45.0,"turns":3.0},{"damage":3.0,"enemies":"Reptomancer","floor":48.0,"turns":3.0},{"damage":9,"enemies":"Awakened One","floor":50,"turns":7},{"damage":0,"enemies":"Donu and Deca","floor":51,"turns":6},{"damage":0,"enemies":"Shield and Spear","floor":55,"turns":8},{"damage":0,"enemies":"The Heart","floor":56,"turns":8}],"seed_played":"7789978699087345972","potions_obtained":[{"floor":1.0,"key":"Energy Potion"},{"floor":2.0,"key":"Block Potion"},{"floor":10.0,"key":"SteroidPotion"},{"floor":14.0,"key":"Regen Potion"},{"floor":16.0,"key":"Fire Potion"},{"floor":22.0,"key":"BloodPotion"},{"floor":23.0,"key":"Swift Potion"},{"floor":24.0,"key":"Energy Potion"},{"floor":40.0,"key":"Regen Potion"},{"floor":45.0,"key":"Ancient Potion"},{"floor":55,"key":"BloodPotion"}],"is_trial":false,"path_per_floor":["M","M","$","?","M","R","E","M","T","E","M","?","$","E","R","B",null,"M","M","?","?","?","E","M","$","T","R","M","R","E","T","R","B",null,"M","$","?","M","?","E","$","M","T","R","E","$","R","E","R","B","B",null,"R","$","E","B",null],"character_chosen":"IRONCLAD","items_purchased":["Carnage","Bag of Preparation","PrismaticShard","Paper Frog","Feed+1","Toxic Egg 2","Charon\u0027s Ashes","Finesse+1","Lantern"],"campfire_rested":0,"item_purchase_floors":[3,3,13,25,25,41,41,41,46],"current_hp_per_floor":[49,37,37,55,58,58,51,51,51,50,56,56,56,47,47,25,63,65,47,47,47,47,41,40,40,40,40,57,57,51,51,51,43,76,86,86,86,87,87,87,87,93,93,93,95,95,95,95,95,92,99,99,99,99,99,99],"gold":70,"neow_bonus":"TWO_FIFTY_GOLD","is_prod":false,"is_daily":false,"chose_seed":false,"campfire_upgraded":8,"win_rate":0,"timestamp":1552529164,"path_taken":["M","M","$","?","M","R","E","M","T","E","M","?","$","E","R","BOSS","M","M","?","?","?","E","M","$","T","R","M","R","E","?","R","BOSS","M","$","?","M","?","E","$","?","T","R","E","?","R","E","R","BOSS","BOSS","R","$","E","BOSS"],"build_version":"2019-01-23","purchased_purges":5,"victory":true,"max_hp_per_floor":[75,75,75,75,75,75,75,75,75,75,75,75,75,75,75,75,75,75,75,75,75,75,75,75,75,75,75,79,79,83,83,83,87,87,91,91,91,95,95,95,95,95,95,95,95,95,95,95,95,95,99,99,99,99,99,99],"card_choices":[{"not_picked":["Body Slam","Armaments"],"picked":"Hemokinesis","floor":1.0},{"not_picked":["Warcry","Thunderclap"],"picked":"Uppercut","floor":2.0},{"not_picked":["Perfected Strike","Sword Boomerang","Pummel"],"picked":"SKIP","floor":5.0},{"not_picked":["Heavy Blade","Pommel Strike"],"picked":"Shrug It Off","floor":7.0},{"not_picked":["Sword Boomerang","Clash"],"picked":"Evolve","floor":8.0},{"not_picked":["Spot Weakness","Clothesline"],"picked":"Second Wind","floor":10.0},{"not_picked":["Corruption","Pommel Strike","Inflame"],"picked":"SKIP","floor":11.0},{"not_picked":["Sucker Punch","Sword Boomerang"],"picked":"Master of Strategy","floor":14.0},{"not_picked":["Creative AI","Glass Knife"],"picked":"Burst","floor":16.0},{"not_picked":["Fire Breathing+1","Poisoned Stab","Pommel Strike"],"picked":"SKIP","floor":18.0},{"not_picked":["Expertise","Fire Breathing","Genetic Algorithm"],"picked":"SKIP","floor":19.0},{"not_picked":["Expertise","Fire Breathing"],"picked":"Genetic Algorithm","floor":19.0},{"not_picked":["Accuracy","Madness"],"picked":"Backflip+1","floor":22.0},{"not_picked":["Catalyst","Bane","Heavy Blade"],"picked":"SKIP","floor":23.0},{"not_picked":["Good Instincts","Hemokinesis+1"],"picked":"Sentinel","floor":24.0},{"not_picked":["Defragment+1","Sentinel+1"],"picked":"Sunder+1","floor":28.0},{"not_picked":["Cold Snap+1","Leap"],"picked":"Dropkick+1","floor":30.0},{"not_picked":["The Bomb","Mayhem"],"picked":"Fiend Fire+1","floor":33.0},{"not_picked":["Sweeping Beam+1","Slice+1","Evolve"],"picked":"SKIP","floor":35.0},{"not_picked":["Poisoned Stab+1","Flying Knee+1","Quick Slash+1"],"picked":"SKIP","floor":38.0},{"not_picked":["Pommel Strike+1","Self Repair"],"picked":"Turbo","floor":40.0},{"not_picked":["Expertise+1","Outmaneuver+1"],"picked":"Prepared+1","floor":42.0},{"not_picked":["Poisoned Stab+1","Dual Wield+1"],"picked":"Body Slam+1","floor":45.0},{"not_picked":["Forethought+1","Poisoned Stab+1","True Grit+1"],"picked":"SKIP","floor":48.0},{"not_picked":["Clash+1","Tempest+1"],"picked":"Hologram+1","floor":55}],"player_experience":3567209,"relics_obtained":[{"floor":7.0,"key":"Gambling Chip"},{"floor":9.0,"key":"Meat on the Bone"},{"floor":10.0,"key":"Ornamental Fan"},{"floor":14.0,"key":"Shuriken"},{"floor":22.0,"key":"FossilizedHelix"},{"floor":22.0,"key":"Matryoshka"},{"floor":23.0,"key":"Molten Egg 2"},{"floor":26.0,"key":"Oddly Smooth Stone"},{"floor":30.0,"key":"War Paint"},{"floor":31.0,"key":"Centennial Puzzle"},{"floor":31.0,"key":"Bottled Lightning"},{"floor":40.0,"key":"Omamori"},{"floor":43.0,"key":"Orichalcum"},{"floor":45.0,"key":"Mummified Hand"},{"floor":48.0,"key":"Red Skull"},{"floor":55,"key":"Bottled Flame"}],"event_choices":[{"damage_healed":18.0,"max_hp_gain":0.0,"max_hp_loss":0.0,"gold_gain":0.0,"event_name":"The Cleric","player_choice":"Healed","floor":4.0,"gold_loss":35.0,"damage_taken":0.0},{"damage_healed":0.0,"max_hp_gain":0.0,"max_hp_loss":0.0,"gold_gain":275.0,"event_name":"Golden Shrine","player_choice":"Desecrate","floor":12.0,"gold_loss":0.0,"damage_taken":0.0,"cards_obtained":["Regret"]},{"damage_healed":0.0,"max_hp_gain":0.0,"max_hp_loss":0.0,"gold_gain":0.0,"cards_transformed":["Strike_R","Strike_R"],"event_name":"Drug Dealer","player_choice":"Became Test Subject","floor":20.0,"gold_loss":0.0,"damage_taken":0.0,"cards_obtained":["Armaments","Burning Pact"]},{"damage_healed":0.0,"max_hp_gain":0.0,"max_hp_loss":0.0,"gold_gain":0.0,"event_name":"The Library","player_choice":"Read","floor":21.0,"gold_loss":0.0,"damage_taken":0.0,"cards_obtained":["Bloodletting"]},{"damage_healed":0.0,"max_hp_gain":0.0,"max_hp_loss":0.0,"gold_gain":0.0,"event_name":"Colosseum","player_choice":"Fight","floor":22.0,"gold_loss":0.0,"damage_taken":0.0},{"damage_healed":0.0,"max_hp_gain":0.0,"max_hp_loss":0.0,"gold_gain":0.0,"event_name":"Colosseum","player_choice":"Fought Nobs","floor":22.0,"gold_loss":0.0,"damage_taken":0.0},{"damage_healed":0.0,"max_hp_gain":0.0,"max_hp_loss":0.0,"gold_gain":999.0,"event_name":"MindBloom","player_choice":"Gold","floor":37.0,"gold_loss":0.0,"damage_taken":0.0,"cards_obtained":["Normality","Normality"]},{"damage_healed":0.0,"max_hp_gain":0.0,"max_hp_loss":0.0,"gold_gain":0.0,"event_name":"Duplicator","player_choice":"Copied","floor":39.0,"gold_loss":0.0,"damage_taken":0.0,"cards_obtained":["Dropkick"]}],"is_beta":false,"boss_relics":[{"not_picked":["Lizard Tail","Black Star"],"picked":"Runic Pyramid"},{"not_picked":["Calling Bell","Busted Crown"],"picked":"Cursed Key"}],"items_purged_floors":[3,13,36,41,46],"is_endless":false,"potions_floor_spawned":[1,2,10,14,16,22,23,24,33,40,45,55],"ascension_level":20}