{"gold_per_floor":[110,110,31,31,45,45,79,79,79,97,97,97,109,30,30,101,101,115,115,50,50,65,65,65,65,65,125,175],"floor_reached":28,"playtime":525,"items_purged":["Strike_B"],"score":478,"play_id":"d12e2f6d-63c3-44ca-8d5f-68598b785d37","local_time":"20190224015441","is_ascension_mode":true,"campfire_choices":[{"data":"Hologram","floor":6.0,"key":"SMITH"},{"data":"Coolheaded","floor":8.0,"key":"SMITH"},{"data":"Coolheaded","floor":11.0,"key":"SMITH"},{"data":"Zap","floor":15.0,"key":"SMITH"},{"data":"Recycle","floor":23,"key":"SMITH"},{"floor":25,"key":"REST"}],"neow_cost":"NONE","seed_source_timestamp":539835738436054,"circlet_count":0,"master_deck":["AscendersBane","Strike_B","Strike_B","Defend_B","Defend_B","Defend_B","Defend_B","Zap+1","Dualcast","Recycle+1","Hologram+1","Beam Cell","Coolheaded+1","Defragment+1","Coolheaded+1","Ball Lightning","Loop+1","Electrodynamics+1","Sunder","Skim","Conserve Battery","Double Energy"],"special_seed":0,"relics":["Cracked Core","NeowsBlessing","Frozen Egg 2","Bag of Marbles","Inserter","SsserpentHead","Symbiotic Virus"],"potions_floor_usage":[],"damage_taken":[{"damage":0.0,"enemies":"2 Louse","floor":1.0,"turns":1.0},{"damage":0.0,"enemies":"Jaw Worm","floor":5.0,"turns":1.0},{"damage":0.0,"enemies":"Gremlin Nob","floor":7.0,"turns":1.0},{"damage":0.0,"enemies":"Cultist","floor":10.0,"turns":4.0},{"damage":32.0,"enemies":"Gremlin Gang","floor":13.0,"turns":5.0},{"damage":5.0,"enemies":"Hexaghost","floor":16.0,"turns":9.0},{"damage":15,"enemies":"Spheric Guardian","floor":18,"turns":4},{"damage":22,"enemies":"2 Thieves","floor":22,"turns":2},{"damage":24,"enemies":"Shelled Parasite and Fungi","floor":27,"turns":6},{"damage":0,"enemies":"Snake Plant","floor":28,"turns":1}],"seed_played":"-5509436371949295595","potions_obtained":[{"floor":1.0,"key":"Strength Potion"},{"floor":10.0,"key":"Strength Potion"},{"floor":18,"key":"Explosive Potion"}],"is_trial":false,"path_per_floor":["M","?","$","?","M","R","E","R","T","M","R","?","M","$","R","B",null,"M","?","$","$","M","R","$","R","T","M","M"],"character_chosen":"DEFECT","items_purchased":["Hologram","Beam Cell","Loop+1","Skim"],"campfire_rested":1,"item_purchase_floors":[3,3,14,20],"current_hp_per_floor":[64,69,69,51,51,51,51,51,51,51,51,44,12,12,12,7,59,44,44,44,44,22,22,22,44,44,20,20],"gold":175,"neow_bonus":"THREE_ENEMY_KILL","is_prod":false,"is_daily":false,"chose_seed":false,"campfire_upgraded":5,"win_rate":0,"timestamp":1550944481,"path_taken":["M","?","$","?","M","R","E","R","T","M","R","?","?","$","R","BOSS","M","?","?","$","M","R","$","R","T","?","?"],"build_version":"2019-01-23","purchased_purges":1,"victory":false,"max_hp_per_floor":[71,76,76,76,76,76,76,76,76,76,76,76,76,76,76,76,76,76,76,76,76,76,76,76,76,76,76,76],"card_choices":[{"not_picked":["Chill","Redo"],"picked":"Recycle","floor":1.0},{"not_picked":["Steam","Double Energy"],"picked":"Coolheaded","floor":5.0},{"not_picked":["Barrage","Sweeping Beam"],"picked":"Defragment+1","floor":7.0},{"not_picked":["Reinforced Body","Go for the Eyes"],"picked":"Coolheaded","floor":10.0},{"not_picked":["Machine Learning+1","Tempest"],"picked":"Ball Lightning","floor":13.0},{"not_picked":["Core Surge","Buffer+1"],"picked":"Electrodynamics+1","floor":16.0},{"not_picked":["Redo","Static Discharge+1"],"picked":"Sunder","floor":18},{"not_picked":["Rip and Tear","Sweeping Beam"],"picked":"Conserve Battery","floor":22},{"not_picked":["Streamline","Steam Power"],"picked":"Double Energy","floor":27}],"player_experience":960985,"relics_obtained":[{"floor":7.0,"key":"Bag of Marbles"},{"floor":26,"key":"Symbiotic Virus"}],"event_choices":[{"damage_healed":0.0,"max_hp_gain":5.0,"max_hp_loss":0.0,"gold_gain":0.0,"event_name":"Big Fish","player_choice":"Donut","floor":2.0,"gold_loss":0.0,"damage_taken":0.0},{"damage_healed":0.0,"max_hp_gain":0.0,"max_hp_loss":0.0,"gold_gain":0.0,"event_name":"Scrap Ooze","player_choice":"Success","floor":4.0,"gold_loss":0.0,"damage_taken":18.0,"relics_obtained":["Frozen Egg 2"]},{"cards_removed":["Strike_B"],"damage_healed":0.0,"max_hp_gain":0.0,"max_hp_loss":0.0,"gold_gain":0.0,"event_name":"Golden Wing","player_choice":"Card Removal","floor":12.0,"gold_loss":0.0,"damage_taken":7.0},{"damage_healed":0,"gold_gain":0,"player_choice":"Trade","damage_taken":0,"relics_obtained":["SsserpentHead"],"max_hp_gain":0,"max_hp_loss":0,"event_name":"FaceTrader","floor":19,"gold_loss":0}],"is_beta":false,"boss_relics":[{"not_picked":["Fusion Hammer","Calling Bell"],"picked":"Inserter"}],"items_purged_floors":[20],"is_endless":false,"potions_floor_spawned":[1,10,18],"killed_by":"Snake Plant","ascension_level":20}