{"gold_per_floor":[368,443,20,31,43,43,62,62,62,62,74,74,100,100,100,175,175,187,187,187,46,46,46,196,196,268,283,283,283,318,338,338,412,412,427,51,64,84,96,96,126,126,126,153,163,194,194,213,213,213,213,213,213,7,40,40],"floor_reached":57,"playtime":7068,"items_purged":["Strike_G","Strike_G","Strike_G","Strike_G+1"],"score":2991,"play_id":"54aed85f-e228-4271-95b4-0584b39a2fcb","local_time":"20190127102012","is_ascension_mode":true,"campfire_choices":[{"data":"Deadly Poison","floor":6.0,"key":"SMITH"},{"data":"Neutralize","floor":8.0,"key":"SMITH"},{"data":"Backflip","floor":10.0,"key":"SMITH"},{"data":"Accuracy","floor":15.0,"key":"SMITH"},{"data":"After Image","floor":23.0,"key":"SMITH"},{"data":"After Image","floor":25.0,"key":"SMITH"},{"data":"Backflip","floor":29.0,"key":"SMITH"},{"data":"Backflip","floor":32.0,"key":"SMITH"},{"data":"Calculated Gamble","floor":40.0,"key":"SMITH"},{"floor":42.0,"key":"RECALL"},{"floor":47.0,"key":"REST"},{"floor":49.0,"key":"REST"},{"data":"Prepared","floor":53.0,"key":"SMITH"}],"neow_cost":"PERCENT_DAMAGE","seed_source_timestamp":0,"circlet_count":0,"master_deck":["AscendersBane","Defend_G+1","Defend_G+1","Defend_G","Defend_G","Defend_G","Survivor","Neutralize+1","Infinite Blades","Deadly Poison+1","Backflip+1","Backflip+1","Accuracy+1","After Image+1","After Image+1","Backflip+1","Infinite Blades","Shame","Storm of Steel","Calculated Gamble+1","Prepared+1","PiercingWail","Parasite","Infinite Blades","Outmaneuver+1","Night Terror","PiercingWail+1","Outmaneuver+1"],"special_seed":0,"relics":["Ring of the Snake","Frozen Eye","Nunchaku","Dead Branch","Runic Dome","theJungle:BirthdayCakeSlice","theJungle:SneckoAutograph","Blue Candle","Snake Skull","Runic Pyramid","War Paint","Ornamental Fan","Whetstone","Art of War","Incense Burner","Lantern"],"potions_floor_usage":[56,56],"damage_taken":[{"damage":7.0,"enemies":"Jaw Worm","floor":1.0,"turns":7.0},{"damage":7.0,"enemies":"Small Slimes","floor":4.0,"turns":5.0},{"damage":0.0,"enemies":"2 Louse","floor":5.0,"turns":5.0},{"damage":6.0,"enemies":"2 Fungi Beasts","floor":7.0,"turns":4.0},{"damage":6.0,"enemies":"3 Louse","floor":11.0,"turns":5.0},{"damage":24.0,"enemies":"Gremlin Nob","floor":13.0,"turns":4.0},{"damage":16.0,"enemies":"The Guardian","floor":16.0,"turns":11.0},{"damage":0.0,"enemies":"theJungle:Flameango_and_Byrd","floor":18.0,"turns":7.0},{"damage":1.0,"enemies":"theJungle:MUSHROOMGANG","floor":27.0,"turns":7.0},{"damage":2.0,"enemies":"theJungle:2_Phrogs","floor":30.0,"turns":5.0},{"damage":7.0,"enemies":"theJungle:2_Flameangoes","floor":31.0,"turns":9.0},{"damage":3.0,"enemies":"theJungle:QueenSpyder","floor":33.0,"turns":6.0},{"damage":8.0,"enemies":"3 Darklings","floor":35.0,"turns":5.0},{"damage":2.0,"enemies":"Orb Walker","floor":37.0,"turns":4.0},{"damage":2.0,"enemies":"3 Darklings","floor":38.0,"turns":2.0},{"damage":2.0,"enemies":"Writhing Mass","floor":39.0,"turns":4.0},{"damage":2.0,"enemies":"Giant Head","floor":41.0,"turns":5.0},{"damage":40.0,"enemies":"Reptomancer","floor":44.0,"turns":7.0},{"damage":13.0,"enemies":"Jaw Worm Horde","floor":45.0,"turns":4.0},{"damage":3.0,"enemies":"Nemesis","floor":46.0,"turns":7.0},{"damage":2.0,"enemies":"Sphere and 2 Shapes","floor":48.0,"turns":6.0},{"damage":36.0,"enemies":"Time Eater","floor":50.0,"turns":11.0},{"damage":2.0,"enemies":"Donu and Deca","floor":51.0,"turns":11.0},{"damage":20.0,"enemies":"Shield and Spear","floor":55.0,"turns":11.0},{"damage":17,"enemies":"The Heart","floor":56,"turns":11}],"seed_played":"-4259869095262562064","potions_obtained":[{"floor":4.0,"key":"Strength Potion"},{"floor":7.0,"key":"FairyPotion"},{"floor":13.0,"key":"Block Potion"},{"floor":18.0,"key":"Fire Potion"},{"floor":44.0,"key":"AttackPotion"},{"floor":45.0,"key":"EntropicBrew"},{"floor":48.0,"key":"Block Potion"}],"is_trial":false,"path_per_floor":["M","?","$","M","M","R","M","R","T","R","M","?","E","?","R","B",null,"M","?","?","$","?","R","?","R","T","M","T","R","E","M","R","B",null,"M","$","M","M","M","R","E","R","T","E","M","E","R","M","R","B","B",null,"R","$","E","B",null],"character_chosen":"THE_SILENT","items_purchased":["Frozen Eye","Infinite Blades","Regen Potion","Infinite Blades","Calculated Gamble","War Paint","Block Potion"],"campfire_rested":2,"item_purchase_floors":[3,3,3,21,36,36,54],"current_hp_per_floor":[37,26,26,19,34,34,28,28,28,28,22,44,20,20,20,4,51,51,41,46,46,46,46,46,46,46,45,45,45,43,36,36,33,65,57,57,55,53,51,51,49,49,49,9,5,2,24,22,44,8,6,59,59,59,39,22],"gold":40,"neow_bonus":"TWO_FIFTY_GOLD","is_prod":false,"is_daily":false,"chose_seed":false,"campfire_upgraded":10,"win_rate":0,"timestamp":1548555612,"path_taken":["M","?","$","M","M","R","M","R","T","R","M","?","E","?","R","BOSS","M","?","?","$","?","R","?","R","T","?","?","R","E","M","R","BOSS","M","$","M","M","M","R","E","R","T","E","M","E","R","M","R","BOSS","BOSS","R","$","E","BOSS"],"build_version":"2019-01-23","purchased_purges":4,"victory":true,"max_hp_per_floor":[66,66,66,66,66,66,66,66,66,66,66,66,66,66,66,66,66,66,71,76,76,76,76,76,76,76,76,76,76,76,76,76,76,76,76,76,76,76,76,76,76,76,76,76,76,76,76,76,76,76,76,76,76,76,76,76],"card_choices":[{"not_picked":["Prepared","All Out Attack","Dagger Spray"],"picked":"SKIP","floor":1.0},{"not_picked":["PiercingWail","Caltrops"],"picked":"Deadly Poison","floor":4.0},{"not_picked":["Bane","Deadly Poison"],"picked":"Backflip","floor":5.0},{"not_picked":["Dagger Spray","Quick Slash","Slice"],"picked":"SKIP","floor":7.0},{"not_picked":["Heel Hook","Concentrate"],"picked":"Backflip","floor":11.0},{"not_picked":["Bane","Skewer"],"picked":"Accuracy","floor":13.0},{"not_picked":["Glass Knife","Venomology"],"picked":"After Image","floor":16.0},{"not_picked":["Flechettes","Quick Slash+1"],"picked":"Backflip","floor":18.0},{"not_picked":["Outmaneuver","Deadly Poison+1","Prepared"],"picked":"SKIP","floor":27.0},{"not_picked":["Skewer","Dodge and Roll","Bane"],"picked":"SKIP","floor":30.0},{"not_picked":["Dagger Spray","Underhanded Strike","Outmaneuver"],"picked":"SKIP","floor":31.0},{"not_picked":["After Image","Corpse Explosion"],"picked":"Storm of Steel","floor":33.0},{"not_picked":["Flying Knee","Heel Hook","Sucker Punch"],"picked":"SKIP","floor":35.0},{"not_picked":["Deflect+1","Caltrops"],"picked":"Prepared","floor":37.0},{"not_picked":["PiercingWail","Dagger Throw","Noxious Fumes"],"picked":"SKIP","floor":38.0},{"not_picked":["Dagger Throw","Noxious Fumes"],"picked":"PiercingWail","floor":38.0},{"not_picked":["Dodge and Roll","Bane"],"picked":"Infinite Blades","floor":39.0},{"not_picked":["Prepared","Deadly Poison"],"picked":"Outmaneuver+1","floor":41.0},{"not_picked":["Sucker Punch","Doppelganger"],"picked":"Night Terror","floor":44.0},{"not_picked":["Outmaneuver","Bane","Bouncing Flask"],"picked":"SKIP","floor":45.0},{"not_picked":["Masterful Stab+1","Slice"],"picked":"PiercingWail+1","floor":46.0},{"not_picked":["Acrobatics","Skewer","Sucker Punch"],"picked":"SKIP","floor":48.0},{"not_picked":["Deflect","Deadly Poison"],"picked":"Outmaneuver+1","floor":55.0}],"player_experience":2302527,"relics_obtained":[{"floor":9.0,"key":"Nunchaku"},{"floor":13.0,"key":"Dead Branch"},{"floor":28.0,"key":"Blue Candle"},{"floor":30.0,"key":"Snake Skull"},{"floor":41.0,"key":"Ornamental Fan"},{"floor":43.0,"key":"Whetstone"},{"floor":44.0,"key":"Art of War"},{"floor":46.0,"key":"Incense Burner"},{"floor":55.0,"key":"Lantern"}],"event_choices":[{"damage_healed":0.0,"max_hp_gain":0.0,"max_hp_loss":0.0,"gold_gain":75.0,"event_name":"World of Goop","player_choice":"Gather Gold","floor":2.0,"gold_loss":0.0,"damage_taken":11.0},{"damage_healed":22.0,"max_hp_gain":0.0,"max_hp_loss":0.0,"gold_gain":0.0,"event_name":"Big Fish","player_choice":"Banana","floor":12.0,"gold_loss":0.0,"damage_taken":0.0},{"damage_healed":0.0,"max_hp_gain":0.0,"max_hp_loss":0.0,"gold_gain":0.0,"cards_transformed":["Strike_G"],"event_name":"Living Wall","player_choice":"Change","floor":14.0,"gold_loss":0.0,"damage_taken":0.0,"cards_obtained":["After Image"]}],"is_beta":false,"boss_relics":[{"not_picked":["White Beast Statue","Lizard Tail"],"picked":"Runic Dome"},{"not_picked":["Empty Cage","Tiny House"],"picked":"Runic Pyramid"}],"items_purged_floors":[3,21,36,54],"is_endless":false,"potions_floor_spawned":[4,7,13,18,33,38,41,44,45,46,48],"ascension_level":20}