{"gold_per_floor":[109,6,17,17,17,17,42,42,42,59,59,59,69,88,88,159,159,173,73,73,20,30,30,64,64,111,136,148,175,215,227,239,326,338,338,338,338,48,48,48,48,48,48,48,48,48,48,48,48,48,48],"floor_reached":52,"playtime":3186,"items_purged":["Strike_B","Strike_B","Strike_B+1"],"score":2201,"play_id":"2bc49807-0209-4729-b1ad-da11972d8993","local_time":"20190125211512","is_ascension_mode":true,"campfire_choices":[{"data":"Streamline","floor":6.0,"key":"SMITH"},{"data":"Fission","floor":11.0,"key":"SMITH"},{"floor":15.0,"key":"REST"},{"data":"Hologram","floor":23.0,"key":"SMITH"},{"data":"Zap","floor":25.0,"key":"SMITH"},{"data":"Double Energy","floor":28.0,"key":"SMITH"},{"data":"Recycle","floor":32.0,"key":"SMITH"},{"data":"Reprogram","floor":40,"key":"SMITH"},{"floor":42,"key":"REST"},{"data":"Gash","floor":44,"key":"SMITH"},{"data":"Biased Cognition","floor":47,"key":"SMITH"},{"floor":49,"key":"REST"}],"neow_cost":"NONE","seed_source_timestamp":29740418071299,"circlet_count":0,"master_deck":["AscendersBane","Strike_B+1","Defend_B+1","Defend_B","Zap+1","Dualcast+1","Gash+1","Streamline+1","Coolheaded+1","Fission+1","Glacier","Hologram+1","Reinforced Body","Chill","Reprogram+1","Double Energy+1","Recycle+1","Biased Cognition+1","Redo+1","Gash","Gash+1"],"special_seed":0,"relics":["Cracked Core","NeowsBlessing","War Paint","Unceasing Top","Pear","Thread and Needle","Runic Dome","Art of War","Vajra","MawBank","PreservedInsect","Ectoplasm","Centennial Puzzle","Omamori","Sundial"],"potions_floor_usage":[50,51],"damage_taken":[{"damage":0.0,"enemies":"Jaw Worm","floor":1.0,"turns":1.0},{"damage":0.0,"enemies":"2 Louse","floor":3.0,"turns":1.0},{"damage":0.0,"enemies":"3 Sentries","floor":7.0,"turns":1.0},{"damage":0.0,"enemies":"Cultist","floor":10.0,"turns":2.0},{"damage":0.0,"enemies":"2 Fungi Beasts","floor":13.0,"turns":3.0},{"damage":0.0,"enemies":"Large Slime","floor":14.0,"turns":4.0},{"damage":19.0,"enemies":"Slime Boss","floor":16.0,"turns":6.0},{"damage":0.0,"enemies":"theJungle:MUSHROOMGANG","floor":18.0,"turns":7.0},{"damage":0.0,"enemies":"theJungle:5_Spyders","floor":22.0,"turns":6.0},{"damage":14.0,"enemies":"theJungle:2_Phrogs","floor":24.0,"turns":10.0},{"damage":20.0,"enemies":"theJungle:2_Snecko_Cultists","floor":27.0,"turns":5.0},{"damage":1.0,"enemies":"theJungle:SlimyTreeVines","floor":29.0,"turns":10.0},{"damage":13.0,"enemies":"theJungle:Cassacara","floor":30.0,"turns":6.0},{"damage":0.0,"enemies":"theJungle:QueenSpyder","floor":33.0,"turns":6.0},{"damage":12.0,"enemies":"3 Darklings","floor":35.0,"turns":2.0},{"damage":0,"enemies":"3 Shapes","floor":36,"turns":7},{"damage":0,"enemies":"Jaw Worm Horde","floor":41,"turns":4},{"damage":17,"enemies":"4 Shapes","floor":45,"turns":6},{"damage":0,"enemies":"Maw","floor":48,"turns":2},{"damage":0,"enemies":"Donu and Deca","floor":50,"turns":6},{"damage":0,"enemies":"Awakened One","floor":51,"turns":4}],"seed_played":"3626036359190603554","potions_obtained":[{"floor":7.0,"key":"AttackPotion"},{"floor":14.0,"key":"PowerPotion"},{"floor":22.0,"key":"Poison Potion"},{"floor":24.0,"key":"Dexterity Potion"},{"floor":36,"key":"Fire Potion"},{"floor":45,"key":"GamblersBrew"}],"is_trial":false,"path_per_floor":["M","$","M","?","?","R","E","?","T","M","R","?","M","M","R","B",null,"M","$","?","$","M","R","E","R","T","M","R","M","E","?","R","B",null,"M","M","T","$","?","R","M","R","T","R","M","?","R","M","R","B","B",null],"character_chosen":"DEFECT","items_purchased":["Streamline","AttackPotion","Omamori"],"campfire_rested":3,"item_purchase_floors":[2,21,38],"current_hp_per_floor":[64,64,64,43,17,17,17,17,27,27,27,27,27,27,51,32,69,69,69,69,69,69,69,55,55,55,35,35,40,27,27,27,27,68,56,56,56,56,56,56,56,80,80,80,63,63,63,63,81,81,81],"gold":48,"neow_bonus":"THREE_ENEMY_KILL","is_prod":false,"is_daily":false,"chose_seed":false,"campfire_upgraded":9,"win_rate":0,"timestamp":1548422112,"path_taken":["M","$","M","?","?","R","E","?","T","?","R","?","M","M","R","BOSS","M","$","?","?","M","R","E","R","T","M","R","M","E","?","R","BOSS","M","?","?","$","?","R","?","R","T","R","M","?","R","M","R","BOSS","BOSS"],"build_version":"2019-01-23","purchased_purges":3,"victory":true,"max_hp_per_floor":[71,71,71,71,71,71,71,71,81,81,81,81,81,81,81,81,81,81,81,81,81,81,81,81,81,81,81,81,81,81,81,81,81,81,81,81,81,81,81,81,81,81,81,81,81,81,81,81,81,81,81],"card_choices":[{"not_picked":["Sweeping Beam","Barrage"],"picked":"Gash","floor":1.0},{"not_picked":["Double Energy","Turbo"],"picked":"Coolheaded","floor":3.0},{"not_picked":["Sunder","Auto Shields"],"picked":"Fission","floor":7.0},{"not_picked":["Loop","BootSequence","Stack"],"picked":"SKIP","floor":10.0},{"not_picked":["Sweeping Beam","Rebound"],"picked":"Glacier","floor":13.0},{"not_picked":["Stack","Redo"],"picked":"Hologram","floor":14.0},{"not_picked":["Seek","Multi-Cast"],"picked":"Rainbow","floor":16.0},{"not_picked":["Scrape","Hologram"],"picked":"Reinforced Body","floor":18.0},{"not_picked":["Static Discharge","Storm"],"picked":"Chill","floor":22.0},{"not_picked":["Ball Lightning","Thunder Strike"],"picked":"Reprogram","floor":24.0},{"not_picked":["Coolheaded","Sunder+1"],"picked":"Double Energy","floor":27.0},{"not_picked":["Streamline","Rip and Tear","Barrage"],"picked":"SKIP","floor":29.0},{"not_picked":["Turbo","Leap"],"picked":"Recycle","floor":30.0},{"not_picked":["Core Surge","Electrodynamics"],"picked":"Biased Cognition","floor":33.0},{"not_picked":["Reinforced Body+1","Turbo","Hologram"],"picked":"SKIP","floor":35.0},{"not_picked":["Steam Power+1","Barrage","Steam+1"],"picked":"SKIP","floor":36},{"not_picked":["Compile Driver+1","Hologram+1"],"picked":"Redo+1","floor":41},{"not_picked":["Redo","Hologram"],"picked":"Gash","floor":45},{"not_picked":["Cold Snap","Streamline"],"picked":"Gash+1","floor":48}],"player_experience":2247327,"relics_obtained":[{"floor":7.0,"key":"Unceasing Top"},{"floor":9.0,"key":"Pear"},{"floor":24.0,"key":"Vajra"},{"floor":26.0,"key":"MawBank"},{"floor":30.0,"key":"PreservedInsect"},{"floor":37,"key":"Centennial Puzzle"},{"floor":43,"key":"Sundial"}],"event_choices":[{"damage_healed":0.0,"max_hp_gain":0.0,"max_hp_loss":0.0,"gold_gain":0.0,"event_name":"Shining Light","player_choice":"Entered Light","floor":4.0,"gold_loss":0.0,"damage_taken":21.0,"cards_upgraded":["Strike_B","Strike_B"]},{"damage_healed":0.0,"max_hp_gain":0.0,"max_hp_loss":0.0,"gold_gain":0.0,"event_name":"Scrap Ooze","player_choice":"Success","floor":5.0,"gold_loss":0.0,"damage_taken":26.0,"relics_obtained":["War Paint"]},{"damage_healed":0.0,"max_hp_gain":0.0,"max_hp_loss":0.0,"gold_gain":0.0,"event_name":"Accursed Blacksmith","player_choice":"Forge","floor":8.0,"gold_loss":0.0,"damage_taken":0.0,"cards_upgraded":["Coolheaded"]},{"damage_healed":0.0,"max_hp_gain":0.0,"max_hp_loss":0.0,"gold_gain":0.0,"event_name":"Dead Adventurer","player_choice":"Searched \u00271\u0027 times","floor":12.0,"gold_loss":0.0,"damage_taken":0.0,"relics_obtained":["Thread and Needle"]},{"cards_removed":["Rainbow"],"damage_healed":0.0,"max_hp_gain":0.0,"max_hp_loss":0.0,"gold_gain":0.0,"event_name":"WeMeetAgain","player_choice":"Gave Card","floor":20.0,"gold_loss":0.0,"damage_taken":0.0,"relics_obtained":["Art of War"]},{"cards_removed":["Defend_B"],"damage_healed":0.0,"max_hp_gain":0.0,"max_hp_loss":0.0,"gold_gain":0.0,"event_name":"Purifier","player_choice":"Purged","floor":31.0,"gold_loss":0.0,"damage_taken":0.0},{"damage_healed":0,"gold_gain":0,"player_choice":"Ignored","damage_taken":0,"max_hp_gain":0,"max_hp_loss":0,"event_name":"SecretPortal","floor":39,"gold_loss":0},{"cards_removed":["Defend_B"],"damage_healed":0,"gold_gain":0,"player_choice":"Purged","damage_taken":0,"max_hp_gain":0,"max_hp_loss":0,"event_name":"Purifier","floor":46,"gold_loss":0}],"is_beta":false,"boss_relics":[{"not_picked":["Cursed Key","Busted Crown"],"picked":"Runic Dome"},{"not_picked":["Velvet Choker","Inserter"],"picked":"Ectoplasm"}],"items_purged_floors":[2,19,38],"is_endless":false,"potions_floor_spawned":[7,14,22,24,36,45],"ascension_level":20}