{"gold_per_floor":[365,383,57,57,69,69,80,80,80,97,97,18,18,32,32,104,104,74,31,31,46,46,46],"floor_reached":23,"playtime":602,"items_purged":[],"score":362,"play_id":"00a75548-7cd8-4327-a7fe-f44dfe192997","local_time":"20190221180902","is_ascension_mode":true,"campfire_choices":[{"data":"Chaos","floor":6.0,"key":"SMITH"},{"data":"Streamline","floor":8.0,"key":"SMITH"},{"data":"Dualcast","floor":13.0,"key":"SMITH"},{"data":"Zap","floor":15.0,"key":"SMITH"}],"neow_cost":"CURSE","seed_source_timestamp":21412659975728,"circlet_count":0,"master_deck":["AscendersBane","Strike_B","Strike_B","Strike_B","Strike_B","Defend_B","Defend_B","Defend_B","Defend_B","Zap+1","Dualcast+1","Streamline+1","Chaos+1","Conserve Battery","Undo","Glacier","Biased Cognition","Glacier","Defragment","Recycle"],"special_seed":0,"relics":["FrozenCore","Bird Faced Urn"],"potions_floor_usage":[23],"damage_taken":[{"damage":3.0,"enemies":"Cultist","floor":1.0,"turns":3.0},{"damage":18.0,"enemies":"Jaw Worm","floor":2.0,"turns":4.0},{"damage":18.0,"enemies":"Small Slimes","floor":5.0,"turns":4.0},{"damage":11.0,"enemies":"Red Slaver","floor":7.0,"turns":3.0},{"damage":1.0,"enemies":"2 Fungi Beasts","floor":10.0,"turns":2.0},{"damage":0.0,"enemies":"Exordium Wildlife","floor":14.0,"turns":4.0},{"damage":24.0,"enemies":"The Guardian","floor":16.0,"turns":12.0},{"damage":0,"enemies":"2 Thieves","floor":18,"turns":4},{"damage":18,"enemies":"Chosen","floor":21,"turns":10},{"damage":35,"enemies":"Slavers","floor":23,"turns":7}],"seed_played":"2843943426480348477","potions_obtained":[{"floor":1.0,"key":"Explosive Potion"},{"floor":16.0,"key":"Dexterity Potion"},{"floor":21,"key":"PowerPotion"}],"is_trial":false,"path_per_floor":["M","M","$","?","M","R","M","R","T","M","?","$","R","M","R","B",null,"M","$","?","M","$","E"],"character_chosen":"DEFECT","items_purchased":["Bird Faced Urn","Glacier","Defragment"],"campfire_rested":0,"item_purchase_floors":[3,12,19],"current_hp_per_floor":[61,43,43,66,48,48,37,37,37,36,36,36,36,36,36,12,56,58,58,58,44,44,15],"gold":46,"neow_bonus":"TWO_FIFTY_GOLD","is_prod":false,"is_daily":false,"chose_seed":false,"campfire_upgraded":4,"win_rate":0,"timestamp":1550743742,"path_taken":["M","?","$","?","M","R","M","R","T","M","?","$","R","?","R","BOSS","M","$","?","M","$","E"],"build_version":"2019-01-23","purchased_purges":0,"victory":false,"max_hp_per_floor":[71,71,71,71,71,71,71,71,71,71,71,71,71,71,71,71,71,71,71,71,71,71,71],"card_choices":[{"not_picked":["Auto Shields","Go for the Eyes"],"picked":"Streamline","floor":1.0},{"not_picked":["Sweeping Beam","Beam Cell","Steam"],"picked":"SKIP","floor":2.0},{"not_picked":["Compile Driver","Steam"],"picked":"Chaos","floor":5.0},{"not_picked":["Steam Power","Leap"],"picked":"Conserve Battery","floor":7.0},{"not_picked":["Lockon","Thunder Strike"],"picked":"Undo","floor":10.0},{"not_picked":["Sweeping Beam","Steam","Compile Driver"],"picked":"SKIP","floor":14.0},{"not_picked":["Hyperbeam","Machine Learning"],"picked":"Biased Cognition","floor":16.0},{"not_picked":["Ball Lightning","Beam Cell"],"picked":"Glacier","floor":18},{"not_picked":["Heatsinks","Cold Snap"],"picked":"Recycle","floor":21}],"player_experience":3009837,"relics_obtained":[],"event_choices":[{"damage_healed":23.0,"max_hp_gain":0.0,"max_hp_loss":0.0,"gold_gain":0.0,"event_name":"Big Fish","player_choice":"Banana","floor":4.0,"gold_loss":0.0,"damage_taken":0.0},{"cards_removed":["Pain"],"damage_healed":0.0,"max_hp_gain":0.0,"max_hp_loss":0.0,"gold_gain":0.0,"event_name":"Fountain of Cleansing","player_choice":"Removed Curses","floor":11.0,"gold_loss":0.0,"damage_taken":0.0},{"damage_healed":0,"gold_gain":0,"player_choice":"Ignored","damage_taken":0,"max_hp_gain":0,"max_hp_loss":0,"event_name":"Vampires","floor":20,"gold_loss":0}],"is_beta":false,"boss_relics":[{"not_picked":["Snecko Eye","Orrery"],"picked":"FrozenCore"}],"items_purged_floors":[],"is_endless":false,"potions_floor_spawned":[1,16,21],"killed_by":"Slavers","ascension_level":20}