{"gold_per_floor":[369,381,14,14,29,29,60,78,105,117,128,143,158,58,58,137,137,153,125,89,89,89,89,115,115,184,184,83,112,62,81,81,153,153,171,181,232,243,243,243,257,257,283,296,316,348,348,366,366,366,366,366,366,43,68,68],"floor_reached":57,"playtime":4481,"items_purged":["Strike_G","Strike_G","Defend_G","All Out Attack","Defend_G"],"score":2977,"play_id":"e83ef634-a076-4f4a-90e6-ab584c14e396","local_time":"20190704115641","is_ascension_mode":true,"campfire_choices":[{"data":"Bouncing Flask","floor":6.0,"key":"SMITH"},{"data":"Noxious Fumes","floor":15.0,"key":"SMITH"},{"data":"Calculated Gamble","floor":23.0,"key":"SMITH"},{"data":"Acrobatics","floor":27.0,"key":"SMITH"},{"data":"Tactician","floor":32.0,"key":"SMITH"},{"data":"Catalyst","floor":40.0,"key":"SMITH"},{"floor":49.0,"key":"RECALL"},{"data":"Wraith Form v2","floor":53,"key":"SMITH"}],"neow_cost":"TEN_PERCENT_HP_LOSS","seed_source_timestamp":129804865015018,"circlet_count":0,"master_deck":["AscendersBane","Defend_G","Defend_G","Defend_G","Survivor","Neutralize+1","Noxious Fumes+1","Calculated Gamble+1","Bouncing Flask+1","Footwork","Blur","Acrobatics+1","Escape Plan","Malaise","Tactician+1","Endless Agony+1","Acrobatics","Adrenaline","Catalyst+1","Well Laid Plans","Wraith Form v2+1","Panacea","Purity"],"special_seed":0,"relics":["Ring of the Snake","Medical Kit","Strawberry","Lantern","Philosopher\u0027s Stone","Smiling Mask","Pantograph","Potion Belt","Sozu","FossilizedHelix","Dream Catcher","Ancient Tea Set","Whetstone","Bag of Marbles"],"potions_floor_usage":[],"damage_taken":[{"damage":4.0,"enemies":"Small Slimes","floor":1.0,"turns":4.0},{"damage":4.0,"enemies":"Cultist","floor":2.0,"turns":4.0},{"damage":0.0,"enemies":"2 Louse","floor":5.0,"turns":4.0},{"damage":27.0,"enemies":"Gremlin Nob","floor":7.0,"turns":4.0},{"damage":9.0,"enemies":"Large Slime","floor":8.0,"turns":8.0},{"damage":1.0,"enemies":"Looter","floor":10.0,"turns":3.0},{"damage":0.0,"enemies":"2 Fungi Beasts","floor":11.0,"turns":4.0},{"damage":0.0,"enemies":"Blue Slaver","floor":12.0,"turns":6.0},{"damage":0.0,"enemies":"Exordium Wildlife","floor":13.0,"turns":5.0},{"damage":0.0,"enemies":"Hexaghost","floor":16.0,"turns":8.0},{"damage":0.0,"enemies":"Spheric Guardian","floor":18.0,"turns":3.0},{"damage":14.0,"enemies":"2 Thieves","floor":19.0,"turns":4.0},{"damage":9.0,"enemies":"Book of Stabbing","floor":24.0,"turns":7.0},{"damage":36.0,"enemies":"Slavers","floor":29.0,"turns":5.0},{"damage":7.0,"enemies":"Shelled Parasite and Fungi","floor":31.0,"turns":8.0},{"damage":0.0,"enemies":"Champ","floor":33.0,"turns":8.0},{"damage":22.0,"enemies":"3 Darklings","floor":35.0,"turns":4.0},{"damage":7.0,"enemies":"3 Shapes","floor":36.0,"turns":4.0},{"damage":5.0,"enemies":"2 Orb Walkers","floor":37.0,"turns":6.0},{"damage":0.0,"enemies":"Jaw Worm Horde","floor":38.0,"turns":4.0},{"damage":0.0,"enemies":"4 Shapes","floor":41.0,"turns":5.0},{"damage":0.0,"enemies":"Transient","floor":44.0,"turns":6.0},{"damage":0.0,"enemies":"Writhing Mass","floor":45.0,"turns":5.0},{"damage":0.0,"enemies":"Nemesis","floor":46.0,"turns":5.0},{"damage":0.0,"enemies":"Jaw Worm Horde","floor":48.0,"turns":5.0},{"damage":20.0,"enemies":"Awakened One","floor":50.0,"turns":13.0},{"damage":26,"enemies":"Time Eater","floor":51,"turns":8},{"damage":0,"enemies":"Shield and Spear","floor":55,"turns":7},{"damage":31,"enemies":"The Heart","floor":56,"turns":8}],"seed_played":"4962847658709204136","potions_obtained":[{"floor":1.0,"key":"Strength Potion"},{"floor":5.0,"key":"Fire Potion"},{"floor":8.0,"key":"Strength Potion"},{"floor":29.0,"key":"PowerPotion"},{"floor":31.0,"key":"Weak Potion"}],"is_trial":false,"path_per_floor":["M","M","$","?","M","R","E","M","T","M","M","M","M","$","R","B",null,"M","M","$","?","?","R","E","?","T","R","$","E","$","M","R","B",null,"M","M","?","M","?","R","M","T","T","M","M","E","?","M","R","B","B",null,"R","$","E","B",null],"character_chosen":"THE_SILENT","items_purchased":["Medical Kit","Bouncing Flask","Tactician","Acrobatics","Purity","Whetstone"],"campfire_rested":0,"item_purchase_floors":[3,3,20,28,54,54],"current_hp_per_floor":[55,51,51,60,60,60,40,31,31,30,30,30,30,30,30,30,58,58,44,44,57,57,57,48,48,48,48,48,12,12,5,5,30,58,36,29,24,24,24,24,24,24,24,24,24,24,14,14,14,19,18,55,55,55,55,36],"gold":68,"neow_bonus":"TWO_FIFTY_GOLD","is_prod":false,"is_daily":false,"chose_seed":false,"campfire_upgraded":7,"win_rate":0,"timestamp":1562212601,"path_taken":["M","M","$","?","M","R","E","M","T","?","?","M","M","$","R","BOSS","M","M","$","?","?","R","E","?","T","R","$","E","?","M","R","BOSS","M","M","?","M","?","R","M","?","T","M","M","E","?","?","R","BOSS","BOSS","R","$","E","BOSS"],"build_version":"2019-07-01","purchased_purges":5,"victory":true,"max_hp_per_floor":[60,60,60,60,60,60,67,67,67,67,67,67,67,67,67,67,67,67,67,67,67,67,67,67,67,67,67,67,67,67,67,67,67,67,67,67,67,67,67,67,67,67,67,67,67,67,67,67,67,67,67,67,67,67,67,67],"card_choices":[{"not_picked":["Catalyst","Accuracy"],"picked":"Noxious Fumes","floor":1.0},{"not_picked":["Terror","Caltrops"],"picked":"Calculated Gamble","floor":2.0},{"not_picked":["PiercingWail","Blade Dance"],"picked":"Footwork","floor":5.0},{"not_picked":["Terror","Distraction"],"picked":"Blur","floor":7.0},{"not_picked":["Masterful Stab","Cloak And Dagger"],"picked":"Acrobatics","floor":8.0},{"not_picked":["Choke","Slice","Riddle With Holes"],"picked":"SKIP","floor":10.0},{"not_picked":["Acrobatics","Venomology","Blade Dance"],"picked":"SKIP","floor":11.0},{"not_picked":["All Out Attack","Backflip"],"picked":"Escape Plan","floor":12.0},{"not_picked":["Endless Agony","Underhanded Strike","Flying Knee"],"picked":"SKIP","floor":13.0},{"not_picked":["Doppelganger","Die Die Die"],"picked":"Malaise","floor":16.0},{"not_picked":["Underhanded Strike","Outmaneuver","Sucker Punch+1"],"picked":"SKIP","floor":18.0},{"not_picked":["Sucker Punch","Distraction","Blade Dance+1"],"picked":"SKIP","floor":19.0},{"not_picked":["Accuracy","Sucker Punch","Deadly Poison"],"picked":"SKIP","floor":24.0},{"not_picked":["Accuracy","Sucker Punch","Deadly Poison"],"picked":"SKIP","floor":24.0},{"not_picked":["Finisher","Prepared","All Out Attack"],"picked":"SKIP","floor":29.0},{"not_picked":["Dagger Spray+1","Acrobatics+1","Dodge and Roll"],"picked":"SKIP","floor":31.0},{"not_picked":["Doppelganger","Wraith Form v2"],"picked":"Adrenaline","floor":33.0},{"not_picked":["Quick Slash+1","Heel Hook+1","Slice"],"picked":"SKIP","floor":35.0},{"not_picked":["Underhanded Strike","A Thousand Cuts"],"picked":"Catalyst","floor":36.0},{"not_picked":["Cloak And Dagger","Quick Slash"],"picked":"Well Laid Plans","floor":37.0},{"not_picked":["Acrobatics","Backstab","Expertise"],"picked":"SKIP","floor":38.0},{"not_picked":["Blade Dance","Catalyst+1","Dagger Throw"],"picked":"SKIP","floor":41.0},{"not_picked":["Dagger Spray","Expertise+1","Backflip"],"picked":"SKIP","floor":44.0},{"not_picked":["Cloak And Dagger","All Out Attack","Poisoned Stab"],"picked":"SKIP","floor":45.0},{"not_picked":["Wraith Form v2","Sucker Punch+1","Predator"],"picked":"SKIP","floor":46.0},{"not_picked":["Sucker Punch+1","Predator"],"picked":"Wraith Form v2","floor":46.0},{"not_picked":["Chrysalis","Trip"],"picked":"Panacea","floor":47.0},{"not_picked":["Flying Knee+1","Blade Dance","Sucker Punch"],"picked":"SKIP","floor":48.0},{"not_picked":["Poisoned Stab","Expertise+1","Sucker Punch"],"picked":"SKIP","floor":55}],"player_experience":1530302,"relics_obtained":[{"floor":7.0,"key":"Strawberry"},{"floor":9.0,"key":"Lantern"},{"floor":24.0,"key":"Smiling Mask"},{"floor":26.0,"key":"Pantograph"},{"floor":29.0,"key":"Potion Belt"},{"floor":37.0,"key":"FossilizedHelix"},{"floor":43.0,"key":"Dream Catcher"},{"floor":46.0,"key":"Ancient Tea Set"},{"floor":55,"key":"Bag of Marbles"}],"event_choices":[{"damage_healed":9.0,"max_hp_gain":0.0,"max_hp_loss":0.0,"gold_gain":0.0,"event_name":"Wheel of Change","player_choice":"Full Heal","floor":4.0,"gold_loss":0.0,"damage_taken":0.0},{"damage_healed":13.0,"max_hp_gain":0.0,"max_hp_loss":0.0,"gold_gain":0.0,"event_name":"The Library","player_choice":"Heal","floor":21.0,"gold_loss":0.0,"damage_taken":0.0},{"cards_removed":["Strike_G"],"damage_healed":0.0,"max_hp_gain":0.0,"max_hp_loss":0.0,"gold_gain":0.0,"event_name":"Back to Basics","player_choice":"Elegance","floor":22.0,"gold_loss":0.0,"damage_taken":0.0},{"damage_healed":0.0,"max_hp_gain":0.0,"max_hp_loss":0.0,"gold_gain":0.0,"cards_transformed":["Strike_G","Strike_G"],"event_name":"Drug Dealer","player_choice":"Became Test Subject","floor":25.0,"gold_loss":0.0,"damage_taken":0.0,"cards_obtained":["All Out Attack","Endless Agony"]},{"damage_healed":0.0,"max_hp_gain":0.0,"max_hp_loss":0.0,"gold_gain":0.0,"event_name":"Mysterious Sphere","player_choice":"Fight","floor":37.0,"gold_loss":0.0,"damage_taken":0.0},{"damage_healed":0.0,"max_hp_gain":0.0,"max_hp_loss":0.0,"gold_gain":0.0,"event_name":"Tomb of Lord Red Mask","player_choice":"Ignored","floor":39.0,"gold_loss":0.0,"damage_taken":0.0},{"damage_healed":0.0,"max_hp_gain":0.0,"max_hp_loss":0.0,"gold_gain":0.0,"event_name":"SensoryStone","player_choice":"Memory 3","floor":47.0,"gold_loss":0.0,"damage_taken":10.0}],"is_beta":false,"boss_relics":[{"not_picked":["HoveringKite","Empty Cage"],"picked":"Philosopher\u0027s Stone"},{"not_picked":["Cursed Key","White Beast Statue"],"picked":"Sozu"}],"items_purged_floors":[3,14,28,30,54],"is_endless":false,"potions_floor_spawned":[1,5,8,13,16,29,31,37,38,45,46,48,55],"ascension_level":20}