{"gold_per_floor":[112,187,203,89,264,264,276,276,276,104,117,175,175,189,189,293,293,304,287,287,299,299],"floor_reached":22,"playtime":664,"items_purged":["Regret","Doubt"],"score":270,"play_id":"232a26bc-48be-4122-bb89-8487a345830f","local_time":"20181010083014","is_ascension_mode":true,"campfire_choices":[{"data":"Capacitor","floor":6,"key":"SMITH"},{"floor":8,"key":"REST"},{"data":"Defragment","floor":13,"key":"SMITH"},{"data":"Biased Cognition","floor":15,"key":"SMITH"}],"neow_cost":"CURSE","seed_source_timestamp":525195486977,"circlet_count":0,"master_deck":["Strike_B","Strike_B","Defend_B","Defend_B","Defend_B","Zap","Dualcast","Coolheaded","Recycle","Capacitor+1","Streamline","Glacier","Sunder","Defragment+1","Biased Cognition+1","Biased Cognition","Steam+1","Fusion+1","Tempest+1","Coolheaded","Coolheaded+1","Defragment"],"relics":["Cracked Core","Emotion Chip","Mango","Tiny Chest","Astrolabe"],"potions_floor_usage":[16,16,16,22],"damage_taken":[{"damage":9,"enemies":"Cultist","floor":1,"turns":4},{"damage":6,"enemies":"2 Louse","floor":3,"turns":3},{"damage":7,"enemies":"Jaw Worm","floor":7,"turns":4},{"damage":19,"enemies":"Exordium Thugs","floor":11,"turns":6},{"damage":29,"enemies":"Gremlin Nob","floor":12,"turns":4},{"damage":6,"enemies":"Large Slime","floor":14,"turns":4},{"damage":5,"enemies":"Slime Boss","floor":16,"turns":8},{"damage":14,"enemies":"Shell Parasite","floor":18,"turns":3},{"damage":29,"enemies":"2 Thieves","floor":19,"turns":4},{"damage":21,"enemies":"Snecko","floor":21,"turns":4},{"damage":11,"enemies":"Snake Plant","floor":22,"turns":1}],"seed_played":"-2687642106169284978","potions_obtained":[{"floor":3,"key":"Poison Potion"},{"floor":7,"key":"Fire Potion"},{"floor":11,"key":"Fire Potion"},{"floor":14,"key":"PowerPotion"},{"floor":21,"key":"FocusPotion"}],"is_trial":false,"path_per_floor":["M","?","M","$","?","R","M","R","T","$","M","E","R","M","R","B",null,"M","M","?","M"],"character_chosen":"DEFECT","items_purchased":["Capacitor","Glacier"],"campfire_rested":1,"item_purchase_floors":[4,10],"current_hp_per_floor":[59,48,42,42,42,42,35,57,71,71,52,23,23,17,17,12,70,56,27,27,6,0],"gold":299,"neow_bonus":"ONE_RARE_RELIC","is_prod":false,"is_daily":false,"chose_seed":false,"campfire_upgraded":3,"win_rate":0,"timestamp":1539131414,"path_taken":["M","?","M","?","?","R","?","R","T","$","M","E","R","?","R","BOSS","M","M","?","M","M"],"build_version":"2018-10-04v2","purchased_purges":2,"victory":false,"max_hp_per_floor":[75,75,75,75,75,75,75,75,89,89,89,89,89,89,89,89,89,89,89,89,89,89],"card_choices":[{"not_picked":["Cold Snap","Hologram"],"picked":"Coolheaded","floor":1},{"not_picked":["Steam","Conserve Battery"],"picked":"Recycle","floor":3},{"not_picked":["Beam Cell","Hologram"],"picked":"Streamline","floor":7},{"not_picked":["Stack","Storm"],"picked":"Sunder","floor":11},{"not_picked":["Doom and Gloom","Redo"],"picked":"Defragment","floor":12},{"not_picked":["Skim","Hologram"],"picked":"Biased Cognition","floor":14},{"not_picked":["Multi-Cast","Amplify"],"picked":"Biased Cognition","floor":16},{"not_picked":["Barrage","Ball Lightning"],"picked":"Coolheaded","floor":18},{"not_picked":["Go for the Eyes","Compile Driver+1"],"picked":"Coolheaded+1","floor":19},{"not_picked":["Barrage","Lockon"],"picked":"Defragment","floor":21}],"player_experience":68208,"relics_obtained":[{"floor":9,"key":"Mango"},{"floor":12,"key":"Tiny Chest"}],"event_choices":[{"event_name":"World of Goop","player_choice":"Gather Gold","floor":2,"damage_taken":0},{"event_name":"Liars Game","player_choice":"agreed","floor":5,"damage_taken":0},{"event_name":"Cursed Tome","player_choice":"Ignored","floor":20,"damage_taken":0}],"is_beta":false,"boss_relics":[{"not_picked":["White Beast Statue","Lizard Tail"],"picked":"Astrolabe"}],"items_purged_floors":[4,10],"is_endless":false,"potions_floor_spawned":[3,7,11,14,21],"killed_by":"Snake Plant","ascension_level":9}