{"gold_per_floor":[112,112,131,145,121,121,153,153,153,0,28,28,46,71,71,146,146,159,259,35,35,45,45,57,57,127,155,55,83,83,98,98,170,170,180,280,294,111,128,128,158,158,158,192,211,230,261,278,278,278,278],"floor_reached":51,"playtime":5165,"items_purged":["Strike_B","Strike_B","Strike_B"],"score":1740,"play_id":"6fc85c71-d34c-4945-a62d-bd8c987efa87","local_time":"20190630183524","is_ascension_mode":true,"campfire_choices":[{"floor":6,"key":"REST"},{"floor":8,"key":"REST"},{"data":"Zap","floor":12,"key":"SMITH"},{"data":"Echo Form","floor":15,"key":"SMITH"},{"floor":23,"key":"REST"},{"floor":25,"key":"REST"},{"data":"Double Energy","floor":30,"key":"SMITH"},{"data":"Chill","floor":32,"key":"SMITH"},{"data":"Seek","floor":40,"key":"SMITH"},{"data":"White Noise","floor":42,"key":"SMITH"},{"floor":49,"key":"RECALL"}],"neow_cost":"NONE","seed_source_timestamp":24811452935489,"circlet_count":0,"master_deck":["AscendersBane","Strike_B","Defend_B","Defend_B","Defend_B","Defend_B","Zap+1","Dualcast","Ball Lightning","Hologram","Coolheaded","Echo Form+1","Self Repair","Double Energy+1","Streamline+1","Seek+1","Conserve Battery","Echo Form+1","Echo Form+1","Coolheaded+1","BootSequence","White Noise+1","Chill+1","Fission","Turbo","Compile Driver+1","Recycle","Glacier","Fission","Turbo"],"relics":["Cracked Core","Pear","Dead Branch","Gambling Chip","Molten Egg 2","Black Star","FossilizedHelix","Symbiotic Virus","DollysMirror","Frozen Egg 2","Meat on the Bone","Blue Candle","Centennial Puzzle","Bag of Preparation","Coffee Dripper","Pocketwatch","Incense Burner","Unceasing Top","Bag of Marbles","Lantern","Orichalcum","Bottled Flame"],"potions_floor_usage":[4,5,11,19,19,24,29,50,51],"damage_taken":[{"damage":8,"enemies":"2 Louse","floor":1,"turns":2},{"damage":1,"enemies":"Cultist","floor":3,"turns":3},{"damage":2,"enemies":"Small Slimes","floor":4,"turns":2},{"damage":19,"enemies":"Exordium Thugs","floor":5,"turns":4},{"damage":35,"enemies":"Gremlin Nob","floor":7,"turns":4},{"damage":17,"enemies":"Lagavulin","floor":11,"turns":8},{"damage":11,"enemies":"2 Fungi Beasts","floor":13,"turns":4},{"damage":30,"enemies":"3 Sentries","floor":14,"turns":7},{"damage":0,"enemies":"Slime Boss","floor":16,"turns":6},{"damage":0,"enemies":"Chosen","floor":18,"turns":5},{"damage":30,"enemies":"Colosseum Slavers","floor":19,"turns":7},{"damage":52,"enemies":"Colosseum Nobs","floor":19,"turns":5},{"damage":6,"enemies":"2 Thieves","floor":22,"turns":4},{"damage":38,"enemies":"3 Cultists","floor":24,"turns":5},{"damage":11,"enemies":"Gremlin Leader","floor":27,"turns":6},{"damage":25,"enemies":"Slavers","floor":29,"turns":6},{"damage":9,"enemies":"Centurion and Healer","floor":31,"turns":5},{"damage":25,"enemies":"Champ","floor":33,"turns":12},{"damage":0,"enemies":"3 Darklings","floor":35,"turns":4},{"damage":29,"enemies":"Mind Bloom Boss Battle","floor":36,"turns":7},{"damage":0,"enemies":"3 Shapes","floor":37,"turns":7},{"damage":0,"enemies":"Sphere and 2 Shapes","floor":39,"turns":3},{"damage":65,"enemies":"Reptomancer","floor":41,"turns":7},{"damage":0,"enemies":"Giant Head","floor":44,"turns":5},{"damage":0,"enemies":"Writhing Mass","floor":45,"turns":5},{"damage":0,"enemies":"Spire Growth","floor":46,"turns":6},{"damage":0,"enemies":"Reptomancer","floor":47,"turns":4},{"damage":6,"enemies":"3 Darklings","floor":48,"turns":4},{"damage":81,"enemies":"Awakened One","floor":50,"turns":12},{"damage":34,"enemies":"Time Eater","floor":51,"turns":8}],"seed_played":"-5339566161105504160","potions_obtained":[{"floor":2,"key":"AttackPotion"},{"floor":2,"key":"Weak Potion"},{"floor":7,"key":"Weak Potion"},{"floor":13,"key":"Ancient Potion"},{"floor":16,"key":"SkillPotion"},{"floor":22,"key":"Swift Potion"},{"floor":24,"key":"SkillPotion"},{"floor":31,"key":"Weak Potion"},{"floor":33,"key":"Block Potion"},{"floor":45,"key":"FocusPotion"}],"is_trial":false,"path_per_floor":["M","?","M","M","M","R","E","R","T","$","E","R","M","E","R","B",null,"M","?","$","?","M","R","M","R","T","E","$","E","R","M","R","B",null,"M","?","M","$","M","R","E","R","T","E","M","M","E","M","R","B","B"],"character_chosen":"DEFECT","items_purchased":["Self Repair","DollysMirror","Compile Driver+1"],"campfire_rested":4,"item_purchase_floors":[10,20,38],"current_hp_per_floor":[63,63,62,60,41,64,39,65,65,65,55,55,58,42,42,56,80,87,26,26,26,27,53,22,48,48,51,51,52,52,69,69,70,84,88,73,87,87,88,88,49,49,49,63,77,84,88,88,88,26,0],"gold":278,"neow_bonus":"TEN_PERCENT_HP_BONUS","is_prod":false,"is_daily":false,"chose_seed":false,"campfire_upgraded":6,"win_rate":0,"timestamp":1561912524,"path_taken":["M","?","M","M","M","R","E","R","T","$","E","R","?","E","R","BOSS","M","?","$","?","M","R","M","R","T","E","$","E","R","M","R","BOSS","M","?","M","$","M","R","E","R","T","E","M","M","E","M","R","BOSS","BOSS"],"build_version":"2019-01-23","purchased_purges":3,"victory":false,"max_hp_per_floor":[78,78,78,78,78,78,88,88,88,88,88,88,88,88,88,88,88,88,88,88,88,88,88,88,88,88,88,88,88,88,88,88,88,88,88,88,88,88,88,88,88,88,88,88,88,88,88,88,88,88,88],"card_choices":[{"not_picked":["Beam Cell","White Noise"],"picked":"Ball Lightning","floor":1},{"not_picked":["Turbo","Sweeping Beam"],"picked":"Hologram","floor":3},{"not_picked":["Scrape","Steam"],"picked":"Coolheaded","floor":4},{"not_picked":["Tempest","Turbo","Beam Cell"],"picked":"SKIP","floor":5},{"not_picked":["Rebound","Steam Power"],"picked":"Echo Form","floor":7},{"not_picked":["Streamline","Meteor Strike"],"picked":"Double Energy","floor":11},{"not_picked":["Melter","Turbo","Rebound"],"picked":"SKIP","floor":13},{"not_picked":["Storm","Fusion"],"picked":"Streamline","floor":14},{"not_picked":["Fission","Hyperbeam+1"],"picked":"Seek","floor":16},{"not_picked":["Streamline+1","Turbo"],"picked":"Conserve Battery","floor":18},{"not_picked":["Melter+1","Rebound+1"],"picked":"Coolheaded+1","floor":22},{"not_picked":["Reboot","Stack"],"picked":"BootSequence","floor":24},{"not_picked":["Conserve Battery","Biased Cognition+1"],"picked":"White Noise","floor":27},{"not_picked":["Static Discharge+1","Coolheaded","Genetic Algorithm"],"picked":"SKIP","floor":29},{"not_picked":["Rip and Tear+1","Streamline+1"],"picked":"Chill","floor":31},{"not_picked":["Core Surge+1","Hyperbeam+1"],"picked":"Fission","floor":33},{"not_picked":["Streamline+1","Ball Lightning+1","Gash+1"],"picked":"SKIP","floor":35},{"not_picked":["Coolheaded","Capacitor+1"],"picked":"Turbo","floor":37},{"not_picked":["Static Discharge+1","Barrage+1","Undo"],"picked":"SKIP","floor":39},{"not_picked":["Lockon+1","White Noise+1"],"picked":"Recycle","floor":41},{"not_picked":["Compile Driver+1","Rebound+1"],"picked":"Glacier","floor":44},{"not_picked":["Sweeping Beam+1","Static Discharge+1"],"picked":"Fission","floor":45},{"not_picked":["Glacier","Chill"],"picked":"Turbo","floor":46},{"not_picked":["Rainbow","Steam+1","Streamline+1"],"picked":"SKIP","floor":47},{"not_picked":["Go for the Eyes+1","Rebound+1","Hello World+1"],"picked":"SKIP","floor":48}],"player_experience":648903,"relics_obtained":[{"floor":7,"key":"Pear"},{"floor":9,"key":"Dead Branch"},{"floor":11,"key":"Gambling Chip"},{"floor":14,"key":"Molten Egg 2"},{"floor":19,"key":"FossilizedHelix"},{"floor":19,"key":"Symbiotic Virus"},{"floor":26,"key":"Frozen Egg 2"},{"floor":27,"key":"Meat on the Bone"},{"floor":27,"key":"Blue Candle"},{"floor":29,"key":"Centennial Puzzle"},{"floor":29,"key":"Bag of Preparation"},{"floor":36,"key":"Pocketwatch"},{"floor":41,"key":"Incense Burner"},{"floor":41,"key":"Unceasing Top"},{"floor":44,"key":"Bag of Marbles"},{"floor":44,"key":"Lantern"},{"floor":47,"key":"Orichalcum"},{"floor":47,"key":"Bottled Flame"}],"event_choices":[{"damage_healed":0,"gold_gain":0,"player_choice":"Got Potions","damage_taken":0,"max_hp_gain":0,"max_hp_loss":0,"event_name":"Lab","floor":2,"gold_loss":0},{"damage_healed":0,"gold_gain":0,"player_choice":"Fight","damage_taken":0,"max_hp_gain":0,"max_hp_loss":0,"event_name":"Colosseum","floor":19,"gold_loss":0},{"damage_healed":0,"gold_gain":0,"player_choice":"Fought Nobs","damage_taken":0,"max_hp_gain":0,"max_hp_loss":0,"event_name":"Colosseum","floor":19,"gold_loss":0},{"damage_healed":0,"gold_gain":0,"player_choice":"Copied","damage_taken":0,"max_hp_gain":0,"max_hp_loss":0,"event_name":"Duplicator","floor":21,"gold_loss":0,"cards_obtained":["Echo Form"]},{"damage_healed":0,"gold_gain":0,"player_choice":"Fight","damage_taken":0,"max_hp_gain":0,"max_hp_loss":0,"event_name":"MindBloom","floor":36,"gold_loss":0}],"is_beta":false,"boss_relics":[{"not_picked":["Philosopher\u0027s Stone","Lizard Tail"],"picked":"Black Star"},{"not_picked":["Runic Dome","FrozenCore"],"picked":"Coffee Dripper"}],"items_purged_floors":[10,28,38],"is_endless":false,"potions_floor_spawned":[3,7,13,16,18,22,24,31,33,36,44,45,47],"killed_by":"Time Eater","ascension_level":20}