{"gold_per_floor":[119,129,129,54,54,54,9,41,41,53,53,53,80,97,97,172,172,192,205,223,237,237,237,267,280,332,332,147,147,173,188,188,262,262,277,177,226,226,253,253,279,279,279,293,307,307,43,57,57,57,57,57,57,57,83,83],"floor_reached":57,"playtime":5533,"items_purged":["Pain","Shame"],"score":3256,"play_id":"69954b2d-d87c-4677-9356-a634b220efd9","local_time":"20190126125604","is_ascension_mode":true,"campfire_choices":[{"data":"Bouncing Flask","floor":6.0,"key":"SMITH"},{"data":"Tactician","floor":11.0,"key":"SMITH"},{"data":"Noxious Fumes","floor":15.0,"key":"SMITH"},{"data":"Neutralize","floor":23.0,"key":"SMITH"},{"data":"After Image","floor":27.0,"key":"SMITH"},{"floor":32.0,"key":"RECALL"},{"data":"Survivor","floor":40.0,"key":"SMITH"},{"floor":42.0,"key":"REST"},{"floor":49.0,"key":"REST"},{"data":"Strike_G","floor":53.0,"key":"SMITH"}],"neow_cost":"PERCENT_DAMAGE","seed_source_timestamp":9817223136023,"circlet_count":0,"master_deck":["AscendersBane","Strike_G+1","Strike_G+1","Survivor+1","Neutralize+1","Bouncing Flask+1","Tactician+1","Acrobatics+1","Acrobatics+1","Noxious Fumes+1","After Image+1","Reflex+1","Catalyst+1","Acrobatics+1","Flechettes+1","Concentrate+1","theJungle:Gourd+1","theJungle:Gourd+1","theJungle:Gourd+1","theJungle:Gourd+1","theJungle:Gourd+1","Terror+1","Adrenaline+1","Catalyst+1","Concentrate+1"],"special_seed":0,"relics":["Ring of the Snake","Thread and Needle","WarpedTongs","Shuriken","Toxic Egg 2","Bottled Lightning","Darkstone Periapt","Empty Cage","theJungle:PaperFaux","Bottled Flame","Bag of Marbles","theJungle:Creamberry","Bag of Preparation","Runic Pyramid","Ginger","Centennial Puzzle","Art of War","TheAbacus","Vajra"],"potions_floor_usage":[56,56,56,56],"damage_taken":[{"damage":0.0,"enemies":"Cultist","floor":1.0,"turns":5.0},{"damage":2.0,"enemies":"Small Slimes","floor":2.0,"turns":4.0},{"damage":23.0,"enemies":"3 Sentries","floor":8.0,"turns":12.0},{"damage":0.0,"enemies":"Jaw Worm","floor":10.0,"turns":3.0},{"damage":0.0,"enemies":"Gremlin Nob","floor":13.0,"turns":3.0},{"damage":0.0,"enemies":"Large Slime","floor":14.0,"turns":4.0},{"damage":0.0,"enemies":"The Guardian","floor":16.0,"turns":8.0},{"damage":19.0,"enemies":"theJungle:Flameango_and_Byrd","floor":18.0,"turns":6.0},{"damage":0.0,"enemies":"theJungle:GiantWrat","floor":19.0,"turns":6.0},{"damage":3.0,"enemies":"theJungle:Snecko_Cultist_And_Trap","floor":20.0,"turns":10.0},{"damage":0.0,"enemies":"theJungle:SlimyTreeVines","floor":21.0,"turns":4.0},{"damage":8.0,"enemies":"theJungle:2_Phrogs","floor":24.0,"turns":6.0},{"damage":0.0,"enemies":"theJungle:Lyon","floor":25.0,"turns":3.0},{"damage":0.0,"enemies":"theJungle:Cassacara","floor":30.0,"turns":4.0},{"damage":0.0,"enemies":"Snake Plant","floor":31.0,"turns":3.0},{"damage":0.0,"enemies":"theJungle:FunGuy","floor":33.0,"turns":8.0},{"damage":0.0,"enemies":"3 Shapes","floor":35.0,"turns":5.0},{"damage":0.0,"enemies":"2 Orb Walkers","floor":37.0,"turns":3.0},{"damage":17.0,"enemies":"Reptomancer","floor":41.0,"turns":5.0},{"damage":0.0,"enemies":"Orb Walker","floor":44.0,"turns":2.0},{"damage":0.0,"enemies":"3 Darklings","floor":45.0,"turns":4.0},{"damage":0.0,"enemies":"Jaw Worm Horde","floor":48.0,"turns":3.0},{"damage":2.0,"enemies":"Time Eater","floor":50.0,"turns":5.0},{"damage":0.0,"enemies":"Awakened One","floor":51.0,"turns":6.0},{"damage":0,"enemies":"Shield and Spear","floor":55,"turns":7},{"damage":0,"enemies":"The Heart","floor":56,"turns":6}],"seed_played":"5803923380519895997","potions_obtained":[{"floor":8.0,"key":"Swift Potion"},{"floor":10.0,"key":"Poison Potion"},{"floor":13.0,"key":"Explosive Potion"},{"floor":24.0,"key":"Ancient Potion"},{"floor":31.0,"key":"EntropicBrew"}],"is_trial":false,"path_per_floor":["M","M","?","$","T","R","$","E","T","M","R","?","E","M","R","B",null,"M","M","M","M","?","R","E","M","T","R","?","?","E","M","R","B",null,"M","$","?","?","T","R","E","R","T","M","M","?","$","M","R","B","B",null,"R","$","E","B",null],"character_chosen":"THE_SILENT","items_purchased":["Tactician","Concentrate+1","TheAbacus"],"campfire_rested":2,"item_purchase_floors":[7,47,47],"current_hp_per_floor":[44,42,42,42,42,42,42,19,19,19,19,19,19,19,19,19,54,35,35,32,38,44,44,36,36,36,36,36,36,36,36,36,36,63,63,63,63,63,63,63,46,67,67,67,67,67,67,67,72,70,70,72,72,72,72,72],"gold":83,"neow_bonus":"ONE_RARE_RELIC","is_prod":false,"is_daily":false,"chose_seed":false,"campfire_upgraded":7,"win_rate":0,"timestamp":1548478564,"path_taken":["M","?","?","?","?","R","$","E","T","M","R","?","E","?","R","BOSS","M","M","M","M","?","R","E","M","T","R","?","?","E","?","R","BOSS","M","$","?","?","?","R","E","R","T","M","?","?","$","M","R","BOSS","BOSS","R","$","E","BOSS"],"build_version":"2019-01-23","purchased_purges":2,"victory":true,"max_hp_per_floor":[66,66,66,66,66,66,66,66,66,66,66,66,66,66,66,66,66,66,66,66,66,72,72,72,72,72,72,72,72,72,72,72,72,72,72,72,72,72,72,72,72,72,72,72,72,72,72,72,72,72,72,72,72,72,72,72],"card_choices":[{"not_picked":["Bane","Poisoned Stab"],"picked":"Bouncing Flask","floor":1.0},{"not_picked":["Acrobatics","Flying Knee","Sucker Punch"],"picked":"SKIP","floor":2.0},{"not_picked":["Prepared","Underhanded Strike"],"picked":"Acrobatics","floor":8.0},{"not_picked":["PiercingWail+1","Outmaneuver+1"],"picked":"Acrobatics+1","floor":10.0},{"not_picked":["Flying Knee","Prepared+1"],"picked":"Noxious Fumes","floor":13.0},{"not_picked":["Outmaneuver+1","Dodge and Roll+1","Underhanded Strike"],"picked":"SKIP","floor":14.0},{"not_picked":["Storm of Steel+1","Envenom"],"picked":"After Image","floor":16.0},{"not_picked":["Dodge and Roll+1","Leg Sweep+1"],"picked":"Reflex+1","floor":18.0},{"not_picked":["Dagger Spray+1","Quick Slash","Deflect+1"],"picked":"SKIP","floor":19.0},{"not_picked":["Cloak And Dagger+1","Deadly Poison+1"],"picked":"Catalyst+1","floor":20.0},{"not_picked":["Blade Dance+1","Concentrate+1"],"picked":"Acrobatics+1","floor":21.0},{"not_picked":["Quick Slash","PiercingWail+1"],"picked":"Flechettes+1","floor":24.0},{"not_picked":["Outmaneuver+1","Cloak And Dagger+1"],"picked":"Concentrate+1","floor":25.0},{"not_picked":["Unload+1","Dodge and Roll+1"],"picked":"Terror+1","floor":30.0},{"not_picked":["PiercingWail+1","Leg Sweep+1","Dagger Spray"],"picked":"SKIP","floor":31.0},{"not_picked":["Storm of Steel+1","Wraith Form v2+1"],"picked":"Adrenaline+1","floor":33.0},{"not_picked":["PiercingWail+1","Blur+1"],"picked":"Catalyst+1","floor":35.0},{"not_picked":["Heel Hook+1","Flying Knee+1","Caltrops+1"],"picked":"SKIP","floor":41.0},{"not_picked":["Crippling Poison+1","Flying Knee","Poisoned Stab"],"picked":"SKIP","floor":44.0},{"not_picked":["Blade Dance+1","Caltrops+1","Dagger Throw"],"picked":"SKIP","floor":45.0},{"not_picked":["Terror+1","Dagger Throw+1","Setup+1"],"picked":"SKIP","floor":48.0},{"not_picked":["Slice","Bouncing Flask+1","Deadly Poison+1"],"picked":"SKIP","floor":55}],"player_experience":2266639,"relics_obtained":[{"floor":5.0,"key":"Shuriken"},{"floor":8.0,"key":"Toxic Egg 2"},{"floor":9.0,"key":"Bottled Lightning"},{"floor":13.0,"key":"Darkstone Periapt"},{"floor":24.0,"key":"Bottled Flame"},{"floor":26.0,"key":"Bag of Marbles"},{"floor":30.0,"key":"Bag of Preparation"},{"floor":37.0,"key":"Ginger"},{"floor":41.0,"key":"Centennial Puzzle"},{"floor":43.0,"key":"Art of War"},{"floor":55,"key":"Vajra"}],"event_choices":[{"damage_healed":0.0,"max_hp_gain":0.0,"max_hp_loss":0.0,"gold_gain":0.0,"event_name":"Accursed Blacksmith","player_choice":"Rummage","floor":3.0,"gold_loss":0.0,"damage_taken":0.0,"relics_obtained":["WarpedTongs"],"cards_obtained":["Pain"]},{"damage_healed":0.0,"max_hp_gain":0.0,"max_hp_loss":0.0,"gold_gain":0.0,"event_name":"Dead Adventurer","player_choice":"Searched \u00271\u0027 times","floor":12.0,"gold_loss":0.0,"damage_taken":0.0},{"damage_healed":0.0,"max_hp_gain":0.0,"max_hp_loss":0.0,"gold_gain":0.0,"event_name":"Mysterious Sphere","player_choice":"Fight","floor":37.0,"gold_loss":0.0,"damage_taken":0.0},{"cards_removed":["Strike_G"],"damage_healed":0.0,"max_hp_gain":0.0,"max_hp_loss":0.0,"gold_gain":0.0,"event_name":"Falling","player_choice":"Removed Attack","floor":38.0,"gold_loss":0.0,"damage_taken":0.0},{"damage_healed":0.0,"max_hp_gain":0.0,"max_hp_loss":0.0,"gold_gain":0.0,"event_name":"Upgrade Shrine","player_choice":"Upgraded","floor":46.0,"gold_loss":0.0,"damage_taken":0.0,"cards_upgraded":["Strike_G"]}],"is_beta":false,"boss_relics":[{"not_picked":["White Beast Statue","Astrolabe"],"picked":"Empty Cage"},{"not_picked":["Cursed Key","Lizard Tail"],"picked":"Runic Pyramid"}],"items_purged_floors":[4,36],"is_endless":false,"potions_floor_spawned":[8,10,13,24,30,31,33,37,41],"ascension_level":20}