{"gold_per_floor":[18,28,47,47,66,66,66,66,89,104,53,53,53,72,72,151,151,169,169,180,191,116,116,132,0,0,0,0,19,19],"floor_reached":30,"playtime":741,"items_purged":["Strike_G"],"score":444,"play_id":"8a20970e-deee-4fd4-91a4-650bda7e2e71","local_time":"20190804120008","is_ascension_mode":true,"campfire_choices":[{"data":"Dash","floor":6.0,"key":"SMITH"},{"data":"Deadly Poison","floor":13.0,"key":"SMITH"},{"data":"Deadly Poison","floor":15.0,"key":"SMITH"},{"data":"Neutralize","floor":23.0,"key":"SMITH"},{"data":"Well Laid Plans","floor":27.0,"key":"SMITH"}],"neow_cost":"NO_GOLD","seed_source_timestamp":672747417878200,"circlet_count":0,"master_deck":["AscendersBane","Strike_G","Strike_G","Strike_G","Defend_G","Defend_G","Defend_G","Defend_G","Survivor","Neutralize+1","Dash+1","Well Laid Plans+1","Deadly Poison+1","Deadly Poison+1","Tools of the Trade","Acrobatics","Noxious Fumes"],"special_seed":0,"relics":["Ring of the Snake","Anchor","Lantern","Runic Dome"],"potions_floor_usage":[30],"damage_taken":[{"damage":1.0,"enemies":"Cultist","floor":1.0,"turns":4.0},{"damage":2.0,"enemies":"Jaw Worm","floor":2.0,"turns":3.0},{"damage":0.0,"enemies":"Small Slimes","floor":3.0,"turns":3.0},{"damage":6.0,"enemies":"Exordium Wildlife","floor":5.0,"turns":6.0},{"damage":6.0,"enemies":"2 Fungi Beasts","floor":10.0,"turns":5.0},{"damage":0.0,"enemies":"Gremlin Gang","floor":14.0,"turns":2.0},{"damage":19.0,"enemies":"Hexaghost","floor":16.0,"turns":9.0},{"damage":8.0,"enemies":"Shell Parasite","floor":18.0,"turns":5.0},{"damage":14.0,"enemies":"Spheric Guardian","floor":20.0,"turns":6.0},{"damage":26.0,"enemies":"Cultist and Chosen","floor":21.0,"turns":8.0},{"damage":12.0,"enemies":"Snecko","floor":24.0,"turns":5.0},{"damage":4.0,"enemies":"Centurion and Healer","floor":29.0,"turns":6.0},{"damage":15,"enemies":"Sentry and Sphere","floor":30,"turns":4}],"seed_played":"6124669990263220692","potions_obtained":[{"floor":1.0,"key":"FearPotion"},{"floor":2.0,"key":"Fire Potion"},{"floor":10.0,"key":"AttackPotion"},{"floor":14.0,"key":"Ancient Potion"},{"floor":16.0,"key":"EssenceOfSteel"},{"floor":18.0,"key":"PowerPotion"},{"floor":29.0,"key":"Block Potion"}],"is_trial":false,"path_per_floor":["M","M","M","$","M","R","?","?","T","M","$","?","R","M","R","B",null,"M","?","M","M","$","R","M","?","T","R","$","M","M"],"character_chosen":"THE_SILENT","items_purchased":["Deadly Poison"],"campfire_rested":0,"item_purchase_floors":[11],"current_hp_per_floor":[58,56,56,56,50,50,45,45,45,39,39,44,44,44,44,25,60,52,71,57,31,31,31,19,19,19,19,19,15,0],"gold":19,"neow_bonus":"REMOVE_TWO","is_prod":false,"is_daily":false,"chose_seed":false,"campfire_upgraded":5,"win_rate":0,"timestamp":1564891208,"path_taken":["M","?","M","$","M","R","?","?","T","M","$","?","R","?","R","BOSS","M","?","M","?","?","R","M","?","T","R","?","M","M"],"build_version":"2019-07-17","purchased_purges":1,"victory":false,"max_hp_per_floor":[66,66,66,66,66,66,66,66,66,66,66,71,71,71,71,71,71,71,71,71,71,71,71,71,71,71,71,71,71,71],"card_choices":[{"not_picked":["Endless Agony","Caltrops"],"picked":"Dash","floor":1.0},{"not_picked":["Acrobatics","Dagger Spray","Distraction"],"picked":"SKIP","floor":2.0},{"not_picked":["Sucker Punch","Eviscerate","Backstab"],"picked":"SKIP","floor":3.0},{"not_picked":["Sucker Punch","Eviscerate","Backstab"],"picked":"SKIP","floor":3.0},{"not_picked":["Acrobatics","Sucker Punch","Prepared"],"picked":"SKIP","floor":5.0},{"not_picked":["Acrobatics","Dagger Spray"],"picked":"Well Laid Plans","floor":10.0},{"not_picked":["Choke","Poisoned Stab"],"picked":"Deadly Poison","floor":14.0},{"not_picked":["Burst","Malaise"],"picked":"Tools of the Trade","floor":16.0},{"not_picked":["Masterful Stab","Skewer+1","Dash"],"picked":"SKIP","floor":18.0},{"not_picked":["Sucker Punch","Underhanded Strike+1","Choke"],"picked":"SKIP","floor":20.0},{"not_picked":["Cloak And Dagger","Poisoned Stab"],"picked":"Acrobatics","floor":21.0},{"not_picked":["Masterful Stab","Noxious Fumes","Sucker Punch"],"picked":"SKIP","floor":24.0},{"not_picked":["Poisoned Stab","Sucker Punch"],"picked":"Noxious Fumes","floor":29.0}],"player_experience":718910,"relics_obtained":[{"floor":9.0,"key":"Lantern"}],"event_choices":[{"damage_healed":0.0,"max_hp_gain":0.0,"max_hp_loss":0.0,"gold_gain":0.0,"event_name":"Scrap Ooze","player_choice":"Success","floor":7.0,"gold_loss":0.0,"damage_taken":5.0,"relics_obtained":["Anchor"]},{"damage_healed":0.0,"max_hp_gain":0.0,"max_hp_loss":0.0,"gold_gain":0.0,"event_name":"Liars Game","player_choice":"Ignored","floor":8.0,"gold_loss":0.0,"damage_taken":0.0},{"damage_healed":0.0,"max_hp_gain":5.0,"max_hp_loss":0.0,"gold_gain":0.0,"event_name":"Big Fish","player_choice":"Donut","floor":12.0,"gold_loss":0.0,"damage_taken":0.0},{"damage_healed":19.0,"max_hp_gain":0.0,"max_hp_loss":0.0,"gold_gain":0.0,"event_name":"Wheel of Change","player_choice":"Full Heal","floor":19.0,"gold_loss":0.0,"damage_taken":0.0},{"damage_healed":0.0,"max_hp_gain":0.0,"max_hp_loss":0.0,"gold_gain":0.0,"event_name":"Masked Bandits","player_choice":"Paid Fearfully","floor":25.0,"gold_loss":132.0,"damage_taken":0.0}],"is_beta":false,"boss_relics":[{"not_picked":["Snecko Eye","Runic Pyramid"],"picked":"Runic Dome"}],"items_purged_floors":[22],"is_endless":false,"potions_floor_spawned":[1,2,10,14,16,18,20,29],"killed_by":"Sentry and Sphere","ascension_level":20}