{"gold_per_floor":[119,44,54,70,28,28,56,69,69,69],"floor_reached":10,"playtime":271,"items_purged":[],"score":136,"play_id":"d4f255f3-713c-478d-8230-a5b044c80f46","local_time":"20181031170519","is_ascension_mode":true,"campfire_choices":[{"data":"Footwork","floor":6,"key":"SMITH"}],"neow_cost":"NONE","seed_source_timestamp":22400379858860,"circlet_count":0,"master_deck":["Defend_G","Defend_G","Defend_G","Defend_G","Defend_G","Strike_G","Strike_G","Strike_G","Strike_G","Survivor","Neutralize","AscendersBane","Concentrate","Acrobatics","Poisoned Stab","Footwork+1","Dash","Escape Plan"],"relics":["Ring of the Snake","StringDisintegrator","NeowsBlessing","Art of War","Smiling Mask"],"potions_floor_usage":[10],"damage_taken":[{"damage":0,"enemies":"2 Louse","floor":1,"turns":1},{"damage":0,"enemies":"Small Slimes","floor":3,"turns":1},{"damage":0,"enemies":"Cultist","floor":4,"turns":1},{"damage":22,"enemies":"Lagavulin","floor":7,"turns":11},{"damage":0,"enemies":"Looter","floor":8,"turns":4},{"damage":52,"enemies":"Gremlin Nob","floor":10,"turns":5}],"seed_played":"-1380582468876446245","potions_obtained":[{"floor":3,"key":"Dexterity Potion"},{"floor":7,"key":"SpeedPotion"}],"is_trial":false,"path_per_floor":["M","?","M","M","$","R","E","M","T"],"character_chosen":"THE_SILENT","items_purchased":["Footwork"],"campfire_rested":0,"item_purchase_floors":[5],"current_hp_per_floor":[59,59,59,59,59,59,37,37,37,0],"gold":69,"neow_bonus":"THREE_ENEMY_KILL","is_prod":false,"is_daily":false,"chose_seed":false,"campfire_upgraded":1,"win_rate":0,"timestamp":1540976719,"path_taken":["M","?","?","M","$","R","E","M","T","E"],"build_version":"2018-10-25v2","purchased_purges":0,"victory":false,"max_hp_per_floor":[66,66,66,66,66,66,66,66,66,66],"card_choices":[{"not_picked":["Poisoned Stab","PiercingWail"],"picked":"Concentrate","floor":1},{"not_picked":["Finisher","Calculated Gamble"],"picked":"Acrobatics","floor":3},{"not_picked":["Flying Knee","Blur"],"picked":"Poisoned Stab","floor":4},{"not_picked":["Cloak And Dagger","Catalyst"],"picked":"Dash","floor":7},{"not_picked":["Poisoned Stab","Deflect"],"picked":"Escape Plan","floor":8}],"player_experience":426289,"relics_obtained":[{"floor":7,"key":"Art of War"},{"floor":9,"key":"Smiling Mask"}],"event_choices":[{"cards_removed":["Strike_G"],"damage_healed":0,"gold_gain":0,"player_choice":"Card Removal","damage_taken":0,"max_hp_gain":0,"max_hp_loss":0,"event_name":"The Cleric","floor":2,"gold_loss":75}],"is_beta":false,"boss_relics":[],"items_purged_floors":[],"is_endless":false,"potions_floor_spawned":[3,7,8],"killed_by":"Gremlin Nob","ascension_level":20}