{"gold_per_floor":[113,38,213,113,113,142,142,160,160,160,171,187,187,205,205,302,302,319,418,432,432,465,465,500,510,590,590,590,601,601,13,13,117,117,137,147,8,25,125,125,142,152,179,179,196,196,212,212,212,212],"floor_reached":51,"playtime":10251,"items_purged":["Strike_B","Doubt","Strike_B"],"score":667,"play_id":"71ed6925-51d1-4875-9e0f-4982b798d5aa","local_time":"20190613161228","is_ascension_mode":false,"campfire_choices":[{"data":"Dualcast","floor":7.0,"key":"SMITH"},{"data":"Skim","floor":10.0,"key":"SMITH"},{"data":"Loop","floor":13.0,"key":"SMITH"},{"data":"Zap","floor":15.0,"key":"SMITH"},{"data":"Multi-Cast","floor":23.0,"key":"SMITH"},{"floor":28.0,"key":"REST"},{"floor":32,"key":"REST"},{"data":"Turbo","floor":40,"key":"SMITH"},{"data":"Recycle","floor":46,"key":"SMITH"},{"data":"Enlightenment","floor":49,"key":"SMITH"}],"neow_cost":"TEN_PERCENT_HP_LOSS","seed_source_timestamp":6991260948793,"circlet_count":0,"master_deck":["Strike_B","Defend_B","Defend_B","Defend_B","Defend_B","Zap+1","Dualcast+1","Bandage Up","Metamorphosis","Ball Lightning","Skim+1","Coolheaded","Loop+1","Self Repair","Multi-Cast+1","Hologram+1","Reboot","Consume+1","Undo","Panacea","Turbo+1","Reboot","Steam+1","Force Field+1","Recycle+1","BootSequence+1","Turbo+1","Skim+1","Purity","Enlightenment+1","Violence"],"special_seed":0,"relics":["Cracked Core","Sundial","Lizard Tail","Red Mask","The Courier","Dead Branch","Medical Kit","Cables","Happy Flower","Runic Pyramid","Bag of Marbles","Pantograph"],"potions_floor_usage":[29,29,33,50],"damage_taken":[{"damage":1.0,"enemies":"2 Louse","floor":1.0,"turns":2.0},{"damage":32.0,"enemies":"Gremlin Nob","floor":6.0,"turns":4.0},{"damage":1.0,"enemies":"Small Slimes","floor":8.0,"turns":3.0},{"damage":0.0,"enemies":"Cultist","floor":11.0,"turns":2.0},{"damage":5.0,"enemies":"2 Fungi Beasts","floor":12.0,"turns":3.0},{"damage":0.0,"enemies":"Large Slime","floor":14.0,"turns":3.0},{"damage":40.0,"enemies":"The Guardian","floor":16.0,"turns":7.0},{"damage":10.0,"enemies":"Chosen","floor":18.0,"turns":6.0},{"damage":8.0,"enemies":"Spheric Guardian","floor":20.0,"turns":4.0},{"damage":13.0,"enemies":"Masked Bandits","floor":22.0,"turns":3.0},{"damage":55.0,"enemies":"Slavers","floor":24.0,"turns":5.0},{"damage":6.0,"enemies":"Centurion and Healer","floor":25.0,"turns":10.0},{"damage":22.0,"enemies":"Colosseum Slavers","floor":27.0,"turns":6.0},{"damage":33,"enemies":"3 Cultists","floor":29,"turns":6},{"damage":24,"enemies":"Automaton","floor":33,"turns":9},{"damage":3,"enemies":"Orb Walker","floor":35,"turns":5},{"damage":10,"enemies":"3 Darklings","floor":36,"turns":4},{"damage":4,"enemies":"Jaw Worm Horde","floor":38,"turns":6},{"damage":9,"enemies":"Sphere and 2 Shapes","floor":41,"turns":5},{"damage":5,"enemies":"Writhing Mass","floor":42,"turns":6},{"damage":0,"enemies":"Jaw Worm Horde","floor":45,"turns":3},{"damage":30,"enemies":"Spire Growth","floor":47,"turns":5},{"damage":24,"enemies":"Time Eater","floor":50,"turns":9}],"seed_played":"4527508283642727635","potions_obtained":[{"floor":6.0,"key":"SpeedPotion"},{"floor":11.0,"key":"Swift Potion"},{"floor":12.0,"key":"FocusPotion"},{"floor":22.0,"key":"GamblersBrew"},{"floor":24.0,"key":"Weak Potion"},{"floor":35,"key":"FearPotion"},{"floor":45,"key":"Weak Potion"}],"is_trial":false,"path_per_floor":["M","$","?","$","?","E","R","M","T","R","M","M","R","M","R","B",null,"M","?","M","?","?","R","E","M","T","?","R","M","T","$","R","B",null,"M","M","$","M","?","R","M","M","T","T","M","R","M","?","R","B",null],"character_chosen":"DEFECT","items_purchased":["Medical Kit","Cables","Happy Flower","Panacea","Turbo","PowerPotion"],"campfire_rested":2,"item_purchase_floors":[31,31,31,31,31,37],"current_hp_per_floor":[67,67,67,67,67,39,39,42,42,42,46,45,45,56,56,27,68,65,65,67,67,62,62,18,23,23,12,32,10,10,10,30,17,68,68,68,68,68,68,68,68,68,68,68,68,68,45,35,35,47],"gold":212,"neow_bonus":"RANDOM_COLORLESS_2","is_prod":false,"is_daily":false,"chose_seed":false,"campfire_upgraded":8,"win_rate":0,"timestamp":1560413548,"path_taken":["M","$","?","$","?","E","R","?","T","R","M","M","R","M","R","BOSS","M","?","M","?","?","R","E","?","T","?","R","M","?","$","R","BOSS","M","M","$","M","?","R","M","?","T","?","M","R","M","?","R","BOSS"],"build_version":"2019-01-23","purchased_purges":3,"victory":true,"max_hp_per_floor":[68,68,68,68,68,68,68,68,68,68,68,68,68,68,68,68,68,68,68,68,68,68,68,68,68,68,68,68,68,68,68,68,68,68,68,68,68,68,68,68,68,68,68,68,68,68,68,68,68,68],"card_choices":[{"not_picked":["Coolheaded","Steam"],"picked":"Ball Lightning","floor":1.0},{"not_picked":["Steam","Chaos"],"picked":"Skim","floor":6.0},{"not_picked":["Conserve Battery","Storm"],"picked":"Coolheaded","floor":8.0},{"not_picked":["Barrage","Genetic Algorithm"],"picked":"Loop","floor":11.0},{"not_picked":["Storm","Ball Lightning"],"picked":"Self Repair","floor":12.0},{"not_picked":["Compile Driver","Barrage","Ball Lightning"],"picked":"SKIP","floor":14.0},{"not_picked":["Meteor Strike","Hyperbeam"],"picked":"Multi-Cast","floor":16.0},{"not_picked":["Lockon","Hologram","Sunder"],"picked":"SKIP","floor":18.0},{"not_picked":["Fusion","Chaos"],"picked":"Hologram+1","floor":20.0},{"not_picked":["Steam+1","Compile Driver"],"picked":"Reboot","floor":24.0},{"not_picked":["Hologram","Conserve Battery"],"picked":"Consume+1","floor":25.0},{"not_picked":["Conserve Battery","FTL"],"picked":"Undo","floor":29},{"not_picked":["Rainbow","Hyperbeam"],"picked":"Reboot","floor":33},{"not_picked":["Streamline","Scrape+1"],"picked":"Steam+1","floor":35},{"not_picked":["Compile Driver+1","Beam Cell+1"],"picked":"Force Field+1","floor":36},{"not_picked":["Leap","Stack+1","Melter+1"],"picked":"SKIP","floor":38},{"not_picked":["Force Field","Go for the Eyes+1"],"picked":"Recycle","floor":41},{"not_picked":["Chaos","Loop"],"picked":"BootSequence+1","floor":42},{"not_picked":["Undo","Storm"],"picked":"Turbo+1","floor":45},{"not_picked":["Conserve Battery+1","Steam+1"],"picked":"Skim+1","floor":47},{"not_picked":["Flash of Steel","Deep Breath"],"picked":"Purity","floor":48},{"not_picked":["Forethought","Blind"],"picked":"Enlightenment","floor":48},{"not_picked":["Deep Breath","Panache"],"picked":"Violence","floor":48}],"player_experience":5138685,"relics_obtained":[{"floor":9.0,"key":"Sundial"},{"floor":22.0,"key":"Red Mask"},{"floor":24.0,"key":"The Courier"},{"floor":30,"key":"Dead Branch"},{"floor":43,"key":"Bag of Marbles"},{"floor":44,"key":"Pantograph"}],"event_choices":[{"damage_healed":0.0,"max_hp_gain":0.0,"max_hp_loss":0.0,"gold_gain":175.0,"event_name":"Liars Game","player_choice":"AGREE","floor":3.0,"gold_loss":0.0,"damage_taken":0.0,"cards_obtained":["Doubt"]},{"cards_removed":["Strike_B"],"damage_healed":0.0,"max_hp_gain":0.0,"max_hp_loss":0.0,"gold_gain":0.0,"event_name":"Bonfire Elementals","player_choice":"Offered Basic","floor":5.0,"gold_loss":0.0,"damage_taken":0.0},{"damage_healed":0.0,"max_hp_gain":0.0,"max_hp_loss":0.0,"gold_gain":99.0,"event_name":"Nest","player_choice":"Stole From Cult","floor":19.0,"gold_loss":0.0,"damage_taken":0.0},{"damage_healed":0.0,"max_hp_gain":0.0,"max_hp_loss":0.0,"gold_gain":0.0,"event_name":"Vampires","player_choice":"Ignored","floor":21.0,"gold_loss":0.0,"damage_taken":0.0},{"damage_healed":0.0,"max_hp_gain":0.0,"max_hp_loss":0.0,"gold_gain":0.0,"event_name":"Masked Bandits","player_choice":"Fought Bandits","floor":22.0,"gold_loss":0.0,"damage_taken":0.0},{"damage_healed":0.0,"max_hp_gain":0.0,"max_hp_loss":0.0,"gold_gain":0.0,"event_name":"Colosseum","player_choice":"Fight","floor":27.0,"gold_loss":0.0,"damage_taken":0.0},{"damage_healed":0.0,"max_hp_gain":0.0,"max_hp_loss":0.0,"gold_gain":0.0,"event_name":"Colosseum","player_choice":"Fled From Nobs","floor":27.0,"gold_loss":0.0,"damage_taken":0.0},{"damage_healed":0,"gold_gain":100,"player_choice":"Pray","damage_taken":0,"max_hp_gain":0,"max_hp_loss":0,"event_name":"Golden Shrine","floor":39,"gold_loss":0},{"damage_healed":0,"gold_gain":0,"player_choice":"Memory 3","damage_taken":10,"max_hp_gain":0,"max_hp_loss":0,"event_name":"SensoryStone","floor":48,"gold_loss":0}],"is_beta":false,"boss_relics":[{"not_picked":["Velvet Choker","Snecko Eye"],"picked":"Lizard Tail"},{"not_picked":["Runic Dome","Philosopher\u0027s Stone"],"picked":"Runic Pyramid"}],"items_purged_floors":[2,4,37],"is_endless":false,"potions_floor_spawned":[6,11,12,22,24,27,35,45,47],"ascension_level":0}