{"gold_per_floor":[113,113,127,127,202,127,127,156,156,156,166,195,195,213,213,287,287,306,206,216,226,101,126,126,156,156,173,173,184,184,34,34,112,112,126,126,143,163,182,208,227,227,308,334,347,347,347,134,134,134,134,134,134,50,75,75],"floor_reached":57,"playtime":2183,"items_purged":["Strike_G","Choke","All Out Attack","Infinite Blades"],"score":3395,"play_id":"64c7313f-5ed0-4452-8c7f-e1c232f2a7fd","local_time":"20190216093842","is_ascension_mode":true,"campfire_choices":[{"data":"Well Laid Plans","floor":7.0,"key":"SMITH"},{"data":"Well Laid Plans","floor":10.0,"key":"SMITH"},{"data":"Grand Finale","floor":13.0,"key":"SMITH"},{"data":"Neutralize","floor":15.0,"key":"SMITH"},{"data":"Backflip","floor":24,"key":"SMITH"},{"floor":28,"key":"DIG"},{"floor":30,"key":"DIG"},{"floor":32,"key":"DIG"},{"floor":42,"key":"DIG"},{"floor":46,"key":"RECALL"},{"data":"Tactician","floor":49,"key":"SMITH"},{"floor":53,"key":"DIG"}],"neow_cost":"NONE","seed_source_timestamp":748433661438,"circlet_count":0,"master_deck":["AscendersBane","Survivor","Neutralize+1","Well Laid Plans+1","Dash","Grand Finale+1","Well Laid Plans+1","Backflip+1","Doppelganger","Tactician+1","Adrenaline","Deadly Poison+1","Adrenaline+1","Acrobatics+1","Master of Strategy"],"special_seed":0,"relics":["Ring of the Snake","NeowsBlessing","Ancient Tea Set","Pen Nib","Pandora\u0027s Box","Potion Belt","Shovel","Mummified Hand","Strawberry","PreservedInsect","Mango","Astrolabe","Bag of Marbles","Bronze Scales","Bottled Tornado","Ice Cream","Medical Kit","Ornamental Fan","Bottled Lightning"],"potions_floor_usage":[23,56],"damage_taken":[{"damage":0.0,"enemies":"Jaw Worm","floor":1.0,"turns":1.0},{"damage":0.0,"enemies":"Cultist","floor":3.0,"turns":1.0},{"damage":0.0,"enemies":"3 Sentries","floor":8.0,"turns":2.0},{"damage":0.0,"enemies":"Small Slimes","floor":11.0,"turns":4.0},{"damage":13.0,"enemies":"Lagavulin","floor":12.0,"turns":8.0},{"damage":4.0,"enemies":"3 Louse","floor":14.0,"turns":5.0},{"damage":0.0,"enemies":"Hexaghost","floor":16.0,"turns":8.0},{"damage":0,"enemies":"Spheric Guardian","floor":18,"turns":2},{"damage":0,"enemies":"Chosen","floor":20,"turns":4},{"damage":0,"enemies":"Snecko","floor":21,"turns":4},{"damage":5,"enemies":"Book of Stabbing","floor":23,"turns":3},{"damage":17,"enemies":"Slavers","floor":25,"turns":4},{"damage":19,"enemies":"Shelled Parasite and Fungi","floor":27,"turns":3},{"damage":0,"enemies":"Cultist and Chosen","floor":29,"turns":3},{"damage":0,"enemies":"Collector","floor":33,"turns":3},{"damage":0,"enemies":"Orb Walker","floor":35,"turns":2},{"damage":0,"enemies":"3 Darklings","floor":37,"turns":1},{"damage":0,"enemies":"Sphere and 2 Shapes","floor":38,"turns":1},{"damage":0,"enemies":"Transient","floor":39,"turns":6},{"damage":0,"enemies":"Giant Head","floor":40,"turns":3},{"damage":0,"enemies":"3 Darklings","floor":41,"turns":1},{"damage":0,"enemies":"Reptomancer","floor":44,"turns":1},{"damage":0,"enemies":"Writhing Mass","floor":45,"turns":1},{"damage":0,"enemies":"Time Eater","floor":50,"turns":3},{"damage":0,"enemies":"Awakened One","floor":51,"turns":3},{"damage":0,"enemies":"Shield and Spear","floor":55,"turns":2},{"damage":59,"enemies":"The Heart","floor":56,"turns":4}],"seed_played":"955380812731000575","potions_obtained":[{"floor":1.0,"key":"Strength Potion"},{"floor":3.0,"key":"PowerPotion"},{"floor":21,"key":"SkillPotion"},{"floor":25,"key":"GamblersBrew"},{"floor":35,"key":"LiquidBronze"},{"floor":39,"key":"Block Potion"}],"is_trial":false,"path_per_floor":["M","?","M","?","?","$","R","E","T","R","M","E","R","M","R","B",null,"M","$","M","M","$","E","R","E","T","M","R","M","R","$","R","B",null,"M","?","M","M","M","E","M","R","T","E","M","R","?","$","R","B","B",null,"R","$","E","B",null],"character_chosen":"THE_SILENT","items_purchased":["Medical Kit","GamblersBrew"],"campfire_rested":0,"item_purchase_floors":[48,54],"current_hp_per_floor":[59,59,59,59,48,48,48,48,48,48,48,35,35,31,31,31,57,57,57,57,57,57,52,52,35,35,16,23,23,23,23,37,37,75,75,75,75,75,75,75,75,75,75,75,75,75,65,65,65,65,65,82,82,82,82,23],"gold":75,"neow_bonus":"THREE_ENEMY_KILL","is_prod":false,"is_daily":false,"chose_seed":false,"campfire_upgraded":6,"win_rate":0,"timestamp":1550281122,"path_taken":["M","?","?","?","?","$","R","E","T","R","M","E","R","M","R","BOSS","M","$","M","M","$","E","R","E","T","M","R","M","R","$","R","BOSS","M","?","M","M","M","E","M","R","T","E","M","R","?","$","R","BOSS","BOSS","R","$","E","BOSS"],"build_version":"2019-01-23","purchased_purges":4,"victory":true,"max_hp_per_floor":[66,66,66,66,66,66,66,66,66,66,66,66,66,66,66,66,66,66,66,66,66,66,66,66,66,66,66,73,73,73,73,87,87,87,87,87,87,87,87,87,87,87,87,87,87,87,87,87,87,87,87,87,87,87,87,87],"card_choices":[{"not_picked":["Flying Knee","Backflip"],"picked":"Well Laid Plans","floor":1.0},{"not_picked":["Poisoned Stab","Quick Slash"],"picked":"Dash","floor":3.0},{"not_picked":["PiercingWail","Underhanded Strike"],"picked":"Well Laid Plans","floor":8.0},{"not_picked":["Catalyst","Poisoned Stab","Footwork"],"picked":"SKIP","floor":11.0},{"not_picked":["Quick Slash","Terror"],"picked":"Backflip","floor":12.0},{"not_picked":["Accuracy","PiercingWail","Bane"],"picked":"SKIP","floor":14.0},{"not_picked":["Cloak And Dagger","Crippling Poison","Eviscerate"],"picked":"SKIP","floor":18},{"not_picked":["Concentrate","Crippling Poison","Calculated Gamble"],"picked":"SKIP","floor":20},{"not_picked":["Flying Knee","Bane","Heel Hook"],"picked":"SKIP","floor":21},{"not_picked":["Distraction","Blur+1","Deflect"],"picked":"SKIP","floor":23},{"not_picked":["Setup","Quick Slash"],"picked":"Tactician","floor":25},{"not_picked":["Skewer","Dagger Throw","PiercingWail"],"picked":"SKIP","floor":27},{"not_picked":["Noxious Fumes","Sucker Punch","Quick Slash"],"picked":"SKIP","floor":29},{"not_picked":["A Thousand Cuts","Doppelganger"],"picked":"Adrenaline","floor":33},{"not_picked":["Outmaneuver","Underhanded Strike","Bane+1"],"picked":"SKIP","floor":35},{"not_picked":["Outmaneuver","Tactician","Well Laid Plans"],"picked":"SKIP","floor":37},{"not_picked":["All Out Attack","Heel Hook+1","Deflect"],"picked":"SKIP","floor":38},{"not_picked":["Poisoned Stab","Deflect","All Out Attack"],"picked":"SKIP","floor":39},{"not_picked":["Slice","Dodge and Roll+1","Catalyst+1"],"picked":"SKIP","floor":40},{"not_picked":["Deflect","Distraction"],"picked":"Acrobatics+1","floor":41},{"not_picked":["Flying Knee","Prepared+1","Bane"],"picked":"SKIP","floor":44},{"not_picked":["Catalyst+1","Backflip","Tactician"],"picked":"SKIP","floor":45},{"not_picked":["Blind","Impatience"],"picked":"Master of Strategy","floor":47},{"not_picked":["Dagger Throw+1","Blade Dance+1","Underhanded Strike"],"picked":"SKIP","floor":55}],"player_experience":2804925,"relics_obtained":[{"floor":8.0,"key":"Ancient Tea Set"},{"floor":12.0,"key":"Pen Nib"},{"floor":23,"key":"Potion Belt"},{"floor":25,"key":"Shovel"},{"floor":26,"key":"Mummified Hand"},{"floor":28,"key":"Strawberry"},{"floor":30,"key":"PreservedInsect"},{"floor":32,"key":"Mango"},{"floor":40,"key":"Bag of Marbles"},{"floor":42,"key":"Bronze Scales"},{"floor":43,"key":"Bottled Tornado"},{"floor":44,"key":"Ice Cream"},{"floor":53,"key":"Ornamental Fan"},{"floor":55,"key":"Bottled Lightning"}],"event_choices":[{"cards_removed":["Strike_G"],"damage_healed":0.0,"max_hp_gain":0.0,"max_hp_loss":0.0,"gold_gain":0.0,"event_name":"Purifier","player_choice":"Purged","floor":2.0,"gold_loss":0.0,"damage_taken":0.0},{"damage_healed":0.0,"max_hp_gain":0.0,"max_hp_loss":0.0,"gold_gain":0.0,"cards_transformed":["Strike_G"],"event_name":"Living Wall","player_choice":"Change","floor":4.0,"gold_loss":0.0,"damage_taken":0.0,"cards_obtained":["Grand Finale"]},{"damage_healed":0.0,"max_hp_gain":0.0,"max_hp_loss":0.0,"gold_gain":75.0,"event_name":"World of Goop","player_choice":"Gather Gold","floor":5.0,"gold_loss":0.0,"damage_taken":11.0},{"cards_removed":["Eviscerate"],"damage_healed":0,"gold_gain":0,"player_choice":"Removed Attack","damage_taken":0,"max_hp_gain":0,"max_hp_loss":0,"event_name":"Falling","floor":36,"gold_loss":0},{"damage_healed":0,"gold_gain":0,"player_choice":"Memory 3","damage_taken":10,"max_hp_gain":0,"max_hp_loss":0,"event_name":"SensoryStone","floor":47,"gold_loss":0}],"is_beta":false,"boss_relics":[{"not_picked":["Calling Bell","Lizard Tail"],"picked":"Pandora\u0027s Box"},{"not_picked":["Tiny House","Philosopher\u0027s Stone"],"picked":"Astrolabe"}],"items_purged_floors":[6,19,22,31],"is_endless":false,"potions_floor_spawned":[1,3,12,20,21,25,35,39,41,45],"ascension_level":20}