{"gold_per_floor":[119,394,411,426,426,426,459,459,459,470,483,496,496,476],"floor_reached":14,"playtime":206,"items_purged":[],"score":204,"play_id":"2f79de9a-b85b-497f-8af5-333ad8b615c9","local_time":"20190719101150","is_ascension_mode":true,"campfire_choices":[{"data":"Consume","floor":6.0,"key":"SMITH"},{"data":"Dualcast","floor":8.0,"key":"SMITH"}],"neow_cost":"NONE","seed_source_timestamp":265358285464381,"circlet_count":0,"master_deck":["AscendersBane","Strike_B","Strike_B","Strike_B","Strike_B","Defend_B","Defend_B","Defend_B","Defend_B","Zap","Dualcast+1","Lockon","Regret","Darkness","Consume+1","Loop","Ball Lightning","Undo"],"special_seed":0,"relics":["Cracked Core","NeowsBlessing","Unceasing Top"],"potions_floor_usage":[13],"damage_taken":[{"damage":0.0,"enemies":"2 Louse","floor":1.0,"turns":1.0},{"damage":0.0,"enemies":"Cultist","floor":3.0,"turns":1.0},{"damage":0.0,"enemies":"Jaw Worm","floor":4.0,"turns":1.0},{"damage":41.0,"enemies":"3 Sentries","floor":7.0,"turns":6.0},{"damage":4.0,"enemies":"3 Louse","floor":10.0,"turns":2.0},{"damage":15.0,"enemies":"Large Slime","floor":11.0,"turns":5.0},{"damage":2.0,"enemies":"2 Fungi Beasts","floor":12.0,"turns":2.0},{"damage":0,"enemies":"Lagavulin","floor":13,"turns":1},{"damage":3,"enemies":"Looter","floor":14,"turns":2}],"seed_played":"5551995187663892724","potions_obtained":[{"floor":3.0,"key":"Dexterity Potion"},{"floor":4.0,"key":"SmokeBomb"},{"floor":11.0,"key":"Energy Potion"}],"is_trial":false,"path_per_floor":["M","?","M","M","?","R","E","R","T","M","M","M","E","M"],"character_chosen":"DEFECT","items_purchased":[],"campfire_rested":0,"item_purchase_floors":[],"current_hp_per_floor":[64,64,64,64,69,69,28,28,28,24,9,7,7,4],"gold":476,"neow_bonus":"THREE_ENEMY_KILL","is_prod":false,"is_daily":false,"chose_seed":false,"campfire_upgraded":2,"win_rate":0,"timestamp":1563498710,"path_taken":["M","?","M","?","?","R","E","R","T","M","M","M","E","M"],"build_version":"2019-07-17","purchased_purges":0,"victory":false,"max_hp_per_floor":[71,71,71,71,76,76,76,76,76,76,76,76,76,76],"card_choices":[{"not_picked":["Stack","Chaos"],"picked":"Lockon","floor":1.0},{"not_picked":["White Noise","Melter"],"picked":"Darkness","floor":3.0},{"not_picked":["FTL","Beam Cell"],"picked":"Consume","floor":4.0},{"not_picked":["Aggregate","Sweeping Beam","Barrage"],"picked":"SKIP","floor":7.0},{"not_picked":["BootSequence","Static Discharge"],"picked":"Loop","floor":10.0},{"not_picked":["Leap","Chill"],"picked":"Ball Lightning","floor":11.0},{"not_picked":["Auto Shields","Stack"],"picked":"Undo","floor":12.0}],"player_experience":638075,"relics_obtained":[{"floor":7.0,"key":"Unceasing Top"}],"event_choices":[{"damage_healed":0.0,"max_hp_gain":0.0,"max_hp_loss":0.0,"gold_gain":275.0,"event_name":"Golden Shrine","player_choice":"Desecrate","floor":2.0,"gold_loss":0.0,"damage_taken":0.0,"cards_obtained":["Regret"]},{"damage_healed":0.0,"max_hp_gain":5.0,"max_hp_loss":0.0,"gold_gain":0.0,"event_name":"Big Fish","player_choice":"Donut","floor":5.0,"gold_loss":0.0,"damage_taken":0.0}],"is_beta":false,"boss_relics":[],"items_purged_floors":[],"is_endless":false,"potions_floor_spawned":[3,4,11,13],"killed_by":"Looter","ascension_level":20}