{"gold_per_floor":[114,132,144,163,88,103,103,117,117,74,93,93,93,93,93,169,169,188,22,36,36,36,36,64,64,64,96,108,124,124,24,24,98,98,109,109,122,135,10,43,43,68,68,83,83,112,112,141,141,141,141,141,141,61,96,96],"floor_reached":57,"playtime":3300,"items_purged":["Strike_G","Flying Knee","Poisoned Stab+1"],"score":3525,"play_id":"eb0e5061-f601-4b77-9542-4aa665e2da0f","local_time":"20190220165416","is_ascension_mode":true,"campfire_choices":[{"data":"Poisoned Stab","floor":7.0,"key":"SMITH"},{"data":"Noxious Fumes","floor":12.0,"key":"SMITH"},{"data":"Well Laid Plans","floor":15.0,"key":"SMITH"},{"data":"Acrobatics","floor":23.0,"key":"SMITH"},{"data":"Reflex","floor":25.0,"key":"SMITH"},{"data":"Prepared","floor":32.0,"key":"SMITH"},{"floor":41.0,"key":"RECALL"},{"data":"Malaise","floor":45.0,"key":"SMITH"},{"data":"Flechettes","floor":49.0,"key":"SMITH"},{"data":"Escape Plan","floor":53.0,"key":"SMITH"}],"neow_cost":"PERCENT_DAMAGE","seed_source_timestamp":16707006822791,"circlet_count":0,"master_deck":["AscendersBane","Survivor","Neutralize","Malaise+1","Well Laid Plans+1","Unload","Escape Plan+1","Noxious Fumes+1","Tactician+1","Noxious Fumes+1","Corpse Explosion","Outmaneuver","Flechettes+1","Acrobatics+1","Prepared+1","Reflex+1"],"special_seed":0,"relics":["Ring of the Snake","Torii","Frozen Egg 2","Pandora\u0027s Box","Bag of Preparation","WingedGreaves","Busted Crown","Bottled Lightning","Bag of Marbles","Kunai","Letter Opener","Bottled Tornado","Gremlin Horn"],"potions_floor_usage":[56,56],"damage_taken":[{"damage":8.0,"enemies":"Cultist","floor":1.0,"turns":6.0},{"damage":0.0,"enemies":"Small Slimes","floor":2.0,"turns":5.0},{"damage":3.0,"enemies":"Jaw Worm","floor":3.0,"turns":5.0},{"damage":0.0,"enemies":"2 Fungi Beasts","floor":4.0,"turns":5.0},{"damage":4.0,"enemies":"Looter","floor":6.0,"turns":3.0},{"damage":16.0,"enemies":"Red Slaver","floor":8.0,"turns":4.0},{"damage":1.0,"enemies":"Gremlin Gang","floor":11.0,"turns":6.0},{"damage":0.0,"enemies":"Hexaghost","floor":16.0,"turns":9.0},{"damage":6.0,"enemies":"3 Byrds","floor":18.0,"turns":4.0},{"damage":4.0,"enemies":"Shell Parasite","floor":20.0,"turns":6.0},{"damage":0.0,"enemies":"Gremlin Leader","floor":24.0,"turns":5.0},{"damage":30.0,"enemies":"Slavers","floor":27.0,"turns":2.0},{"damage":1.0,"enemies":"Centurion and Healer","floor":28.0,"turns":4.0},{"damage":13.0,"enemies":"Snecko","floor":29.0,"turns":4.0},{"damage":0.0,"enemies":"Collector","floor":33.0,"turns":2.0},{"damage":1.0,"enemies":"Orb Walker","floor":35.0,"turns":3.0},{"damage":0.0,"enemies":"3 Shapes","floor":37.0,"turns":2.0},{"damage":2.0,"enemies":"Transient","floor":38.0,"turns":6.0},{"damage":0.0,"enemies":"Nemesis","floor":40.0,"turns":1.0},{"damage":0.0,"enemies":"Giant Head","floor":42.0,"turns":2.0},{"damage":0.0,"enemies":"Jaw Worm Horde","floor":44.0,"turns":2.0},{"damage":0.0,"enemies":"Nemesis","floor":46.0,"turns":1.0},{"damage":0.0,"enemies":"Reptomancer","floor":48.0,"turns":2.0},{"damage":3.0,"enemies":"Time Eater","floor":50.0,"turns":5.0},{"damage":0.0,"enemies":"Awakened One","floor":51.0,"turns":2.0},{"damage":0.0,"enemies":"Shield and Spear","floor":55.0,"turns":1.0},{"damage":21,"enemies":"The Heart","floor":56,"turns":6}],"seed_played":"6761112303155500218","potions_obtained":[{"floor":4.0,"key":"SpeedPotion"},{"floor":11.0,"key":"Poison Potion"},{"floor":27.0,"key":"Regen Potion"},{"floor":28.0,"key":"EssenceOfSteel"},{"floor":35.0,"key":"GhostInAJar"},{"floor":38.0,"key":"Explosive Potion"},{"floor":44.0,"key":"Poison Potion"},{"floor":47.0,"key":"SteroidPotion"}],"is_trial":false,"path_per_floor":["M","M","M","M","$","M","R","M","T","$","M","R","?","?","R","B",null,"M","$","M","?","?","R","E","R","T","E","M","M","?","$","R","B",null,"M","?","M","M","$","E","R","E","T","M","R","E","?","E","R","B","B",null,"R","$","E","B",null],"character_chosen":"THE_SILENT","items_purchased":["Noxious Fumes","Bag of Preparation","GhostInAJar"],"campfire_rested":0,"item_purchase_floors":[10,19,54],"current_hp_per_floor":[36,36,33,33,33,29,29,13,13,13,12,12,1,1,1,1,50,44,44,40,40,40,40,40,40,40,10,23,10,10,10,10,10,52,51,76,76,74,74,74,74,74,74,74,74,74,74,74,74,71,71,75,75,75,75,54],"gold":96,"neow_bonus":"THREE_RARE_CARDS","is_prod":false,"is_daily":false,"chose_seed":false,"campfire_upgraded":9,"win_rate":0,"timestamp":1550652856,"path_taken":["M","M","?","M","$","M","R","M","T","$","M","R","?","?","R","BOSS","M","$","M","?","?","R","E","R","T","E","?","?","?","$","R","BOSS","M","?","?","M","$","E","R","E","T","M","R","E","?","E","R","BOSS","BOSS","R","$","E","BOSS"],"build_version":"2019-01-23","purchased_purges":3,"victory":true,"max_hp_per_floor":[66,66,66,66,66,66,66,66,66,66,66,66,66,66,66,66,66,66,66,66,66,66,66,66,66,66,66,66,66,66,66,66,66,66,66,76,76,76,76,76,76,76,76,76,76,76,76,76,76,76,76,76,76,76,76,76],"card_choices":[{"not_picked":["Storm of Steel","Burst"],"picked":"Malaise","floor":0.0},{"not_picked":["Quick Slash","Prepared","Sucker Punch"],"picked":"SKIP","floor":1.0},{"not_picked":["Outmaneuver","PiercingWail"],"picked":"Well Laid Plans","floor":2.0},{"not_picked":["Blade Dance","Bane"],"picked":"Poisoned Stab","floor":3.0},{"not_picked":["Sucker Punch","Accuracy"],"picked":"Unload","floor":4.0},{"not_picked":["Outmaneuver","Deflect","Crippling Poison"],"picked":"SKIP","floor":6.0},{"not_picked":["Predator","Poisoned Stab"],"picked":"Escape Plan","floor":8.0},{"not_picked":["Distraction","Prepared","Finisher"],"picked":"SKIP","floor":11.0},{"not_picked":["Dash+1","Deadly Poison"],"picked":"Reflex","floor":18.0},{"not_picked":["Outmaneuver","Underhanded Strike","Quick Slash"],"picked":"SKIP","floor":20.0},{"not_picked":["Caltrops+1","Tools of the Trade+1","Catalyst"],"picked":"SKIP","floor":24.0},{"not_picked":["Dodge and Roll","Masterful Stab+1","Deflect"],"picked":"SKIP","floor":27.0},{"not_picked":["Underhanded Strike+1","Noxious Fumes+1","Deflect"],"picked":"SKIP","floor":28.0},{"not_picked":["Underhanded Strike+1","Noxious Fumes+1","Deflect"],"picked":"SKIP","floor":28.0},{"not_picked":["Slice","Predator","Deflect"],"picked":"SKIP","floor":29.0},{"not_picked":["Slice+1"],"picked":"SKIP","floor":35.0},{"not_picked":["Noxious Fumes+1"],"picked":"SKIP","floor":37.0},{"not_picked":["Skewer"],"picked":"SKIP","floor":38.0},{"not_picked":["Dodge and Roll"],"picked":"SKIP","floor":40.0},{"not_picked":["Masterful Stab"],"picked":"SKIP","floor":42.0},{"not_picked":["Distraction"],"picked":"SKIP","floor":44.0},{"not_picked":["All Out Attack"],"picked":"SKIP","floor":46.0},{"not_picked":["Dagger Throw"],"picked":"SKIP","floor":48.0},{"not_picked":["Footwork+1"],"picked":"SKIP","floor":55.0}],"player_experience":2992579,"relics_obtained":[{"floor":9.0,"key":"Torii"},{"floor":27.0,"key":"WingedGreaves"},{"floor":40.0,"key":"Bottled Lightning"},{"floor":42.0,"key":"Bag of Marbles"},{"floor":43.0,"key":"Kunai"},{"floor":46.0,"key":"Letter Opener"},{"floor":48.0,"key":"Bottled Tornado"},{"floor":55.0,"key":"Gremlin Horn"}],"event_choices":[{"damage_healed":0.0,"max_hp_gain":0.0,"max_hp_loss":0.0,"gold_gain":0.0,"event_name":"Scrap Ooze","player_choice":"Success","floor":13.0,"gold_loss":0.0,"damage_taken":11.0,"relics_obtained":["Frozen Egg 2"]},{"damage_healed":0.0,"max_hp_gain":0.0,"max_hp_loss":0.0,"gold_gain":0.0,"cards_transformed":["Strike_G"],"event_name":"Living Wall","player_choice":"Change","floor":14.0,"gold_loss":0.0,"damage_taken":0.0,"cards_obtained":["Tactician"]},{"damage_healed":0.0,"max_hp_gain":0.0,"max_hp_loss":0.0,"gold_gain":0.0,"event_name":"Vampires","player_choice":"Ignored","floor":21.0,"gold_loss":0.0,"damage_taken":0.0},{"damage_healed":0.0,"max_hp_gain":0.0,"max_hp_loss":0.0,"gold_gain":0.0,"event_name":"Accursed Blacksmith","player_choice":"Forge","floor":22.0,"gold_loss":0.0,"damage_taken":0.0,"cards_upgraded":["Tactician"]},{"damage_healed":0.0,"max_hp_gain":0.0,"max_hp_loss":0.0,"gold_gain":0.0,"event_name":"The Mausoleum","player_choice":"Ignored","floor":30.0,"gold_loss":0.0,"damage_taken":0.0},{"cards_removed":["Storm of Steel"],"damage_healed":15.0,"max_hp_gain":10.0,"max_hp_loss":0.0,"gold_gain":0.0,"event_name":"Bonfire Elementals","player_choice":"Offered Rare","floor":36.0,"gold_loss":0.0,"damage_taken":0.0},{"damage_healed":0.0,"max_hp_gain":0.0,"max_hp_loss":0.0,"gold_gain":0.0,"event_name":"Lab","player_choice":"Got Potions","floor":47.0,"gold_loss":0.0,"damage_taken":0.0}],"is_beta":false,"boss_relics":[{"not_picked":["Runic Pyramid","Cursed Key"],"picked":"Pandora\u0027s Box"},{"not_picked":["WristBlade","Snecko Eye"],"picked":"Busted Crown"}],"items_purged_floors":[5,31,39],"is_endless":false,"potions_floor_spawned":[4,11,27,28,35,38,44],"ascension_level":20}