{"gold_per_floor":[112,37,55,25,43,43,56,73,73,73,88,104,104,115,115,189,189,204,204,204,221,237,265,72,72,98,98,108,122,139,3,3,81,81,93,93,0,0,19,19,50,64,64,64,164,164,180,199,199,199,199,199,199,48,82,82],"floor_reached":57,"playtime":3035,"items_purged":["Defend_G","Decay"],"score":2806,"play_id":"bb80fc58-e1c7-4450-bfd5-fa4fcc63e6c2","local_time":"20181221104446","is_ascension_mode":true,"campfire_choices":[{"data":"Neutralize","floor":6.0,"key":"SMITH"},{"data":"Caltrops","floor":13.0,"key":"SMITH"},{"data":"Leg Sweep","floor":15.0,"key":"SMITH"},{"data":"Apotheosis","floor":25.0,"key":"SMITH"},{"floor":27.0,"key":"RECALL"},{"floor":32.0,"key":"REST"},{"floor":40.0,"key":"REST"},{"data":"After Image","floor":44.0,"key":"SMITH"},{"data":"Noxious Fumes","floor":46.0,"key":"SMITH"},{"data":"Wraith Form v2","floor":49.0,"key":"SMITH"},{"data":"Wraith Form v2","floor":53.0,"key":"SMITH"}],"neow_cost":"PERCENT_DAMAGE","seed_source_timestamp":965552335680,"circlet_count":0,"master_deck":["AscendersBane","Defend_G","Survivor","Neutralize+1","Reflex","Well Laid Plans","Catalyst","Prepared","Caltrops+1","Backstab","Well Laid Plans","Leg Sweep+1","After Image+1","Noxious Fumes+1","All Out Attack","Well Laid Plans","Corpse Explosion","Apotheosis+1","Deadly Poison","Backflip","Catalyst","Acrobatics","Wraith Form v2+1","Riddle With Holes+1","Venomology+1","Riddle With Holes+1","Wraith Form v2+1","Well Laid Plans","Calculated Gamble","Well Laid Plans+1","Clumsy","Well Laid Plans","Backflip","Escape Plan+1","Backflip","Deadly Poison+1"],"special_seed":0,"relics":["Ring of the Snake","Tingsha","Cursed Key","Pear","Astrolabe","Red Mask","The Specimen","Ninja Scroll","Gambling Chip","Letter Opener"],"potions_floor_usage":[55,56,56,56],"damage_taken":[{"damage":0.0,"enemies":"Jaw Worm","floor":1.0,"turns":7.0},{"damage":0.0,"enemies":"Cultist","floor":3.0,"turns":4.0},{"damage":0.0,"enemies":"Small Slimes","floor":5.0,"turns":4.0},{"damage":9.0,"enemies":"Blue Slaver","floor":7.0,"turns":4.0},{"damage":3.0,"enemies":"2 Fungi Beasts","floor":8.0,"turns":5.0},{"damage":7.0,"enemies":"Lots of Slimes","floor":11.0,"turns":4.0},{"damage":1.0,"enemies":"Red Slaver","floor":12.0,"turns":4.0},{"damage":0.0,"enemies":"Blue Slaver","floor":14.0,"turns":4.0},{"damage":5.0,"enemies":"The Guardian","floor":16.0,"turns":16.0},{"damage":0.0,"enemies":"Shell Parasite","floor":18.0,"turns":9.0},{"damage":2.0,"enemies":"Spheric Guardian","floor":21.0,"turns":6.0},{"damage":17.0,"enemies":"Cultist and Chosen","floor":22.0,"turns":6.0},{"damage":24.0,"enemies":"Gremlin Leader","floor":23.0,"turns":8.0},{"damage":37.0,"enemies":"Snecko","floor":28.0,"turns":6.0},{"damage":14.0,"enemies":"Shelled Parasite and Fungi","floor":29.0,"turns":5.0},{"damage":0.0,"enemies":"Cultist and Chosen","floor":30.0,"turns":4.0},{"damage":27.0,"enemies":"Collector","floor":33.0,"turns":5.0},{"damage":1.0,"enemies":"3 Shapes","floor":35.0,"turns":5.0},{"damage":5.0,"enemies":"Orb Walker","floor":39.0,"turns":5.0},{"damage":3.0,"enemies":"Nemesis","floor":41.0,"turns":5.0},{"damage":1.0,"enemies":"Sphere and 2 Shapes","floor":42.0,"turns":4.0},{"damage":0.0,"enemies":"Mind Bloom Boss Battle","floor":45.0,"turns":5.0},{"damage":0.0,"enemies":"Jaw Worm Horde","floor":47.0,"turns":3.0},{"damage":5.0,"enemies":"Maw","floor":48.0,"turns":6.0},{"damage":0.0,"enemies":"Donu and Deca","floor":50.0,"turns":7.0},{"damage":23.0,"enemies":"Awakened One","floor":51.0,"turns":9.0},{"damage":2,"enemies":"Shield and Spear","floor":55,"turns":8},{"damage":30,"enemies":"The Heart","floor":56,"turns":8}],"seed_played":"-7277353028817172812","potions_obtained":[{"floor":1.0,"key":"GamblersBrew"},{"floor":4.0,"key":"GamblersBrew"},{"floor":4.0,"key":"Fruit Juice"},{"floor":5.0,"key":"Ancient Potion"},{"floor":11.0,"key":"FearPotion"},{"floor":16.0,"key":"Poison Potion"},{"floor":21.0,"key":"Ancient Potion"},{"floor":28.0,"key":"Regen Potion"},{"floor":29.0,"key":"EssenceOfSteel"},{"floor":35.0,"key":"Weak Potion"}],"is_trial":false,"path_per_floor":["M","$","M","?","M","R","M","M","T","?","M","M","R","M","M","R","B",null,"M","?","?","M","M","E","$","R","T","R","M","M","M","$","R","B",null,"M","?","?","?","M","R","E","M","T","R","?","R","M","M","R","B","B",null,"R","$","E","B",null],"character_chosen":"THE_SILENT","items_purchased":["Apotheosis","Acrobatics","GhostInAJar","Backflip"],"campfire_rested":2,"item_purchase_floors":[24,31,31,54],"current_hp_per_floor":[44,44,44,49,49,49,40,37,37,37,30,29,29,29,29,24,59,59,59,81,79,62,48,48,48,48,48,11,12,12,12,39,12,71,70,70,70,70,65,86,83,82,82,82,82,82,82,77,77,77,54,78,78,78,76,46],"gold":82,"neow_bonus":"REMOVE_TWO","is_prod":false,"is_daily":false,"chose_seed":false,"campfire_upgraded":8,"win_rate":0,"timestamp":1545360286,"path_taken":["M","$","M","?","M","R","M","?","T","?","M","M","R","M","R","BOSS","M","?","?","M","?","E","$","R","T","R","M","M","M","$","R","BOSS","M","?","?","?","?","R","E","M","T","R","?","R","M","M","R","BOSS","BOSS","R","$","E","BOSS"],"build_version":"2018-12-20","purchased_purges":2,"victory":true,"max_hp_per_floor":[66,66,66,71,71,71,71,71,71,71,71,71,71,71,71,71,71,71,71,81,81,81,91,91,91,91,91,91,91,91,91,91,91,91,91,86,86,86,86,86,86,86,86,86,86,86,86,86,86,86,86,86,86,86,86,86],"card_choices":[{"not_picked":["Distraction","Dodge and Roll"],"picked":"Reflex","floor":1.0},{"not_picked":["Underhanded Strike","Blade Dance"],"picked":"Well Laid Plans","floor":3.0},{"not_picked":["Acrobatics","Cloak And Dagger"],"picked":"Catalyst","floor":5.0},{"not_picked":["Slice","Skewer"],"picked":"Prepared","floor":7.0},{"not_picked":["Dodge and Roll","Accuracy"],"picked":"Caltrops","floor":8.0},{"not_picked":["PiercingWail","Reflex"],"picked":"Well Laid Plans","floor":11.0},{"not_picked":["Quick Slash","Slice","Bane"],"picked":"SKIP","floor":12.0},{"not_picked":["Quick Slash","Slice","Bane"],"picked":"SKIP","floor":12.0},{"not_picked":["Bane","Dash"],"picked":"Leg Sweep","floor":14.0},{"not_picked":["Burst","Envenom"],"picked":"After Image","floor":16.0},{"not_picked":["Sucker Punch","Accuracy"],"picked":"Noxious Fumes","floor":18.0},{"not_picked":["Prepared","Underhanded Strike+1","Masterful Stab"],"picked":"SKIP","floor":21.0},{"not_picked":["Underhanded Strike","Deflect"],"picked":"Well Laid Plans","floor":22.0},{"not_picked":["Storm of Steel","Caltrops"],"picked":"Corpse Explosion","floor":23.0},{"not_picked":["Slice","Riddle With Holes"],"picked":"Deadly Poison","floor":28.0},{"not_picked":["Setup","Eviscerate+1"],"picked":"Backflip","floor":29.0},{"not_picked":["Grand Finale","Concentrate+1"],"picked":"Catalyst","floor":30.0},{"not_picked":["Malaise","Adrenaline"],"picked":"Wraith Form v2","floor":33.0},{"not_picked":["Endless Agony+1","Outmaneuver+1","Poisoned Stab+1"],"picked":"SKIP","floor":35.0},{"not_picked":["Quick Slash","Acrobatics"],"picked":"Well Laid Plans","floor":39.0},{"not_picked":["Infinite Blades","Outmaneuver"],"picked":"Calculated Gamble","floor":41.0},{"not_picked":["Reflex","Dagger Throw"],"picked":"Well Laid Plans+1","floor":42.0},{"not_picked":["All Out Attack+1","Sucker Punch+1"],"picked":"Well Laid Plans","floor":45.0},{"not_picked":["Leg Sweep","Dash"],"picked":"Backflip","floor":47.0},{"not_picked":["Dagger Throw+1","Poisoned Stab"],"picked":"Escape Plan+1","floor":48.0},{"not_picked":["Quick Slash","Finisher"],"picked":"Deadly Poison+1","floor":55}],"player_experience":1410399,"relics_obtained":[{"floor":9.0,"key":"Tingsha"},{"floor":23.0,"key":"Pear"},{"floor":41.0,"key":"The Specimen"},{"floor":43.0,"key":"Ninja Scroll"},{"floor":45.0,"key":"Gambling Chip"},{"floor":55,"key":"Letter Opener"}],"event_choices":[{"damage_healed":0.0,"max_hp_gain":0.0,"max_hp_loss":0.0,"gold_gain":0.0,"event_name":"The Woman in Blue","player_choice":"Bought 2 Potions","floor":4.0,"gold_loss":0.0,"damage_taken":0.0},{"damage_healed":0.0,"max_hp_gain":0.0,"max_hp_loss":0.0,"gold_gain":0.0,"cards_transformed":["Strike_G"],"event_name":"Living Wall","player_choice":"Change","floor":10.0,"gold_loss":0.0,"damage_taken":0.0,"cards_obtained":["Backstab"]},{"damage_healed":0.0,"max_hp_gain":0.0,"max_hp_loss":0.0,"gold_gain":0.0,"cards_transformed":["Strike_G","Defend_G"],"event_name":"Drug Dealer","player_choice":"Became Test Subject","floor":19.0,"gold_loss":0.0,"damage_taken":0.0,"cards_obtained":["All Out Attack","Bullet Time"]},{"cards_removed":["Bullet Time"],"damage_healed":12.0,"max_hp_gain":10.0,"max_hp_loss":0.0,"gold_gain":0.0,"event_name":"Bonfire Elementals","player_choice":"Offered Rare","floor":20.0,"gold_loss":0.0,"damage_taken":0.0},{"damage_healed":0.0,"max_hp_gain":0.0,"max_hp_loss":5.0,"gold_gain":0.0,"event_name":"Winding Halls","player_choice":"Max HP","floor":36.0,"gold_loss":0.0,"damage_taken":0.0},{"damage_healed":0.0,"max_hp_gain":0.0,"max_hp_loss":0.0,"gold_gain":0.0,"event_name":"Tomb of Lord Red Mask","player_choice":"Paid","floor":37.0,"gold_loss":93.0,"damage_taken":0.0,"relics_obtained":["Red Mask"]},{"damage_healed":0.0,"max_hp_gain":0.0,"max_hp_loss":0.0,"gold_gain":0.0,"event_name":"Duplicator","player_choice":"Copied","floor":38.0,"gold_loss":0.0,"damage_taken":0.0,"cards_obtained":["Wraith Form v2"]},{"damage_healed":0.0,"max_hp_gain":0.0,"max_hp_loss":0.0,"gold_gain":0.0,"event_name":"MindBloom","player_choice":"Fight","floor":45.0,"gold_loss":0.0,"damage_taken":0.0}],"is_beta":false,"boss_relics":[{"not_picked":["Orrery","Fusion Hammer"],"picked":"Cursed Key"},{"not_picked":["Snecko Eye","Ring of the Serpent"],"picked":"Astrolabe"}],"items_purged_floors":[2,54],"is_endless":false,"potions_floor_spawned":[1,5,11,16,21,28,29,33,35,39,48],"ascension_level":20}