{"gold_per_floor":[117,117,73,73,73,73,73,73,73,73,89,102,14,30,30,105,105,116,136,39,51,101,101,132,158,219,244,256,282,294,324,336,419,431,461,77,177,197,97,130,130,164,164,197,212,212,212,224,224,224,224,224,78,113,113],"floor_reached":56,"playtime":4018,"items_purged":["Defend_B","Defend_B"],"score":2340,"play_id":"18eccd96-5490-4366-820b-b0ebeca2b6c3","local_time":"20181219145138","is_ascension_mode":true,"campfire_choices":[{"data":"Genetic Algorithm","floor":6.0,"key":"SMITH"},{"data":"Self Repair","floor":8.0,"key":"SMITH"},{"data":"Zap","floor":10.0,"key":"SMITH"},{"data":"Defragment","floor":15.0,"key":"SMITH"},{"data":"Loop","floor":23.0,"key":"SMITH"},{"data":"Genetic Algorithm","floor":28.0,"key":"SMITH"},{"data":"Capacitor","floor":30.0,"key":"SMITH"},{"data":"Amplify","floor":32.0,"key":"SMITH"},{"data":"Dualcast","floor":41.0,"key":"SMITH"},{"data":"Coolheaded","floor":46.0,"key":"SMITH"},{"floor":49.0,"key":"RECALL"},{"data":"Seek","floor":52.0,"key":"SMITH"}],"neow_cost":"NONE","seed_source_timestamp":14712060917805,"circlet_count":0,"master_deck":["AscendersBane","Strike_B+1","Zap+1","Dualcast+1","BootSequence","Self Repair+1","Genetic Algorithm+1","Loop+1","Defragment+1","Ball Lightning+1","Glacier","Seek+1","Ball Lightning+1","Coolheaded+1","Finesse","Amplify+1","Genetic Algorithm+1","Capacitor+1","Buffer","Madness","Fission","Master of Strategy","Skim+1"],"special_seed":0,"relics":["Runic Pyramid","Regal Pillow","Matryoshka","Sozu","MawBank","Whetstone","Empty Cage","Medical Kit","Du-Vu Doll","Symbiotic Virus","Potion Belt","The Courier","Bird Faced Urn","Anchor"],"potions_floor_usage":[55],"damage_taken":[{"damage":7.0,"enemies":"Jaw Worm","floor":1.0,"turns":4.0},{"damage":1.0,"enemies":"Small Slimes","floor":11.0,"turns":3.0},{"damage":0.0,"enemies":"Cultist","floor":12.0,"turns":4.0},{"damage":19.0,"enemies":"Lots of Slimes","floor":14.0,"turns":5.0},{"damage":24.0,"enemies":"Slime Boss","floor":16.0,"turns":14.0},{"damage":0.0,"enemies":"3 Byrds","floor":18.0,"turns":5.0},{"damage":0.0,"enemies":"Shell Parasite","floor":19.0,"turns":5.0},{"damage":0.0,"enemies":"Centurion and Healer","floor":21.0,"turns":6.0},{"damage":62.0,"enemies":"Slavers","floor":24.0,"turns":7.0},{"damage":0.0,"enemies":"Snake Plant","floor":25.0,"turns":5.0},{"damage":17.0,"enemies":"Shelled Parasite and Fungi","floor":27.0,"turns":7.0},{"damage":3.0,"enemies":"Snecko","floor":29.0,"turns":8.0},{"damage":3.0,"enemies":"Sentry and Sphere","floor":31.0,"turns":7.0},{"damage":5.0,"enemies":"Champ","floor":33.0,"turns":12.0},{"damage":6.0,"enemies":"3 Shapes","floor":35.0,"turns":6.0},{"damage":0.0,"enemies":"Mind Bloom Boss Battle","floor":37.0,"turns":10.0},{"damage":6.0,"enemies":"Orb Walker","floor":38.0,"turns":4.0},{"damage":0.0,"enemies":"Giant Head","floor":40.0,"turns":11.0},{"damage":49.0,"enemies":"Reptomancer","floor":42.0,"turns":7.0},{"damage":0.0,"enemies":"Giant Head","floor":44.0,"turns":6.0},{"damage":0.0,"enemies":"4 Shapes","floor":45.0,"turns":6.0},{"damage":0.0,"enemies":"Transient","floor":48.0,"turns":6.0},{"damage":0.0,"enemies":"Time Eater","floor":50.0,"turns":31.0},{"damage":18.0,"enemies":"Shield and Spear","floor":54.0,"turns":5.0},{"damage":43,"enemies":"The Heart","floor":55,"turns":7}],"seed_played":"6722266160495387459","potions_obtained":[{"floor":1.0,"key":"Explosive Potion"},{"floor":12.0,"key":"LiquidBronze"}],"is_trial":false,"path_per_floor":["M","?","$","?","?","R","?","R","T","R","M","M","$","M","R","B",null,"M","M","$","M","?","R","E","M","T","M","R","M","R","M","R","B",null,"M","$","?","M","$","E","R","E","T","E","M","R","?","M","R","B",null,"R","$","E","B",null],"character_chosen":"DEFECT","items_purchased":["Genetic Algorithm","Defragment","Ball Lightning","Finesse","Medical Kit","Madness","Master of Strategy"],"campfire_rested":0,"item_purchase_floors":[3,13,13,20,36,36,53],"current_hp_per_floor":[57,57,57,50,32,32,32,32,32,32,41,51,51,42,42,28,60,70,71,71,71,71,71,19,39,39,42,42,59,59,71,71,71,71,71,71,71,71,71,71,71,32,32,68,71,71,71,71,71,71,71,71,71,71,44],"gold":113,"neow_bonus":"BOSS_RELIC","is_prod":false,"is_daily":false,"chose_seed":false,"campfire_upgraded":11,"win_rate":0,"timestamp":1545202298,"path_taken":["M","?","$","?","?","R","?","R","T","R","M","?","$","M","R","BOSS","M","?","$","M","?","R","E","M","T","M","R","?","R","?","R","BOSS","M","$","?","M","$","E","R","E","T","E","M","R","?","M","R","BOSS","R","$","E","BOSS"],"build_version":"2018-12-13","purchased_purges":2,"victory":true,"max_hp_per_floor":[71,71,71,71,71,71,71,71,71,71,71,71,71,71,71,71,71,71,71,71,71,71,71,71,71,71,71,71,71,71,71,71,71,71,71,71,71,71,71,71,71,71,71,71,71,71,71,71,71,71,71,71,71,71,71],"card_choices":[{"not_picked":["Skim","Sweeping Beam"],"picked":"BootSequence","floor":1.0},{"not_picked":["Streamline","Turbo"],"picked":"Loop","floor":11.0},{"not_picked":["Lockon","Blizzard","Beam Cell"],"picked":"SKIP","floor":12.0},{"not_picked":["Redo","Conserve Battery"],"picked":"Glacier","floor":14.0},{"not_picked":["Machine Learning","Multi-Cast"],"picked":"Seek","floor":16.0},{"not_picked":["Leap","Gash"],"picked":"Ball Lightning+1","floor":18.0},{"not_picked":["Stack","Darkness"],"picked":"Coolheaded","floor":19.0},{"not_picked":["Steam","Turbo","Rebound"],"picked":"SKIP","floor":21.0},{"not_picked":["Chaos+1","Beam Cell"],"picked":"Amplify","floor":24.0},{"not_picked":["Turbo","Blizzard","Cold Snap"],"picked":"SKIP","floor":25.0},{"not_picked":["Turbo","Blizzard","Cold Snap"],"picked":"SKIP","floor":25.0},{"not_picked":["Barrage","Go for the Eyes"],"picked":"Genetic Algorithm","floor":27.0},{"not_picked":["Streamline","Double Energy"],"picked":"Capacitor","floor":29.0},{"not_picked":["Sweeping Beam","Gash+1","Cold Snap"],"picked":"SKIP","floor":31.0},{"not_picked":["Seek","Machine Learning"],"picked":"Buffer","floor":33.0},{"not_picked":["Streamline+1","Fusion","Rip and Tear"],"picked":"SKIP","floor":35.0},{"not_picked":["Streamline+1","Fusion","Rip and Tear"],"picked":"SKIP","floor":35.0},{"not_picked":["Streamline","Turbo","Scrape"],"picked":"SKIP","floor":38.0},{"not_picked":["Stack+1","Ball Lightning+1","Aggregate+1"],"picked":"SKIP","floor":40.0},{"not_picked":["Sweeping Beam","Rebound+1","Scrape"],"picked":"SKIP","floor":42.0},{"not_picked":["Glacier","Reprogram"],"picked":"Fission","floor":44.0},{"not_picked":["FTL","Compile Driver","Rip and Tear+1"],"picked":"SKIP","floor":45.0},{"not_picked":["Chaos","Stack","Rebound"],"picked":"SKIP","floor":48.0},{"not_picked":["Genetic Algorithm","Conserve Battery"],"picked":"Skim+1","floor":54.0}],"player_experience":1375301,"relics_obtained":[{"floor":9.0,"key":"Matryoshka"},{"floor":24.0,"key":"MawBank"},{"floor":26.0,"key":"Whetstone"},{"floor":37.0,"key":"Du-Vu Doll"},{"floor":40.0,"key":"Symbiotic Virus"},{"floor":42.0,"key":"Potion Belt"},{"floor":43.0,"key":"The Courier"},{"floor":43.0,"key":"Bird Faced Urn"},{"floor":54.0,"key":"Anchor"}],"event_choices":[{"damage_healed":0.0,"max_hp_gain":0.0,"max_hp_loss":0.0,"gold_gain":0.0,"cards_transformed":["Strike_B"],"event_name":"Living Wall","player_choice":"Change","floor":2.0,"gold_loss":0.0,"damage_taken":0.0,"cards_obtained":["Self Repair"]},{"cards_removed":["Defend_B"],"damage_healed":0.0,"max_hp_gain":0.0,"max_hp_loss":0.0,"gold_gain":0.0,"event_name":"Golden Wing","player_choice":"Card Removal","floor":4.0,"gold_loss":0.0,"damage_taken":7.0},{"damage_healed":0.0,"max_hp_gain":0.0,"max_hp_loss":0.0,"gold_gain":0.0,"event_name":"Scrap Ooze","player_choice":"Success","floor":5.0,"gold_loss":0.0,"damage_taken":18.0,"relics_obtained":["Regal Pillow"]},{"cards_removed":["Strike_B"],"damage_healed":0.0,"max_hp_gain":0.0,"max_hp_loss":0.0,"gold_gain":0.0,"event_name":"Purifier","player_choice":"Purged","floor":7.0,"gold_loss":0.0,"damage_taken":0.0},{"damage_healed":0.0,"max_hp_gain":0.0,"max_hp_loss":0.0,"gold_gain":50.0,"event_name":"Golden Shrine","player_choice":"Pray","floor":22.0,"gold_loss":0.0,"damage_taken":0.0},{"damage_healed":0.0,"max_hp_gain":0.0,"max_hp_loss":0.0,"gold_gain":0.0,"event_name":"MindBloom","player_choice":"Fight","floor":37.0,"gold_loss":0.0,"damage_taken":0.0},{"damage_healed":0.0,"max_hp_gain":0.0,"max_hp_loss":0.0,"gold_gain":0.0,"event_name":"Tomb of Lord Red Mask","player_choice":"Ignored","floor":47.0,"gold_loss":0.0,"damage_taken":0.0}],"is_beta":false,"boss_relics":[{"not_picked":["Eternal Feather","Astrolabe"],"picked":"Sozu"},{"not_picked":["Calling Bell","Pandora\u0027s Box"],"picked":"Empty Cage"}],"items_purged_floors":[36,39],"is_endless":false,"potions_floor_spawned":[1,12,18,19,21,29,37,40,44,48,54],"ascension_level":18}