{"gold_per_floor":[115,129,145,165,179,179,198,373,373,156],"floor_reached":10,"playtime":436,"items_purged":["Doubt"],"score":62,"play_id":"2768cf1d-e251-42c6-8df9-8bfca6e8d602","local_time":"20190321235736","is_ascension_mode":false,"campfire_choices":[{"floor":6,"key":"REST"}],"neow_cost":"NONE","seed_source_timestamp":132330273907616,"circlet_count":0,"master_deck":["Strike_B","Strike_B","Strike_B","Strike_B","Defend_B","Defend_B","Defend_B","Defend_B","Zap","Dualcast","Darkness","Capacitor","Tempest","Sweeping Beam","Cold Snap","Conserve Battery","Machine Learning"],"relics":["White Beast Statue","The Courier"],"potions_floor_usage":[5,7],"damage_taken":[{"damage":10,"enemies":"Cultist","floor":1,"turns":5},{"damage":5,"enemies":"2 Louse","floor":2,"turns":3},{"damage":6,"enemies":"Jaw Worm","floor":3,"turns":4},{"damage":14,"enemies":"Blue Slaver","floor":4,"turns":5},{"damage":20,"enemies":"Exordium Thugs","floor":5,"turns":6},{"damage":11,"enemies":"Red Slaver","floor":7,"turns":3}],"seed_played":"-8679783215551466116","potions_obtained":[{"floor":1,"key":"PowerPotion"},{"floor":2,"key":"EssenceOfSteel"},{"floor":3,"key":"AttackPotion"},{"floor":5,"key":"Explosive Potion"},{"floor":7,"key":"Poison Potion"}],"is_trial":false,"path_per_floor":["M","M","M","M","M","R","M","?","T","$"],"character_chosen":"DEFECT","items_purchased":["Conserve Battery","Machine Learning"],"campfire_rested":1,"item_purchase_floors":[10,10],"current_hp_per_floor":[65,60,54,40,20,42,31,31,31,31],"gold":156,"neow_bonus":"BOSS_RELIC","is_prod":false,"is_daily":false,"chose_seed":false,"campfire_upgraded":0,"win_rate":0,"timestamp":1553209056,"path_taken":["M","M","M","M","M","R","M","?","T","$"],"build_version":"2019-01-23","purchased_purges":1,"victory":false,"max_hp_per_floor":[75,75,75,75,75,75,75,75,75,75],"card_choices":[{"not_picked":["Rebound","Coolheaded"],"picked":"Darkness","floor":1},{"not_picked":["Storm","Streamline"],"picked":"Capacitor","floor":2},{"not_picked":["Turbo","Stack"],"picked":"Tempest","floor":3},{"not_picked":["Stack","Turbo","Double Energy"],"picked":"SKIP","floor":4},{"not_picked":["Lockon","Stack","Sweeping Beam"],"picked":"SKIP","floor":5},{"not_picked":["Lockon","Stack"],"picked":"Sweeping Beam","floor":5},{"not_picked":["Rebound","Sunder"],"picked":"Cold Snap","floor":7}],"player_experience":509594,"relics_obtained":[{"floor":9,"key":"The Courier"}],"event_choices":[{"damage_healed":0,"gold_gain":175,"player_choice":"AGREE","damage_taken":0,"max_hp_gain":0,"max_hp_loss":0,"event_name":"Liars Game","floor":8,"gold_loss":0,"cards_obtained":["Doubt"]}],"is_beta":false,"boss_relics":[],"items_purged_floors":[10],"is_endless":false,"potions_floor_spawned":[1,2,3,4,5,7],"ascension_level":0}