{"gold_per_floor":[117,6,24,99,99,125,143,143,143,163,173,199,199,215,215,317,317,336,355,366,397,147,147,178,178,203,220,237,237],"floor_reached":29,"playtime":2463,"items_purged":["Strike_R","Defend_R"],"score":282,"play_id":"6fb91b81-e7f6-46ee-ac4c-89af3b76464c","local_time":"20190723021038","is_ascension_mode":false,"campfire_choices":[{"data":"Bash","floor":13,"key":"SMITH"},{"data":"Flame Barrier","floor":15,"key":"SMITH"},{"floor":23,"key":"REST"},{"data":"Cleave","floor":25,"key":"SMITH"}],"neow_cost":"NONE","seed_source_timestamp":1120572688460568,"circlet_count":0,"master_deck":["Strike_R","Strike_R","Strike_R","Defend_R","Defend_R","Defend_R","Bash+1","Metallicize","Inflame","Dual Wield","Pommel Strike","Entrench","Reaper","Uppercut","Flame Barrier+1","Barricade+1","Iron Wave","Rage+1","Cleave+1","Inflame+1","Ghostly Armor","Limit Break","Shrug It Off","Cleave"],"relics":["Burning Blood","NeowsBlessing","Frozen Egg 2","Paper Frog","Anchor","Self Forming Clay","Black Star","Red Mask","Happy Flower","Question Card","Blood Vial"],"potions_floor_usage":[12,14,16,19,19,21,24,29,29],"damage_taken":[{"damage":0,"enemies":"Small Slimes","floor":1,"turns":1},{"damage":0,"enemies":"2 Louse","floor":3,"turns":1},{"damage":0,"enemies":"3 Sentries","floor":6,"turns":1},{"damage":4,"enemies":"Cultist","floor":7,"turns":4},{"damage":19,"enemies":"Exordium Wildlife","floor":10,"turns":5},{"damage":0,"enemies":"Large Slime","floor":11,"turns":5},{"damage":15,"enemies":"Lagavulin","floor":12,"turns":5},{"damage":0,"enemies":"Lots of Slimes","floor":14,"turns":2},{"damage":29,"enemies":"Slime Boss","floor":16,"turns":14},{"damage":18,"enemies":"Shell Parasite","floor":18,"turns":8},{"damage":18,"enemies":"Spheric Guardian","floor":19,"turns":11},{"damage":18,"enemies":"Centurion and Healer","floor":20,"turns":10},{"damage":46,"enemies":"Masked Bandits","floor":21,"turns":6},{"damage":28,"enemies":"Gremlin Leader","floor":24,"turns":7},{"damage":17,"enemies":"Snecko","floor":27,"turns":6},{"damage":21,"enemies":"Shelled Parasite and Fungi","floor":28,"turns":8},{"damage":71,"enemies":"Cultist and Chosen","floor":29,"turns":6}],"seed_played":"-8267051729763126430","potions_obtained":[{"floor":6,"key":"Poison Potion"},{"floor":7,"key":"Strength Potion"},{"floor":10,"key":"Explosive Potion"},{"floor":16,"key":"GamblersBrew"},{"floor":18,"key":"Block Potion"},{"floor":20,"key":"PowerPotion"},{"floor":21,"key":"Swift Potion"},{"floor":24,"key":"Block Potion"},{"floor":28,"key":"Swift Potion"}],"is_trial":false,"path_per_floor":["M","$","M","?","?","E","M","?","T","M","M","E","R","M","R","B",null,"M","M","M","?","$","R","E","R","T","M","M","M"],"character_chosen":"IRONCLAD","items_purchased":["Inflame","Inflame+1","Ghostly Armor"],"campfire_rested":1,"item_purchase_floors":[2,22,22],"current_hp_per_floor":[80,80,80,69,66,72,74,74,74,62,68,59,59,70,70,63,80,68,56,58,30,30,54,65,65,65,56,43,0],"gold":237,"neow_bonus":"THREE_ENEMY_KILL","is_prod":false,"is_daily":false,"chose_seed":false,"campfire_upgraded":3,"win_rate":0.0,"timestamp":1563837038,"path_taken":["M","$","M","?","?","E","M","?","T","?","M","E","R","M","R","BOSS","M","M","M","?","$","R","E","R","T","M","M","M"],"build_version":"2019-07-17","purchased_purges":2,"victory":false,"max_hp_per_floor":[80,80,80,80,80,80,80,80,80,80,80,80,80,80,80,80,80,80,80,80,80,80,80,80,80,80,80,80,80],"card_choices":[{"not_picked":["Perfected Strike","Power Through"],"picked":"Metallicize","floor":1},{"not_picked":["Evolve","True Grit"],"picked":"Dual Wield","floor":3},{"not_picked":["Pummel","Burning Pact"],"picked":"Pommel Strike","floor":6},{"not_picked":["Wild Strike","Combust+1"],"picked":"Entrench","floor":7},{"not_picked":["Whirlwind","Reaper"],"picked":"Uppercut","floor":10},{"not_picked":["Flex","Thunderclap"],"picked":"Flame Barrier","floor":11},{"not_picked":["Headbutt","Anger"],"picked":"Barricade+1","floor":12},{"not_picked":["Infernal Blade","Evolve+1"],"picked":"Iron Wave","floor":14},{"not_picked":["Heavy Blade","Headbutt+1","Cleave"],"picked":"SKIP","floor":18},{"not_picked":["Thunderclap","Whirlwind"],"picked":"Rage+1","floor":19},{"not_picked":["Combust+1","Clothesline+1"],"picked":"Cleave","floor":20},{"not_picked":["Pommel Strike","Disarm+1"],"picked":"Limit Break","floor":24},{"not_picked":["Pommel Strike","Blood for Blood+1","Clothesline"],"picked":"Shrug It Off","floor":27},{"not_picked":["True Grit+1","Pommel Strike","Limit Break"],"picked":"Cleave","floor":28}],"player_experience":69328,"relics_obtained":[{"floor":6,"key":"Paper Frog"},{"floor":9,"key":"Anchor"},{"floor":12,"key":"Self Forming Clay"},{"floor":21,"key":"Red Mask"},{"floor":24,"key":"Happy Flower"},{"floor":24,"key":"Question Card"},{"floor":26,"key":"Blood Vial"}],"event_choices":[{"damage_healed":0,"gold_gain":75,"player_choice":"Gather Gold","damage_taken":11,"max_hp_gain":0,"max_hp_loss":0,"event_name":"World of Goop","floor":4,"gold_loss":0},{"damage_healed":0,"gold_gain":0,"player_choice":"Success","damage_taken":3,"relics_obtained":["Frozen Egg 2"],"max_hp_gain":0,"max_hp_loss":0,"event_name":"Scrap Ooze","floor":5,"gold_loss":0},{"damage_healed":0,"gold_gain":0,"cards_transformed":["Strike_R"],"player_choice":"Transformed","damage_taken":0,"max_hp_gain":0,"max_hp_loss":0,"event_name":"Transmorgrifier","floor":8,"gold_loss":0,"cards_obtained":["Reaper"]},{"damage_healed":0,"gold_gain":0,"player_choice":"Fought Bandits","damage_taken":0,"max_hp_gain":0,"max_hp_loss":0,"event_name":"Masked Bandits","floor":21,"gold_loss":0}],"is_beta":false,"boss_relics":[{"not_picked":["Runic Dome","Calling Bell"],"picked":"Black Star"}],"items_purged_floors":[2,22],"is_endless":false,"potions_floor_spawned":[6,7,10,11,16,18,20,21,24,28],"killed_by":"Cultist and Chosen","ascension_level":0}