{"gold_per_floor":[116,0,0,0,10,10,45,45,45,65,22,37,37,65,65,139,139,152,186,111,161,181,208,208],"floor_reached":24,"playtime":1104,"items_purged":["Strike_R"],"score":444,"play_id":"c9038d8b-1a80-436a-a765-58134feb2631","local_time":"20190525151613","is_ascension_mode":true,"campfire_choices":[{"data":"Shockwave","floor":6.0,"key":"SMITH"},{"data":"Flex","floor":8.0,"key":"SMITH"},{"data":"Uppercut","floor":13.0,"key":"SMITH"},{"data":"Limit Break","floor":15.0,"key":"SMITH"}],"neow_cost":"PERCENT_DAMAGE","seed_source_timestamp":1585153793328,"circlet_count":0,"master_deck":["AscendersBane","Strike_R+1","Strike_R","Defend_R","Defend_R","Defend_R","Defend_R","Bash+1","Shockwave+1","Evolve","Flex+1","Power Through","Battle Trance","Shrug It Off","Uppercut+1","Double Tap","Limit Break+1","Offering","Burning Pact","Feel No Pain"],"special_seed":0,"relics":["Burning Blood","Turnip","Whetstone","Pen Nib","Blood Vial","Fusion Hammer","Red Mask","Oddly Smooth Stone"],"potions_floor_usage":[23,23],"damage_taken":[{"damage":0.0,"enemies":"Small Slimes","floor":1.0,"turns":5.0},{"damage":8.0,"enemies":"Jaw Worm","floor":5.0,"turns":4.0},{"damage":35.0,"enemies":"Gremlin Nob","floor":7.0,"turns":6.0},{"damage":0.0,"enemies":"2 Louse","floor":10.0,"turns":4.0},{"damage":11.0,"enemies":"Exordium Wildlife","floor":12.0,"turns":6.0},{"damage":10.0,"enemies":"Lagavulin","floor":14.0,"turns":7.0},{"damage":10.0,"enemies":"The Guardian","floor":16.0,"turns":13.0},{"damage":7.0,"enemies":"2 Thieves","floor":18.0,"turns":4.0},{"damage":16.0,"enemies":"Masked Bandits","floor":19.0,"turns":4.0},{"damage":10.0,"enemies":"Spheric Guardian","floor":22.0,"turns":6.0},{"damage":45,"enemies":"Book of Stabbing","floor":23,"turns":6},{"damage":16,"enemies":"Centurion and Healer","floor":24,"turns":1}],"seed_played":"3933327991543528180","potions_obtained":[{"floor":1.0,"key":"SneckoOil"},{"floor":7.0,"key":"SmokeBomb"},{"floor":10.0,"key":"BloodPotion"},{"floor":16.0,"key":"Block Potion"},{"floor":18.0,"key":"Swift Potion"},{"floor":23,"key":"Weak Potion"}],"is_trial":false,"path_per_floor":["M","$","?","?","M","R","E","R","T","M","$","M","R","E","R","B",null,"M","?","$","?","M","E","M"],"character_chosen":"IRONCLAD","items_purchased":["Evolve","Flex","Uppercut"],"campfire_rested":0,"item_purchase_floors":[2,2,11],"current_hp_per_floor":[56,56,56,38,36,36,7,7,7,13,13,15,15,11,11,9,59,60,52,52,52,50,13,0],"gold":208,"neow_bonus":"REMOVE_TWO","is_prod":false,"is_daily":false,"chose_seed":false,"campfire_upgraded":4,"win_rate":0,"timestamp":1558768573,"path_taken":["M","$","?","?","M","R","E","R","T","M","?","M","R","E","R","BOSS","M","?","$","?","?","E","M"],"build_version":"2019-01-23","purchased_purges":1,"victory":false,"max_hp_per_floor":[75,75,75,75,75,75,75,75,75,75,75,75,75,75,75,75,75,75,75,75,75,75,75,75],"card_choices":[{"not_picked":["True Grit","Pommel Strike"],"picked":"Shockwave","floor":1.0},{"not_picked":["Headbutt","Sword Boomerang"],"picked":"Power Through","floor":5.0},{"not_picked":["Flex","Clash"],"picked":"Battle Trance","floor":7.0},{"not_picked":["Armaments","Flex"],"picked":"Shrug It Off","floor":10.0},{"not_picked":["Flex","Iron Wave"],"picked":"Double Tap","floor":12.0},{"not_picked":["Fire Breathing","Shrug It Off"],"picked":"Limit Break","floor":14.0},{"not_picked":["Demon Form","Dark Embrace"],"picked":"Offering","floor":16.0},{"not_picked":["Shrug It Off","Warcry"],"picked":"Burning Pact","floor":18.0},{"not_picked":["Spot Weakness","Blood for Blood"],"picked":"Feel No Pain","floor":19.0},{"not_picked":["Perfected Strike","Reckless Charge","Thunderclap"],"picked":"SKIP","floor":22.0},{"not_picked":["Flex","Rampage","Rage"],"picked":"SKIP","floor":23}],"player_experience":4834868,"relics_obtained":[{"floor":7.0,"key":"Whetstone"},{"floor":9.0,"key":"Pen Nib"},{"floor":14.0,"key":"Blood Vial"},{"floor":19.0,"key":"Red Mask"},{"floor":23,"key":"Oddly Smooth Stone"}],"event_choices":[{"damage_healed":0.0,"max_hp_gain":0.0,"max_hp_loss":0.0,"gold_gain":0.0,"event_name":"The Cleric","player_choice":"Leave","floor":3.0,"gold_loss":0.0,"damage_taken":0.0},{"damage_healed":0.0,"max_hp_gain":0.0,"max_hp_loss":0.0,"gold_gain":0.0,"event_name":"Scrap Ooze","player_choice":"Success","floor":4.0,"gold_loss":0.0,"damage_taken":18.0,"relics_obtained":["Turnip"]},{"damage_healed":0.0,"max_hp_gain":0.0,"max_hp_loss":0.0,"gold_gain":0.0,"event_name":"Masked Bandits","player_choice":"Fought Bandits","floor":19.0,"gold_loss":0.0,"damage_taken":0.0},{"damage_healed":0.0,"max_hp_gain":0.0,"max_hp_loss":0.0,"gold_gain":50.0,"event_name":"Nest","player_choice":"Stole From Cult","floor":21.0,"gold_loss":0.0,"damage_taken":0.0}],"is_beta":false,"boss_relics":[{"not_picked":["Runic Cube","Calling Bell"],"picked":"Fusion Hammer"}],"items_purged_floors":[20],"is_endless":false,"potions_floor_spawned":[1,7,10,16,18,22,23],"killed_by":"Centurion and Healer","ascension_level":20}