{"gold_per_floor":[111,211,227,302,113,142,54,54,54,119,119,119,132,46,46,141,141,164,114,114],"floor_reached":20,"playtime":336,"items_purged":["Strike_B","Strike_B"],"score":386,"play_id":"15445ade-2284-4d1b-8fb3-b1a4bf02a7d9","local_time":"20190227000850","is_ascension_mode":true,"campfire_choices":[{"data":"Defragment","floor":8.0,"key":"SMITH"},{"data":"Capacitor","floor":11.0,"key":"SMITH"},{"data":"Turbo","floor":15,"key":"SMITH"}],"neow_cost":"NONE","seed_source_timestamp":792877340044151,"circlet_count":0,"master_deck":["AscendersBane","Strike_B","Strike_B","Defend_B","Defend_B","Defend_B","Defend_B","Zap","Dualcast","Cold Snap","Defragment+1","Turbo+1","Loop","Ball Lightning","Undo","Capacitor+1","Steam","Heatsinks","Echo Form","Glacier"],"special_seed":0,"relics":["Cracked Core","NeowsBlessing","WingedGreaves","Smiling Mask","Pen Nib","Golden Idol","Inserter"],"potions_floor_usage":[16],"damage_taken":[{"damage":0.0,"enemies":"Jaw Worm","floor":1.0,"turns":1.0},{"damage":0.0,"enemies":"Cultist","floor":3.0,"turns":1.0},{"damage":0.0,"enemies":"Gremlin Nob","floor":6.0,"turns":1.0},{"damage":15.0,"enemies":"Lagavulin Event","floor":10.0,"turns":5.0},{"damage":0.0,"enemies":"2 Louse","floor":13.0,"turns":2.0},{"damage":36,"enemies":"Slime Boss","floor":16,"turns":9},{"damage":21,"enemies":"Spheric Guardian","floor":18,"turns":5},{"damage":0,"enemies":"Colosseum Slavers","floor":20,"turns":1}],"seed_played":"-4976352039732286823","potions_obtained":[{"floor":3.0,"key":"Weak Potion"},{"floor":10.0,"key":"FocusPotion"},{"floor":18,"key":"GamblersBrew"}],"is_trial":false,"path_per_floor":["M","?","M","?","$","E","$","R","T","?","R","?","M","$","R","B",null,"M","$","?"],"character_chosen":"DEFECT","items_purchased":["Turbo","Loop","Undo","Heatsinks"],"campfire_rested":0,"item_purchase_floors":[5,5,7,14],"current_hp_per_floor":[64,64,64,53,53,53,53,53,53,38,38,38,38,38,38,2,49,28,28,28],"gold":114,"neow_bonus":"THREE_ENEMY_KILL","is_prod":false,"is_daily":false,"chose_seed":false,"campfire_upgraded":3,"win_rate":0,"timestamp":1551197330,"path_taken":["M","?","?","?","?","E","$","R","T","?","R","?","M","$","R","BOSS","M","$","?"],"build_version":"2019-01-23","purchased_purges":2,"victory":false,"max_hp_per_floor":[71,71,71,71,71,71,71,71,71,71,71,64,64,64,64,64,64,64,64,64],"card_choices":[{"not_picked":["Doom and Gloom","Stack"],"picked":"Cold Snap","floor":1.0},{"not_picked":["Aggregate","Capacitor"],"picked":"Defragment","floor":3.0},{"not_picked":["BootSequence","Conserve Battery"],"picked":"Ball Lightning","floor":6.0},{"not_picked":["Go for the Eyes","Stack"],"picked":"Capacitor","floor":10.0},{"not_picked":["Leap","Capacitor"],"picked":"Steam","floor":13.0},{"not_picked":["Seek","All For One"],"picked":"Echo Form","floor":16},{"not_picked":["Rip and Tear","Conserve Battery+1"],"picked":"Glacier","floor":18}],"player_experience":1013255,"relics_obtained":[{"floor":6.0,"key":"WingedGreaves"},{"floor":9.0,"key":"Smiling Mask"},{"floor":10.0,"key":"Pen Nib"}],"event_choices":[{"damage_healed":0.0,"max_hp_gain":0.0,"max_hp_loss":0.0,"gold_gain":100.0,"event_name":"Wheel of Change","player_choice":"Gold","floor":2.0,"gold_loss":0.0,"damage_taken":0.0},{"damage_healed":0.0,"max_hp_gain":0.0,"max_hp_loss":0.0,"gold_gain":75.0,"event_name":"World of Goop","player_choice":"Gather Gold","floor":4.0,"gold_loss":0.0,"damage_taken":11.0},{"damage_healed":0.0,"max_hp_gain":0.0,"max_hp_loss":0.0,"gold_gain":0.0,"event_name":"Dead Adventurer","player_choice":"Searched \u00271\u0027 times","floor":10.0,"gold_loss":0.0,"damage_taken":0.0},{"damage_healed":0.0,"max_hp_gain":0.0,"max_hp_loss":7.0,"gold_gain":0.0,"event_name":"Golden Idol","player_choice":"Lose Max HP","floor":12.0,"gold_loss":0.0,"damage_taken":0.0,"relics_obtained":["Golden Idol"]},{"damage_healed":0,"gold_gain":0,"player_choice":"Fight","damage_taken":0,"max_hp_gain":0,"max_hp_loss":0,"event_name":"Colosseum","floor":20,"gold_loss":0}],"is_beta":false,"boss_relics":[{"not_picked":["FrozenCore","Cursed Key"],"picked":"Inserter"}],"items_purged_floors":[5,19],"is_endless":false,"potions_floor_spawned":[3,10,18],"killed_by":"Colosseum Slavers","ascension_level":20}