{"gold_per_floor":[110,110,35,47,60,60,76,76,147,176,176,195,195,24,24,24],"floor_reached":16,"playtime":713,"items_purged":["Strike_G"],"score":200,"play_id":"a8e44863-6749-47c3-b17f-2e1d25287463","local_time":"20190319112320","is_ascension_mode":true,"campfire_choices":[{"data":"Noxious Fumes","floor":6.0,"key":"SMITH"},{"data":"Dash","floor":8.0,"key":"SMITH"},{"data":"Neutralize","floor":13,"key":"SMITH"},{"data":"Leg Sweep","floor":15,"key":"SMITH"}],"neow_cost":"NONE","seed_source_timestamp":1881976685750,"circlet_count":0,"master_deck":["AscendersBane","Defend_G","Defend_G","Defend_G","Defend_G","Defend_G","Strike_G","Strike_G","Strike_G","Survivor","Neutralize+1","Backstab","Noxious Fumes+1","Dash+1","Leg Sweep+1"],"special_seed":0,"relics":["Ring of the Snake","Happy Flower","Vajra","The Specimen","Bronze Scales"],"potions_floor_usage":[10],"damage_taken":[{"damage":0.0,"enemies":"Small Slimes","floor":1.0,"turns":4.0},{"damage":0.0,"enemies":"Cultist","floor":4.0,"turns":4.0},{"damage":0.0,"enemies":"Jaw Worm","floor":5.0,"turns":3.0},{"damage":10.0,"enemies":"Exordium Wildlife","floor":7.0,"turns":7.0},{"damage":24,"enemies":"Gremlin Nob","floor":10,"turns":4},{"damage":0,"enemies":"Exordium Thugs","floor":12,"turns":5},{"damage":5,"enemies":"Slime Boss","floor":16,"turns":6}],"seed_played":"5880185232253940854","potions_obtained":[{"floor":4.0,"key":"SneckoOil"},{"floor":10,"key":"Poison Potion"}],"is_trial":false,"path_per_floor":["M","?","$","M","M","R","M","R","T","E","?","M","R","$","R","B"],"character_chosen":"THE_SILENT","items_purchased":["Bronze Scales"],"campfire_rested":0,"item_purchase_floors":[14],"current_hp_per_floor":[59,59,59,59,59,59,49,49,49,25,18,18,18,18,18,13],"gold":24,"neow_bonus":"RANDOM_COMMON_RELIC","is_prod":false,"is_daily":false,"chose_seed":false,"campfire_upgraded":4,"win_rate":0,"timestamp":1552965800,"path_taken":["M","?","$","M","?","R","?","R","T","E","?","M","R","?","R","BOSS"],"build_version":"2019-01-23","purchased_purges":1,"victory":false,"max_hp_per_floor":[66,66,66,66,66,66,66,66,66,66,66,66,66,66,66,66],"card_choices":[{"not_picked":["Slice","PiercingWail"],"picked":"Acrobatics","floor":1.0},{"not_picked":["Distraction","PiercingWail"],"picked":"Backstab","floor":4.0},{"not_picked":["Dodge and Roll","Blade Dance"],"picked":"Noxious Fumes","floor":5.0},{"not_picked":["Expertise","Blade Dance"],"picked":"Dash","floor":7.0},{"not_picked":["Outmaneuver","Slice","Backstab"],"picked":"SKIP","floor":10},{"not_picked":["Masterful Stab","Blade Dance"],"picked":"Leg Sweep","floor":12}],"player_experience":3709929,"relics_obtained":[{"floor":10,"key":"The Specimen"}],"event_choices":[{"cards_removed":["Acrobatics"],"damage_healed":0.0,"max_hp_gain":0.0,"max_hp_loss":0.0,"gold_gain":0.0,"event_name":"WeMeetAgain","player_choice":"Gave Card","floor":2.0,"gold_loss":0.0,"damage_taken":0.0,"relics_obtained":["Vajra"]},{"cards_removed":["Strike_G"],"damage_healed":0,"gold_gain":0,"player_choice":"Card Removal","damage_taken":7,"max_hp_gain":0,"max_hp_loss":0,"event_name":"Golden Wing","floor":11,"gold_loss":0}],"is_beta":false,"boss_relics":[],"items_purged_floors":[3],"is_endless":false,"potions_floor_spawned":[4,10],"killed_by":"Slime Boss","ascension_level":20}