{"gold_per_floor":[19,19,29,47,47,47,74,74,74,93,93,124,136,170,170,245,245,265,44,55,86,104,104,135,135,135,9,9,21,21,21,21,95,95,113,33,33,46,64,92,110,141,141,153,53,53,84,98,98,98,98,98,98,56,85,85],"floor_reached":57,"playtime":2780,"items_purged":["Sever Soul","Slice","Well Laid Plans"],"score":3285,"play_id":"28cc795d-2a02-4782-a714-9a29a03f8b8d","local_time":"20190326221315","is_ascension_mode":true,"campfire_choices":[{"data":"Deadly Poison","floor":6.0,"key":"SMITH"},{"data":"Neutralize","floor":8.0,"key":"SMITH"},{"data":"Calculated Gamble","floor":15.0,"key":"SMITH"},{"data":"Expertise","floor":23.0,"key":"SMITH"},{"data":"Grand Finale","floor":25.0,"key":"SMITH"},{"data":"Well Laid Plans","floor":28.0,"key":"SMITH"},{"data":"Acrobatics","floor":32.0,"key":"SMITH"},{"floor":49.0,"key":"RECALL"},{"floor":53,"key":"DIG"}],"neow_cost":"NO_GOLD","seed_source_timestamp":37600439242639,"circlet_count":0,"master_deck":["AscendersBane","Survivor","Neutralize+1","Flash of Steel","Finesse","Deadly Poison+1","Concentrate","Calculated Gamble+1","Footwork","Expertise+1","Grand Finale+1","White Noise+1","Second Wind","Well Laid Plans+1","Acrobatics+1","Infinite Blades","Wraith Form v2","Tactician","Storm of Steel","Heel Hook","Seek"],"special_seed":0,"relics":["Ring of the Snake","GremlinMask","Mercury Hourglass","Matryoshka","Vajra","Bag of Preparation","Unceasing Top","Bronze Scales","Empty Cage","PrismaticShard","Red Mask","The Courier","Ancient Tea Set","Pandora\u0027s Box","Anchor","PreservedInsect","Oddly Smooth Stone","Kunai","Shovel","Bag of Marbles"],"potions_floor_usage":[56,56],"damage_taken":[{"damage":1.0,"enemies":"Jaw Worm","floor":1.0,"turns":5.0},{"damage":2.0,"enemies":"Cultist","floor":3.0,"turns":4.0},{"damage":5.0,"enemies":"Small Slimes","floor":4.0,"turns":5.0},{"damage":10.0,"enemies":"3 Sentries","floor":7.0,"turns":8.0},{"damage":0.0,"enemies":"Looter","floor":10.0,"turns":3.0},{"damage":16.0,"enemies":"Lagavulin","floor":12.0,"turns":6.0},{"damage":0.0,"enemies":"3 Louse","floor":13.0,"turns":3.0},{"damage":35.0,"enemies":"Gremlin Nob","floor":14.0,"turns":4.0},{"damage":2.0,"enemies":"Hexaghost","floor":16.0,"turns":8.0},{"damage":0.0,"enemies":"Shell Parasite","floor":18.0,"turns":3.0},{"damage":0.0,"enemies":"Chosen","floor":20.0,"turns":4.0},{"damage":0.0,"enemies":"Masked Bandits","floor":21.0,"turns":2.0},{"damage":0.0,"enemies":"Centurion and Healer","floor":22.0,"turns":7.0},{"damage":6.0,"enemies":"Slavers","floor":24.0,"turns":4.0},{"damage":18.0,"enemies":"Snecko","floor":29.0,"turns":6.0},{"damage":0.0,"enemies":"Collector","floor":33.0,"turns":3.0},{"damage":0.0,"enemies":"Orb Walker","floor":35.0,"turns":2.0},{"damage":0.0,"enemies":"3 Shapes","floor":38.0,"turns":1.0},{"damage":0.0,"enemies":"Maw","floor":39.0,"turns":3.0},{"damage":0.0,"enemies":"Nemesis","floor":40.0,"turns":3.0},{"damage":0.0,"enemies":"Writhing Mass","floor":41.0,"turns":3.0},{"damage":0.0,"enemies":"Reptomancer","floor":42.0,"turns":4.0},{"damage":0.0,"enemies":"Jaw Worm Horde","floor":44.0,"turns":2.0},{"damage":0.0,"enemies":"Giant Head","floor":47.0,"turns":2.0},{"damage":2.0,"enemies":"4 Shapes","floor":48.0,"turns":2.0},{"damage":1.0,"enemies":"Time Eater","floor":50.0,"turns":5.0},{"damage":0,"enemies":"Awakened One","floor":51,"turns":3},{"damage":0,"enemies":"Shield and Spear","floor":55,"turns":2},{"damage":31,"enemies":"The Heart","floor":56,"turns":6}],"seed_played":"-8132497911357887504","potions_obtained":[{"floor":3.0,"key":"Block Potion"},{"floor":4.0,"key":"Ancient Potion"},{"floor":12.0,"key":"Fruit Juice"},{"floor":16.0,"key":"EssenceOfSteel"},{"floor":18.0,"key":"Ancient Potion"},{"floor":21.0,"key":"SmokeBomb"},{"floor":22.0,"key":"AttackPotion"},{"floor":33.0,"key":"SneckoOil"},{"floor":38.0,"key":"Dexterity Potion"},{"floor":42.0,"key":"Explosive Potion"}],"is_trial":false,"path_per_floor":["M","?","M","M","?","R","E","R","T","M","?","E","M","E","R","B",null,"M","$","M","?","M","R","E","R","T","$","R","M","?","?","R","B",null,"M","$","?","M","M","E","M","E","T","M","$","?","E","M","R","B","B",null,"R","$","E","B",null],"character_chosen":"THE_SILENT","items_purchased":["PrismaticShard","Well Laid Plans","Swift Potion"],"campfire_rested":0,"item_purchase_floors":[19,27,54],"current_hp_per_floor":[58,58,56,51,40,40,30,30,30,30,52,36,36,6,6,4,54,54,54,54,54,54,54,48,48,48,48,48,30,44,44,44,44,64,64,64,64,64,64,64,64,64,64,64,64,64,64,62,62,61,61,69,69,69,69,38],"gold":85,"neow_bonus":"RANDOM_COLORLESS_2","is_prod":false,"is_daily":false,"chose_seed":false,"campfire_upgraded":7,"win_rate":0,"timestamp":1553609595,"path_taken":["M","?","M","?","?","R","E","R","T","M","?","E","M","E","R","BOSS","M","$","M","?","M","R","E","R","T","$","R","M","?","?","R","BOSS","M","$","?","?","M","E","M","E","T","?","?","?","E","M","R","BOSS","BOSS","R","$","E","BOSS"],"build_version":"2019-01-23","purchased_purges":3,"victory":true,"max_hp_per_floor":[66,66,66,66,66,66,66,66,66,66,66,66,66,71,71,71,71,71,71,71,71,71,71,71,71,71,71,71,71,71,71,71,71,71,71,71,71,71,71,71,71,71,71,71,71,71,71,71,71,71,71,71,71,71,71,71],"card_choices":[{"not_picked":["Choke","Poisoned Stab"],"picked":"Deadly Poison","floor":1.0},{"not_picked":["Blade Dance","Acrobatics"],"picked":"Concentrate","floor":3.0},{"not_picked":["Bane","Quick Slash"],"picked":"Calculated Gamble","floor":4.0},{"not_picked":["Outmaneuver","Underhanded Strike","Blur"],"picked":"SKIP","floor":7.0},{"not_picked":["Outmaneuver","Underhanded Strike","Blur"],"picked":"SKIP","floor":7.0},{"not_picked":["Finisher","Predator"],"picked":"Footwork","floor":10.0},{"not_picked":["Quick Slash","Bane"],"picked":"Expertise","floor":12.0},{"not_picked":["Poisoned Stab","Flying Knee"],"picked":"Grand Finale","floor":13.0},{"not_picked":["Poisoned Stab","Cloak And Dagger","PiercingWail"],"picked":"SKIP","floor":14.0},{"not_picked":["Dagger Throw","All Out Attack","Finisher+1"],"picked":"SKIP","floor":18.0},{"not_picked":["Leap","Flash of Steel"],"picked":"Sever Soul","floor":20.0},{"not_picked":["Twin Strike","Havoc"],"picked":"White Noise+1","floor":21.0},{"not_picked":["Deadly Poison","Anger","Dodge and Roll"],"picked":"SKIP","floor":22.0},{"not_picked":["Heatsinks+1","Underhanded Strike"],"picked":"Second Wind","floor":24.0},{"not_picked":["Rupture","Disarm"],"picked":"Acrobatics","floor":29.0},{"not_picked":["Fission","Demon Form"],"picked":"Meteor Strike","floor":33.0},{"not_picked":["Redo","Deflect+1","Blade Dance"],"picked":"SKIP","floor":35.0},{"not_picked":["Perfected Strike","Rupture","Underhanded Strike"],"picked":"SKIP","floor":38.0},{"not_picked":["Skewer","Magnetism","Impatience"],"picked":"SKIP","floor":39.0},{"not_picked":["Skewer","Magnetism","Impatience"],"picked":"SKIP","floor":39.0},{"not_picked":["Quick Slash","Perfected Strike","Seeing Red"],"picked":"SKIP","floor":40.0},{"not_picked":["Lockon","Coolheaded","Caltrops"],"picked":"SKIP","floor":41.0},{"not_picked":["Blood for Blood","White Noise","Skewer+1"],"picked":"SKIP","floor":42.0},{"not_picked":["Redo","Dagger Spray","Rupture"],"picked":"SKIP","floor":44.0},{"not_picked":["Cleave","Deadly Poison+1"],"picked":"Seek","floor":47.0},{"not_picked":["Cleave","Stack","Ball Lightning+1"],"picked":"SKIP","floor":48.0},{"not_picked":["Sunder","Heavy Blade","Hemokinesis+1"],"picked":"SKIP","floor":55}],"player_experience":3889453,"relics_obtained":[{"floor":7.0,"key":"Matryoshka"},{"floor":9.0,"key":"Vajra"},{"floor":9.0,"key":"Bag of Preparation"},{"floor":12.0,"key":"Unceasing Top"},{"floor":14.0,"key":"Bronze Scales"},{"floor":21.0,"key":"Red Mask"},{"floor":24.0,"key":"The Courier"},{"floor":26.0,"key":"Ancient Tea Set"},{"floor":40.0,"key":"PreservedInsect"},{"floor":42.0,"key":"Oddly Smooth Stone"},{"floor":43.0,"key":"Kunai"},{"floor":47.0,"key":"Shovel"},{"floor":55,"key":"Bag of Marbles"}],"event_choices":[{"damage_healed":0.0,"max_hp_gain":0.0,"max_hp_loss":0.0,"gold_gain":0.0,"event_name":"FaceTrader","player_choice":"Trade","floor":2.0,"gold_loss":0.0,"damage_taken":0.0,"relics_obtained":["GremlinMask"]},{"damage_healed":0.0,"max_hp_gain":0.0,"max_hp_loss":0.0,"gold_gain":0.0,"event_name":"Scrap Ooze","player_choice":"Success","floor":5.0,"gold_loss":0.0,"damage_taken":11.0,"relics_obtained":["Mercury Hourglass"]},{"damage_healed":22.0,"max_hp_gain":0.0,"max_hp_loss":0.0,"gold_gain":0.0,"event_name":"Big Fish","player_choice":"Banana","floor":11.0,"gold_loss":0.0,"damage_taken":0.0},{"damage_healed":0.0,"max_hp_gain":0.0,"max_hp_loss":0.0,"gold_gain":0.0,"event_name":"Masked Bandits","player_choice":"Fought Bandits","floor":21.0,"gold_loss":0.0,"damage_taken":0.0},{"damage_healed":14.0,"max_hp_gain":0.0,"max_hp_loss":0.0,"gold_gain":0.0,"event_name":"The Library","player_choice":"Heal","floor":30.0,"gold_loss":0.0,"damage_taken":0.0},{"damage_healed":0.0,"max_hp_gain":0.0,"max_hp_loss":0.0,"gold_gain":0.0,"event_name":"Beggar","player_choice":"Ignored","floor":31.0,"gold_loss":0.0,"damage_taken":0.0},{"cards_removed":["Meteor Strike"],"damage_healed":0.0,"max_hp_gain":0.0,"max_hp_loss":0.0,"gold_gain":0.0,"event_name":"WeMeetAgain","player_choice":"Gave Card","floor":37.0,"gold_loss":0.0,"damage_taken":0.0,"relics_obtained":["Anchor"]},{"cards_removed":["Masterful Stab"],"damage_healed":0.0,"max_hp_gain":0.0,"max_hp_loss":0.0,"gold_gain":0.0,"event_name":"Falling","player_choice":"Removed Attack","floor":46.0,"gold_loss":0.0,"damage_taken":0.0}],"is_beta":false,"boss_relics":[{"not_picked":["Eternal Feather","White Beast Statue"],"picked":"Empty Cage"},{"not_picked":["Astrolabe","Tiny House"],"picked":"Pandora\u0027s Box"}],"items_purged_floors":[27,36,45],"is_endless":false,"potions_floor_spawned":[3,4,10,12,16,18,21,22,33,38,39,42,47],"ascension_level":20}