{"gold_per_floor":[110,11,11,86,100,132,147,162,162,162,173,190,222,236,236,236],"floor_reached":16,"playtime":543,"items_purged":[],"score":278,"play_id":"12a97a5a-02f6-4c14-b259-eaecc51e8ff1","local_time":"20190128210609","is_ascension_mode":true,"campfire_choices":[{"data":"Cloak And Dagger","floor":10,"key":"SMITH"},{"data":"Footwork","floor":15,"key":"SMITH"}],"neow_cost":"NONE","seed_source_timestamp":42691820354858,"circlet_count":0,"master_deck":["AscendersBane","Defend_G","Defend_G","Defend_G","Defend_G","Defend_G","Strike_G","Strike_G","Strike_G","Strike_G","Survivor","Neutralize","Acrobatics","Accuracy","Blade Dance","Cloak And Dagger+1","Footwork+1","Well Laid Plans"],"special_seed":0,"relics":["Ring of the Snake","NeowsBlessing","Oddly Smooth Stone","Ancient Tea Set","Meat on the Bone"],"potions_floor_usage":[16,16],"damage_taken":[{"damage":0.0,"enemies":"Jaw Worm","floor":1.0,"turns":1.0},{"damage":0,"enemies":"Small Slimes","floor":5,"turns":1},{"damage":0,"enemies":"Lagavulin","floor":6,"turns":1},{"damage":0,"enemies":"2 Louse","floor":7,"turns":3},{"damage":7,"enemies":"Large Slime","floor":8,"turns":9},{"damage":1,"enemies":"Exordium Wildlife","floor":11,"turns":4},{"damage":9,"enemies":"Gremlin Gang","floor":12,"turns":8},{"damage":22,"enemies":"3 Sentries","floor":13,"turns":11},{"damage":0,"enemies":"Looter","floor":14,"turns":4},{"damage":36,"enemies":"The Guardian","floor":16,"turns":2}],"seed_played":"-8925501807068290847","potions_obtained":[{"floor":6,"key":"PowerPotion"},{"floor":8,"key":"Regen Potion"},{"floor":11,"key":"Strength Potion"}],"is_trial":false,"path_per_floor":["M","$","?","?","M","E","M","M","T","R","M","M","E","M","R","B"],"character_chosen":"THE_SILENT","items_purchased":["Accuracy","Blade Dance"],"campfire_rested":0,"item_purchase_floors":[2,2],"current_hp_per_floor":[59,59,59,48,48,48,48,41,41,41,40,31,9,21,21,0],"gold":236,"neow_bonus":"THREE_ENEMY_KILL","is_prod":false,"is_daily":false,"chose_seed":false,"campfire_upgraded":2,"win_rate":0,"timestamp":1548680769,"path_taken":["M","$","?","?","M","E","M","M","T","R","M","M","E","M","R","BOSS"],"build_version":"2019-01-23","purchased_purges":0,"victory":false,"max_hp_per_floor":[66,66,66,66,66,66,66,66,66,66,66,66,66,66,66,66],"card_choices":[{"not_picked":["Dodge and Roll","Bouncing Flask"],"picked":"Acrobatics","floor":1.0},{"not_picked":["Concentrate","Underhanded Strike"],"picked":"Cloak And Dagger","floor":5},{"not_picked":["Crippling Poison","Leg Sweep","Wraith Form v2"],"picked":"SKIP","floor":6},{"not_picked":["Bane","Blade Dance"],"picked":"Footwork","floor":7},{"not_picked":["Escape Plan","Dagger Spray","Poisoned Stab"],"picked":"SKIP","floor":8},{"not_picked":["Bouncing Flask","Reflex","Dodge and Roll"],"picked":"SKIP","floor":11},{"not_picked":["Setup","Flechettes","Deflect"],"picked":"SKIP","floor":12},{"not_picked":["Distraction","Sucker Punch"],"picked":"Well Laid Plans","floor":13},{"not_picked":["Flying Knee","Malaise","Backstab"],"picked":"SKIP","floor":14}],"player_experience":1378820,"relics_obtained":[{"floor":6,"key":"Oddly Smooth Stone"},{"floor":9,"key":"Ancient Tea Set"},{"floor":13,"key":"Meat on the Bone"}],"event_choices":[{"cards_removed":["Strike_G"],"damage_healed":0,"gold_gain":0,"player_choice":"Forget","damage_taken":0,"max_hp_gain":0,"max_hp_loss":0,"event_name":"Living Wall","floor":3,"gold_loss":0},{"damage_healed":0,"gold_gain":75,"player_choice":"Gather Gold","damage_taken":11,"max_hp_gain":0,"max_hp_loss":0,"event_name":"World of Goop","floor":4,"gold_loss":0}],"is_beta":true,"boss_relics":[],"items_purged_floors":[],"is_endless":false,"potions_floor_spawned":[6,8,11,12,14],"killed_by":"The Guardian","ascension_level":20}