{"gold_per_floor":[10,10,27,27,27,27,45,45,95,151,151,164,239,254,254,358,358,368,32,132,132,32,32,32],"floor_reached":24,"playtime":1156,"items_purged":["Strike_G","Defend_G"],"score":182,"play_id":"b5545552-0802-4d5f-8506-4943233571ee","local_time":"20190102173537","is_ascension_mode":false,"campfire_choices":[{"data":"Cloak And Dagger","floor":6.0,"key":"SMITH"},{"data":"Noxious Fumes","floor":8.0,"key":"SMITH"},{"floor":15.0,"key":"REST"},{"data":"Doppelganger","floor":23,"key":"SMITH"}],"neow_cost":"NO_GOLD","seed_source_timestamp":16160254095060,"circlet_count":0,"master_deck":["Survivor","Neutralize","Noxious Fumes+1","Malaise","Accuracy","Cloak And Dagger+1","Flying Knee","Finisher","Doppelganger+1","Bane+1","Backflip+1","Glass Knife+1","Blade Dance","Accuracy+1","Blur","Setup"],"special_seed":0,"relics":["Ring of the Snake","Bag of Marbles","Gremlin Horn","Astrolabe","Molten Egg 2","Dead Branch","Bottled Tornado"],"potions_floor_usage":[20,20,20],"damage_taken":[{"damage":1.0,"enemies":"Small Slimes","floor":1.0,"turns":4.0},{"damage":0.0,"enemies":"Jaw Worm","floor":3.0,"turns":6.0},{"damage":0.0,"enemies":"2 Louse","floor":7.0,"turns":2.0},{"damage":30.0,"enemies":"Gremlin Nob","floor":10.0,"turns":6.0},{"damage":8.0,"enemies":"Large Slime","floor":12.0,"turns":6.0},{"damage":1.0,"enemies":"Blue Slaver","floor":14.0,"turns":5.0},{"damage":36.0,"enemies":"Slime Boss","floor":16.0,"turns":10.0},{"damage":1.0,"enemies":"Chosen","floor":18.0,"turns":4.0},{"damage":14,"enemies":"Colosseum Slavers","floor":20,"turns":3},{"damage":14,"enemies":"Colosseum Nobs","floor":20,"turns":3},{"damage":45,"enemies":"Slavers","floor":24,"turns":3}],"seed_played":"-514904384919911279","potions_obtained":[{"floor":1.0,"key":"EntropicBrew"},{"floor":16.0,"key":"PowerPotion"}],"is_trial":false,"path_per_floor":["M","?","M","?","$","R","M","R","T","?","?","M","?","M","R","B",null,"M","$","?","?","$","R","E"],"character_chosen":"THE_SILENT","items_purchased":["Molten Egg 2"],"campfire_rested":1,"item_purchase_floors":[19],"current_hp_per_floor":[69,62,62,50,50,50,50,50,50,20,43,35,24,23,44,8,70,69,69,41,41,41,41,0],"gold":32,"neow_bonus":"TRANSFORM_TWO_CARDS","is_prod":false,"is_daily":false,"chose_seed":false,"campfire_upgraded":3,"win_rate":0,"timestamp":1546446937,"path_taken":["M","?","M","?","$","R","M","R","T","?","?","?","?","M","R","BOSS","M","$","?","?","$","R","E"],"build_version":"2018-12-20","purchased_purges":2,"victory":false,"max_hp_per_floor":[70,70,70,70,70,70,70,70,70,70,70,70,70,70,70,70,70,70,70,70,70,70,70,70],"card_choices":[{"not_picked":["Sucker Punch","Dagger Spray"],"picked":"Accuracy","floor":1.0},{"not_picked":["Deflect","Bane"],"picked":"Cloak And Dagger","floor":3.0},{"not_picked":["Bane","Dodge and Roll"],"picked":"Flying Knee","floor":7.0},{"not_picked":["Dodge and Roll","Poisoned Stab"],"picked":"Finisher","floor":10.0},{"not_picked":["Dodge and Roll","Concentrate","Poisoned Stab"],"picked":"SKIP","floor":12.0},{"not_picked":["Skewer","Dagger Spray","Deflect"],"picked":"SKIP","floor":14.0},{"not_picked":["Bullet Time","Unload"],"picked":"Doppelganger","floor":16.0},{"not_picked":["Escape Plan+1","Flying Knee"],"picked":"Blade Dance","floor":18.0},{"not_picked":["Backflip","Dodge and Roll"],"picked":"Accuracy+1","floor":20}],"player_experience":382629,"relics_obtained":[{"floor":10.0,"key":"Gremlin Horn"},{"floor":20,"key":"Dead Branch"},{"floor":20,"key":"Bottled Tornado"}],"event_choices":[{"cards_removed":["Strike_G"],"damage_healed":0.0,"max_hp_gain":0.0,"max_hp_loss":0.0,"gold_gain":0.0,"event_name":"Golden Wing","player_choice":"Card Removal","floor":2.0,"gold_loss":0.0,"damage_taken":7.0},{"damage_healed":0.0,"max_hp_gain":0.0,"max_hp_loss":0.0,"gold_gain":0.0,"event_name":"Scrap Ooze","player_choice":"Success","floor":4.0,"gold_loss":0.0,"damage_taken":12.0,"relics_obtained":["Bag of Marbles"]},{"damage_healed":0.0,"max_hp_gain":0.0,"max_hp_loss":0.0,"gold_gain":0.0,"event_name":"Dead Adventurer","player_choice":"Searched \u00271\u0027 times","floor":10.0,"gold_loss":0.0,"damage_taken":0.0},{"damage_healed":23.0,"max_hp_gain":0.0,"max_hp_loss":0.0,"gold_gain":0.0,"event_name":"Big Fish","player_choice":"Banana","floor":11.0,"gold_loss":0.0,"damage_taken":0.0},{"damage_healed":0.0,"max_hp_gain":0.0,"max_hp_loss":0.0,"gold_gain":75.0,"event_name":"World of Goop","player_choice":"Gather Gold","floor":13.0,"gold_loss":0.0,"damage_taken":11.0},{"damage_healed":0,"gold_gain":0,"player_choice":"Fight","damage_taken":0,"max_hp_gain":0,"max_hp_loss":0,"event_name":"Colosseum","floor":20,"gold_loss":0},{"damage_healed":0,"gold_gain":0,"player_choice":"Fought Nobs","damage_taken":0,"max_hp_gain":0,"max_hp_loss":0,"event_name":"Colosseum","floor":20,"gold_loss":0},{"damage_healed":0,"gold_gain":0,"cards_transformed":["Defend_G","Defend_G"],"player_choice":"Became Test Subject","damage_taken":0,"max_hp_gain":0,"max_hp_loss":0,"event_name":"Drug Dealer","floor":21,"gold_loss":0,"cards_obtained":["Blur","Setup"]}],"is_beta":false,"boss_relics":[{"not_picked":["Runic Dome","Coffee Dripper"],"picked":"Astrolabe"}],"items_purged_floors":[19,22],"is_endless":false,"potions_floor_spawned":[1,10,16],"killed_by":"Slavers","ascension_level":0}