{"gold_per_floor":[369,386,397,263,110,145,145,158,158,158,158,33,33,33,33,123,123,143,143,143,143,167,167,180,218,218,242,255,26,26,26,26,116,116,141,191,210,229,244,244,288,288,313,138,171,171,211,211,211,211,211,211,211,11,54,54],"floor_reached":56,"playtime":1721,"items_purged":["Strike_G","Strike_G","Strike_G","Strike_G","Defend_G","Madness"],"score":2248,"play_id":"aff46771-4d34-4e7b-90a3-aeb7447c67ec","local_time":"20190731001443","is_ascension_mode":true,"campfire_choices":[{"data":"Flechettes","floor":7.0,"key":"SMITH"},{"data":"Acrobatics","floor":10.0,"key":"SMITH"},{"data":"Reflex","floor":13.0,"key":"SMITH"},{"data":"Neutralize","floor":15.0,"key":"SMITH"},{"data":"Calculated Gamble","floor":23.0,"key":"SMITH"},{"data":"Prepared","floor":30.0,"key":"SMITH"},{"data":"Terror","floor":32.0,"key":"SMITH"},{"data":"Adrenaline","floor":40.0,"key":"SMITH"},{"floor":49.0,"key":"RECALL"},{"data":"Survivor","floor":53.0,"key":"SMITH"}],"neow_cost":"TEN_PERCENT_HP_LOSS","seed_source_timestamp":192990981504187,"circlet_count":0,"master_deck":["AscendersBane","Defend_G","Defend_G","Defend_G","Defend_G","Survivor+1","Neutralize+1","Acrobatics+1","Flechettes+1","Reflex+1","Adrenaline+1","PiercingWail+1","Calculated Gamble+1","Prepared+1","Terror+1","Backflip+1","Madness"],"special_seed":0,"relics":["Ring of the Snake","Pantograph","Shuriken","Golden Idol","Runic Pyramid","Bag of Preparation","Bronze Scales","Sozu","Strawberry","Juzu Bracelet","Omamori","Bag of Marbles"],"potions_floor_usage":[56],"damage_taken":[{"damage":0.0,"enemies":"Cultist","floor":1.0,"turns":4.0},{"damage":8.0,"enemies":"Small Slimes","floor":2.0,"turns":5.0},{"damage":3.0,"enemies":"Jaw Worm","floor":3.0,"turns":5.0},{"damage":29.0,"enemies":"Gremlin Nob","floor":6.0,"turns":4.0},{"damage":11.0,"enemies":"Large Slime","floor":8.0,"turns":7.0},{"damage":0.0,"enemies":"The Guardian","floor":16.0,"turns":10.0},{"damage":1.0,"enemies":"Spheric Guardian","floor":18.0,"turns":3.0},{"damage":4.0,"enemies":"Chosen","floor":24.0,"turns":5.0},{"damage":0.0,"enemies":"Gremlin Leader","floor":25.0,"turns":3.0},{"damage":5.0,"enemies":"Snake Plant","floor":27.0,"turns":3.0},{"damage":5.0,"enemies":"Snecko","floor":28.0,"turns":4.0},{"damage":1.0,"enemies":"Collector","floor":33.0,"turns":3.0},{"damage":0.0,"enemies":"Orb Walker","floor":35.0,"turns":2.0},{"damage":9.0,"enemies":"3 Shapes","floor":37.0,"turns":6.0},{"damage":0.0,"enemies":"Spire Growth","floor":38.0,"turns":2.0},{"damage":1.0,"enemies":"3 Darklings","floor":39.0,"turns":2.0},{"damage":0.0,"enemies":"Reptomancer","floor":41.0,"turns":2.0},{"damage":0.0,"enemies":"Nemesis","floor":45.0,"turns":1.0},{"damage":0.0,"enemies":"Giant Head","floor":47.0,"turns":2.0},{"damage":6.0,"enemies":"Awakened One","floor":50.0,"turns":6.0},{"damage":6.0,"enemies":"Donu and Deca","floor":51.0,"turns":3.0},{"damage":0.0,"enemies":"Shield and Spear","floor":55.0,"turns":3.0},{"damage":61,"enemies":"The Heart","floor":56,"turns":5}],"seed_played":"-1419330020699329504","potions_obtained":[{"floor":2.0,"key":"Poison Potion"},{"floor":6.0,"key":"Poison Potion"},{"floor":25.0,"key":"Poison Potion"},{"floor":28.0,"key":"Explosive Potion"}],"is_trial":false,"path_per_floor":["M","M","M","$","$","E","R","M","T","R","?","$","R","?","R","B",null,"M","?","?","$","T","R","M","E","T","M","M","$","R","?","R","B",null,"M","?","M","M","M","R","E","?","T","$","E","$","E","?","R","B","B",null,"R","$","E","B"],"character_chosen":"THE_SILENT","items_purchased":["Deadly Poison","SkillPotion","Terror"],"campfire_rested":0,"item_purchase_floors":[4,5,29],"current_hp_per_floor":[59,51,48,48,48,19,19,8,8,8,8,8,8,8,8,33,49,48,48,48,48,48,48,44,44,44,39,34,34,34,34,34,53,54,54,49,40,40,39,39,46,51,51,51,51,51,51,40,40,55,55,60,60,60,60,0],"gold":54,"neow_bonus":"TWO_FIFTY_GOLD","is_prod":false,"is_daily":false,"chose_seed":false,"campfire_upgraded":9,"win_rate":0,"timestamp":1564499683,"path_taken":["M","?","M","?","$","E","R","M","T","R","?","$","R","?","R","BOSS","M","?","?","$","?","R","?","E","T","?","M","$","R","?","R","BOSS","M","?","M","M","?","R","E","?","T","$","E","$","E","?","R","BOSS","BOSS","R","$","E","BOSS"],"build_version":"2019-07-17","purchased_purges":6,"victory":false,"max_hp_per_floor":[60,60,60,60,60,60,60,60,60,60,54,54,54,54,54,54,54,54,54,54,54,54,54,54,54,54,54,54,54,54,54,54,54,54,54,54,54,54,54,54,61,61,61,61,61,61,61,61,61,61,61,61,61,61,61,61],"card_choices":[{"not_picked":["Bane","Riddle With Holes"],"picked":"Acrobatics","floor":1.0},{"not_picked":["Bane","Flying Knee","Blade Dance"],"picked":"SKIP","floor":2.0},{"not_picked":["Dagger Spray","Endless Agony"],"picked":"Flechettes","floor":3.0},{"not_picked":["Deflect","Deadly Poison","Bane"],"picked":"SKIP","floor":6.0},{"not_picked":["Acrobatics","Wraith Form v2"],"picked":"Reflex","floor":8.0},{"not_picked":["Grand Finale","Malaise"],"picked":"Adrenaline","floor":16.0},{"not_picked":["PiercingWail+1","Heel Hook","Deadly Poison"],"picked":"SKIP","floor":18.0},{"not_picked":["Heel Hook","Deadly Poison"],"picked":"PiercingWail+1","floor":18.0},{"not_picked":["Underhanded Strike","Dagger Spray","Cloak And Dagger"],"picked":"SKIP","floor":24.0},{"not_picked":["Deadly Poison+1","Burst","Expertise"],"picked":"SKIP","floor":25.0},{"not_picked":["Prepared","Dodge and Roll","Flying Knee"],"picked":"SKIP","floor":27.0},{"not_picked":["Dodge and Roll","Flying Knee"],"picked":"Prepared","floor":27.0},{"not_picked":["Finisher","Underhanded Strike+1","All Out Attack+1"],"picked":"SKIP","floor":28.0},{"not_picked":["Finisher","Underhanded Strike+1","All Out Attack+1"],"picked":"SKIP","floor":28.0},{"not_picked":["Sucker Punch","Masterful Stab","Dagger Spray"],"picked":"SKIP","floor":35.0},{"not_picked":["Choke+1","Backflip","Deadly Poison"],"picked":"SKIP","floor":37.0},{"not_picked":["Cloak And Dagger+1","Bouncing Flask","Dodge and Roll+1"],"picked":"SKIP","floor":38.0},{"not_picked":["Prepared+1","Dodge and Roll","Quick Slash"],"picked":"SKIP","floor":39.0},{"not_picked":["Backflip+1","Deflect","Envenom"],"picked":"SKIP","floor":41.0},{"not_picked":["Deflect","Envenom"],"picked":"Backflip+1","floor":41.0},{"not_picked":["Dash","Reflex","Terror"],"picked":"SKIP","floor":45.0},{"not_picked":["Bouncing Flask","Dagger Throw","Crippling Poison+1"],"picked":"SKIP","floor":47.0},{"not_picked":["Bouncing Flask","Outmaneuver","Deflect"],"picked":"SKIP","floor":55}],"player_experience":696920,"relics_obtained":[{"floor":6.0,"key":"Pantograph"},{"floor":9.0,"key":"Shuriken"},{"floor":22.0,"key":"Bag of Preparation"},{"floor":25.0,"key":"Bronze Scales"},{"floor":41.0,"key":"Strawberry"},{"floor":43.0,"key":"Juzu Bracelet"},{"floor":45.0,"key":"Omamori"},{"floor":47.0,"key":"Bag of Marbles"}],"event_choices":[{"damage_healed":0.0,"max_hp_gain":0.0,"max_hp_loss":6.0,"gold_gain":0.0,"event_name":"Golden Idol","player_choice":"Lose Max HP","floor":11.0,"gold_loss":0.0,"damage_taken":0.0,"relics_obtained":["Golden Idol"]},{"damage_healed":0.0,"max_hp_gain":0.0,"max_hp_loss":0.0,"gold_gain":0.0,"cards_transformed":["Strike_G"],"event_name":"Living Wall","player_choice":"Change","floor":14.0,"gold_loss":0.0,"damage_taken":0.0,"cards_obtained":["Infinite Blades"]},{"damage_healed":0.0,"max_hp_gain":0.0,"max_hp_loss":0.0,"gold_gain":0.0,"event_name":"The Library","player_choice":"Read","floor":19.0,"gold_loss":0.0,"damage_taken":0.0,"cards_obtained":["Calculated Gamble"]},{"damage_healed":0.0,"max_hp_gain":0.0,"max_hp_loss":0.0,"gold_gain":0.0,"event_name":"Ghosts","player_choice":"Ignored","floor":20.0,"gold_loss":0.0,"damage_taken":0.0},{"cards_removed":["Infinite Blades"],"damage_healed":0.0,"max_hp_gain":0.0,"max_hp_loss":0.0,"gold_gain":0.0,"event_name":"Back to Basics","player_choice":"Elegance","floor":31.0,"gold_loss":0.0,"damage_taken":0.0},{"damage_healed":0.0,"max_hp_gain":0.0,"max_hp_loss":0.0,"gold_gain":50.0,"event_name":"FaceTrader","player_choice":"Touch","floor":36.0,"gold_loss":0.0,"damage_taken":5.0},{"cards_removed":["Deadly Poison"],"damage_healed":5.0,"max_hp_gain":0.0,"max_hp_loss":0.0,"gold_gain":0.0,"event_name":"Bonfire Elementals","player_choice":"Offered Common","floor":42.0,"gold_loss":0.0,"damage_taken":0.0},{"cards_removed":["Deadly Poison"],"damage_healed":5.0,"max_hp_gain":0.0,"max_hp_loss":0.0,"gold_gain":0.0,"event_name":"Bonfire Elementals","player_choice":"Offered Special","floor":42.0,"gold_loss":0.0,"damage_taken":0.0},{"damage_healed":0.0,"max_hp_gain":0.0,"max_hp_loss":0.0,"gold_gain":0.0,"event_name":"Winding Halls","player_choice":"Embrace Madness","floor":48.0,"gold_loss":0.0,"damage_taken":11.0,"cards_obtained":["Madness","Madness"]}],"is_beta":false,"boss_relics":[{"not_picked":["Runic Dome","Pandora\u0027s Box"],"picked":"Runic Pyramid"},{"not_picked":["Lizard Tail","White Beast Statue"],"picked":"Sozu"}],"items_purged_floors":[4,5,12,29,44,54],"is_endless":false,"potions_floor_spawned":[2,6,8,25,28,33,37,39,47],"killed_by":"The Heart","ascension_level":20}