{"gold_per_floor":[362,372,387,312,312,312,346,346,346,346,218,238,5,20,20,97,147,161,161,11,30,30,30,44,44,44,69,69,86,86,114,114,189,189,204,204,1203,1228,1228,1261,1279,1310,1335,1335,1366,754,788,808,808,808,808,808,808,46,75,75],"floor_reached":56,"playtime":2746,"items_purged":["Strike_G","Strike_G","Strike_G","Strike_G","Strike_G+1","Bouncing Flask+1"],"score":2273,"play_id":"2dcb7380-e04f-4758-8e44-5072e7d7d056","local_time":"20190717035628","is_ascension_mode":true,"campfire_choices":[{"data":"Well Laid Plans","floor":6.0,"key":"SMITH"},{"data":"Neutralize","floor":8.0,"key":"SMITH"},{"floor":10.0,"key":"RECALL"},{"data":"Prepared","floor":15.0,"key":"SMITH"},{"data":"Reflex","floor":23.0,"key":"SMITH"},{"data":"Tactician","floor":25.0,"key":"SMITH"},{"data":"Impatience","floor":32.0,"key":"SMITH"},{"data":"Acrobatics","floor":44.0,"key":"SMITH"},{"data":"Acrobatics","floor":49.0,"key":"SMITH"},{"data":"Flechettes","floor":53.0,"key":"SMITH"}],"neow_cost":"TEN_PERCENT_HP_LOSS","seed_source_timestamp":0,"circlet_count":0,"master_deck":["AscendersBane","Defend_G","Defend_G+1","Defend_G","Defend_G","Defend_G","Survivor","Neutralize+1","Well Laid Plans+1","Prepared+1","Escape Plan","Impatience+1","Acrobatics+1","Reflex+1","Tactician+1","Flechettes+1","AscendersBane","Acrobatics+1","Backflip"],"special_seed":0,"relics":["Ring of the Snake","Du-Vu Doll","Letter Opener","Tiny House","Omamori","Whetstone","Strawberry","Philosopher\u0027s Stone","Ancient Tea Set","Bird Faced Urn","Potion Belt","Gremlin Horn","Ginger","Regal Pillow","Happy Flower","Bag of Marbles","Paper Crane"],"potions_floor_usage":[56],"damage_taken":[{"damage":3.0,"enemies":"Cultist","floor":1.0,"turns":5.0},{"damage":1.0,"enemies":"Jaw Worm","floor":2.0,"turns":5.0},{"damage":5.0,"enemies":"2 Louse","floor":3.0,"turns":5.0},{"damage":10.0,"enemies":"Lagavulin","floor":7.0,"turns":8.0},{"damage":4.0,"enemies":"2 Fungi Beasts","floor":12.0,"turns":4.0},{"damage":7.0,"enemies":"Exordium Wildlife","floor":14.0,"turns":5.0},{"damage":5.0,"enemies":"Hexaghost","floor":16.0,"turns":6.0},{"damage":3.0,"enemies":"Spheric Guardian","floor":18.0,"turns":3.0},{"damage":0.0,"enemies":"3 Byrds","floor":21.0,"turns":2.0},{"damage":0.0,"enemies":"Snecko","floor":24.0,"turns":4.0},{"damage":19.0,"enemies":"Slavers","floor":27.0,"turns":3.0},{"damage":3.0,"enemies":"Cultist and Chosen","floor":29.0,"turns":4.0},{"damage":0.0,"enemies":"Gremlin Leader","floor":31.0,"turns":4.0},{"damage":16.0,"enemies":"Automaton","floor":33.0,"turns":7.0},{"damage":2.0,"enemies":"3 Shapes","floor":35.0,"turns":3.0},{"damage":7.0,"enemies":"Nemesis","floor":40.0,"turns":3.0},{"damage":3.0,"enemies":"Orb Walker","floor":41.0,"turns":3.0},{"damage":13.0,"enemies":"Giant Head","floor":42.0,"turns":7.0},{"damage":13.0,"enemies":"Nemesis","floor":45.0,"turns":4.0},{"damage":0.0,"enemies":"Reptomancer","floor":47.0,"turns":2.0},{"damage":0.0,"enemies":"Writhing Mass","floor":48.0,"turns":3.0},{"damage":0.0,"enemies":"Donu and Deca","floor":50.0,"turns":3.0},{"damage":4.0,"enemies":"Time Eater","floor":51.0,"turns":9.0},{"damage":0.0,"enemies":"Shield and Spear","floor":55.0,"turns":1.0},{"damage":79,"enemies":"The Heart","floor":56,"turns":5}],"seed_played":"5266942226566471466","potions_obtained":[{"floor":1.0,"key":"Explosive Potion"},{"floor":3.0,"key":"LiquidBronze"},{"floor":12.0,"key":"Fruit Juice"},{"floor":14.0,"key":"Explosive Potion"},{"floor":24.0,"key":"SmokeBomb"},{"floor":27.0,"key":"AttackPotion"},{"floor":29.0,"key":"FearPotion"},{"floor":40.0,"key":"GamblersBrew"},{"floor":47.0,"key":"GhostInAJar"},{"floor":48.0,"key":"GhostInAJar"}],"is_trial":false,"path_per_floor":["M","M","M","$","?","R","E","R","T","R","$","M","$","M","R","B",null,"M","?","$","M","?","R","M","R","T","E","$","M","?","E","R","B",null,"M","?","?","T","?","E","M","E","T","R","E","$","E","M","R","B","B",null,"R","$","E","B"],"character_chosen":"THE_SILENT","items_purchased":["Prepared","Impatience","Fruit Juice","Ginger","Happy Flower","Backflip","FairyPotion","Weak Potion","Bag of Marbles"],"campfire_rested":0,"item_purchase_floors":[11,13,46,46,54,54,54,54,54],"current_hp_per_floor":[56,55,50,50,50,50,40,40,40,40,40,41,41,34,34,29,61,58,58,58,58,58,58,58,58,58,39,39,36,36,43,43,27,65,63,63,63,63,63,56,53,40,40,40,29,34,36,38,38,40,38,68,68,68,70,1],"gold":75,"neow_bonus":"TWO_FIFTY_GOLD","is_prod":false,"is_daily":false,"chose_seed":false,"campfire_upgraded":9,"win_rate":0,"timestamp":1563303388,"path_taken":["M","M","?","$","?","R","E","R","T","R","$","M","?","M","R","BOSS","M","?","$","M","?","R","M","R","T","E","?","?","?","E","R","BOSS","M","?","?","?","?","E","?","E","T","R","E","$","E","M","R","BOSS","BOSS","R","$","E","BOSS"],"build_version":"2019-07-05","purchased_purges":6,"victory":false,"max_hp_per_floor":[60,60,60,60,60,60,60,60,60,60,60,65,65,65,65,65,70,70,70,70,70,70,70,70,70,70,70,70,70,70,77,77,77,77,77,73,73,73,73,73,73,73,73,73,73,78,78,78,78,78,78,78,78,78,78,78],"card_choices":[{"not_picked":["Dash","Quick Slash"],"picked":"Well Laid Plans","floor":1.0},{"not_picked":["Flying Knee","Concentrate","Deflect"],"picked":"SKIP","floor":2.0},{"not_picked":["PiercingWail","Blade Dance"],"picked":"Bouncing Flask","floor":3.0},{"not_picked":["Distraction","Heel Hook","Flying Knee"],"picked":"SKIP","floor":7.0},{"not_picked":["Underhanded Strike","Well Laid Plans"],"picked":"Escape Plan","floor":12.0},{"not_picked":["All Out Attack","Endless Agony"],"picked":"Acrobatics","floor":14.0},{"not_picked":["Accuracy","Underhanded Strike","Blade Dance"],"picked":"SKIP","floor":18.0},{"not_picked":["Backflip","Eviscerate"],"picked":"Reflex","floor":21.0},{"not_picked":["Escape Plan","Masterful Stab"],"picked":"Tactician","floor":24.0},{"not_picked":["Backflip","Quick Slash","Acrobatics"],"picked":"SKIP","floor":27.0},{"not_picked":["Quick Slash+1","Finisher","Dodge and Roll"],"picked":"SKIP","floor":29.0},{"not_picked":["Dodge and Roll","Slice","Deflect"],"picked":"SKIP","floor":31.0},{"not_picked":["Finisher","Quick Slash","Dagger Spray"],"picked":"SKIP","floor":35.0},{"not_picked":["Dagger Spray","All Out Attack","Concentrate"],"picked":"SKIP","floor":40.0},{"not_picked":["Deflect+1","Acrobatics","Well Laid Plans"],"picked":"SKIP","floor":41.0},{"not_picked":["Deflect","Outmaneuver","Slice"],"picked":"SKIP","floor":42.0},{"not_picked":["Quick Slash","Acrobatics","Sucker Punch"],"picked":"SKIP","floor":45.0},{"not_picked":["Quick Slash","Sucker Punch"],"picked":"Acrobatics","floor":45.0},{"not_picked":["Deflect","Setup","Dodge and Roll+1"],"picked":"SKIP","floor":47.0},{"not_picked":["Well Laid Plans","Phantasmal Killer","Blade Dance"],"picked":"SKIP","floor":48.0},{"not_picked":["Dagger Throw","Deflect+1","Underhanded Strike"],"picked":"SKIP","floor":55.0}],"player_experience":631337,"relics_obtained":[{"floor":7.0,"key":"Du-Vu Doll"},{"floor":9.0,"key":"Letter Opener"},{"floor":26.0,"key":"Omamori"},{"floor":27.0,"key":"Whetstone"},{"floor":31.0,"key":"Strawberry"},{"floor":40.0,"key":"Ancient Tea Set"},{"floor":42.0,"key":"Bird Faced Urn"},{"floor":43.0,"key":"Potion Belt"},{"floor":45.0,"key":"Gremlin Horn"},{"floor":47.0,"key":"Regal Pillow"},{"floor":55.0,"key":"Paper Crane"}],"event_choices":[{"damage_healed":0.0,"max_hp_gain":0.0,"max_hp_loss":0.0,"gold_gain":0.0,"event_name":"Upgrade Shrine","player_choice":"Upgraded","floor":5.0,"gold_loss":0.0,"damage_taken":0.0,"cards_upgraded":["Bouncing Flask"]},{"damage_healed":0.0,"max_hp_gain":0.0,"max_hp_loss":0.0,"gold_gain":0.0,"event_name":"Cursed Tome","player_choice":"Ignored","floor":19.0,"gold_loss":0.0,"damage_taken":0.0},{"damage_healed":0.0,"max_hp_gain":0.0,"max_hp_loss":0.0,"gold_gain":0.0,"event_name":"The Mausoleum","player_choice":"Ignored","floor":22.0,"gold_loss":0.0,"damage_taken":0.0},{"damage_healed":0.0,"max_hp_gain":0.0,"max_hp_loss":0.0,"gold_gain":0.0,"event_name":"The Library","player_choice":"Read","floor":30.0,"gold_loss":0.0,"damage_taken":0.0,"cards_obtained":["Flechettes"]},{"damage_healed":0.0,"max_hp_gain":0.0,"max_hp_loss":4.0,"gold_gain":0.0,"event_name":"Winding Halls","player_choice":"Max HP","floor":36.0,"gold_loss":0.0,"damage_taken":0.0},{"damage_healed":0.0,"max_hp_gain":0.0,"max_hp_loss":0.0,"gold_gain":999.0,"event_name":"MindBloom","player_choice":"Gold","floor":37.0,"gold_loss":0.0,"damage_taken":0.0,"cards_obtained":["Normality","Normality"]},{"damage_healed":0.0,"max_hp_gain":0.0,"max_hp_loss":0.0,"gold_gain":0.0,"event_name":"Duplicator","player_choice":"Copied","floor":39.0,"gold_loss":0.0,"damage_taken":0.0,"cards_obtained":["AscendersBane"]}],"is_beta":false,"boss_relics":[{"not_picked":["Cursed Key","White Beast Statue"],"picked":"Tiny House"},{"not_picked":["WristBlade","HoveringKite"],"picked":"Philosopher\u0027s Stone"}],"items_purged_floors":[4,11,13,20,46,54],"is_endless":false,"potions_floor_spawned":[1,3,12,14,24,27,29,40,47,48],"killed_by":"The Heart","ascension_level":20}