{"gold_per_floor":[119,134,152,163,5,5,40,40,64,64,99,24,99,99,99,99],"floor_reached":16,"playtime":566,"items_purged":["Strike_G"],"score":216,"play_id":"90a4aaa4-30fb-487a-a4b2-b23c1d598728","local_time":"20190720014353","is_ascension_mode":true,"campfire_choices":[{"data":"Dash","floor":6,"key":"SMITH"},{"floor":10,"key":"REST"},{"floor":15,"key":"REST"}],"neow_cost":"NONE","seed_source_timestamp":19990300263876,"circlet_count":0,"master_deck":["AscendersBane","Strike_G","Strike_G","Strike_G","Defend_G","Defend_G","Defend_G","Defend_G","Defend_G","Survivor","Neutralize","Choke","Dash+1","Dagger Spray","Backstab"],"relics":["Ring of the Snake","Vajra","Pen Nib","Omamori","Blood Vial","Potion Belt"],"potions_floor_usage":[7],"damage_taken":[{"damage":3,"enemies":"Cultist","floor":1,"turns":4},{"damage":2,"enemies":"Small Slimes","floor":2,"turns":4},{"damage":2,"enemies":"2 Louse","floor":3,"turns":3},{"damage":1,"enemies":"2 Fungi Beasts","floor":4,"turns":4},{"damage":39,"enemies":"Lagavulin","floor":7,"turns":6},{"damage":20,"enemies":"Gremlin Nob","floor":11,"turns":4},{"damage":33,"enemies":"Slime Boss","floor":16,"turns":7}],"seed_played":"3578130593878586602","potions_obtained":[{"floor":1,"key":"Energy Potion"},{"floor":4,"key":"SkillPotion"}],"is_trial":false,"path_per_floor":["M","M","M","M","$","R","E","?","T","R","E","$","?","?","R","B"],"character_chosen":"THE_SILENT","items_purchased":["Vajra"],"campfire_rested":2,"item_purchase_floors":[5],"current_hp_per_floor":[56,54,52,51,51,51,12,12,12,31,13,13,2,2,21,0],"gold":99,"neow_bonus":"REMOVE_CARD","is_prod":false,"is_daily":false,"chose_seed":false,"campfire_upgraded":1,"win_rate":0,"timestamp":1563579833,"path_taken":["M","?","?","M","$","R","E","?","T","R","E","?","?","?","R","BOSS"],"build_version":"2019-07-17","purchased_purges":1,"victory":false,"max_hp_per_floor":[66,66,66,66,66,66,66,66,66,66,66,66,66,66,66,66],"card_choices":[{"not_picked":["Calculated Gamble","Outmaneuver"],"picked":"Choke","floor":1},{"not_picked":["Dagger Throw","Flying Knee"],"picked":"Dash","floor":2},{"not_picked":["Distraction","Acrobatics"],"picked":"Dagger Spray","floor":3},{"not_picked":["Underhanded Strike","Flying Knee","Dodge and Roll"],"picked":"SKIP","floor":4},{"not_picked":["Infinite Blades","Heel Hook"],"picked":"Backstab","floor":7},{"not_picked":["Finisher","Underhanded Strike","Quick Slash"],"picked":"SKIP","floor":11}],"player_experience":719171,"relics_obtained":[{"floor":7,"key":"Pen Nib"},{"floor":9,"key":"Blood Vial"},{"floor":11,"key":"Potion Belt"}],"event_choices":[{"damage_healed":0,"gold_gain":0,"player_choice":"Gave Potion","damage_taken":0,"relics_obtained":["Omamori"],"max_hp_gain":0,"max_hp_loss":0,"event_name":"WeMeetAgain","floor":8,"gold_loss":0},{"damage_healed":0,"gold_gain":75,"player_choice":"Gather Gold","damage_taken":11,"max_hp_gain":0,"max_hp_loss":0,"event_name":"World of Goop","floor":13,"gold_loss":0},{"damage_healed":0,"gold_gain":0,"player_choice":"Fled","damage_taken":0,"max_hp_gain":0,"max_hp_loss":0,"event_name":"Scrap Ooze","floor":14,"gold_loss":0}],"is_beta":false,"boss_relics":[],"items_purged_floors":[12],"is_endless":false,"potions_floor_spawned":[1,4],"killed_by":"Slime Boss","ascension_level":20}