{"gold_per_floor":[115,131,149,149,166,166,91,91,91,91,19,19,35,35,35,155,155,171,184,104,128,28,28,72,72,72,72,85,85,85,113,113,214,214,230,230,119,119,119,119,153,153,178,207,219,231,243,266,278,290],"floor_reached":51,"playtime":2967,"items_purged":["Strike_G","Defend_G"],"score":724,"play_id":"2c5961c1-ea4a-4389-b961-c92dea329ef5","local_time":"20181024144940","is_ascension_mode":false,"campfire_choices":[{"data":"Footwork","floor":6.0,"key":"SMITH"},{"data":"Neutralize","floor":10.0,"key":"SMITH"},{"data":"Footwork","floor":15.0,"key":"SMITH"},{"data":"Well Laid Plans","floor":23.0,"key":"SMITH"},{"floor":27.0,"key":"DIG"},{"floor":29.0,"key":"DIG"},{"floor":32.0,"key":"DIG"},{"data":"Strike_G","floor":40,"key":"PURGE"},{"data":"Bullet Time","floor":42,"key":"PURGE"},{"data":"Unload","floor":46,"key":"PURGE"},{"data":"Defend_G","floor":49,"key":"PURGE"}],"neow_cost":"NONE","seed_source_timestamp":14573721503586,"circlet_count":0,"master_deck":["Defend_G","Defend_G+1","Survivor","Neutralize+1","Noxious Fumes+1","Footwork+1","Footwork+1","Footwork","Well Laid Plans+1","Bouncing Flask","Tools of the Trade","Parasite","After Image","Wraith Form v2","Escape Plan","Heel Hook+1","Pain"],"special_seed":0,"relics":["Ring of the Snake","Bloody Idol","Dream Catcher","Cursed Key","Blue Candle","Shovel","Ancient Tea Set","Peace Pipe","Bag of Marbles","Blood Vial","Coffee Dripper","Bottled Flame","MawBank"],"potions_floor_usage":[50],"damage_taken":[{"damage":0.0,"enemies":"Jaw Worm","floor":1.0,"turns":5.0},{"damage":0.0,"enemies":"Small Slimes","floor":2.0,"turns":3.0},{"damage":2.0,"enemies":"Cultist","floor":3.0,"turns":4.0},{"damage":1.0,"enemies":"Blue Slaver","floor":5.0,"turns":5.0},{"damage":0.0,"enemies":"Large Slime","floor":13.0,"turns":7.0},{"damage":7.0,"enemies":"Hexaghost","floor":16.0,"turns":14.0},{"damage":0.0,"enemies":"3 Byrds","floor":18.0,"turns":5.0},{"damage":6.0,"enemies":"Spheric Guardian","floor":19.0,"turns":7.0},{"damage":0.0,"enemies":"Chosen and Byrds","floor":21.0,"turns":10.0},{"damage":4.0,"enemies":"Book of Stabbing","floor":24.0,"turns":8.0},{"damage":18.0,"enemies":"Centurion and Healer","floor":28.0,"turns":7.0},{"damage":14.0,"enemies":"Gremlin Leader","floor":31.0,"turns":9.0},{"damage":3.0,"enemies":"Collector","floor":33.0,"turns":11.0},{"damage":4.0,"enemies":"Orb Walker","floor":35.0,"turns":6.0},{"damage":1,"enemies":"Giant Head","floor":41,"turns":12},{"damage":13,"enemies":"3 Shapes","floor":44,"turns":5},{"damage":2,"enemies":"Maw","floor":48,"turns":5},{"damage":27,"enemies":"Awakened One","floor":50,"turns":7}],"seed_played":"-3242171598000393044","potions_obtained":[{"floor":1.0,"key":"Weak Potion"},{"floor":3.0,"key":"GhostInAJar"},{"floor":5.0,"key":"EssenceOfSteel"},{"floor":12.0,"key":"Dexterity Potion"},{"floor":24.0,"key":"Poison Potion"},{"floor":41,"key":"Explosive Potion"}],"is_trial":false,"path_per_floor":["M","M","M","?","M","R","$","?","T","R","$","?","M","?","R","B",null,"M","M","$","M","$","R","E","?","T","R","M","R","?","E","R","B",null,"M","?","$","?","$","R","E","R","T","M","?","R","?","M","R","B"],"character_chosen":"THE_SILENT","items_purchased":["Footwork","Well Laid Plans","Escape Plan","Heel Hook"],"campfire_rested":0,"item_purchase_floors":[11,20,37,37],"current_hp_per_floor":[70,70,68,54,53,53,53,36,36,36,36,36,36,29,29,22,70,70,64,64,64,64,64,60,60,60,60,42,42,42,33,33,37,70,70,70,70,70,70,70,70,70,70,62,66,66,66,66,66,39],"gold":302,"neow_bonus":"REMOVE_CARD","is_prod":false,"is_daily":false,"chose_seed":false,"campfire_upgraded":4,"win_rate":0,"timestamp":1540363780,"path_taken":["M","M","M","?","?","R","$","?","T","R","$","?","?","?","R","BOSS","M","?","$","M","$","R","E","?","T","R","M","R","?","E","R","BOSS","M","?","$","?","$","R","E","R","T","M","?","R","?","M","R","BOSS"],"build_version":"2018-10-18","purchased_purges":2,"victory":true,"max_hp_per_floor":[70,70,70,70,70,70,70,70,70,70,70,70,70,70,70,70,70,70,70,70,70,70,70,70,70,70,70,70,70,70,70,70,70,70,70,70,70,70,70,70,70,70,70,70,66,66,66,66,66,66],"card_choices":[{"not_picked":["Accuracy","Slice"],"picked":"Noxious Fumes","floor":1.0},{"not_picked":["Predator","Dodge and Roll","Tactician"],"picked":"SKIP","floor":2.0},{"not_picked":["Riddle With Holes","Backstab"],"picked":"Footwork","floor":3.0},{"not_picked":["Flying Knee","Slice","All Out Attack"],"picked":"SKIP","floor":5.0},{"not_picked":["Finisher","Flying Knee","Acrobatics"],"picked":"SKIP","floor":13.0},{"not_picked":["Envenom","A Thousand Cuts"],"picked":"Unload","floor":16.0},{"not_picked":["Dagger Spray","Slice+1","Calculated Gamble"],"picked":"SKIP","floor":18.0},{"not_picked":["Dodge and Roll","Heel Hook+1"],"picked":"Footwork","floor":19.0},{"not_picked":["Infinite Blades","Prepared+1","Sucker Punch"],"picked":"SKIP","floor":21.0},{"not_picked":["PiercingWail","Dagger Throw"],"picked":"Bouncing Flask","floor":24.0},{"not_picked":["Underhanded Strike","Endless Agony","Acrobatics"],"picked":"SKIP","floor":28.0},{"not_picked":["Outmaneuver","Underhanded Strike+1"],"picked":"After Image","floor":31.0},{"not_picked":["Grand Finale","A Thousand Cuts"],"picked":"Wraith Form v2","floor":33.0},{"not_picked":["Poisoned Stab","Infinite Blades+1","Slice+1"],"picked":"SKIP","floor":35.0},{"not_picked":["Bouncing Flask+1","Underhanded Strike","Accuracy"],"picked":"SKIP","floor":41},{"not_picked":["Catalyst","Flying Knee","Footwork"],"picked":"SKIP","floor":44},{"not_picked":["Flying Knee","Cloak And Dagger","Slice"],"picked":"SKIP","floor":48}],"player_experience":598717,"relics_obtained":[{"floor":9.0,"key":"Dream Catcher"},{"floor":24.0,"key":"Blue Candle"},{"floor":26.0,"key":"Shovel"},{"floor":27.0,"key":"Ancient Tea Set"},{"floor":29.0,"key":"Peace Pipe"},{"floor":31.0,"key":"Bag of Marbles"},{"floor":32.0,"key":"Blood Vial"},{"floor":41,"key":"Bottled Flame"},{"floor":43,"key":"MawBank"}],"event_choices":[{"damage_healed":0.0,"max_hp_gain":0.0,"max_hp_loss":0.0,"gold_gain":0.0,"event_name":"Shining Light","player_choice":"Entered Light","floor":4.0,"gold_loss":0.0,"damage_taken":14.0,"cards_upgraded":["Noxious Fumes","Defend_G"]},{"damage_healed":0.0,"max_hp_gain":0.0,"max_hp_loss":0.0,"gold_gain":0.0,"event_name":"Golden Idol","player_choice":"Take Damage","floor":8.0,"gold_loss":0.0,"damage_taken":17.0,"relics_obtained":["Golden Idol"]},{"damage_healed":0.0,"max_hp_gain":0.0,"max_hp_loss":0.0,"gold_gain":0.0,"event_name":"The Lab","player_choice":"Got Potions","floor":12.0,"gold_loss":0.0,"damage_taken":0.0},{"cards_removed":["Strike_G"],"damage_healed":0.0,"max_hp_gain":0.0,"max_hp_loss":0.0,"gold_gain":0.0,"event_name":"Golden Wing","player_choice":"Card Removal","floor":14.0,"gold_loss":0.0,"damage_taken":7.0},{"damage_healed":0.0,"max_hp_gain":0.0,"max_hp_loss":0.0,"gold_gain":0.0,"cards_transformed":["Defend_G","Strike_G"],"event_name":"Drug Dealer","player_choice":"Became Test Subject","floor":25.0,"gold_loss":0.0,"damage_taken":0.0,"cards_obtained":["Tools of the Trade","Bullet Time"]},{"damage_healed":0.0,"max_hp_gain":0.0,"max_hp_loss":0.0,"gold_gain":0.0,"event_name":"Forgotten Altar","player_choice":"Gave Idol","floor":30.0,"relics_lost":["Golden Idol"],"gold_loss":0.0,"damage_taken":0.0,"relics_obtained":["Bloody Idol"]},{"damage_healed":0,"gold_gain":0,"player_choice":"Ignored","damage_taken":0,"max_hp_gain":0,"max_hp_loss":0,"event_name":"Mysterious Sphere","floor":36,"gold_loss":0},{"damage_healed":0,"gold_gain":0,"player_choice":"Ignored","damage_taken":0,"max_hp_gain":0,"max_hp_loss":0,"event_name":"Tomb of Lord Red Mask","floor":38,"gold_loss":0},{"damage_healed":0,"gold_gain":0,"player_choice":"Max HP","damage_taken":0,"max_hp_gain":0,"max_hp_loss":4,"event_name":"Winding Halls","floor":45,"gold_loss":0},{"damage_healed":0,"gold_gain":0,"player_choice":"Upgraded","damage_taken":0,"max_hp_gain":0,"max_hp_loss":0,"event_name":"Upgrade Shrine","floor":47,"gold_loss":0,"cards_upgraded":["Heel Hook"]}],"is_beta":false,"boss_relics":[{"not_picked":["Orrery","Ectoplasm"],"picked":"Cursed Key"},{"not_picked":["Tiny House","HoveringKite"],"picked":"Coffee Dripper"}],"items_purged_floors":[7,22],"is_endless":false,"potions_floor_spawned":[1,3,5,21,24,31,41],"ascension_level":0}