{"gold_per_floor":[116,130,55,55,66,66,83,158,182,182,213,230,247,259,259,259],"floor_reached":16,"playtime":443,"items_purged":["Strike_B"],"score":208,"play_id":"1f67f0aa-a252-48f5-add3-08e877da4016","local_time":"20190205175753","is_ascension_mode":true,"campfire_choices":[{"data":"Coolheaded","floor":6.0,"key":"SMITH"},{"data":"Dualcast","floor":10.0,"key":"SMITH"},{"data":"Scrape","floor":15,"key":"SMITH"}],"neow_cost":"NONE","seed_source_timestamp":13097877699584,"circlet_count":0,"master_deck":["AscendersBane","Strike_B","Strike_B","Defend_B","Defend_B","Defend_B","Defend_B","Zap","Dualcast+1","Coolheaded+1","Capacitor","Gash","Scrape+1","Skim"],"special_seed":0,"relics":["Cracked Core","NeowsBlessing","Bag of Marbles","Strawberry"],"potions_floor_usage":[11,14],"damage_taken":[{"damage":0.0,"enemies":"Cultist","floor":1.0,"turns":1.0},{"damage":0.0,"enemies":"2 Louse","floor":2.0,"turns":1.0},{"damage":0.0,"enemies":"Jaw Worm","floor":5.0,"turns":1.0},{"damage":6.0,"enemies":"Blue Slaver","floor":7.0,"turns":6.0},{"damage":12,"enemies":"3 Sentries","floor":11,"turns":8},{"damage":12,"enemies":"Exordium Wildlife","floor":12,"turns":6},{"damage":8,"enemies":"Exordium Thugs","floor":13,"turns":6},{"damage":21,"enemies":"3 Louse","floor":14,"turns":3},{"damage":0,"enemies":"Slime Boss","floor":16,"turns":1}],"seed_played":"-4159609254849716515","potions_obtained":[{"floor":5.0,"key":"Fire Potion"},{"floor":13,"key":"FocusPotion"},{"floor":14,"key":"GamblersBrew"}],"is_trial":false,"path_per_floor":["M","M","$","?","M","R","M","?","T","R","E","M","M","M","R","B"],"character_chosen":"DEFECT","items_purchased":[],"campfire_rested":0,"item_purchase_floors":[],"current_hp_per_floor":[64,64,64,64,64,64,58,47,47,47,42,30,22,1,1,1],"gold":259,"neow_bonus":"THREE_ENEMY_KILL","is_prod":false,"is_daily":false,"chose_seed":false,"campfire_upgraded":3,"win_rate":0,"timestamp":1549360673,"path_taken":["M","?","$","?","?","R","M","?","T","R","E","M","M","M","R","BOSS"],"build_version":"2019-01-23","purchased_purges":1,"victory":false,"max_hp_per_floor":[71,71,71,71,71,71,71,71,71,71,78,78,78,78,78,78],"card_choices":[{"not_picked":["Scrape","Cold Snap"],"picked":"Coolheaded","floor":1.0},{"not_picked":["Cold Snap","Redo"],"picked":"Capacitor","floor":2.0},{"not_picked":["Undo","Steam"],"picked":"Gash","floor":5.0},{"not_picked":["Leap","Stack"],"picked":"Scrape","floor":7.0},{"not_picked":["BootSequence","Redo","Go for the Eyes"],"picked":"SKIP","floor":11},{"not_picked":["Turbo","Steam","Sunder"],"picked":"SKIP","floor":12},{"not_picked":["Biased Cognition","Stack"],"picked":"Skim","floor":13},{"not_picked":["Melter","Stack","Ball Lightning"],"picked":"SKIP","floor":14}],"player_experience":2540804,"relics_obtained":[{"floor":9.0,"key":"Bag of Marbles"},{"floor":11,"key":"Strawberry"}],"event_choices":[{"cards_removed":["Strike_B"],"damage_healed":0.0,"max_hp_gain":0.0,"max_hp_loss":0.0,"gold_gain":0.0,"event_name":"Wheel of Change","player_choice":"Card Removal","floor":4.0,"gold_loss":0.0,"damage_taken":0.0},{"damage_healed":0.0,"max_hp_gain":0.0,"max_hp_loss":0.0,"gold_gain":75.0,"event_name":"World of Goop","player_choice":"Gather Gold","floor":8.0,"gold_loss":0.0,"damage_taken":11.0}],"is_beta":false,"boss_relics":[],"items_purged_floors":[3],"is_endless":false,"potions_floor_spawned":[5,13,14],"killed_by":"Slime Boss","ascension_level":20}