{"gold_per_floor":[116,134,284,130,149,149,424,424,448,448,462,462,500,60,60,153,153,172,172,188,13,27,71,71,71,95,95,138,138,169,194,194,289,289,305,326,176,192,17,58,58,391,391,391,391,391,408,436,436,436,436,436,436,10,37,37],"floor_reached":57,"playtime":4587,"items_purged":["Doubt","Regret","Sucker Punch","Bouncing Flask","Eviscerate","Survivor"],"score":2753,"play_id":"a509cba0-21f2-44b5-b8c0-f8d51b7f2cce","local_time":"20190422184903","is_ascension_mode":true,"campfire_choices":[{"data":"Deadly Poison","floor":6.0,"key":"SMITH"},{"data":"Well Laid Plans","floor":8.0,"key":"SMITH"},{"data":"Outmaneuver","floor":10.0,"key":"SMITH"},{"data":"Noxious Fumes","floor":15.0,"key":"SMITH"},{"data":"Acrobatics","floor":24.0,"key":"SMITH"},{"data":"Wraith Form v2","floor":27.0,"key":"SMITH"},{"data":"Wraith Form v2","floor":29.0,"key":"SMITH"},{"data":"Tools of the Trade","floor":32.0,"key":"SMITH"},{"data":"Wraith Form v2","floor":41.0,"key":"SMITH"},{"data":"Venomology","floor":44.0,"key":"SMITH"},{"floor":46,"key":"RECALL"},{"data":"Noxious Fumes","floor":49,"key":"SMITH"},{"data":"Grand Finale","floor":53,"key":"SMITH"}],"neow_cost":"NONE","seed_source_timestamp":4909222140839,"circlet_count":0,"master_deck":["AscendersBane","Neutralize","Deadly Poison+1","Leg Sweep","Well Laid Plans+1","Outmaneuver+1","Acrobatics+1","Noxious Fumes+1","Venomology+1","Wraith Form v2+1","Noxious Fumes+1","Dodge and Roll+1","Tools of the Trade+1","Wraith Form v2+1","Grand Finale+1","Storm of Steel","Backflip+1","Wraith Form v2+1"],"special_seed":0,"relics":["Ring of the Snake","NeowsBlessing","Juzu Bracelet","The Specimen","Chemical X","Pandora\u0027s Box","Shuriken","Bag of Marbles","Darkstone Periapt","Kunai","Busted Crown","Incense Burner","Lantern","Medical Kit","War Paint"],"potions_floor_usage":[47,48,50,51,51,56,56,56],"damage_taken":[{"damage":0.0,"enemies":"Cultist","floor":1.0,"turns":1.0},{"damage":0.0,"enemies":"2 Louse","floor":2.0,"turns":1.0},{"damage":0.0,"enemies":"Jaw Worm","floor":5.0,"turns":1.0},{"damage":15.0,"enemies":"Exordium Wildlife","floor":11.0,"turns":8.0},{"damage":20.0,"enemies":"Lagavulin","floor":13.0,"turns":10.0},{"damage":11.0,"enemies":"The Guardian","floor":16.0,"turns":10.0},{"damage":7.0,"enemies":"Shell Parasite","floor":18.0,"turns":6.0},{"damage":8.0,"enemies":"3 Byrds","floor":20.0,"turns":3.0},{"damage":2.0,"enemies":"Cultist and Chosen","floor":22.0,"turns":6.0},{"damage":5.0,"enemies":"Gremlin Leader","floor":23.0,"turns":6.0},{"damage":26.0,"enemies":"Book of Stabbing","floor":28.0,"turns":8.0},{"damage":4.0,"enemies":"Gremlin Leader","floor":30.0,"turns":6.0},{"damage":3.0,"enemies":"Shelled Parasite and Fungi","floor":31.0,"turns":6.0},{"damage":2.0,"enemies":"Collector","floor":33.0,"turns":7.0},{"damage":1.0,"enemies":"Orb Walker","floor":35.0,"turns":5.0},{"damage":0.0,"enemies":"3 Darklings","floor":36.0,"turns":3.0},{"damage":3.0,"enemies":"Jaw Worm Horde","floor":38.0,"turns":4.0},{"damage":0.0,"enemies":"Reptomancer","floor":40.0,"turns":7.0},{"damage":6,"enemies":"4 Shapes","floor":47,"turns":3},{"damage":7,"enemies":"Nemesis","floor":48,"turns":9},{"damage":5,"enemies":"Donu and Deca","floor":50,"turns":5},{"damage":12,"enemies":"Time Eater","floor":51,"turns":12},{"damage":0,"enemies":"Shield and Spear","floor":55,"turns":4},{"damage":44,"enemies":"The Heart","floor":56,"turns":8}],"seed_played":"-6195133396461712550","potions_obtained":[{"floor":11.0,"key":"Swift Potion"},{"floor":20.0,"key":"Strength Potion"},{"floor":28.0,"key":"Strength Potion"},{"floor":31.0,"key":"Energy Potion"}],"is_trial":false,"path_per_floor":["M","M","?","$","M","R","?","R","T","R","M","?","E","$","R","B",null,"M","?","M","$","M","E","R","?","T","R","E","R","E","M","R","B",null,"M","M","$","M","$","E","R","?","T","R","?","R","M","E","R","B","B",null,"R","$","E","B",null],"character_chosen":"THE_SILENT","items_purchased":["Well Laid Plans","Acrobatics","Noxious Fumes","Chemical X","Backflip","Medical Kit"],"campfire_rested":0,"item_purchase_floors":[4,14,14,14,21,54],"current_hp_per_floor":[59,59,59,59,59,59,59,59,59,59,44,44,24,24,24,13,48,41,41,33,33,31,26,26,38,38,38,12,12,8,5,5,3,46,45,45,45,54,54,60,60,60,60,60,60,60,54,47,47,42,30,53,53,53,53,9],"gold":37,"neow_bonus":"THREE_ENEMY_KILL","is_prod":false,"is_daily":false,"chose_seed":false,"campfire_upgraded":12,"win_rate":0,"timestamp":1555930143,"path_taken":["M","?","?","$","M","R","?","R","T","R","M","?","E","$","R","BOSS","M","?","M","$","M","E","R","?","T","R","E","R","E","M","R","BOSS","M","M","$","M","$","E","R","?","T","R","?","R","M","E","R","BOSS","BOSS","R","$","E","BOSS"],"build_version":"2019-01-23","purchased_purges":6,"victory":true,"max_hp_per_floor":[66,66,66,66,66,66,66,66,66,66,66,60,60,60,60,60,60,60,60,60,60,60,60,60,60,60,60,60,60,60,60,60,60,60,60,60,60,60,60,60,60,60,60,60,60,60,60,60,60,60,60,60,60,60,60,60],"card_choices":[{"not_picked":["Blade Dance","Cloak And Dagger"],"picked":"Deadly Poison","floor":1.0},{"not_picked":["Flying Knee","Setup"],"picked":"Leg Sweep","floor":2.0},{"not_picked":["Cloak And Dagger","Riddle With Holes"],"picked":"Outmaneuver","floor":5.0},{"not_picked":["Quick Slash","Deflect","Prepared"],"picked":"SKIP","floor":11.0},{"not_picked":["Eviscerate","Cloak And Dagger","Slice"],"picked":"SKIP","floor":13.0},{"not_picked":["A Thousand Cuts","Glass Knife"],"picked":"Venomology","floor":16.0},{"not_picked":["Deadly Poison","Bane","Slice+1"],"picked":"SKIP","floor":18.0},{"not_picked":["Deadly Poison","Quick Slash","Leg Sweep"],"picked":"SKIP","floor":20.0},{"not_picked":["Cloak And Dagger","Flechettes","Flying Knee"],"picked":"SKIP","floor":22.0},{"not_picked":["Phantasmal Killer","Noxious Fumes","Cloak And Dagger"],"picked":"SKIP","floor":23.0},{"not_picked":["Backflip+1","Terror","Well Laid Plans"],"picked":"SKIP","floor":28.0},{"not_picked":["Dagger Spray","Quick Slash","Accuracy"],"picked":"SKIP","floor":30.0},{"not_picked":["Dagger Throw","Bane+1","Sucker Punch"],"picked":"SKIP","floor":31.0},{"not_picked":["Malaise","Die Die Die"],"picked":"Wraith Form v2","floor":33.0},{"not_picked":["Underhanded Strike"],"picked":"SKIP","floor":35.0},{"not_picked":["Distraction+1"],"picked":"SKIP","floor":36.0},{"not_picked":["Caltrops"],"picked":"SKIP","floor":38.0},{"not_picked":["Outmaneuver"],"picked":"SKIP","floor":40.0},{"not_picked":["Sucker Punch+1"],"picked":"SKIP","floor":47},{"not_picked":["Underhanded Strike"],"picked":"SKIP","floor":48},{"not_picked":["Calculated Gamble+1"],"picked":"SKIP","floor":55}],"player_experience":4434840,"relics_obtained":[{"floor":9.0,"key":"Juzu Bracelet"},{"floor":13.0,"key":"The Specimen"},{"floor":23.0,"key":"Shuriken"},{"floor":26.0,"key":"Bag of Marbles"},{"floor":28.0,"key":"Darkstone Periapt"},{"floor":30.0,"key":"Kunai"},{"floor":40.0,"key":"Incense Burner"},{"floor":48,"key":"Lantern"},{"floor":55,"key":"War Paint"}],"event_choices":[{"damage_healed":0.0,"max_hp_gain":0.0,"max_hp_loss":0.0,"gold_gain":150.0,"event_name":"Liars Game","player_choice":"AGREE","floor":3.0,"gold_loss":0.0,"damage_taken":0.0,"cards_obtained":["Doubt"]},{"damage_healed":0.0,"max_hp_gain":0.0,"max_hp_loss":0.0,"gold_gain":275.0,"event_name":"Golden Shrine","player_choice":"Desecrate","floor":7.0,"gold_loss":0.0,"damage_taken":0.0,"cards_obtained":["Regret"]},{"damage_healed":0.0,"max_hp_gain":0.0,"max_hp_loss":6.0,"gold_gain":0.0,"event_name":"Golden Idol","player_choice":"Lose Max HP","floor":12.0,"gold_loss":0.0,"damage_taken":0.0,"relics_obtained":["Golden Idol"]},{"damage_healed":0.0,"max_hp_gain":0.0,"max_hp_loss":0.0,"gold_gain":0.0,"cards_transformed":["Flying Knee","Dagger Throw"],"event_name":"Drug Dealer","player_choice":"Became Test Subject","floor":19.0,"gold_loss":0.0,"damage_taken":0.0,"cards_obtained":["Grand Finale","Storm of Steel"]},{"damage_healed":12.0,"max_hp_gain":0.0,"max_hp_loss":0.0,"gold_gain":0.0,"event_name":"The Library","player_choice":"Heal","floor":25.0,"gold_loss":0.0,"damage_taken":0.0},{"damage_healed":0.0,"max_hp_gain":0.0,"max_hp_loss":0.0,"gold_gain":333.0,"event_name":"The Moai Head","player_choice":"Gave Idol","floor":42.0,"relics_lost":["Golden Idol"],"gold_loss":0.0,"damage_taken":0.0},{"damage_healed":0,"gold_gain":0,"player_choice":"Memory 1","damage_taken":0,"max_hp_gain":0,"max_hp_loss":0,"event_name":"SensoryStone","floor":45,"gold_loss":0}],"is_beta":false,"boss_relics":[{"not_picked":["Runic Pyramid","White Beast Statue"],"picked":"Pandora\u0027s Box"},{"not_picked":["Runic Dome","Black Star"],"picked":"Busted Crown"}],"items_purged_floors":[4,14,21,37,39,54],"is_endless":false,"potions_floor_spawned":[11,20,28,31,36,47,48],"ascension_level":20}