{"gold_per_floor":[17,34,34,51,63,63,63,79,79,19,19,38,56,82,82,159,159,176,101,111,129,147,147,161,161,161,81,61,61,86,86,86,86],"floor_reached":33,"playtime":970,"items_purged":["Strike_G","Strike_G"],"score":518,"play_id":"3206be01-b755-4107-973a-df989a82145f","local_time":"20190710161123","is_ascension_mode":true,"campfire_choices":[{"data":"Bouncing Flask","floor":6,"key":"SMITH"},{"data":"Noxious Fumes","floor":11,"key":"SMITH"},{"data":"Neutralize","floor":15,"key":"SMITH"},{"data":"Wraith Form v2","floor":23,"key":"SMITH"},{"floor":29,"key":"REST"},{"floor":32,"key":"REST"}],"neow_cost":"NO_GOLD","seed_source_timestamp":1025460959330600,"circlet_count":0,"master_deck":["AscendersBane","Strike_G","Defend_G","Defend_G","Defend_G","Defend_G","Defend_G","Survivor","Neutralize+1","Escape Plan","Noxious Fumes+1","Well Laid Plans","Bouncing Flask+1","After Image","Backflip","Wraith Form v2+1","Calculated Gamble"],"relics":["Ring of the Snake","Torii","The Courier","Juzu Bracelet","Runic Dome","Tingsha","PreservedInsect"],"potions_floor_usage":[21,30,33],"damage_taken":[{"damage":0,"enemies":"2 Louse","floor":1,"turns":3},{"damage":0,"enemies":"Cultist","floor":2,"turns":4},{"damage":1,"enemies":"Jaw Worm","floor":4,"turns":6},{"damage":2,"enemies":"Exordium Wildlife","floor":5,"turns":5},{"damage":15,"enemies":"3 Louse","floor":8,"turns":4},{"damage":3,"enemies":"Blue Slaver","floor":12,"turns":4},{"damage":7,"enemies":"Looter","floor":13,"turns":3},{"damage":15,"enemies":"The Guardian","floor":16,"turns":10},{"damage":1,"enemies":"Spheric Guardian","floor":18,"turns":4},{"damage":12,"enemies":"Shell Parasite","floor":20,"turns":5},{"damage":21,"enemies":"Chosen and Byrds","floor":21,"turns":6},{"damage":7,"enemies":"Snake Plant","floor":22,"turns":5},{"damage":10,"enemies":"Snecko","floor":24,"turns":6},{"damage":20,"enemies":"Book of Stabbing","floor":30,"turns":7},{"damage":1,"enemies":"Collector","floor":33,"turns":5}],"seed_played":"-1184397132058784245","potions_obtained":[{"floor":4,"key":"Ancient Potion"},{"floor":5,"key":"Weak Potion"},{"floor":21,"key":"AttackPotion"},{"floor":28,"key":"Swift Potion"},{"floor":30,"key":"AttackPotion"}],"is_trial":false,"path_per_floor":["M","M","?","M","M","R","?","M","T","$","R","M","M","T","R","B",null,"M","?","M","M","M","R","M","?","T","$","?","R","E","$","R","B"],"character_chosen":"THE_SILENT","items_purchased":[],"campfire_rested":2,"item_purchase_floors":[],"current_hp_per_floor":[59,59,59,58,56,56,56,41,41,41,41,38,31,31,31,16,54,53,53,41,20,13,13,3,3,3,3,3,22,2,2,21,20],"gold":86,"neow_bonus":"ONE_RARE_RELIC","is_prod":false,"is_daily":false,"chose_seed":false,"campfire_upgraded":4,"win_rate":0,"timestamp":1562746283,"path_taken":["M","M","?","M","?","R","?","M","T","$","R","M","M","?","R","BOSS","M","?","M","M","M","R","M","?","T","$","?","R","E","$","R","BOSS"],"build_version":"2019-07-05","purchased_purges":2,"victory":false,"max_hp_per_floor":[66,66,66,66,66,66,66,66,66,66,66,66,66,66,66,66,66,66,66,66,66,66,66,66,66,66,66,66,66,66,66,66,66],"card_choices":[{"not_picked":["Underhanded Strike","Deflect"],"picked":"Escape Plan","floor":1},{"not_picked":["Reflex","Blade Dance"],"picked":"Noxious Fumes","floor":2},{"not_picked":["Cloak And Dagger","Acrobatics"],"picked":"Well Laid Plans","floor":4},{"not_picked":["Die Die Die","Blur"],"picked":"Bouncing Flask","floor":5},{"not_picked":["Accuracy","Underhanded Strike","Dagger Spray"],"picked":"SKIP","floor":8},{"not_picked":["Acrobatics","Predator","Sucker Punch"],"picked":"SKIP","floor":12},{"not_picked":["Dash","Phantasmal Killer","Quick Slash"],"picked":"SKIP","floor":13},{"not_picked":["Tools of the Trade","A Thousand Cuts"],"picked":"After Image","floor":16},{"not_picked":["Distraction","Sucker Punch","Flechettes"],"picked":"SKIP","floor":18},{"not_picked":["Backstab","Caltrops","Dagger Spray+1"],"picked":"SKIP","floor":20},{"not_picked":["Accuracy","Prepared"],"picked":"Backflip","floor":21},{"not_picked":["Wraith Form v2","Choke","Bane"],"picked":"SKIP","floor":22},{"not_picked":["Choke","Bane"],"picked":"Wraith Form v2","floor":22},{"not_picked":["Poisoned Stab+1","Finisher","Dodge and Roll"],"picked":"SKIP","floor":24},{"not_picked":["Heel Hook","Setup"],"picked":"Calculated Gamble","floor":30}],"player_experience":654355,"relics_obtained":[{"floor":9,"key":"The Courier"},{"floor":14,"key":"Juzu Bracelet"},{"floor":26,"key":"Tingsha"},{"floor":30,"key":"PreservedInsect"}],"event_choices":[{"cards_removed":["Strike_G"],"damage_healed":0,"gold_gain":0,"player_choice":"Offered Basic","damage_taken":0,"max_hp_gain":0,"max_hp_loss":0,"event_name":"Bonfire Elementals","floor":3,"gold_loss":0},{"damage_healed":0,"gold_gain":0,"player_choice":"Ignored","damage_taken":0,"max_hp_gain":0,"max_hp_loss":0,"event_name":"Liars Game","floor":7,"gold_loss":0},{"cards_removed":["Strike_G"],"damage_healed":0,"gold_gain":0,"player_choice":"Gave Gold","damage_taken":0,"max_hp_gain":0,"max_hp_loss":0,"event_name":"Beggar","floor":19,"gold_loss":75},{"damage_healed":0,"gold_gain":0,"player_choice":"Ignored","damage_taken":0,"max_hp_gain":0,"max_hp_loss":0,"event_name":"The Mausoleum","floor":25,"gold_loss":0},{"damage_healed":0,"gold_gain":0,"player_choice":"Bought 1 Potion","damage_taken":0,"max_hp_gain":0,"max_hp_loss":0,"event_name":"The Woman in Blue","floor":28,"gold_loss":0}],"is_beta":false,"boss_relics":[{"not_picked":["Snecko Eye","Ectoplasm"],"picked":"Runic Dome"}],"items_purged_floors":[10,27],"is_endless":false,"potions_floor_spawned":[4,5,8,16,18,21,30],"killed_by":"Collector","ascension_level":20}