{"gold_per_floor":[115,129,129,139,150,150,169,169,239,252,177,203,215,250,250,323,323,343,313,332,352,37,37,63,63],"floor_reached":25,"playtime":928,"items_purged":["Strike_R","Strike_R"],"score":500,"play_id":"3b5f49c7-afca-4772-939b-deba6caf8a87","local_time":"20190601201610","is_ascension_mode":true,"campfire_choices":[{"data":"Carnage","floor":6.0,"key":"SMITH"},{"data":"Feed","floor":8.0,"key":"SMITH"},{"data":"Bash","floor":15.0,"key":"SMITH"},{"floor":23,"key":"REST"}],"neow_cost":"NONE","seed_source_timestamp":12185851588661,"circlet_count":0,"master_deck":["AscendersBane","Strike_R","Strike_R","Strike_R","Defend_R","Defend_R","Defend_R","Defend_R","Bash+1","Feed+1","Carnage+1","Offering","Shrug It Off","Offering","Armaments+1"],"special_seed":0,"relics":["Burning Blood","PreservedInsect","Ginger","Runic Pyramid","Medical Kit","Potion Belt"],"potions_floor_usage":[25],"damage_taken":[{"damage":10.0,"enemies":"Small Slimes","floor":1.0,"turns":3.0},{"damage":1.0,"enemies":"Cultist","floor":2.0,"turns":3.0},{"damage":4.0,"enemies":"2 Louse","floor":4.0,"turns":2.0},{"damage":26.0,"enemies":"Lots of Slimes","floor":5.0,"turns":5.0},{"damage":0.0,"enemies":"Exordium Wildlife","floor":7.0,"turns":3.0},{"damage":18.0,"enemies":"Exordium Thugs","floor":10.0,"turns":5.0},{"damage":10.0,"enemies":"Large Slime","floor":13.0,"turns":2.0},{"damage":28.0,"enemies":"Lagavulin","floor":14.0,"turns":5.0},{"damage":42.0,"enemies":"The Guardian","floor":16.0,"turns":10.0},{"damage":12.0,"enemies":"Chosen","floor":18.0,"turns":4.0},{"damage":25,"enemies":"2 Thieves","floor":20,"turns":4},{"damage":63,"enemies":"Chosen and Byrds","floor":21,"turns":8},{"damage":36,"enemies":"Book of Stabbing","floor":24,"turns":4},{"damage":14,"enemies":"Snake Plant","floor":25,"turns":6}],"seed_played":"815190265801537258","potions_obtained":[{"floor":2.0,"key":"SkillPotion"},{"floor":5.0,"key":"PowerPotion"},{"floor":19.0,"key":"Explosive Potion"},{"floor":19.0,"key":"SneckoOil"},{"floor":21,"key":"SkillPotion"}],"is_trial":false,"path_per_floor":["M","M","?","M","M","R","M","R","T","M","$","T","M","E","R","B",null,"M","?","M","M","$","R","E","M"],"character_chosen":"IRONCLAD","items_purchased":["Medical Kit"],"campfire_rested":1,"item_purchase_floors":[22],"current_hp_per_floor":[67,75,75,80,63,63,72,72,72,64,64,64,64,46,46,10,79,77,77,62,9,9,43,17,3],"gold":63,"neow_bonus":"ONE_RANDOM_RARE_CARD","is_prod":false,"is_daily":false,"chose_seed":false,"campfire_upgraded":3,"win_rate":0,"timestamp":1559391370,"path_taken":["M","M","?","M","M","R","M","R","T","M","$","?","?","E","R","BOSS","M","?","M","?","$","R","E","M"],"build_version":"2019-01-23","purchased_purges":2,"victory":false,"max_hp_per_floor":[78,81,81,84,87,87,90,90,90,94,94,94,98,102,102,102,102,106,106,110,114,114,114,118,118],"card_choices":[{"not_picked":["Thunderclap","Wild Strike"],"picked":"Carnage","floor":1.0},{"not_picked":["Entrench","Pommel Strike","Anger"],"picked":"SKIP","floor":2.0},{"not_picked":["Corruption","Perfected Strike","Flex"],"picked":"SKIP","floor":4.0},{"not_picked":["Heavy Blade","True Grit","Blood for Blood"],"picked":"SKIP","floor":5.0},{"not_picked":["Twin Strike","Clash"],"picked":"Shrug It Off","floor":7.0},{"not_picked":["Thunderclap","Warcry","True Grit"],"picked":"SKIP","floor":10.0},{"not_picked":["Perfected Strike","Pommel Strike","Sentinel"],"picked":"SKIP","floor":13.0},{"not_picked":["Corruption","Reckless Charge","Pommel Strike"],"picked":"SKIP","floor":14.0},{"not_picked":["Feed","Double Tap"],"picked":"Offering","floor":16.0},{"not_picked":["Intimidate","Havoc","Thunderclap+1"],"picked":"SKIP","floor":18.0},{"not_picked":["Thunderclap","Heavy Blade+1","Pummel"],"picked":"SKIP","floor":20},{"not_picked":["Carnage","Warcry+1"],"picked":"Armaments+1","floor":21},{"not_picked":["Pommel Strike","Flex","Reckless Charge+1"],"picked":"SKIP","floor":24}],"player_experience":4973737,"relics_obtained":[{"floor":12.0,"key":"PreservedInsect"},{"floor":14.0,"key":"Ginger"},{"floor":24,"key":"Potion Belt"}],"event_choices":[{"damage_healed":0.0,"max_hp_gain":0.0,"max_hp_loss":0.0,"gold_gain":0.0,"event_name":"Match and Keep!","player_choice":"1 cards matched","floor":3.0,"gold_loss":0.0,"damage_taken":0.0,"cards_obtained":["Offering"]},{"damage_healed":0.0,"max_hp_gain":0.0,"max_hp_loss":0.0,"gold_gain":0.0,"event_name":"The Woman in Blue","player_choice":"Bought 2 Potions","floor":19.0,"gold_loss":0.0,"damage_taken":0.0}],"is_beta":false,"boss_relics":[{"not_picked":["Ectoplasm","Lizard Tail"],"picked":"Runic Pyramid"}],"items_purged_floors":[11,22],"is_endless":false,"potions_floor_spawned":[2,5,7,13,14,21],"killed_by":"Snake Plant","ascension_level":20}