{"gold_per_floor":[115,43,58,77,87,87,107,107,107,107,107,119,119,139,139,240,240,252,327,426,351,362,362,287,287,287,307,307,323,144,162,162,260,260,279,279,80,97,97,97,111,111,111,111,122,139,139,139,139,139],"floor_reached":51,"playtime":1480,"items_purged":["Strike_G","Strike_G","Strike_G"],"score":714,"play_id":"34c4d321-88f3-4d58-8fe1-c87711c20dc9","local_time":"20181014130742","is_ascension_mode":false,"campfire_choices":[{"data":"Catalyst","floor":6.0,"key":"SMITH"},{"data":"Catalyst","floor":8.0,"key":"SMITH"},{"data":"Crippling Poison","floor":11.0,"key":"SMITH"},{"data":"Footwork","floor":13.0,"key":"SMITH"},{"data":"Deadly Poison","floor":15.0,"key":"SMITH"},{"data":"Tools of the Trade","floor":23.0,"key":"SMITH"},{"data":"Neutralize","floor":25.0,"key":"SMITH"},{"data":"Survivor","floor":28.0,"key":"SMITH"},{"data":"Noxious Fumes","floor":32.0,"key":"SMITH"},{"data":"Night Terror","floor":40.0,"key":"SMITH"},{"data":"Deadly Poison","floor":42.0,"key":"SMITH"},{"floor":47,"key":"REST"},{"floor":49,"key":"REST"}],"neow_cost":"NONE","seed_source_timestamp":4917739449307,"circlet_count":0,"master_deck":["Defend_G","Defend_G","Defend_G","Defend_G","Defend_G","Strike_G","Survivor+1","Neutralize+1","Crippling Poison+1","Footwork+1","Catalyst+1","Catalyst+1","Deadly Poison+1","Tools of the Trade+1","After Image","Crippling Poison+1","Noxious Fumes+1","Prepared+1","Night Terror+1","Backflip","Deadly Poison+1","Footwork+1","Dash+1","Leg Sweep+1","Backflip+1"],"special_seed":0,"relics":["Cursed Key"],"potions_floor_usage":[],"damage_taken":[{"damage":0.0,"enemies":"Cultist","floor":1.0,"turns":4.0},{"damage":0.0,"enemies":"Small Slimes","floor":3.0,"turns":5.0},{"damage":5.0,"enemies":"Jaw Worm","floor":4.0,"turns":4.0},{"damage":2.0,"enemies":"Gremlin Gang","floor":5.0,"turns":5.0},{"damage":5.0,"enemies":"Exordium Wildlife","floor":7.0,"turns":6.0},{"damage":16.0,"enemies":"Large Slime","floor":12.0,"turns":11.0},{"damage":2.0,"enemies":"Exordium Thugs","floor":14.0,"turns":3.0},{"damage":8.0,"enemies":"Hexaghost","floor":16.0,"turns":4.0},{"damage":5.0,"enemies":"Shell Parasite","floor":18.0,"turns":4.0},{"damage":0.0,"enemies":"Chosen","floor":22.0,"turns":4.0},{"damage":7.0,"enemies":"Centurion and Healer","floor":27.0,"turns":5.0},{"damage":0.0,"enemies":"Shelled Parasite and Fungi","floor":29.0,"turns":4.0},{"damage":5.0,"enemies":"Snake Plant","floor":31.0,"turns":4.0},{"damage":0.0,"enemies":"Champ","floor":33.0,"turns":6.0},{"damage":1.0,"enemies":"Orb Walker","floor":35.0,"turns":3.0},{"damage":0.0,"enemies":"Mind Bloom Boss Battle","floor":36.0,"turns":7.0},{"damage":23.0,"enemies":"3 Darklings","floor":38.0,"turns":6.0},{"damage":2.0,"enemies":"Transient","floor":41.0,"turns":5.0},{"damage":12,"enemies":"Reptomancer","floor":45,"turns":2},{"damage":18,"enemies":"Spire Growth","floor":46,"turns":5},{"damage":20,"enemies":"Time Eater","floor":50,"turns":4}],"seed_played":"5475258463101152115","potions_obtained":[{"floor":4.0,"key":"SkillPotion"},{"floor":12.0,"key":"Dexterity Potion"},{"floor":14.0,"key":"GhostInAJar"},{"floor":31.0,"key":"GamblersBrew"},{"floor":33.0,"key":"SteroidPotion"},{"floor":41.0,"key":"GhostInAJar"}],"is_trial":false,"path_per_floor":["M","$","M","M","M","R","M","R","T","?","R","M","R","M","R","B",null,"M","?","?","$","M","R","?","R","T","M","R","M","$","M","R","B",null,"M","?","$","M","?","R","M","R","T","?","M","M","R","?","R","B"],"character_chosen":"THE_SILENT","items_purchased":["Footwork","Noxious Fumes","Footwork"],"campfire_rested":2,"item_purchase_floors":[2,30,37],"current_hp_per_floor":[70,70,70,65,63,63,58,58,58,63,63,47,47,45,45,37,75,70,63,63,63,63,63,63,63,63,56,56,56,56,51,51,51,75,74,74,74,51,51,51,49,49,49,49,37,19,40,40,61,41],"gold":139,"neow_bonus":"BOSS_RELIC","is_prod":false,"is_daily":false,"chose_seed":false,"campfire_upgraded":11,"win_rate":0,"timestamp":1539493662,"path_taken":["M","$","M","?","M","R","M","R","T","?","R","M","R","M","R","BOSS","M","?","?","$","M","R","?","R","T","?","R","M","$","M","R","BOSS","M","?","$","M","?","R","M","R","T","?","M","?","R","?","R","BOSS"],"build_version":"2018-10-11","purchased_purges":3,"victory":true,"max_hp_per_floor":[70,70,70,70,70,70,70,70,70,75,75,75,75,75,75,75,75,75,75,75,75,75,75,75,75,75,75,75,75,75,75,75,75,75,75,75,75,75,71,71,71,71,71,71,71,71,71,71,71,71],"card_choices":[{"not_picked":["Acrobatics","Poisoned Stab"],"picked":"Crippling Poison","floor":1.0},{"not_picked":["Blur","Blade Dance"],"picked":"Catalyst","floor":3.0},{"not_picked":["Outmaneuver","Caltrops","Cloak And Dagger"],"picked":"SKIP","floor":4.0},{"not_picked":["Cloak And Dagger","Sucker Punch","Dagger Throw"],"picked":"SKIP","floor":5.0},{"not_picked":["Underhanded Strike","Poisoned Stab"],"picked":"Catalyst","floor":7.0},{"not_picked":["Sucker Punch","Choke","Caltrops"],"picked":"SKIP","floor":12.0},{"not_picked":["Prepared","Bane"],"picked":"Deadly Poison","floor":14.0},{"not_picked":["Storm of Steel","After Image"],"picked":"Tools of the Trade","floor":16.0},{"not_picked":["Underhanded Strike","Acrobatics","Calculated Gamble"],"picked":"SKIP","floor":18.0},{"not_picked":["Bane","Infinite Blades","Flying Knee"],"picked":"SKIP","floor":22.0},{"not_picked":["Masterful Stab","Cloak And Dagger"],"picked":"After Image","floor":27.0},{"not_picked":["Flying Knee","Backstab"],"picked":"Crippling Poison+1","floor":29.0},{"not_picked":["Slice+1","Quick Slash"],"picked":"Prepared+1","floor":31.0},{"not_picked":["Tools of the Trade","Grand Finale"],"picked":"Night Terror","floor":33.0},{"not_picked":["Distraction+1","Flying Knee+1"],"picked":"Backflip","floor":35.0},{"not_picked":["All Out Attack+1","Eviscerate"],"picked":"Deadly Poison","floor":36.0},{"not_picked":["Dagger Spray","Underhanded Strike+1"],"picked":"Dash+1","floor":38.0},{"not_picked":["Predator","PiercingWail"],"picked":"Leg Sweep+1","floor":41.0},{"not_picked":["Underhanded Strike+1","Sucker Punch+1"],"picked":"Backflip+1","floor":45},{"not_picked":["Calculated Gamble+1","Bullet Time","Underhanded Strike"],"picked":"SKIP","floor":46}],"player_experience":183677,"relics_obtained":[],"event_choices":[{"event_name":"Big Fish","player_choice":"Donut","floor":10.0,"damage_taken":0.0},{"event_name":"FaceTrader","player_choice":"Touch","floor":19.0,"damage_taken":0.0},{"event_name":"Nest","player_choice":"Stole From Cult","floor":20.0,"damage_taken":0.0},{"event_name":"Beggar","player_choice":"Gave Gold","floor":24.0,"damage_taken":0.0},{"event_name":"MindBloom","player_choice":"Fight","floor":36.0,"damage_taken":0.0},{"event_name":"Winding Halls","player_choice":"Max HP","floor":39.0,"damage_taken":0.0},{"event_name":"Accursed Blacksmith","player_choice":"Forge","floor":44.0,"damage_taken":0.0},{"event_name":"Tomb of Lord Red Mask","player_choice":"Ignored","floor":48,"damage_taken":0}],"is_beta":false,"boss_relics":[{"not_picked":["Runic Dome","Coffee Dripper","Snecko Eye"]},{"not_picked":["Lizard Tail","Philosopher\u0027s Stone","Black Star"]}],"items_purged_floors":[21,30,37],"is_endless":false,"potions_floor_spawned":[4,12,14,16,22,31,33,41,45],"ascension_level":0}