{"gold_per_floor":[113,113,126,34,45,75,75,0,0,29,29,57,57,76,76,148,148,167,197,214,214,225,225,38,38,38,38,51,66,95,95,95,172,172,189,199,199,199,74,109,119,149,149,94,94,13,27,57,57,57],"floor_reached":51,"playtime":3849,"items_purged":["Defend_B","Clumsy","Decay"],"score":1588,"play_id":"31ca309e-4f14-4d26-b4de-ebc8727f241d","local_time":"20181012132328","is_ascension_mode":true,"campfire_choices":[{"data":"Zap","floor":7.0,"key":"SMITH"},{"data":"Defragment","floor":13.0,"key":"SMITH"},{"floor":15.0,"key":"REST"},{"data":"Dualcast","floor":23.0,"key":"SMITH"},{"data":"Hologram","floor":25.0,"key":"SMITH"},{"data":"Go for the Eyes","floor":27.0,"key":"SMITH"},{"data":"Thunder Strike","floor":32.0,"key":"SMITH"},{"data":"Barrage","floor":45,"key":"SMITH"},{"data":"Blizzard","floor":49,"key":"SMITH"}],"neow_cost":"CURSE","seed_source_timestamp":131539203645038,"circlet_count":0,"master_deck":["Strike_B+1","Strike_B","Defend_B","Defend_B","Defend_B","Zap+1","Dualcast+1","AscendersBane","Coolheaded","Hologram+1","Defragment+1","Conserve Battery","Streamline+1","Sweeping Beam","Turbo","Go for the Eyes+1","Buffer+1","Chill","Glacier","Coolheaded+1","Glacier","Self Repair+1","Thunder Strike+1","Seek","Loop+1","Reboot","Hologram","Gash","Ball Lightning","Barrage+1","Blizzard+1"],"special_seed":0,"relics":["Cracked Core","Incense Burner","Frozen Egg 2","Whetstone","Odd Mushroom","DataDisk","Sozu","Red Mask","Strawberry","Dream Catcher","Black Star","Pantograph","Darkstone Periapt","Calipers","Emotion Chip","Symbiotic Virus","Mummified Hand","Bottled Lightning"],"potions_floor_usage":[],"damage_taken":[{"damage":2.0,"enemies":"Cultist","floor":1.0,"turns":4.0},{"damage":7.0,"enemies":"Jaw Worm","floor":3.0,"turns":4.0},{"damage":0.0,"enemies":"2 Louse","floor":5.0,"turns":3.0},{"damage":2.0,"enemies":"Lagavulin","floor":6.0,"turns":7.0},{"damage":13.0,"enemies":"The Mushroom Lair","floor":10.0,"turns":4.0},{"damage":28.0,"enemies":"Gremlin Nob","floor":12.0,"turns":4.0},{"damage":0.0,"enemies":"2 Fungi Beasts","floor":14.0,"turns":2.0},{"damage":0.0,"enemies":"The Guardian","floor":16.0,"turns":13.0},{"damage":10.0,"enemies":"3 Byrds","floor":18.0,"turns":3.0},{"damage":0.0,"enemies":"Masked Bandits","floor":19.0,"turns":5.0},{"damage":16.0,"enemies":"2 Thieves","floor":20.0,"turns":4.0},{"damage":0.0,"enemies":"Chosen and Byrds","floor":22.0,"turns":8.0},{"damage":1.0,"enemies":"Centurion and Healer","floor":28.0,"turns":10.0},{"damage":0.0,"enemies":"Shelled Parasite and Fungi","floor":29.0,"turns":7.0},{"damage":23.0,"enemies":"Gremlin Leader","floor":30.0,"turns":11.0},{"damage":0.0,"enemies":"Collector","floor":33.0,"turns":14.0},{"damage":0.0,"enemies":"3 Shapes","floor":35.0,"turns":5.0},{"damage":6.0,"enemies":"Orb Walker","floor":36.0,"turns":3.0},{"damage":0,"enemies":"Nemesis","floor":40,"turns":9},{"damage":8,"enemies":"Spire Growth","floor":41,"turns":8},{"damage":12,"enemies":"Giant Head","floor":42,"turns":13},{"damage":0,"enemies":"Sphere and 2 Shapes","floor":47,"turns":6},{"damage":23,"enemies":"2 Orb Walkers","floor":48,"turns":7},{"damage":10,"enemies":"Awakened One","floor":50,"turns":19}],"seed_played":"5546066020936800141","potions_obtained":[{"floor":5.0,"key":"SkillPotion"},{"floor":14.0,"key":"SteroidPotion"},{"floor":16.0,"key":"Block Potion"}],"is_trial":false,"path_per_floor":["M","?","M","$","M","E","R","$","T","?","?","E","R","M","R","B",null,"M","?","M","?","M","R","$","R","T","R","M","M","E","?","R","B",null,"M","M","?","?","$","E","M","E","T","$","R","$","M","E","R","B"],"character_chosen":"DEFECT","items_purchased":["Defragment","Self Repair+1","Barrage","Blizzard"],"campfire_rested":1,"item_purchase_floors":[4,24,44,46],"current_hp_per_floor":[62,55,48,48,48,46,46,46,46,33,38,10,10,10,32,32,65,55,55,39,39,39,39,39,39,46,46,55,65,52,52,52,62,78,83,83,71,71,71,81,83,81,81,81,81,81,81,68,68,73],"gold":57,"neow_bonus":"ONE_RARE_RELIC","is_prod":false,"is_daily":false,"chose_seed":false,"campfire_upgraded":8,"win_rate":0,"timestamp":1539321808,"path_taken":["M","?","M","$","M","E","R","$","T","?","?","E","R","M","R","BOSS","M","?","M","?","M","R","$","R","T","R","?","M","E","?","R","BOSS","M","M","?","?","$","E","M","E","T","?","R","?","?","E","R","BOSS"],"build_version":"2018-10-11","purchased_purges":3,"victory":true,"max_hp_per_floor":[71,71,71,71,71,71,71,71,71,71,76,76,76,76,76,76,76,76,76,76,76,76,76,76,76,83,83,83,83,83,83,83,83,83,83,83,83,83,83,83,83,83,83,83,83,83,83,83,83,83],"card_choices":[{"not_picked":["Cold Snap","Turbo"],"picked":"Coolheaded","floor":1.0},{"not_picked":["Chaos","Aggregate"],"picked":"Hologram","floor":3.0},{"not_picked":["Undo","Gash"],"picked":"Conserve Battery","floor":5.0},{"not_picked":["Hologram","Barrage"],"picked":"Streamline","floor":6.0},{"not_picked":["Static Discharge+1","Coolheaded"],"picked":"Sweeping Beam","floor":10.0},{"not_picked":["Fusion","Scrape"],"picked":"Turbo","floor":12.0},{"not_picked":["Thunder Strike","Reinforced Body"],"picked":"Go for the Eyes","floor":14.0},{"not_picked":["Echo Form+1","Core Surge"],"picked":"Buffer+1","floor":16.0},{"not_picked":["Beam Cell","Stack"],"picked":"Chill","floor":18.0},{"not_picked":["Gash","Coolheaded+1"],"picked":"Glacier","floor":19.0},{"not_picked":["Undo","Hello World+1"],"picked":"Coolheaded+1","floor":20.0},{"not_picked":["Turbo+1","Double Energy"],"picked":"Glacier","floor":22.0},{"not_picked":["Leap+1","Scrape","Rebound"],"picked":"SKIP","floor":28.0},{"not_picked":["Static Discharge+1","Gash"],"picked":"Thunder Strike","floor":29.0},{"not_picked":["Thunder Strike","Melter"],"picked":"Seek","floor":30.0},{"not_picked":["Thunder Strike","Core Surge"],"picked":"Reboot","floor":33.0},{"not_picked":["Doom and Gloom","Streamline"],"picked":"Hologram","floor":35.0},{"not_picked":["Streamline","Barrage"],"picked":"Gash","floor":36.0},{"not_picked":["Hologram","Doom and Gloom","Conserve Battery"],"picked":"SKIP","floor":40},{"not_picked":["Beam Cell","Reboot","Chill+1"],"picked":"SKIP","floor":41},{"not_picked":["Rebound","Coolheaded+1"],"picked":"Ball Lightning","floor":42},{"not_picked":["Redo","Heatsinks+1","Rebound+1"],"picked":"SKIP","floor":47},{"not_picked":["Steam","Sweeping Beam","Conserve Battery+1"],"picked":"SKIP","floor":48}],"player_experience":301793,"relics_obtained":[{"floor":6.0,"key":"Frozen Egg 2"},{"floor":9.0,"key":"Whetstone"},{"floor":10.0,"key":"Odd Mushroom"},{"floor":12.0,"key":"DataDisk"},{"floor":19.0,"key":"Red Mask"},{"floor":26.0,"key":"Strawberry"},{"floor":30.0,"key":"Dream Catcher"},{"floor":40,"key":"Pantograph"},{"floor":40,"key":"Darkstone Periapt"},{"floor":42,"key":"Calipers"},{"floor":42,"key":"Emotion Chip"},{"floor":43,"key":"Symbiotic Virus"},{"floor":48,"key":"Mummified Hand"},{"floor":48,"key":"Bottled Lightning"}],"event_choices":[{"event_name":"Golden Wing","player_choice":"Card Removal","floor":2.0,"damage_taken":0.0},{"event_name":"Mushrooms","player_choice":"Fought Mushrooms","floor":10.0,"damage_taken":0.0},{"event_name":"Big Fish","player_choice":"Donut","floor":11.0,"damage_taken":0.0},{"event_name":"Masked Bandits","player_choice":"Fought Bandits","floor":19.0,"damage_taken":0.0},{"event_name":"Back to Basics","player_choice":"Elegance","floor":21.0,"damage_taken":0.0},{"event_name":"The Library","player_choice":"Read","floor":31.0,"damage_taken":0.0},{"event_name":"Wheel of Change","player_choice":"Damage","floor":37.0,"damage_taken":0.0},{"event_name":"Wheel of Change","player_choice":"Curse","floor":38,"damage_taken":0}],"is_beta":false,"boss_relics":[{"not_picked":["Eternal Feather","Runic Dome"],"picked":"Sozu"},{"not_picked":["Snecko Eye","Calling Bell"],"picked":"Black Star"}],"items_purged_floors":[8,24,39],"is_endless":false,"potions_floor_spawned":[5,14,16,22,29,30,36,42,48],"ascension_level":18}