{"gold_per_floor":[110,110,121,12,12,12,28,28,51,70,81,81,81,93,93,190,190,200,220,50,67,84,84,98,112,112,37,37,37,37,55,55,152,152,168,178,178,178,196,196,212,232,232,132,165,45,45,62,62,62],"floor_reached":51,"playtime":1914,"items_purged":["Strike_G","Strike_G","Defend_G","Strike_G"],"score":670,"play_id":"9dfd5a98-2968-4ae0-a76f-7661a4fbd7c7","local_time":"20181021162943","is_ascension_mode":false,"campfire_choices":[{"data":"Blind","floor":6.0,"key":"SMITH"},{"data":"Malaise","floor":8.0,"key":"SMITH"},{"data":"Catalyst","floor":13.0,"key":"SMITH"},{"data":"Deadly Poison","floor":15.0,"key":"SMITH"},{"data":"Well Laid Plans","floor":23.0,"key":"SMITH"},{"data":"Catalyst","floor":28.0,"key":"SMITH"},{"data":"Grand Finale","floor":32.0,"key":"SMITH"},{"floor":40.0,"key":"REST"},{"floor":47,"key":"REST"},{"data":"Deadly Poison","floor":49,"key":"SMITH"}],"neow_cost":"NONE","seed_source_timestamp":28764205459056,"circlet_count":0,"master_deck":["Defend_G","Defend_G","Defend_G","Defend_G","Strike_G","Survivor","Neutralize","Blind+1","Infinite Blades","Catalyst+1","Malaise+1","Deadly Poison+1","Backflip","Grand Finale+1","Backflip","Deadly Poison+1","Well Laid Plans+1","Terror","Catalyst+1","Night Terror","Jack Of All Trades","Grand Finale","Glass Knife","Backflip+1","Reflex+1","Footwork+1"],"special_seed":0,"relics":["Ring of the Snake","Bag of Marbles","Philosopher\u0027s Stone","The Courier","Sozu","Pantograph"],"potions_floor_usage":[50],"damage_taken":[{"damage":0.0,"enemies":"Small Slimes","floor":1.0,"turns":4.0},{"damage":0.0,"enemies":"Jaw Worm","floor":3.0,"turns":4.0},{"damage":0.0,"enemies":"2 Louse","floor":7.0,"turns":4.0},{"damage":0.0,"enemies":"Red Slaver","floor":10.0,"turns":5.0},{"damage":1.0,"enemies":"Blue Slaver","floor":11.0,"turns":4.0},{"damage":1.0,"enemies":"3 Louse","floor":14.0,"turns":4.0},{"damage":43.0,"enemies":"Hexaghost","floor":16.0,"turns":9.0},{"damage":1.0,"enemies":"2 Thieves","floor":18.0,"turns":2.0},{"damage":0.0,"enemies":"Chosen","floor":19.0,"turns":6.0},{"damage":0.0,"enemies":"Snake Plant","floor":21.0,"turns":2.0},{"damage":0.0,"enemies":"Snecko","floor":22.0,"turns":4.0},{"damage":9.0,"enemies":"Centurion and Healer","floor":24.0,"turns":6.0},{"damage":12.0,"enemies":"Snake Plant","floor":25.0,"turns":5.0},{"damage":14.0,"enemies":"Chosen and Byrds","floor":31.0,"turns":7.0},{"damage":37.0,"enemies":"Collector","floor":33.0,"turns":5.0},{"damage":0.0,"enemies":"3 Shapes","floor":35.0,"turns":11.0},{"damage":17.0,"enemies":"Orb Walker","floor":36.0,"turns":3.0},{"damage":5.0,"enemies":"Sphere and 2 Shapes","floor":39.0,"turns":7.0},{"damage":11.0,"enemies":"Transient","floor":41.0,"turns":3.0},{"damage":45,"enemies":"Jaw Worm Horde","floor":42,"turns":7},{"damage":0,"enemies":"Sphere and 2 Shapes","floor":45,"turns":5},{"damage":0,"enemies":"4 Shapes","floor":48,"turns":6},{"damage":37,"enemies":"Donu and Deca","floor":50,"turns":7}],"seed_played":"4989939014642847628","potions_obtained":[{"floor":1.0,"key":"Swift Potion"},{"floor":11.0,"key":"Block Potion"},{"floor":12.0,"key":"Fruit Juice"},{"floor":12.0,"key":"SkillPotion"},{"floor":12.0,"key":"Regen Potion"},{"floor":19.0,"key":"PowerPotion"},{"floor":24.0,"key":"AttackPotion"},{"floor":33.0,"key":"Energy Potion"}],"is_trial":false,"path_per_floor":["M","$","M","$","?","R","M","R","T","M","M","?","R","M","R","B",null,"M","M","$","M","M","R","M","M","T","?","R","$","$","M","R","B",null,"M","M","?","?","M","R","M","M","T","$","M","$","R","M","R","B"],"character_chosen":"THE_SILENT","items_purchased":["Catalyst","Well Laid Plans"],"campfire_rested":2,"item_purchase_floors":[4,20],"current_hp_per_floor":[70,70,70,70,70,70,70,70,70,70,69,74,74,73,73,30,75,74,74,74,74,74,74,65,68,68,68,68,68,68,54,54,17,75,75,58,58,58,53,75,64,19,19,19,19,19,41,41,41,29],"gold":62,"neow_bonus":"RANDOM_COLORLESS","is_prod":false,"is_daily":false,"chose_seed":false,"campfire_upgraded":8,"win_rate":0,"timestamp":1540110583,"path_taken":["M","$","M","$","?","R","M","R","T","?","M","?","R","M","R","BOSS","M","?","$","M","M","R","?","?","T","?","R","?","$","?","R","BOSS","M","M","?","?","M","R","?","M","T","$","M","$","R","M","R","BOSS"],"build_version":"2018-10-18","purchased_purges":4,"victory":true,"max_hp_per_floor":[70,70,70,70,70,70,70,70,70,70,70,75,75,75,75,75,75,75,75,75,75,75,75,75,75,75,75,75,75,75,75,75,75,75,75,75,75,75,75,75,75,75,75,75,75,75,75,75,75,75],"card_choices":[{"not_picked":["Flying Knee","Reflex","Dodge and Roll"],"picked":"SKIP","floor":1.0},{"not_picked":["Underhanded Strike","Blur"],"picked":"Infinite Blades","floor":3.0},{"not_picked":["Dodge and Roll","Riddle With Holes"],"picked":"Malaise","floor":7.0},{"not_picked":["Acrobatics","Reflex"],"picked":"Deadly Poison","floor":10.0},{"not_picked":["Eviscerate","Flying Knee"],"picked":"Backflip","floor":11.0},{"not_picked":["Dagger Throw","Terror","PiercingWail"],"picked":"SKIP","floor":14.0},{"not_picked":["A Thousand Cuts","Doppelganger"],"picked":"Grand Finale","floor":16.0},{"not_picked":["Flying Knee","Dagger Spray"],"picked":"Backflip","floor":18.0},{"not_picked":["Dash","Flechettes"],"picked":"Deadly Poison","floor":19.0},{"not_picked":["Terror","Underhanded Strike+1","Dodge and Roll"],"picked":"SKIP","floor":21.0},{"not_picked":["Underhanded Strike+1","Dodge and Roll"],"picked":"Terror","floor":21.0},{"not_picked":["Calculated Gamble","Blade Dance","Outmaneuver"],"picked":"SKIP","floor":22.0},{"not_picked":["Sucker Punch","Setup","Caltrops"],"picked":"SKIP","floor":24.0},{"not_picked":["Backstab","Dagger Throw"],"picked":"Catalyst","floor":25.0},{"not_picked":["Setup","Eviscerate+1","PiercingWail+1"],"picked":"SKIP","floor":31.0},{"not_picked":["Die Die Die","Bullet Time"],"picked":"Night Terror","floor":33.0},{"not_picked":["Concentrate","Underhanded Strike","Heel Hook+1"],"picked":"SKIP","floor":35.0},{"not_picked":["Blade Dance+1","Dagger Spray","Flying Knee"],"picked":"SKIP","floor":36.0},{"not_picked":["Flying Knee+1","Eviscerate","Calculated Gamble"],"picked":"SKIP","floor":39.0},{"not_picked":["Dash","Dagger Spray"],"picked":"Glass Knife","floor":41.0},{"not_picked":["Quick Slash+1","Sucker Punch"],"picked":"Backflip+1","floor":42},{"not_picked":["Concentrate","Endless Agony"],"picked":"Reflex+1","floor":45},{"not_picked":["Acrobatics+1","Backflip+1"],"picked":"Footwork+1","floor":48}],"player_experience":460199,"relics_obtained":[{"floor":9.0,"key":"Bag of Marbles"},{"floor":26.0,"key":"The Courier"},{"floor":43,"key":"Pantograph"}],"event_choices":[{"damage_healed":0.0,"max_hp_gain":0.0,"max_hp_loss":0.0,"gold_gain":0.0,"event_name":"The Cleric","player_choice":"Leave","floor":5.0,"gold_loss":0.0,"damage_taken":0.0},{"damage_healed":0.0,"max_hp_gain":0.0,"max_hp_loss":0.0,"gold_gain":0.0,"event_name":"The Lab","player_choice":"Got Potions","floor":12.0,"gold_loss":0.0,"damage_taken":0.0},{"cards_removed":["Strike_G"],"damage_healed":0.0,"max_hp_gain":0.0,"max_hp_loss":0.0,"gold_gain":0.0,"event_name":"Beggar","player_choice":"Gave Gold","floor":27.0,"gold_loss":75.0,"damage_taken":0.0},{"damage_healed":0.0,"max_hp_gain":0.0,"max_hp_loss":0.0,"gold_gain":0.0,"event_name":"WeMeetAgain","player_choice":"Ignored","floor":37.0,"gold_loss":0.0,"damage_taken":0.0},{"damage_healed":0.0,"max_hp_gain":0.0,"max_hp_loss":0.0,"gold_gain":0.0,"event_name":"Match and Keep!","player_choice":"2 cards matched","floor":38.0,"gold_loss":0.0,"damage_taken":0.0,"cards_obtained":["Jack Of All Trades","Grand Finale"]}],"is_beta":false,"boss_relics":[{"not_picked":["Busted Crown","Calling Bell"],"picked":"Philosopher\u0027s Stone"},{"not_picked":["White Beast Statue","Orrery"],"picked":"Sozu"}],"items_purged_floors":[4,20,44,46],"is_endless":false,"potions_floor_spawned":[1,11,14,19,21,24,33,39,41,45],"ascension_level":0}