{"path_per_floor":["M","?","M","$","?","R","$","?","T","M","R","$","M","M","R","B",null,"M","?","?","?","?","E","R","$","T","M","M","M","?","M","R","B",null,"M","$","?","?","M","R","E","R","T","E","M","R","M","M","R"],"character_chosen":"IRONCLAD","items_purchased":["Armaments","Happy Flower","Fiend Fire","Thread and Needle"],"gold_per_floor":[114,114,129,77,152,152,152,152,227,242,242,92,107,122,122,222,222,237,237,237,237,237,267,267,267,267,282,297,312,237,252,252,352,652,667,207,207,207,222,222,252,252,277,307,322,322,337,352,352],"floor_reached":50,"campfire_rested":4,"playtime":2114,"current_hp_per_floor":[80,85,83,83,72,72,72,55,61,65,65,65,74,88,88,56,97,86,86,86,70,70,74,74,74,80,80,71,63,63,51,81,27,127,111,111,111,111,96,96,57,95,108,39,33,75,37,24,66],"items_purged":[],"gold":352,"score":739,"play_id":"83112442-a507-4cd9-b5f0-d60f15f3dfde","local_time":"20180317194217","daily_mods":["Allstar","Cursed Run","Hoarder"],"is_prod":false,"is_daily":true,"is_ascension_mode":false,"campfire_upgraded":5,"timestamp":1521286937,"path_taken":["M","?","M","$","?","R","?","?","T","?","R","$","?","M","R","BOSS","M","?","?","?","?","E","R","$","T","?","M","M","?","M","R","BOSS","M","$","?","?","M","R","E","R","T","E","M","R","M","M","R","BOSS"],"build_version":"2018-03-15v2","purchased_purges":0,"victory":false,"master_deck":["Strike_R","Strike_R","Strike_R","Defend_R","Defend_R","Defend_R","Defend_R","Bash+1","Bandage Up","Bandage Up+1","Bandage Up","Secret Weapon","Secret Weapon+1","Secret Weapon","Armaments+1","Armaments+1","Armaments+1","Writhe","Writhe","Writhe","Parasite","Parasite","Parasite","Offering+1","Offering","Offering","Pommel Strike","Pommel Strike","Pommel Strike","Regret","Regret","Regret","True Grit","True Grit","True Grit","True Grit","True Grit","True Grit","Regret","Regret","Regret","Pain","Pain","Pain","Regret","Regret","Regret","Injury","Injury","Injury","Armaments+1","Armaments+1","Armaments","Fiend Fire","Fiend Fire","Fiend Fire","Seeing Red+1","Seeing Red","Seeing Red","Writhe","Writhe","Writhe","Perfected Strike","Perfected Strike","Perfected Strike","Havoc","Havoc","Havoc","Barricade","Barricade","Barricade","Shrug It Off+1","Shrug It Off","Shrug It Off"],"max_hp_per_floor":[80,85,85,85,85,85,85,85,91,91,91,91,91,91,91,97,97,97,97,97,97,97,97,97,97,103,103,103,103,103,103,103,109,127,127,127,127,127,127,127,127,127,140,140,140,140,140,140,140],"relics":["Cursed Key","Darkstone Periapt","Du-Vu Doll","Meat on the Bone","Happy Flower","Mark of Pain","Enchiridion","Bottled Lightning","Calling Bell","Ancient Tea Set","Old Coin","Mummified Hand","Thread and Needle","Anchor","Strawberry","Shovel"],"card_choices":[{"not_picked":["Bludgeon","Juggernaut"],"picked":"Offering"},{"not_picked":["Armaments","Body Slam"],"picked":"True Grit"},{"not_picked":["Feel No Pain","Anger"],"picked":"True Grit"},{"not_picked":["Entrench","Wild Strike"],"picked":"Armaments"},{"not_picked":["Wild Strike","Infernal Blade"],"picked":"Seeing Red"},{"not_picked":["Searing Blow","Dropkick"],"picked":"Perfected Strike"},{"not_picked":["Body Slam","Entrench"],"picked":"Havoc"},{"not_picked":["Clothesline","Flame Barrier"],"picked":"Barricade"},{"not_picked":["Inflame","Power Through"],"picked":"Shrug It Off"}],"player_experience":273809,"potions_floor_usage":[27,28,33,41,44,45,48,50,50],"damage_taken":[{"damage":0,"enemies":"2 Louse","floor":1,"turns":2},{"damage":6,"enemies":"Jaw Worm","floor":3,"turns":3},{"damage":12,"enemies":"Small Slimes","floor":10,"turns":5},{"damage":7,"enemies":"2 Fungi Beasts","floor":13,"turns":4},{"damage":2,"enemies":"Large Slime","floor":14,"turns":7},{"damage":56,"enemies":"The Guardian","floor":16,"turns":13},{"damage":27,"enemies":"Shell Parasite","floor":18,"turns":5},{"damage":8,"enemies":"Gremlin Leader","floor":23,"turns":2},{"damage":14,"enemies":"Spheric Guardian","floor":27,"turns":2},{"damage":15,"enemies":"Snake Plant","floor":28,"turns":2},{"damage":14,"enemies":"Chosen and Byrds","floor":29,"turns":4},{"damage":38,"enemies":"Cultist and Chosen","floor":31,"turns":4},{"damage":86,"enemies":"Collector","floor":33,"turns":9},{"damage":16,"enemies":"Orb Walker","floor":35,"turns":3},{"damage":29,"enemies":"3 Shapes","floor":39,"turns":5},{"damage":61,"enemies":"Giant Head","floor":41,"turns":7},{"damage":91,"enemies":"Nemesis","floor":44,"turns":7},{"damage":34,"enemies":"Maw","floor":45,"turns":5},{"damage":64,"enemies":"4 Shapes","floor":47,"turns":10},{"damage":31,"enemies":"3 Darklings","floor":48,"turns":6},{"damage":78,"enemies":"Time Eater","floor":50,"turns":6}],"event_choices":[{"event_name":"Big Fish","player_choice":"Donut","floor":2,"damage_taken":0},{"event_name":"World of Goop","player_choice":"Gather Gold","floor":5,"damage_taken":0},{"event_name":"Shining Light","player_choice":"Entered Light","floor":8,"damage_taken":0},{"event_name":"Upgrade Shrine","player_choice":"Upgraded","floor":19,"damage_taken":0},{"event_name":"The Library","player_choice":"Read","floor":20,"damage_taken":0},{"event_name":"Cursed Tome","player_choice":"Obtained Book","floor":21,"damage_taken":0},{"event_name":"The Lab","player_choice":"Got Potions","floor":22,"damage_taken":0},{"event_name":"Beggar","player_choice":"Gave Gold","floor":30,"damage_taken":0},{"event_name":"Tomb of Lord Red Mask","player_choice":"Ignored","floor":38,"damage_taken":0}],"boss_relics":[{"not_picked":["Velvet Choker","Runic Dome"],"picked":"Mark of Pain"},{"not_picked":["Tiny House","Black Star"],"picked":"Calling Bell"}],"potions_floor_spawned":[3,10,16,27,29,39,41,44,47],"seed_played":"8809221095910533381","killed_by":"Time Eater","ascension_level":0,"is_trial":false}