{"gold_per_floor":[116,16,31,50,67,67,85,115,115,143,156,190,190,206,206,285,285,301,351,24,39,39,39,129,129,153,153,169,169],"floor_reached":29,"playtime":675,"items_purged":[],"score":590,"play_id":"aa75221a-c6d5-43f7-8ce3-bd0286eae82c","local_time":"20190223233029","is_ascension_mode":true,"campfire_choices":[{"data":"Streamline","floor":6.0,"key":"SMITH"},{"data":"Defragment","floor":13,"key":"SMITH"},{"data":"Zap","floor":15,"key":"SMITH"},{"floor":23,"key":"REST"},{"data":"Hologram","floor":25,"key":"SMITH"},{"data":"Dualcast","floor":27,"key":"SMITH"}],"neow_cost":"NONE","seed_source_timestamp":0,"circlet_count":0,"master_deck":["AscendersBane","Strike_B","Strike_B","Strike_B","Strike_B","Defend_B","Defend_B","Defend_B","Defend_B","Zap+1","Dualcast+1","Ball Lightning","Streamline+1","Doom and Gloom","Go for the Eyes","Ball Lightning","Hologram+1","BootSequence","All For One","Defragment+1","Cold Snap","Glacier","Hologram","Rainbow","Hologram","Stack","Reinforced Body","Blizzard+1"],"special_seed":0,"relics":["Cracked Core","NeowsBlessing","Ancient Tea Set","Cables","Sundial","Molten Egg 2","Inserter","Membership Card","Centennial Puzzle","Oddly Smooth Stone"],"potions_floor_usage":[22],"damage_taken":[{"damage":0.0,"enemies":"Cultist","floor":1.0,"turns":1.0},{"damage":0.0,"enemies":"Jaw Worm","floor":3.0,"turns":1.0},{"damage":0.0,"enemies":"Small Slimes","floor":4.0,"turns":1.0},{"damage":6.0,"enemies":"Looter","floor":5.0,"turns":2.0},{"damage":23.0,"enemies":"Gremlin Gang","floor":7.0,"turns":4.0},{"damage":24.0,"enemies":"Gremlin Nob","floor":8.0,"turns":4.0},{"damage":10.0,"enemies":"Lagavulin","floor":10.0,"turns":5.0},{"damage":1,"enemies":"Large Slime","floor":11,"turns":4},{"damage":6,"enemies":"Gremlin Nob","floor":12,"turns":3},{"damage":0,"enemies":"Exordium Thugs","floor":14,"turns":3},{"damage":0,"enemies":"The Guardian","floor":16,"turns":9},{"damage":7,"enemies":"Chosen","floor":18,"turns":3},{"damage":6,"enemies":"Shell Parasite","floor":21,"turns":5},{"damage":23,"enemies":"Colosseum Slavers","floor":22,"turns":5},{"damage":16,"enemies":"Cultist and Chosen","floor":28,"turns":6},{"damage":4,"enemies":"Centurion and Healer","floor":29,"turns":1}],"seed_played":"1200465212277475355","potions_obtained":[{"floor":4.0,"key":"Regen Potion"},{"floor":5.0,"key":"AttackPotion"},{"floor":7.0,"key":"Block Potion"},{"floor":10.0,"key":"Strength Potion"},{"floor":11,"key":"Energy Potion"}],"is_trial":false,"path_per_floor":["M","$","M","M","M","R","M","E","T","E","M","E","R","M","R","B",null,"M","?","$","M","?","R","?","R","T","R","M","M"],"character_chosen":"DEFECT","items_purchased":["Streamline","Doom and Gloom","Membership Card","Stack","Centennial Puzzle"],"campfire_rested":1,"item_purchase_floors":[2,2,20,20,20],"current_hp_per_floor":[64,64,64,64,58,58,35,11,11,15,14,8,8,8,8,8,55,48,48,48,42,19,40,26,26,26,26,10,6],"gold":169,"neow_bonus":"THREE_ENEMY_KILL","is_prod":false,"is_daily":false,"chose_seed":false,"campfire_upgraded":5,"win_rate":0,"timestamp":1550935829,"path_taken":["M","?","M","M","M","R","M","E","T","E","?","E","R","M","R","BOSS","M","?","$","M","?","R","?","R","T","R","?","M"],"build_version":"2019-01-23","purchased_purges":0,"victory":false,"max_hp_per_floor":[71,71,71,71,71,71,71,71,71,71,71,71,71,71,71,71,71,71,71,71,71,71,71,71,71,71,71,71,71],"card_choices":[{"not_picked":["Barrage","Hello World"],"picked":"Ball Lightning","floor":1.0},{"not_picked":["Redo","Hello World"],"picked":"Go for the Eyes","floor":3.0},{"not_picked":["Tempest","Reprogram"],"picked":"Ball Lightning","floor":4.0},{"not_picked":["Sweeping Beam","Force Field"],"picked":"Hologram","floor":5.0},{"not_picked":["Double Energy","Steam Power"],"picked":"BootSequence","floor":7.0},{"not_picked":["Go for the Eyes","Stack"],"picked":"All For One","floor":8.0},{"not_picked":["Sweeping Beam","Reinforced Body"],"picked":"Defragment","floor":10.0},{"not_picked":["Stack","Barrage"],"picked":"Cold Snap","floor":11},{"not_picked":["Storm","Streamline"],"picked":"Glacier","floor":12},{"not_picked":["Redo","Cold Snap+1"],"picked":"Hologram","floor":14},{"not_picked":["Creative AI","Thunder Strike+1"],"picked":"Rainbow","floor":16},{"not_picked":["Barrage+1","Reprogram"],"picked":"Hologram","floor":18},{"not_picked":["Rip and Tear+1","Rebound+1"],"picked":"Reinforced Body","floor":21},{"not_picked":["Cold Snap+1","Lockon+1"],"picked":"Blizzard+1","floor":28}],"player_experience":953745,"relics_obtained":[{"floor":8.0,"key":"Ancient Tea Set"},{"floor":9.0,"key":"Cables"},{"floor":10.0,"key":"Sundial"},{"floor":12,"key":"Molten Egg 2"},{"floor":26,"key":"Oddly Smooth Stone"}],"event_choices":[{"damage_healed":0,"gold_gain":50,"player_choice":"Stole From Cult","damage_taken":0,"max_hp_gain":0,"max_hp_loss":0,"event_name":"Nest","floor":19,"gold_loss":0},{"damage_healed":0,"gold_gain":0,"player_choice":"Fight","damage_taken":0,"max_hp_gain":0,"max_hp_loss":0,"event_name":"Colosseum","floor":22,"gold_loss":0},{"damage_healed":0,"gold_gain":0,"player_choice":"Fled From Nobs","damage_taken":0,"max_hp_gain":0,"max_hp_loss":0,"event_name":"Colosseum","floor":22,"gold_loss":0},{"damage_healed":0,"gold_gain":90,"player_choice":"GOLD ","damage_taken":14,"max_hp_gain":0,"max_hp_loss":0,"event_name":"Knowing Skull","floor":24,"potions_obtained":[],"gold_loss":0,"cards_obtained":[]}],"is_beta":false,"boss_relics":[{"not_picked":["Fusion Hammer","Runic Pyramid"],"picked":"Inserter"}],"items_purged_floors":[],"is_endless":false,"potions_floor_spawned":[4,5,7,10,11,12,18],"killed_by":"Centurion and Healer","ascension_level":20}