{"gold_per_floor":[14,14,14,14,14,14,55,55,102,102,117,151,167,186,186,186],"floor_reached":16,"playtime":422,"items_purged":[],"score":216,"play_id":"1f2acc11-6a82-488f-ae2f-c48a71bf70c9","local_time":"20190222222512","is_ascension_mode":true,"campfire_choices":[{"data":"Chaos","floor":6.0,"key":"SMITH"},{"data":"Dualcast","floor":8.0,"key":"SMITH"},{"floor":10.0,"key":"REST"},{"data":"Zap","floor":15.0,"key":"SMITH"}],"neow_cost":"NO_GOLD","seed_source_timestamp":43540254583477,"circlet_count":0,"master_deck":["AscendersBane","Strike_B+1","Strike_B+1","Strike_B","Defend_B","Defend_B","Defend_B","Defend_B","Zap+1","Dualcast+1","Dramatic Entrance","Impatience","Undo","Chaos+1","Chill","Cold Snap","Chill","Undo"],"special_seed":0,"relics":["Cracked Core","Golden Idol","Lantern","Bag of Marbles","Regal Pillow","Darkstone Periapt"],"potions_floor_usage":[16],"damage_taken":[{"damage":0.0,"enemies":"Small Slimes","floor":1.0,"turns":2.0},{"damage":35.0,"enemies":"Gremlin Nob","floor":7.0,"turns":4.0},{"damage":0.0,"enemies":"Jaw Worm","floor":11.0,"turns":3.0},{"damage":9.0,"enemies":"3 Sentries","floor":12.0,"turns":8.0},{"damage":0.0,"enemies":"2 Louse","floor":13.0,"turns":2.0},{"damage":6.0,"enemies":"Exordium Thugs","floor":14.0,"turns":3.0},{"damage":24,"enemies":"Hexaghost","floor":16,"turns":11}],"seed_played":"-3097784465862451265","potions_obtained":[{"floor":7.0,"key":"PowerPotion"},{"floor":11.0,"key":"Dexterity Potion"}],"is_trial":false,"path_per_floor":["M","?","?","?","?","R","E","R","T","R","M","E","M","M","R","B"],"character_chosen":"DEFECT","items_purchased":[],"campfire_rested":1,"item_purchase_floors":[],"current_hp_per_floor":[64,64,45,40,40,40,5,5,5,39,39,30,30,24,24,0],"gold":186,"neow_bonus":"RANDOM_COLORLESS_2","is_prod":false,"is_daily":false,"chose_seed":false,"campfire_upgraded":3,"win_rate":0,"timestamp":1550845512,"path_taken":["M","?","?","?","?","R","E","R","T","R","?","E","M","M","R","BOSS"],"build_version":"2019-01-23","purchased_purges":0,"victory":false,"max_hp_per_floor":[71,64,64,64,64,64,64,64,64,64,64,64,64,64,64,64],"card_choices":[{"not_picked":["Gash","Rebound"],"picked":"Undo","floor":1.0},{"not_picked":["Steam","Sweeping Beam"],"picked":"Chill","floor":7.0},{"not_picked":["Conserve Battery","Aggregate"],"picked":"Cold Snap","floor":11.0},{"not_picked":["Amplify","Gash","Skim"],"picked":"SKIP","floor":12.0},{"not_picked":["Sweeping Beam","Steam"],"picked":"Chill","floor":13.0},{"not_picked":["Doom and Gloom","Darkness"],"picked":"Undo","floor":14.0}],"player_experience":3059753,"relics_obtained":[{"floor":7.0,"key":"Bag of Marbles"},{"floor":9.0,"key":"Regal Pillow"},{"floor":12.0,"key":"Darkstone Periapt"}],"event_choices":[{"damage_healed":0.0,"max_hp_gain":0.0,"max_hp_loss":7.0,"gold_gain":0.0,"event_name":"Golden Idol","player_choice":"Lose Max HP","floor":2.0,"gold_loss":0.0,"damage_taken":0.0,"relics_obtained":["Golden Idol"]},{"damage_healed":0.0,"max_hp_gain":0.0,"max_hp_loss":0.0,"gold_gain":0.0,"event_name":"Shining Light","player_choice":"Entered Light","floor":3.0,"gold_loss":0.0,"damage_taken":19.0,"cards_upgraded":["Strike_B","Strike_B"]},{"damage_healed":0.0,"max_hp_gain":0.0,"max_hp_loss":0.0,"gold_gain":0.0,"event_name":"Scrap Ooze","player_choice":"Success","floor":4.0,"gold_loss":0.0,"damage_taken":5.0,"relics_obtained":["Lantern"]},{"damage_healed":0.0,"max_hp_gain":0.0,"max_hp_loss":0.0,"gold_gain":0.0,"cards_transformed":["Strike_B"],"event_name":"Transmorgrifier","player_choice":"Transformed","floor":5.0,"gold_loss":0.0,"damage_taken":0.0,"cards_obtained":["Chaos"]}],"is_beta":false,"boss_relics":[],"items_purged_floors":[],"is_endless":false,"potions_floor_spawned":[7,11,14],"killed_by":"Hexaghost","ascension_level":20}