{"path_per_floor":["M","?","M","$","$","E","M","M","T","E","M","?","?","M","R","B",null,"M","M","?","?","?"],"character_chosen":"THE_SILENT","items_purchased":["Noxious Fumes"],"gold_per_floor":[117,117,133,94,19,52,65,84,108,136,147,397,397,407,407,506,506,520,538,453,453,453],"floor_reached":23,"campfire_rested":0,"playtime":1383,"current_hp_per_floor":[70,70,70,70,70,70,70,67,67,67,67,67,67,54,54,36,70,60,60,60,47,31],"items_purged":["Defend_G"],"gold":453,"score":251,"play_id":"93b934c9-a290-436a-a750-18ba810b6ca2","local_time":"20180308212044","is_prod":false,"is_daily":false,"is_ascension_mode":false,"campfire_upgraded":1,"timestamp":1520540444,"path_taken":["M","?","M","?","$","E","M","M","T","E","M","?","?","M","R","BOSS","M","?","?","?","?","E"],"build_version":"2018-03-01-PROD1","purchased_purges":1,"victory":false,"master_deck":["Defend_G","Defend_G","Defend_G","Defend_G","Strike_G","Strike_G","Strike_G","Strike_G","Survivor","Neutralize","Dash","Cloak And Dagger","Choke","Noxious Fumes","Deadly Poison","Predator+1","Distraction","Quick Slash+1","Outmaneuver","Terror+1","Bullet Time","Malaise","PiercingWail","Flash of Steel+1"],"max_hp_per_floor":[70,70,70,70,70,70,70,70,70,70,70,70,70,70,70,70,70,70,70,70,75,75],"relics":["Ring of the Snake","NeowsBlessing","Molten Egg 2","Bronze Scales","Happy Flower","Black Star","Ginger"],"card_choices":[{"not_picked":["Backflip","Cloak And Dagger"],"picked":"Dash"},{"not_picked":["Acrobatics","Poisoned Stab"],"picked":"Choke"},{"not_picked":["Bane","Flechettes"],"picked":"Deadly Poison"},{"not_picked":["Quick Slash","PiercingWail"],"picked":"Predator"},{"not_picked":["Backflip","Heel Hook"],"picked":"Distraction"},{"not_picked":["Flechettes","Poisoned Stab"],"picked":"Quick Slash"},{"not_picked":["Crippling Poison","Bane"],"picked":"Outmaneuver"},{"not_picked":["Calculated Gamble","PiercingWail"],"picked":"Terror"},{"not_picked":["Grand Finale","A Thousand Cuts"],"picked":"Bullet Time"},{"not_picked":["Poisoned Stab","Endless Agony"],"picked":"Malaise"},{"not_picked":["Dodge and Roll","Deflect"],"picked":"PiercingWail"}],"player_experience":126591,"potions_floor_usage":[10,10,16,23],"damage_taken":[{"damage":0,"enemies":"2 Louse","floor":1,"turns":1},{"damage":0,"enemies":"Cultist","floor":3,"turns":1},{"damage":0,"enemies":"3 Sentries","floor":6,"turns":1},{"damage":0,"enemies":"Small Slimes","floor":7,"turns":3},{"damage":3,"enemies":"3 Louse","floor":8,"turns":4},{"damage":0,"enemies":"Gremlin Nob","floor":10,"turns":3},{"damage":0,"enemies":"Gremlin Gang","floor":11,"turns":4},{"damage":13,"enemies":"Lots of Slimes","floor":14,"turns":3},{"damage":18,"enemies":"Hexaghost","floor":16,"turns":7},{"damage":10,"enemies":"2 Thieves","floor":18,"turns":4},{"damage":0,"enemies":"Chosen","floor":19,"turns":4},{"damage":34,"enemies":"Slavers","floor":23,"turns":2}],"event_choices":[{"event_name":"Transmorgrifier","player_choice":"Transform","floor":2,"damage_taken":0},{"event_name":"Golden Shrine","player_choice":"Desecrate","floor":12,"damage_taken":0},{"event_name":"Living Wall","player_choice":"Forget","floor":13,"damage_taken":0},{"event_name":"Addict","player_choice":"Obtained Relic","floor":20,"damage_taken":0},{"event_name":"Forgotten Altar","player_choice":"Shed Blood","floor":21,"damage_taken":0},{"event_name":"Knowing Skull","player_choice":"CARD ","floor":22,"damage_taken":0}],"boss_relics":[{"not_picked":["Velvet Choker","Eternal Feather"],"picked":"Black Star"}],"potions_floor_spawned":[1,6,8,11,14],"seed_played":"-7758244474151074284","killed_by":"Slavers","ascension_level":0,"is_trial":false}