{"gold_per_floor":[359,378,25,100,112,112,146,163,189,258,258],"floor_reached":11,"playtime":217,"items_purged":["Strike_G"],"score":146,"play_id":"89d88e18-9182-4803-9fc8-06065ccf0fc3","local_time":"20190322173218","is_ascension_mode":true,"campfire_choices":[{"data":"The Bomb","floor":6.0,"key":"SMITH"}],"neow_cost":"TEN_PERCENT_HP_LOSS","seed_source_timestamp":30781138237214,"circlet_count":0,"master_deck":["AscendersBane","Defend_G","Defend_G","Defend_G","Defend_G","Defend_G","Strike_G","Strike_G","Strike_G","Strike_G","Survivor","Neutralize","All Out Attack","Infinite Blades","Well Laid Plans","The Bomb+1","Concentrate","Dash"],"special_seed":0,"relics":["Ring of the Snake","Pen Nib","Bag of Preparation"],"potions_floor_usage":[],"damage_taken":[{"damage":0.0,"enemies":"2 Louse","floor":1.0,"turns":4.0},{"damage":0.0,"enemies":"Small Slimes","floor":2.0,"turns":4.0},{"damage":1.0,"enemies":"Cultist","floor":5.0,"turns":4.0},{"damage":29.0,"enemies":"Gremlin Nob","floor":7.0,"turns":4.0},{"damage":17.0,"enemies":"2 Fungi Beasts","floor":8.0,"turns":3.0},{"damage":0,"enemies":"Exordium Thugs","floor":11,"turns":1}],"seed_played":"6825465805822835230","potions_obtained":[{"floor":1.0,"key":"Poison Potion"},{"floor":8.0,"key":"Swift Potion"}],"is_trial":false,"path_per_floor":["M","M","$","?","M","R","E","M","T","?","M"],"character_chosen":"THE_SILENT","items_purchased":["Well Laid Plans","The Bomb"],"campfire_rested":0,"item_purchase_floors":[3,3],"current_hp_per_floor":[59,59,59,48,47,47,18,1,1,1,1],"gold":258,"neow_bonus":"TWO_FIFTY_GOLD","is_prod":false,"is_daily":false,"chose_seed":false,"campfire_upgraded":1,"win_rate":0,"timestamp":1553247138,"path_taken":["M","M","$","?","M","R","E","M","T","?","M"],"build_version":"2019-01-23","purchased_purges":1,"victory":false,"max_hp_per_floor":[60,60,60,60,60,60,60,60,60,60,60],"card_choices":[{"not_picked":["Reflex","Flechettes"],"picked":"All Out Attack","floor":1.0},{"not_picked":["Blade Dance","Bane"],"picked":"Infinite Blades","floor":2.0},{"not_picked":["Underhanded Strike","Deadly Poison","Bane"],"picked":"SKIP","floor":5.0},{"not_picked":["Terror","Underhanded Strike"],"picked":"Concentrate","floor":7.0},{"not_picked":["Poisoned Stab","Blur"],"picked":"Dash","floor":8.0}],"player_experience":3802587,"relics_obtained":[{"floor":7.0,"key":"Pen Nib"},{"floor":9.0,"key":"Bag of Preparation"}],"event_choices":[{"damage_healed":0.0,"max_hp_gain":0.0,"max_hp_loss":0.0,"gold_gain":75.0,"event_name":"World of Goop","player_choice":"Gather Gold","floor":4.0,"gold_loss":0.0,"damage_taken":11.0},{"damage_healed":0.0,"max_hp_gain":0.0,"max_hp_loss":0.0,"gold_gain":69.0,"event_name":"Golden Wing","player_choice":"Gained Gold","floor":10.0,"gold_loss":0.0,"damage_taken":0.0}],"is_beta":false,"boss_relics":[],"items_purged_floors":[3],"is_endless":false,"potions_floor_spawned":[1,8],"killed_by":"Exordium Thugs","ascension_level":20}