{"gold_per_floor":[119,119,5,18,32,32,59,59,59,59,59,59,59,73,73,150,150,169,188,219,219,219],"floor_reached":22,"playtime":451,"items_purged":["Strike_B"],"score":328,"play_id":"28f2ca97-1e48-4340-bb69-532d86aab66d","local_time":"20190131124826","is_ascension_mode":true,"campfire_choices":[{"data":"Recycle","floor":6,"key":"SMITH"},{"data":"Buffer","floor":8,"key":"SMITH"},{"data":"Dualcast","floor":10,"key":"SMITH"},{"data":"Zap","floor":15,"key":"SMITH"}],"neow_cost":"NONE","seed_source_timestamp":36473228263665,"circlet_count":0,"master_deck":["AscendersBane","Strike_B","Strike_B","Defend_B","Defend_B","Defend_B","Defend_B","Zap+1","Dualcast+1","Buffer+1","Recycle+1","FTL","Self Repair","Tempest","FTL","Meteor Strike","Redo+1","Tempest"],"relics":["Cracked Core","Dead Branch","Pear","Ginger","Fusion Hammer","Red Mask"],"potions_floor_usage":[7,16,16,16,16,20,20,20,22,22],"damage_taken":[{"damage":0,"enemies":"Jaw Worm","floor":1,"turns":3},{"damage":0,"enemies":"Cultist","floor":4,"turns":4},{"damage":1,"enemies":"2 Louse","floor":5,"turns":2},{"damage":18,"enemies":"Gremlin Nob","floor":7,"turns":4},{"damage":24,"enemies":"Exordium Thugs","floor":14,"turns":3},{"damage":24,"enemies":"Hexaghost","floor":16,"turns":8},{"damage":0,"enemies":"Spheric Guardian","floor":18,"turns":3},{"damage":14,"enemies":"3 Byrds","floor":19,"turns":3},{"damage":50,"enemies":"Masked Bandits","floor":20,"turns":4},{"damage":8,"enemies":"Snake Plant","floor":22,"turns":2}],"seed_played":"-7205076299222584758","potions_obtained":[{"floor":5,"key":"FearPotion"},{"floor":7,"key":"FocusPotion"},{"floor":11,"key":"Swift Potion"},{"floor":14,"key":"EntropicBrew"},{"floor":16,"key":"EntropicBrew"},{"floor":19,"key":"SpeedPotion"},{"floor":20,"key":"FocusPotion"}],"is_trial":false,"path_per_floor":["M","?","$","M","M","R","E","R","T","R","?","$","$","M","R","B",null,"M","M","?","?","M"],"character_chosen":"DEFECT","items_purchased":["Recycle"],"campfire_rested":0,"item_purchase_floors":[3],"current_hp_per_floor":[64,64,64,64,63,63,55,55,55,55,55,55,55,31,31,14,64,64,57,7,7,0],"gold":219,"neow_bonus":"ONE_RANDOM_RARE_CARD","is_prod":false,"is_daily":false,"chose_seed":false,"campfire_upgraded":4,"win_rate":0,"timestamp":1548910106,"path_taken":["M","?","$","?","M","R","E","R","T","R","?","?","$","M","R","BOSS","M","M","?","?","?"],"build_version":"2019-01-23","purchased_purges":1,"victory":false,"max_hp_per_floor":[71,71,71,71,71,71,81,81,81,81,81,81,81,81,81,81,81,81,81,81,81,81],"card_choices":[{"not_picked":["Go for the Eyes","Leap"],"picked":"Streamline","floor":1},{"not_picked":["Leap","Turbo"],"picked":"FTL","floor":4},{"not_picked":["Compile Driver","Steam"],"picked":"Self Repair","floor":5},{"not_picked":["Force Field","Sweeping Beam"],"picked":"Tempest","floor":7},{"not_picked":["Coolheaded","Force Field"],"picked":"FTL","floor":14},{"not_picked":["Buffer","Reboot"],"picked":"Meteor Strike","floor":16},{"not_picked":["Stack","Leap","Rip and Tear"],"picked":"SKIP","floor":18},{"not_picked":["Doom and Gloom","Redo","Beam Cell"],"picked":"SKIP","floor":19},{"not_picked":["Fusion","Barrage+1"],"picked":"Redo+1","floor":20}],"player_experience":2428848,"relics_obtained":[{"floor":7,"key":"Pear"},{"floor":9,"key":"Ginger"},{"floor":20,"key":"Red Mask"}],"event_choices":[{"cards_removed":["Streamline"],"damage_healed":0,"gold_gain":0,"player_choice":"Gave Card","damage_taken":0,"relics_obtained":["Dead Branch"],"max_hp_gain":0,"max_hp_loss":0,"event_name":"WeMeetAgain","floor":2,"gold_loss":0},{"damage_healed":0,"gold_gain":0,"player_choice":"Got Potions","damage_taken":0,"max_hp_gain":0,"max_hp_loss":0,"event_name":"Lab","floor":11,"gold_loss":0},{"damage_healed":0,"gold_gain":0,"player_choice":"Fought Bandits","damage_taken":0,"max_hp_gain":0,"max_hp_loss":0,"event_name":"Masked Bandits","floor":20,"gold_loss":0},{"damage_healed":0,"gold_gain":0,"cards_transformed":["Strike_B"],"player_choice":"Transformed","damage_taken":0,"max_hp_gain":0,"max_hp_loss":0,"event_name":"Transmorgrifier","floor":21,"gold_loss":0,"cards_obtained":["Tempest"]}],"is_beta":false,"boss_relics":[{"not_picked":["Orrery","Philosopher\u0027s Stone"],"picked":"Fusion Hammer"}],"items_purged_floors":[3],"is_endless":false,"potions_floor_spawned":[5,7,14,16,19,20],"killed_by":"Snake Plant","ascension_level":16}