{"gold_per_floor":[117,128,47,47,47,47,59,59,59,78,78,108,33,33,33,135,185,205,218,118,131,146,146,166,166,192,192,205,233,233,251,251,356,356,375,250,270,43,55,85,85,99,99,9,9,9,9,26,26,26],"floor_reached":51,"playtime":4203,"items_purged":["Strike_G","Strike_G","Strike_G","Defend_G"],"score":672,"play_id":"ba887df9-15b3-4f44-9958-1ec94e453417","local_time":"20181104134440","is_ascension_mode":false,"campfire_choices":[{"data":"Noxious Fumes","floor":6.0,"key":"SMITH"},{"data":"Neutralize","floor":8.0,"key":"SMITH"},{"data":"Survivor","floor":11.0,"key":"SMITH"},{"data":"Deadly Poison","floor":15.0,"key":"SMITH"},{"data":"Leg Sweep","floor":23.0,"key":"SMITH"},{"data":"Noxious Fumes","floor":27.0,"key":"SMITH"},{"data":"Blur","floor":30.0,"key":"SMITH"},{"data":"Defend_G","floor":32.0,"key":"SMITH"},{"data":"Footwork","floor":41,"key":"SMITH"},{"data":"Defend_G","floor":46,"key":"SMITH"}],"neow_cost":"NONE","seed_source_timestamp":10242718567656,"circlet_count":0,"master_deck":["Defend_G+1","Defend_G+1","Defend_G+1","Survivor+1","Neutralize+1","Infinite Blades+1","Noxious Fumes+1","Deadly Poison+1","Night Terror+1","Noxious Fumes+1","Leg Sweep+1","Cloak And Dagger+1","Blur+1","Bouncing Flask+1","Leg Sweep+1","Escape Plan+1","Envenom+1","Infinite Blades+1","Infinite Blades+1","Footwork+1","Adrenaline+1","Footwork+1","Footwork+1","Finesse+1","Impatience+1","Bandage Up+1"],"special_seed":0,"relics":["Ring of the Snake","Paper Crane","Turnip","Tiny House","Shuriken","Juzu Bracelet","Vajra","Coffee Dripper","Potion Belt","Dodecahedron","Mark of the Bloom"],"potions_floor_usage":[39,40,40,50],"damage_taken":[{"damage":5.0,"enemies":"Cultist","floor":1.0,"turns":6.0},{"damage":0.0,"enemies":"2 Louse","floor":2.0,"turns":3.0},{"damage":1.0,"enemies":"Small Slimes","floor":7.0,"turns":4.0},{"damage":2.0,"enemies":"Gremlin Gang","floor":10.0,"turns":6.0},{"damage":0.0,"enemies":"Lagavulin","floor":12.0,"turns":8.0},{"damage":14.0,"enemies":"The Guardian","floor":16.0,"turns":9.0},{"damage":7.0,"enemies":"2 Thieves","floor":18.0,"turns":4.0},{"damage":5.0,"enemies":"Spheric Guardian","floor":19.0,"turns":5.0},{"damage":11.0,"enemies":"Chosen and Byrds","floor":21.0,"turns":6.0},{"damage":4.0,"enemies":"3 Cultists","floor":22.0,"turns":5.0},{"damage":0.0,"enemies":"Snake Plant","floor":24.0,"turns":6.0},{"damage":0.0,"enemies":"Centurion and Healer","floor":28.0,"turns":7.0},{"damage":5.0,"enemies":"Gremlin Leader","floor":29.0,"turns":8.0},{"damage":0.0,"enemies":"Snecko","floor":31.0,"turns":5.0},{"damage":38.0,"enemies":"Collector","floor":33.0,"turns":9.0},{"damage":0.0,"enemies":"Orb Walker","floor":35.0,"turns":5.0},{"damage":0.0,"enemies":"3 Darklings","floor":37.0,"turns":5.0},{"damage":0,"enemies":"Transient","floor":39,"turns":5},{"damage":1,"enemies":"Reptomancer","floor":40,"turns":7},{"damage":0,"enemies":"Spire Growth","floor":42,"turns":7},{"damage":12,"enemies":"3 Darklings","floor":48,"turns":5},{"damage":31,"enemies":"Awakened One","floor":50,"turns":11}],"seed_played":"158058509175149800","potions_obtained":[{"floor":10.0,"key":"PowerPotion"},{"floor":17.0,"key":"Block Potion"},{"floor":19.0,"key":"SteroidPotion"},{"floor":21.0,"key":"Block Potion"},{"floor":28.0,"key":"PowerPotion"},{"floor":35.0,"key":"SkillPotion"},{"floor":39,"key":"Block Potion"}],"is_trial":false,"path_per_floor":["M","M","$","?","?","R","M","R","T","M","R","E","$","?","R","B",null,"M","M","$","M","M","R","M","T","T","R","M","E","R","M","R","B",null,"M","$","M","$","M","E","R","M","T","?","?","R","?","M","R","B",null],"character_chosen":"THE_SILENT","items_purchased":["Noxious Fumes","Footwork"],"campfire_rested":0,"item_purchase_floors":[3,38],"current_hp_per_floor":[65,65,65,65,65,65,64,64,64,62,62,62,62,62,62,48,75,68,63,63,52,48,48,48,48,48,48,48,43,43,43,43,5,75,75,75,75,75,75,74,74,74,74,74,64,64,64,52,52,21],"gold":26,"neow_bonus":"REMOVE_CARD","is_prod":false,"is_daily":false,"chose_seed":false,"campfire_upgraded":10,"win_rate":0,"timestamp":1541310280,"path_taken":["M","M","$","?","?","R","M","R","T","M","R","E","$","?","R","BOSS","M","M","$","M","M","R","M","?","T","R","M","E","R","M","R","BOSS","M","$","M","$","M","E","R","M","T","?","?","R","?","M","R","BOSS"],"build_version":"2018-11-01","purchased_purges":4,"victory":true,"max_hp_per_floor":[70,70,70,70,70,70,70,70,70,70,70,70,70,70,70,70,75,75,75,75,75,75,75,75,75,75,75,75,75,75,75,75,75,75,75,75,75,75,75,75,75,75,75,75,75,75,75,75,75,75],"card_choices":[{"not_picked":["Prepared","Dagger Throw"],"picked":"Infinite Blades","floor":1.0},{"not_picked":["Dodge and Roll","Deflect","Setup"],"picked":"SKIP","floor":2.0},{"not_picked":["Acrobatics","Outmaneuver","Flying Knee"],"picked":"SKIP","floor":7.0},{"not_picked":["Outmaneuver","PiercingWail","Cloak And Dagger"],"picked":"SKIP","floor":10.0},{"not_picked":["Phantasmal Killer","Flying Knee"],"picked":"Deadly Poison","floor":12.0},{"not_picked":["Wraith Form v2","Doppelganger"],"picked":"Night Terror","floor":16.0},{"not_picked":["Skewer","Underhanded Strike"],"picked":"Noxious Fumes","floor":17.0},{"not_picked":["Choke","Poisoned Stab"],"picked":"Leg Sweep","floor":18.0},{"not_picked":["PiercingWail","Quick Slash"],"picked":"Cloak And Dagger+1","floor":19.0},{"not_picked":["Endless Agony","Bane"],"picked":"Blur","floor":21.0},{"not_picked":["PiercingWail","Reflex"],"picked":"Bouncing Flask+1","floor":22.0},{"not_picked":["Acrobatics","Cloak And Dagger"],"picked":"Leg Sweep+1","floor":24.0},{"not_picked":["Quick Slash","Unload"],"picked":"Escape Plan","floor":28.0},{"not_picked":["Outmaneuver","Underhanded Strike","Unload"],"picked":"SKIP","floor":29.0},{"not_picked":["Eviscerate+1","Poisoned Stab","Dagger Spray+1"],"picked":"SKIP","floor":31.0},{"not_picked":["A Thousand Cuts","Doppelganger"],"picked":"Envenom","floor":33.0},{"not_picked":["Dagger Spray","Slice+1"],"picked":"Infinite Blades","floor":35.0},{"not_picked":["Leg Sweep","Slice+1"],"picked":"Infinite Blades+1","floor":37.0},{"not_picked":["Acrobatics","Dagger Spray"],"picked":"Adrenaline","floor":39},{"not_picked":["Flying Knee","Poisoned Stab"],"picked":"Footwork+1","floor":40},{"not_picked":["Prepared","Acrobatics+1"],"picked":"Footwork+1","floor":42},{"not_picked":["Secret Technique","Panacea"],"picked":"Finesse","floor":45},{"not_picked":["Madness","Good Instincts"],"picked":"Impatience","floor":45},{"not_picked":["PanicButton","Chrysalis"],"picked":"Bandage Up","floor":45},{"not_picked":["Poisoned Stab+1","Dagger Throw","Quick Slash"],"picked":"SKIP","floor":48}],"player_experience":856160,"relics_obtained":[{"floor":9.0,"key":"Paper Crane"},{"floor":12.0,"key":"Turnip"},{"floor":25.0,"key":"Shuriken"},{"floor":26.0,"key":"Juzu Bracelet"},{"floor":29.0,"key":"Vajra"},{"floor":40,"key":"Potion Belt"},{"floor":43,"key":"Dodecahedron"}],"event_choices":[{"cards_removed":["Strike_G"],"damage_healed":0.0,"max_hp_gain":0.0,"max_hp_loss":0.0,"gold_gain":0.0,"event_name":"Living Wall","player_choice":"Forget","floor":4.0,"gold_loss":0.0,"damage_taken":0.0},{"damage_healed":0.0,"max_hp_gain":0.0,"max_hp_loss":0.0,"gold_gain":0.0,"event_name":"The Cleric","player_choice":"Leave","floor":5.0,"gold_loss":0.0,"damage_taken":0.0},{"damage_healed":0.0,"max_hp_gain":0.0,"max_hp_loss":0.0,"gold_gain":0.0,"event_name":"Match and Keep!","player_choice":"0 cards matched","floor":14.0,"gold_loss":0.0,"damage_taken":0.0,"cards_obtained":[]},{"cards_removed":["Defend_G"],"damage_healed":0,"gold_gain":0,"player_choice":"Upgrade and Remove","damage_taken":0,"max_hp_gain":0,"max_hp_loss":0,"event_name":"Designer","floor":44,"gold_loss":90,"cards_upgraded":["Infinite Blades"]},{"damage_healed":0,"gold_gain":0,"player_choice":"Memory 3","damage_taken":10,"max_hp_gain":0,"max_hp_loss":0,"event_name":"SensoryStone","floor":45,"gold_loss":0},{"damage_healed":0,"gold_gain":0,"player_choice":"Upgrade","damage_taken":0,"relics_obtained":["Mark of the Bloom"],"max_hp_gain":0,"max_hp_loss":0,"event_name":"MindBloom","floor":47,"gold_loss":0,"cards_upgraded":["Defend_G","Escape Plan","Envenom","Infinite Blades","Adrenaline","Finesse","Impatience","Bandage Up"]}],"is_beta":false,"boss_relics":[{"not_picked":["Eternal Feather","Calling Bell"],"picked":"Tiny House"},{"not_picked":["Sozu","Orrery"],"picked":"Coffee Dripper"}],"items_purged_floors":[13,20,36,38],"is_endless":false,"potions_floor_spawned":[10,19,21,28,31,35,37,39],"ascension_level":0}