{"gold_per_floor":[113,113,127,52,71,71,105,105,128,42,58,58,58,58,58,135,135,155,80,80,90,15,46,46,46,46,46,72,82,82,98,98,172,172,192,82,96,96,107,123,123,156,156,189,189,514,529,558,558,558,558,558,558,78,106,106],"floor_reached":57,"playtime":3284,"items_purged":["Defend_G","Defend_G+1"],"score":3272,"play_id":"680ff55e-dadc-41c8-94f1-bb892a40b59a","local_time":"20190211182041","is_ascension_mode":true,"campfire_choices":[{"data":"Poisoned Stab","floor":6.0,"key":"SMITH"},{"data":"Neutralize","floor":8.0,"key":"SMITH"},{"data":"Expertise","floor":13.0,"key":"SMITH"},{"data":"Grand Finale","floor":15.0,"key":"SMITH"},{"data":"Acrobatics","floor":25.0,"key":"SMITH"},{"data":"Terror","floor":30.0,"key":"SMITH"},{"data":"Wraith Form v2","floor":32.0,"key":"SMITH"},{"floor":41.0,"key":"RECALL"},{"floor":49,"key":"DIG"},{"floor":53,"key":"DIG"}],"neow_cost":"CURSE","seed_source_timestamp":16880937239348,"circlet_count":0,"master_deck":["AscendersBane","Defend_G+1","Survivor+1","Neutralize+1","Clumsy","Grand Finale+1","Terror+1","Poisoned Stab+1","Expertise+1","Backflip+1","Wraith Form v2+1","Backflip+1","Acrobatics+1","After Image","After Image","Adrenaline","Flash of Steel","Finesse","Calculated Gamble+1","Escape Plan","Wraith Form v2+1"],"special_seed":0,"relics":["Ring of the Snake","War Paint","Snake Skull","Empty Cage","Happy Flower","Orichalcum","Runic Pyramid","Dodecahedron","Shovel","Centennial Puzzle","Old Coin","Art of War","The Specimen","Sundial","DollysMirror","Lantern","Pen Nib"],"potions_floor_usage":[56,56],"damage_taken":[{"damage":7.0,"enemies":"2 Louse","floor":1.0,"turns":3.0},{"damage":0.0,"enemies":"Jaw Worm","floor":3.0,"turns":4.0},{"damage":7.0,"enemies":"Small Slimes","floor":5.0,"turns":3.0},{"damage":39.0,"enemies":"3 Sentries","floor":7.0,"turns":14.0},{"damage":2.0,"enemies":"Gremlin Gang","floor":11.0,"turns":6.0},{"damage":12.0,"enemies":"Hexaghost","floor":16.0,"turns":9.0},{"damage":0.0,"enemies":"3 Byrds","floor":18.0,"turns":2.0},{"damage":1.0,"enemies":"Shell Parasite","floor":21.0,"turns":3.0},{"damage":11.0,"enemies":"Gremlin Leader","floor":23.0,"turns":5.0},{"damage":5.0,"enemies":"Snake Plant","floor":29.0,"turns":3.0},{"damage":0.0,"enemies":"3 Cultists","floor":31.0,"turns":1.0},{"damage":10.0,"enemies":"Automaton","floor":33.0,"turns":6.0},{"damage":0.0,"enemies":"3 Darklings","floor":35.0,"turns":2.0},{"damage":0.0,"enemies":"3 Shapes","floor":37.0,"turns":1.0},{"damage":0.0,"enemies":"Sphere and 2 Shapes","floor":39.0,"turns":3.0},{"damage":0.0,"enemies":"Maw","floor":40.0,"turns":3.0},{"damage":0.0,"enemies":"Reptomancer","floor":42.0,"turns":4.0},{"damage":0.0,"enemies":"Nemesis","floor":44.0,"turns":5.0},{"damage":0.0,"enemies":"Giant Head","floor":46.0,"turns":3.0},{"damage":0,"enemies":"Writhing Mass","floor":47,"turns":3},{"damage":0,"enemies":"Reptomancer","floor":48,"turns":2},{"damage":0,"enemies":"Awakened One","floor":50,"turns":7},{"damage":0,"enemies":"Time Eater","floor":51,"turns":7},{"damage":0,"enemies":"Shield and Spear","floor":55,"turns":4},{"damage":21,"enemies":"The Heart","floor":56,"turns":8}],"seed_played":"2287443468268479180","potions_obtained":[{"floor":3.0,"key":"LiquidBronze"},{"floor":5.0,"key":"PowerPotion"},{"floor":7.0,"key":"Regen Potion"},{"floor":18.0,"key":"PowerPotion"},{"floor":23.0,"key":"Ancient Potion"}],"is_trial":false,"path_per_floor":["M","?","M","?","M","R","E","R","T","$","M","?","R","?","R","B",null,"M","?","?","M","$","E","?","R","T","?","T","M","R","M","R","B",null,"M","?","M","?","M","M","R","E","T","E","?","E","M","E","R","B","B",null,"R","$","E","B",null],"character_chosen":"THE_SILENT","items_purchased":["Expertise","DollysMirror","Lantern"],"campfire_rested":0,"item_purchase_floors":[10,54,54],"current_hp_per_floor":[52,52,52,52,45,45,6,6,6,6,19,12,12,17,17,5,55,55,55,55,54,54,43,43,43,43,43,43,38,38,38,38,28,60,60,60,60,60,60,60,60,60,60,60,55,55,55,55,55,55,55,67,67,67,67,46],"gold":106,"neow_bonus":"THREE_RARE_CARDS","is_prod":false,"is_daily":false,"chose_seed":false,"campfire_upgraded":7,"win_rate":0,"timestamp":1549880441,"path_taken":["M","?","M","?","M","R","E","R","T","$","M","?","R","?","R","BOSS","M","?","?","?","$","E","?","R","T","?","?","M","R","M","R","BOSS","M","?","?","?","?","M","R","E","T","E","?","E","M","E","R","BOSS","BOSS","R","$","E","BOSS"],"build_version":"2019-01-23","purchased_purges":2,"victory":true,"max_hp_per_floor":[66,66,66,66,66,66,66,66,66,66,66,66,66,71,71,71,71,71,71,71,71,71,71,71,71,71,71,71,71,71,71,71,71,71,71,71,71,71,71,71,71,71,71,71,71,71,71,71,71,71,71,71,71,71,71,71],"card_choices":[{"not_picked":["Die Die Die","After Image"],"picked":"Grand Finale","floor":0.0},{"not_picked":["Reflex","Outmaneuver"],"picked":"Terror","floor":1.0},{"not_picked":["Skewer","Poisoned Stab","Reflex"],"picked":"SKIP","floor":3.0},{"not_picked":["Outmaneuver","PiercingWail"],"picked":"Poisoned Stab","floor":5.0},{"not_picked":["Concentrate","Finisher","Blur"],"picked":"SKIP","floor":7.0},{"not_picked":["All Out Attack","Dodge and Roll"],"picked":"Backflip","floor":11.0},{"not_picked":["Malaise","Bullet Time"],"picked":"Wraith Form v2","floor":16.0},{"not_picked":["Deflect+1","Leg Sweep"],"picked":"Backflip+1","floor":18.0},{"not_picked":["Bane+1","Terror","Quick Slash+1"],"picked":"SKIP","floor":21.0},{"not_picked":["Underhanded Strike","Prepared"],"picked":"Acrobatics","floor":23.0},{"not_picked":["Underhanded Strike","Reflex","Accuracy+1"],"picked":"SKIP","floor":29.0},{"not_picked":["Deadly Poison","Cloak And Dagger","Slice"],"picked":"SKIP","floor":31.0},{"not_picked":["Bullet Time","Doppelganger"],"picked":"After Image","floor":33.0},{"not_picked":["Flying Knee+1","Eviscerate","Deadly Poison"],"picked":"SKIP","floor":35.0},{"not_picked":["Sucker Punch","Deflect+1","Catalyst"],"picked":"SKIP","floor":37.0},{"not_picked":["Dagger Spray+1","Sucker Punch","Poisoned Stab"],"picked":"SKIP","floor":39.0},{"not_picked":["All Out Attack","PiercingWail","Footwork+1"],"picked":"SKIP","floor":40.0},{"not_picked":["Acrobatics+1","Masterful Stab+1"],"picked":"After Image","floor":42.0},{"not_picked":["Dagger Spray","Glass Knife"],"picked":"Adrenaline","floor":44.0},{"not_picked":["Chrysalis","Deep Breath"],"picked":"Flash of Steel","floor":45.0},{"not_picked":["Swift Strike","Mind Blast"],"picked":"Finesse","floor":45.0},{"not_picked":["Accuracy","Night Terror"],"picked":"Calculated Gamble+1","floor":46.0},{"not_picked":["Bouncing Flask","Bane","Acrobatics"],"picked":"SKIP","floor":47},{"not_picked":["Quick Slash","Cloak And Dagger"],"picked":"Escape Plan","floor":48},{"not_picked":["Choke","Expertise","Backflip"],"picked":"SKIP","floor":55}],"player_experience":2607611,"relics_obtained":[{"floor":7.0,"key":"War Paint"},{"floor":9.0,"key":"Snake Skull"},{"floor":23.0,"key":"Happy Flower"},{"floor":28.0,"key":"Orichalcum"},{"floor":42.0,"key":"Dodecahedron"},{"floor":43.0,"key":"Shovel"},{"floor":44.0,"key":"Centennial Puzzle"},{"floor":46.0,"key":"Old Coin"},{"floor":48,"key":"Art of War"},{"floor":49,"key":"The Specimen"},{"floor":53,"key":"Sundial"},{"floor":55,"key":"Pen Nib"}],"event_choices":[{"damage_healed":0.0,"max_hp_gain":0.0,"max_hp_loss":0.0,"gold_gain":0.0,"event_name":"Liars Game","player_choice":"Ignored","floor":2.0,"gold_loss":0.0,"damage_taken":0.0},{"cards_removed":["Strike_G"],"damage_healed":0.0,"max_hp_gain":0.0,"max_hp_loss":0.0,"gold_gain":0.0,"event_name":"The Cleric","player_choice":"Card Removal","floor":4.0,"gold_loss":75.0,"damage_taken":0.0},{"cards_removed":["Strike_G"],"damage_healed":0.0,"max_hp_gain":0.0,"max_hp_loss":0.0,"gold_gain":0.0,"event_name":"Golden Wing","player_choice":"Card Removal","floor":12.0,"gold_loss":0.0,"damage_taken":7.0},{"damage_healed":0.0,"max_hp_gain":5.0,"max_hp_loss":0.0,"gold_gain":0.0,"event_name":"Big Fish","player_choice":"Donut","floor":14.0,"gold_loss":0.0,"damage_taken":0.0},{"cards_removed":["Strike_G"],"damage_healed":0.0,"max_hp_gain":0.0,"max_hp_loss":0.0,"gold_gain":0.0,"event_name":"Beggar","player_choice":"Gave Gold","floor":19.0,"gold_loss":75.0,"damage_taken":0.0},{"cards_removed":["Defend_G"],"damage_healed":0.0,"max_hp_gain":0.0,"max_hp_loss":0.0,"gold_gain":0.0,"event_name":"Bonfire Elementals","player_choice":"Offered Basic","floor":20.0,"gold_loss":0.0,"damage_taken":0.0},{"damage_healed":0.0,"max_hp_gain":0.0,"max_hp_loss":0.0,"gold_gain":0.0,"event_name":"Vampires","player_choice":"Ignored","floor":24.0,"gold_loss":0.0,"damage_taken":0.0},{"damage_healed":0.0,"max_hp_gain":0.0,"max_hp_loss":0.0,"gold_gain":0.0,"event_name":"Ghosts","player_choice":"Ignored","floor":27.0,"gold_loss":0.0,"damage_taken":0.0},{"cards_removed":["Defend_G"],"damage_healed":0.0,"max_hp_gain":0.0,"max_hp_loss":0.0,"gold_gain":0.0,"event_name":"Designer","player_choice":"Upgrade and Remove","floor":36.0,"gold_loss":110.0,"damage_taken":0.0,"cards_upgraded":["Survivor"]},{"damage_healed":0.0,"max_hp_gain":0.0,"max_hp_loss":0.0,"gold_gain":0.0,"event_name":"Accursed Blacksmith","player_choice":"Forge","floor":38.0,"gold_loss":0.0,"damage_taken":0.0,"cards_upgraded":["Backflip"]},{"damage_healed":0.0,"max_hp_gain":0.0,"max_hp_loss":0.0,"gold_gain":0.0,"event_name":"SensoryStone","player_choice":"Memory 2","floor":45.0,"gold_loss":0.0,"damage_taken":5.0}],"is_beta":false,"boss_relics":[{"not_picked":["Fusion Hammer","Velvet Choker"],"picked":"Empty Cage"},{"not_picked":["Tiny House","Sozu"],"picked":"Runic Pyramid"}],"items_purged_floors":[22,54],"is_endless":false,"potions_floor_spawned":[3,5,7,18,23,31,35,37,48,55],"ascension_level":20}