{"gold_per_floor":[114,114,44,62,12,12,55,18,44,44,44,58,92,111,111,240,240,261,275,275,275,45,45,78,78,78,101,1,20,20],"floor_reached":30,"playtime":780,"items_purged":["Hello World+1","Strike_B"],"score":365,"play_id":"5f2db44f-61cd-41a0-95b8-8a12e0fb9817","local_time":"20181008004534","is_ascension_mode":true,"campfire_choices":[{"data":"Zap","floor":6.0,"key":"SMITH"},{"data":"Redo","floor":10.0,"key":"SMITH"},{"data":"Dualcast","floor":11.0,"key":"SMITH"},{"data":"Thunder Strike","floor":15.0,"key":"SMITH"},{"data":"Fission","floor":23.0,"key":"SMITH"},{"data":"Tempest","floor":25.0,"key":"SMITH"}],"neow_cost":"NONE","seed_source_timestamp":470972936398492,"circlet_count":0,"master_deck":["Defend_B","Defend_B","Defend_B","Zap+1","Dualcast+1","Redo+1","Thunder Strike+1","Tempest+1","Conserve Battery","Glacier","Seek","Fission+1","Defragment+1","Capacitor+1","Static Discharge","Ball Lightning+1","Self Repair+1","Barrage+1"],"special_seed":0,"relics":["Cracked Core","NeowsBlessing","Golden Idol","WingedGreaves","Bag of Preparation","Happy Flower","Astrolabe","Oddly Smooth Stone","Toxic Egg 2","Frozen Egg 2"],"potions_floor_usage":[30],"damage_taken":[{"damage":0.0,"enemies":"Cultist","floor":1.0,"turns":1.0},{"damage":0.0,"enemies":"2 Louse","floor":4.0,"turns":1.0},{"damage":0.0,"enemies":"3 Sentries","floor":7.0,"turns":1.0},{"damage":0.0,"enemies":"Jaw Worm","floor":12.0,"turns":2.0},{"damage":12.0,"enemies":"Lagavulin","floor":13.0,"turns":4.0},{"damage":0.0,"enemies":"Exordium Thugs","floor":14.0,"turns":4.0},{"damage":10.0,"enemies":"The Guardian","floor":16.0,"turns":10.0},{"damage":0.0,"enemies":"2 Thieves","floor":18.0,"turns":4.0},{"damage":14.0,"enemies":"Chosen","floor":19.0,"turns":8.0},{"damage":26.0,"enemies":"Gremlin Leader","floor":24.0,"turns":3.0},{"damage":18.0,"enemies":"Snake Plant","floor":27.0,"turns":3.0},{"damage":0.0,"enemies":"Snecko","floor":29.0,"turns":3.0},{"damage":17,"enemies":"Slavers","floor":30,"turns":2}],"seed_played":"-1345143687001355631","potions_obtained":[{"floor":4.0,"key":"FearPotion"},{"floor":12.0,"key":"Strength Potion"},{"floor":16.0,"key":"FearPotion"},{"floor":29.0,"key":"Strength Potion"}],"is_trial":false,"path_per_floor":["M","?","$","M","?","R","E","$","T","R","R","M","E","M","R","B",null,"M","M","?","?","$","R","E","R","T","M","$","M"],"character_chosen":"DEFECT","items_purchased":["Thunder Strike","Glacier","Oddly Smooth Stone"],"campfire_rested":0,"item_purchase_floors":[3,8,22],"current_hp_per_floor":[68,68,68,68,68,68,68,68,68,68,68,68,56,56,56,46,63,63,49,49,49,49,49,23,23,23,5,5,15,0],"gold":20,"neow_bonus":"THREE_ENEMY_KILL","is_prod":false,"is_daily":false,"chose_seed":false,"campfire_upgraded":6,"win_rate":0,"timestamp":1538930734,"path_taken":["M","?","?","?","?","R","E","$","T","R","R","M","E","M","R","BOSS","M","M","?","?","$","R","E","R","T","?","?","?","E"],"build_version":"2018-10-04v2","purchased_purges":2,"victory":false,"max_hp_per_floor":[75,69,69,69,69,69,69,69,69,69,69,69,69,69,69,69,69,69,69,69,69,69,69,69,69,69,69,69,69,69],"card_choices":[{"not_picked":["Rebound","Melter"],"picked":"Redo","floor":1.0},{"not_picked":["Steam","Barrage"],"picked":"Tempest","floor":4.0},{"not_picked":["Force Field","Cold Snap"],"picked":"Conserve Battery","floor":7.0},{"not_picked":["Heatsinks","Steam","Rebound"],"picked":"SKIP","floor":12.0},{"not_picked":["Recycle","Leap","Static Discharge"],"picked":"SKIP","floor":13.0},{"not_picked":["Turbo","Blizzard"],"picked":"Seek","floor":14.0},{"not_picked":["Rainbow","Multi-Cast"],"picked":"Fission","floor":16.0},{"not_picked":["Cold Snap","Sweeping Beam"],"picked":"Capacitor+1","floor":18.0},{"not_picked":["Steam","Hologram","Sweeping Beam"],"picked":"SKIP","floor":19.0},{"not_picked":["Beam Cell+1","White Noise"],"picked":"Ball Lightning+1","floor":24.0},{"not_picked":["Coolheaded+1","Storm+1"],"picked":"Self Repair+1","floor":27.0},{"not_picked":["Reprogram+1","Biased Cognition+1"],"picked":"Barrage+1","floor":29.0}],"player_experience":228816,"relics_obtained":[{"floor":7.0,"key":"WingedGreaves"},{"floor":9.0,"key":"Bag of Preparation"},{"floor":13.0,"key":"Happy Flower"},{"floor":24.0,"key":"Toxic Egg 2"},{"floor":26.0,"key":"Frozen Egg 2"}],"event_choices":[{"event_name":"Golden Idol","player_choice":"Lose Max HP","floor":2.0,"damage_taken":0.0},{"event_name":"The Cleric","player_choice":"Card Removal","floor":5.0,"damage_taken":0.0},{"event_name":"Transmorgrifier","player_choice":"Transform","floor":20.0,"damage_taken":0.0},{"event_name":"Vampires","player_choice":"Ignored","floor":21.0,"damage_taken":0.0}],"is_beta":false,"boss_relics":[{"not_picked":["Calling Bell","Eternal Feather"],"picked":"Astrolabe"}],"items_purged_floors":[22,28],"is_endless":false,"potions_floor_spawned":[4,12,16,18,29],"killed_by":"Slavers","ascension_level":6}