{"gold_per_floor":[113,62,62,62,82,82,108,108,108,120,120,158,174,218,218,218],"floor_reached":16,"playtime":380,"items_purged":[],"score":286,"play_id":"a351d8e5-2eb7-47c4-818d-f2d1ef34b9b5","local_time":"20181021234956","is_ascension_mode":true,"campfire_choices":[{"data":"Bash","floor":6,"key":"SMITH"},{"data":"Disarm","floor":8,"key":"SMITH"},{"data":"Perfected Strike","floor":15,"key":"SMITH"}],"neow_cost":"NONE","seed_source_timestamp":139697068842122,"circlet_count":0,"master_deck":["Strike_R","Strike_R","Strike_R","Strike_R","Defend_R","Defend_R+1","Defend_R+1","Defend_R","Bash+1","AscendersBane","Clash","Clash","Disarm+1","Perfected Strike+1","Limit Break","Perfected Strike","Reaper"],"relics":["Burning Blood","Maize","NeowsBlessing","DragonStarHat","War Paint","Pantograph","Golden Idol","Oddly Smooth Stone","Blood Vial"],"potions_floor_usage":[12,16],"damage_taken":[{"damage":0,"enemies":"Small Slimes","floor":1,"turns":1},{"damage":0,"enemies":"Cultist","floor":5,"turns":1},{"damage":0,"enemies":"3 Sentries","floor":7,"turns":2},{"damage":0,"enemies":"Jaw Worm","floor":10,"turns":3},{"damage":8,"enemies":"Lagavulin","floor":12,"turns":5},{"damage":0,"enemies":"2 Fungi Beasts","floor":13,"turns":3},{"damage":20,"enemies":"3 Sentries","floor":14,"turns":9},{"damage":19,"enemies":"Hexaghost","floor":16,"turns":5}],"seed_played":"-7965206775062115306","potions_obtained":[{"floor":7,"key":"Dexterity Potion"},{"floor":10,"key":"BloodPotion"},{"floor":13,"key":"SneckoOil"},{"floor":14,"key":"PowerPotion"}],"is_trial":false,"path_per_floor":["M","$","?","?","M","R","E","R","T","M","?","E","M","E","R"],"character_chosen":"IRONCLAD","items_purchased":["Clash"],"campfire_rested":0,"item_purchase_floors":[2],"current_hp_per_floor":[74,74,74,67,73,73,75,75,75,75,49,54,60,46,46,54],"gold":218,"neow_bonus":"THREE_ENEMY_KILL","is_prod":false,"is_daily":false,"chose_seed":false,"campfire_upgraded":3,"win_rate":0,"timestamp":1540136996,"path_taken":["M","$","?","?","M","R","E","R","T","M","?","E","?","E","R","BOSS"],"build_version":"2018-10-18","purchased_purges":0,"victory":false,"max_hp_per_floor":[75,75,75,75,75,75,75,75,75,75,75,75,75,75,75,75],"card_choices":[{"not_picked":["Clash","Wild Strike"],"picked":"Sword Boomerang","floor":1},{"not_picked":["Warcry","Body Slam"],"picked":"Clash","floor":5},{"not_picked":["Carnage","Rupture"],"picked":"Disarm","floor":7},{"not_picked":["Shockwave","Shrug It Off"],"picked":"Perfected Strike","floor":10},{"not_picked":["Power Through","Rampage"],"picked":"Limit Break","floor":12},{"not_picked":["Sword Boomerang","Uppercut"],"picked":"Perfected Strike","floor":13},{"not_picked":["Wild Strike","Clothesline"],"picked":"Reaper","floor":14}],"player_experience":354040,"relics_obtained":[{"floor":7,"key":"War Paint"},{"floor":9,"key":"Pantograph"},{"floor":12,"key":"Oddly Smooth Stone"},{"floor":14,"key":"Blood Vial"}],"event_choices":[{"cards_removed":["Sword Boomerang"],"damage_healed":0,"gold_gain":0,"player_choice":"Gave Card","damage_taken":0,"relics_obtained":["DragonStarHat"],"max_hp_gain":0,"max_hp_loss":0,"event_name":"WeMeetAgain","floor":3,"gold_loss":0},{"cards_removed":["Strike_R"],"damage_healed":0,"gold_gain":0,"player_choice":"Card Removal","damage_taken":7,"max_hp_gain":0,"max_hp_loss":0,"event_name":"Golden Wing","floor":4,"gold_loss":0},{"damage_healed":0,"gold_gain":0,"player_choice":"Take Damage","damage_taken":26,"relics_obtained":["Golden Idol"],"max_hp_gain":0,"max_hp_loss":0,"event_name":"Golden Idol","floor":11,"gold_loss":0}],"is_beta":false,"boss_relics":[],"items_purged_floors":[],"is_endless":false,"potions_floor_spawned":[7,10,13,14],"killed_by":"Hexaghost","ascension_level":20}