{"gold_per_floor":[116,128,148,12,30,30,41,41,41,41,73,89,100,100,100,177,177,194,119,135,147,72,72,102,102,102,102,102],"floor_reached":28,"playtime":715,"items_purged":["Strike_B"],"score":484,"play_id":"0a6ecb71-909f-4d2b-b75f-60f90733cf6a","local_time":"20190611230600","is_ascension_mode":true,"campfire_choices":[{"data":"Coolheaded","floor":6.0,"key":"SMITH"},{"data":"Loop","floor":8.0,"key":"SMITH"},{"data":"Coolheaded","floor":10.0,"key":"SMITH"},{"data":"Redo","floor":15.0,"key":"SMITH"},{"data":"Defragment","floor":23.0,"key":"SMITH"},{"floor":27,"key":"REST"}],"neow_cost":"TEN_PERCENT_HP_LOSS","seed_source_timestamp":11180755792321,"circlet_count":0,"master_deck":["AscendersBane","Strike_B","Strike_B","Defend_B","Defend_B","Defend_B","Defend_B","Zap","Dualcast","Ball Lightning","Storm","Storm","Coolheaded+1","Coolheaded+1","Loop+1","Conserve Battery","Undo","Buffer+1","Electrodynamics+1","Beam Cell+1","Defragment+1","Capacitor","Sunder"],"special_seed":0,"relics":["Cracked Core","Bird Faced Urn","Pantograph","Sundial","Astrolabe","Darkstone Periapt","StoneCalendar"],"potions_floor_usage":[25,28],"damage_taken":[{"damage":1.0,"enemies":"Cultist","floor":1.0,"turns":3.0},{"damage":0.0,"enemies":"2 Louse","floor":2.0,"turns":1.0},{"damage":9.0,"enemies":"Small Slimes","floor":3.0,"turns":4.0},{"damage":21.0,"enemies":"Blue Slaver","floor":5.0,"turns":3.0},{"damage":17.0,"enemies":"Exordium Wildlife","floor":7.0,"turns":7.0},{"damage":16.0,"enemies":"Lagavulin","floor":11.0,"turns":7.0},{"damage":13.0,"enemies":"Exordium Thugs","floor":12.0,"turns":4.0},{"damage":1.0,"enemies":"2 Fungi Beasts","floor":13.0,"turns":3.0},{"damage":29.0,"enemies":"The Guardian","floor":16.0,"turns":14.0},{"damage":11.0,"enemies":"Spheric Guardian","floor":18.0,"turns":3.0},{"damage":22.0,"enemies":"2 Thieves","floor":20.0,"turns":3.0},{"damage":18.0,"enemies":"Snecko","floor":21.0,"turns":4.0},{"damage":33.0,"enemies":"Gremlin Leader","floor":24.0,"turns":6.0},{"damage":0,"enemies":"Cultist and Chosen","floor":25,"turns":1},{"damage":46,"enemies":"Shelled Parasite and Fungi","floor":28,"turns":4}],"seed_played":"3094428446251596545","potions_obtained":[{"floor":1.0,"key":"Dexterity Potion"},{"floor":13.0,"key":"FearPotion"},{"floor":16.0,"key":"EntropicBrew"},{"floor":18.0,"key":"SmokeBomb"}],"is_trial":false,"path_per_floor":["M","M","M","$","M","R","M","R","T","R","E","M","M","?","R","B",null,"M","?","M","M","$","R","E","M","T","R","M"],"character_chosen":"DEFECT","items_purchased":["Storm","Coolheaded"],"campfire_rested":1,"item_purchase_floors":[4,4],"current_hp_per_floor":[63,63,56,56,41,41,30,30,30,30,22,17,22,38,38,41,58,55,55,41,35,35,35,14,14,14,32,0],"gold":102,"neow_bonus":"ONE_RARE_RELIC","is_prod":false,"is_daily":false,"chose_seed":false,"campfire_upgraded":5,"win_rate":0,"timestamp":1560261960,"path_taken":["M","M","M","$","M","R","M","R","T","R","E","M","?","?","R","BOSS","M","?","M","M","$","R","E","M","T","R","M"],"build_version":"2019-01-23","purchased_purges":1,"victory":false,"max_hp_per_floor":[64,64,64,64,64,64,64,64,64,64,64,64,64,64,64,64,64,64,61,61,61,61,61,61,61,61,61,61],"card_choices":[{"not_picked":["Genetic Algorithm","Gash"],"picked":"Ball Lightning","floor":1.0},{"not_picked":["Compile Driver","Turbo"],"picked":"Storm","floor":2.0},{"not_picked":["Redo","Streamline"],"picked":"Storm","floor":3.0},{"not_picked":["Genetic Algorithm","Redo"],"picked":"Coolheaded","floor":5.0},{"not_picked":["Redo","FTL"],"picked":"Loop","floor":7.0},{"not_picked":["Meteor Strike","Stack"],"picked":"Conserve Battery","floor":11.0},{"not_picked":["Rebound","Beam Cell"],"picked":"Redo","floor":12.0},{"not_picked":["Hologram","Go for the Eyes"],"picked":"Undo","floor":13.0},{"not_picked":["Coolheaded","Glacier"],"picked":"Defragment","floor":18.0},{"not_picked":["Chill","Beam Cell"],"picked":"Capacitor","floor":20.0},{"not_picked":["Conserve Battery","Capacitor"],"picked":"Sunder","floor":21.0},{"not_picked":["Ball Lightning","Barrage","Rebound"],"picked":"SKIP","floor":24.0}],"player_experience":583200,"relics_obtained":[{"floor":9.0,"key":"Pantograph"},{"floor":11.0,"key":"Sundial"},{"floor":24.0,"key":"Darkstone Periapt"},{"floor":26,"key":"StoneCalendar"}],"event_choices":[{"damage_healed":16.0,"max_hp_gain":0.0,"max_hp_loss":0.0,"gold_gain":0.0,"event_name":"Mushrooms","player_choice":"Healed and dodged fight","floor":14.0,"gold_loss":0.0,"damage_taken":0.0,"cards_obtained":["Parasite"]},{"cards_removed":["Parasite"],"damage_healed":0.0,"max_hp_gain":0.0,"max_hp_loss":0.0,"gold_gain":0.0,"event_name":"Beggar","player_choice":"Gave Gold","floor":19.0,"gold_loss":75.0,"damage_taken":0.0}],"is_beta":false,"boss_relics":[{"not_picked":["Busted Crown","FrozenCore"],"picked":"Astrolabe"}],"items_purged_floors":[22],"is_endless":false,"potions_floor_spawned":[1,13,16,18,20,25],"killed_by":"Shelled Parasite and Fungi","ascension_level":20}