{"gold_per_floor":[112,126,126,89,100,100,100,100,100,100,100,110,110,68,68,68],"floor_reached":16,"playtime":360,"items_purged":[],"score":198,"play_id":"bb5b4356-3f3a-4bb3-8590-7661da8715b4","local_time":"20190130155509","is_ascension_mode":true,"campfire_choices":[{"data":"Well Laid Plans","floor":6,"key":"SMITH"},{"data":"Acrobatics","floor":8,"key":"SMITH"},{"data":"Acrobatics","floor":10,"key":"SMITH"},{"data":"Neutralize","floor":13,"key":"SMITH"},{"data":"Flechettes","floor":15,"key":"SMITH"}],"neow_cost":"NONE","seed_source_timestamp":15396160625634,"circlet_count":0,"master_deck":["AscendersBane","Defend_G","Defend_G","Defend_G","Defend_G","Defend_G","Strike_G","Strike_G","Strike_G","Strike_G","Strike_G","Survivor","Neutralize+1","Acrobatics+1","Well Laid Plans+1","Acrobatics+1","Flechettes+1"],"relics":["Ring of the Snake","AscMod:CursedFlame","AscMod:MegaStarOfAscension","AscMod:CursedBank","NeowsBlessing","Calipers","Ice Cream"],"potions_floor_usage":[],"damage_taken":[{"damage":0,"enemies":"Small Slimes","floor":1,"turns":1},{"damage":0,"enemies":"2 Louse","floor":2,"turns":1},{"damage":0,"enemies":"Cultist","floor":5,"turns":1},{"damage":1,"enemies":"Blue Slaver","floor":12,"turns":9},{"damage":15,"enemies":"Hexaghost","floor":16,"turns":12}],"seed_played":"-56566569479185610","potions_obtained":[],"is_trial":false,"path_per_floor":["M","M","?","$","M","R","?","R","T","R","?","M","R","$","R","B"],"character_chosen":"THE_SILENT","items_purchased":["Well Laid Plans","Flechettes"],"campfire_rested":0,"item_purchase_floors":[4,14],"current_hp_per_floor":[59,59,63,63,63,63,63,63,63,63,45,44,44,44,44,29],"gold":68,"neow_bonus":"THREE_ENEMY_KILL","is_prod":false,"is_daily":false,"chose_seed":false,"campfire_upgraded":5,"win_rate":0,"timestamp":1548834909,"path_taken":["M","M","?","$","M","R","?","R","T","R","?","M","R","$","R","BOSS"],"build_version":"2019-01-23","purchased_purges":0,"victory":false,"max_hp_per_floor":[66,66,71,71,71,71,71,71,71,71,71,71,71,71,71,71],"card_choices":[{"not_picked":["Sucker Punch","Dodge and Roll"],"picked":"Acrobatics","floor":1},{"not_picked":["PiercingWail","Bane","Expertise"],"picked":"SKIP","floor":2},{"not_picked":["Quick Slash","Cloak And Dagger"],"picked":"Acrobatics","floor":5},{"not_picked":["Poisoned Stab","Accuracy","Leg Sweep"],"picked":"SKIP","floor":12}],"player_experience":2406687,"relics_obtained":[{"floor":9,"key":"Calipers"}],"event_choices":[{"damage_healed":0,"gold_gain":0,"player_choice":"Donut","damage_taken":0,"max_hp_gain":5,"max_hp_loss":0,"event_name":"Big Fish","floor":3,"gold_loss":0},{"damage_healed":0,"gold_gain":0,"player_choice":"Ignored","damage_taken":0,"max_hp_gain":0,"max_hp_loss":0,"event_name":"Liars Game","floor":7,"gold_loss":0},{"damage_healed":0,"gold_gain":0,"player_choice":"Success","damage_taken":18,"relics_obtained":["Ice Cream"],"max_hp_gain":0,"max_hp_loss":0,"event_name":"Scrap Ooze","floor":11,"gold_loss":0}],"is_beta":false,"boss_relics":[],"items_purged_floors":[],"is_endless":false,"potions_floor_spawned":[],"killed_by":"Hexaghost","ascension_level":25}