{"gold_per_floor":[110,110,35,35,54,54,85,85,133,147,64,90,105,5,5,5],"floor_reached":16,"playtime":251,"items_purged":["Strike_G","Strike_G"],"score":291,"play_id":"b5d5eccf-ad26-465d-b19b-109bfc013048","local_time":"20190205042332","is_ascension_mode":true,"campfire_choices":[{"data":"Caltrops","floor":6.0,"key":"SMITH"},{"data":"Noxious Fumes","floor":8.0,"key":"SMITH"},{"data":"Caltrops","floor":15.0,"key":"SMITH"}],"neow_cost":"NONE","seed_source_timestamp":2491165911155,"circlet_count":0,"master_deck":["AscendersBane","Defend_G+1","Defend_G","Defend_G","Defend_G","Defend_G+1","Strike_G","Strike_G","Strike_G","Survivor+1","Neutralize+1","Caltrops+1","Noxious Fumes+1","Caltrops+1","Caltrops","Backflip","Caltrops"],"special_seed":0,"relics":["Ring of the Snake","NeowsBlessing","FaceOfCleric","Torii","War Paint","Shuriken"],"potions_floor_usage":[],"damage_taken":[{"damage":0.0,"enemies":"2 Louse","floor":1.0,"turns":1.0},{"damage":0.0,"enemies":"Jaw Worm","floor":5.0,"turns":1.0},{"damage":0.0,"enemies":"Gremlin Nob","floor":7.0,"turns":1.0},{"damage":0.0,"enemies":"Cultist","floor":10.0,"turns":4.0},{"damage":23.0,"enemies":"3 Sentries","floor":12.0,"turns":6.0},{"damage":2.0,"enemies":"Exordium Thugs","floor":13.0,"turns":4.0},{"damage":27,"enemies":"The Guardian","floor":16,"turns":2}],"seed_played":"-1786272808974394698","potions_obtained":[{"floor":5.0,"key":"LiquidBronze"},{"floor":10.0,"key":"SpeedPotion"}],"is_trial":false,"path_per_floor":["M","?","$","?","M","R","E","R","T","M","$","E","M","$","R","B"],"character_chosen":"THE_SILENT","items_purchased":["Caltrops"],"campfire_rested":0,"item_purchase_floors":[11],"current_hp_per_floor":[59,39,39,39,40,40,41,41,41,42,42,20,19,19,19,0],"gold":5,"neow_bonus":"THREE_ENEMY_KILL","is_prod":false,"is_daily":false,"chose_seed":false,"campfire_upgraded":3,"win_rate":0,"timestamp":1549311812,"path_taken":["M","?","$","?","?","R","E","R","T","M","?","E","M","$","R","BOSS"],"build_version":"2019-01-23","purchased_purges":2,"victory":false,"max_hp_per_floor":[66,66,66,66,67,67,68,68,68,69,69,70,71,71,71,71],"card_choices":[{"not_picked":["Poisoned Stab","PiercingWail"],"picked":"Caltrops","floor":1.0},{"not_picked":["Sucker Punch","Setup","Escape Plan"],"picked":"SKIP","floor":5.0},{"not_picked":["Underhanded Strike","All Out Attack"],"picked":"Noxious Fumes","floor":7.0},{"not_picked":["Underhanded Strike","Cloak And Dagger"],"picked":"Caltrops","floor":10.0},{"not_picked":["Unload","Dash"],"picked":"Backflip","floor":12.0},{"not_picked":["Flying Knee","Endless Agony"],"picked":"Caltrops","floor":13.0}],"player_experience":2532487,"relics_obtained":[{"floor":7.0,"key":"Torii"},{"floor":9.0,"key":"War Paint"},{"floor":12.0,"key":"Shuriken"}],"event_choices":[{"damage_healed":0.0,"max_hp_gain":0.0,"max_hp_loss":0.0,"gold_gain":0.0,"event_name":"Shining Light","player_choice":"Entered Light","floor":2.0,"gold_loss":0.0,"damage_taken":20.0,"cards_upgraded":["Survivor","Neutralize"]},{"damage_healed":0.0,"max_hp_gain":0.0,"max_hp_loss":0.0,"gold_gain":0.0,"event_name":"FaceTrader","player_choice":"Trade","floor":4.0,"gold_loss":0.0,"damage_taken":0.0,"relics_obtained":["FaceOfCleric"]}],"is_beta":false,"boss_relics":[],"items_purged_floors":[3,14],"is_endless":false,"potions_floor_spawned":[5,10],"killed_by":"The Guardian","ascension_level":20}