{"gold_per_floor":[218,368,368,293,138,138,38,58,58,77,77,77,110,121,121,121],"floor_reached":16,"playtime":373,"items_purged":["Defend_B","Strike_B"],"score":176,"play_id":"bd091d5a-e214-490b-8259-4281e26bc83a","local_time":"20181217172237","is_ascension_mode":true,"campfire_choices":[{"data":"Zap","floor":6.0,"key":"SMITH"},{"data":"Consume","floor":12,"key":"SMITH"},{"floor":15,"key":"REST"}],"neow_cost":"NONE","seed_source_timestamp":19219170486117,"circlet_count":0,"master_deck":["AscendersBane","Strike_B","Strike_B","Defend_B","Defend_B","Defend_B","Zap+1","Dualcast","Undo","Consume+1","Capacitor","Chaos","Sunder"],"special_seed":0,"relics":["Cracked Core","Darkstone Periapt"],"potions_floor_usage":[],"damage_taken":[{"damage":0.0,"enemies":"Small Slimes","floor":1.0,"turns":3.0},{"damage":1.0,"enemies":"Jaw Worm","floor":8.0,"turns":4.0},{"damage":0.0,"enemies":"Cultist","floor":10.0,"turns":4.0},{"damage":54,"enemies":"Gremlin Nob","floor":13,"turns":5},{"damage":1,"enemies":"Exordium Wildlife","floor":14,"turns":3},{"damage":28,"enemies":"Slime Boss","floor":16,"turns":3}],"seed_played":"-5339548107968139713","potions_obtained":[{"floor":8.0,"key":"FearPotion"}],"is_trial":false,"path_per_floor":["M","?","?","?","$","R","$","M","T","M","?","R","E","M","R","B"],"character_chosen":"DEFECT","items_purchased":["Consume"],"campfire_rested":1,"item_purchase_floors":[5],"current_hp_per_floor":[64,64,57,57,57,57,57,56,56,56,56,56,2,1,22,0],"gold":121,"neow_bonus":"HUNDRED_GOLD","is_prod":false,"is_daily":false,"chose_seed":false,"campfire_upgraded":2,"win_rate":0,"timestamp":1545038557,"path_taken":["M","?","?","?","?","R","$","M","T","?","?","R","E","M","R","BOSS"],"build_version":"2018-12-13","purchased_purges":2,"victory":false,"max_hp_per_floor":[71,71,71,71,71,71,71,71,71,71,71,71,71,71,71,71],"card_choices":[{"not_picked":["Coolheaded","Ball Lightning"],"picked":"Undo","floor":1.0},{"not_picked":["Cold Snap","Compile Driver"],"picked":"Capacitor","floor":8.0},{"not_picked":["Barrage","Storm","Conserve Battery"],"picked":"SKIP","floor":10.0},{"not_picked":["Gash","Reprogram"],"picked":"Chaos","floor":13},{"not_picked":["Gash","Barrage"],"picked":"Sunder","floor":14}],"player_experience":1316716,"relics_obtained":[{"floor":13,"key":"Darkstone Periapt"}],"event_choices":[{"damage_healed":0.0,"max_hp_gain":0.0,"max_hp_loss":0.0,"gold_gain":150.0,"event_name":"Liars Game","player_choice":"AGREE","floor":2.0,"gold_loss":0.0,"damage_taken":0.0,"cards_obtained":["Doubt"]},{"cards_removed":["Doubt"],"damage_healed":0.0,"max_hp_gain":0.0,"max_hp_loss":0.0,"gold_gain":0.0,"event_name":"Golden Wing","player_choice":"Card Removal","floor":3.0,"gold_loss":0.0,"damage_taken":7.0},{"cards_removed":["Strike_B"],"damage_healed":0.0,"max_hp_gain":0.0,"max_hp_loss":0.0,"gold_gain":0.0,"event_name":"The Cleric","player_choice":"Card Removal","floor":4.0,"gold_loss":75.0,"damage_taken":0.0},{"damage_healed":0,"gold_gain":0,"player_choice":"Ignored","damage_taken":0,"max_hp_gain":0,"max_hp_loss":0,"event_name":"Shining Light","floor":11,"gold_loss":0}],"is_beta":false,"boss_relics":[],"items_purged_floors":[5,7],"is_endless":false,"potions_floor_spawned":[8],"killed_by":"Slime Boss","ascension_level":16}