{"gold_per_floor":[117,292,99,99,110,110,10,10,65,83,83,83,83,124,124,243,243,266,281,281,300,321,321,344,344,344,344,26,26,42,65,65,193,193,218,218,36,61,61,61,101,101,101,124,124,138,151,16,16,16],"floor_reached":51,"playtime":2111,"items_purged":["Doubt","Strike_B"],"score":825,"play_id":"fc793934-c890-4bf2-8900-19c50b668eb3","local_time":"20190724014803","is_ascension_mode":false,"campfire_choices":[{"data":"Dualcast","floor":6,"key":"SMITH"},{"data":"Zap","floor":11,"key":"SMITH"},{"data":"Skim","floor":13,"key":"SMITH"},{"data":"Streamline","floor":15,"key":"SMITH"},{"data":"Biased Cognition","floor":23,"key":"SMITH"},{"data":"Hologram","floor":25,"key":"SMITH"},{"data":"Tempest","floor":27,"key":"SMITH"},{"data":"Defragment","floor":32,"key":"SMITH"},{"data":"Electrodynamics","floor":40,"key":"SMITH"},{"data":"Glacier","floor":42,"key":"SMITH"},{"data":"Defend_B","floor":45,"key":"SMITH"},{"data":"Capacitor","floor":49,"key":"SMITH"}],"neow_cost":"NONE","seed_source_timestamp":25933890843512,"circlet_count":0,"master_deck":["Strike_B","Strike_B","Defend_B","Defend_B","Defend_B","Defend_B+1","Zap+1","Dualcast+1","Glacier+1","Tempest+1","Skim+1","Ball Lightning","Chill","Streamline+1","Biased Cognition+1","Consume+1","Hologram+1","Defragment+1","Chaos+1","Multi-Cast+1","Conserve Battery+1","Coolheaded+1","Electrodynamics+1","Turbo+1","Coolheaded+1","Coolheaded+1","Chaos+1","Defragment","Capacitor+1","Redo+1"],"relics":["Cracked Core","Happy Flower","Potion Belt","Golden Idol","Anchor","Inserter","Sundial","Toxic Egg 2","CultistMask","Coffee Dripper","Molten Egg 2","The Courier"],"potions_floor_usage":[38,38,38,44,50,50,50],"damage_taken":[{"damage":0,"enemies":"Jaw Worm","floor":1,"turns":5},{"damage":1,"enemies":"2 Louse","floor":5,"turns":2},{"damage":0,"enemies":"Cultist","floor":10,"turns":2},{"damage":5,"enemies":"Gremlin Nob","floor":14,"turns":3},{"damage":0,"enemies":"The Guardian","floor":16,"turns":11},{"damage":0,"enemies":"Spheric Guardian","floor":18,"turns":3},{"damage":0,"enemies":"Chosen","floor":19,"turns":3},{"damage":3,"enemies":"Snecko","floor":21,"turns":5},{"damage":0,"enemies":"Sentry and Sphere","floor":22,"turns":4},{"damage":0,"enemies":"Centurion and Healer","floor":24,"turns":5},{"damage":2,"enemies":"Shelled Parasite and Fungi","floor":30,"turns":5},{"damage":0,"enemies":"Snecko","floor":31,"turns":3},{"damage":20,"enemies":"Champ","floor":33,"turns":10},{"damage":0,"enemies":"3 Shapes","floor":35,"turns":3},{"damage":0,"enemies":"3 Darklings","floor":38,"turns":5},{"damage":0,"enemies":"Nemesis","floor":41,"turns":7},{"damage":0,"enemies":"Writhing Mass","floor":44,"turns":5},{"damage":0,"enemies":"Spire Growth","floor":46,"turns":4},{"damage":0,"enemies":"Transient","floor":47,"turns":5},{"damage":0,"enemies":"Time Eater","floor":50,"turns":12}],"seed_played":"-263764388049675222","potions_obtained":[{"floor":5,"key":"Strength Potion"},{"floor":14,"key":"Fire Potion"},{"floor":24,"key":"FairyPotion"},{"floor":30,"key":"EssenceOfSteel"},{"floor":31,"key":"Weak Potion"},{"floor":33,"key":"Weak Potion"},{"floor":36,"key":"Energy Potion"},{"floor":36,"key":"AttackPotion"},{"floor":38,"key":"Poison Potion"},{"floor":41,"key":"FearPotion"},{"floor":44,"key":"Strength Potion"},{"floor":46,"key":"Block Potion"}],"is_trial":false,"path_per_floor":["M","?","$","?","M","R","$","$","T","M","R","?","R","E","R","B",null,"M","M","?","M","M","R","M","R","T","R","$","?","M","M","R","B",null,"M","?","$","M","?","R","E","R","T","M","R","M","M","$","R","B",null],"character_chosen":"DEFECT","items_purchased":["Skim","Ball Lightning","Toxic Egg 2","Defragment","Coolheaded+1","Electrodynamics","Defragment","Capacitor","Redo+1"],"campfire_rested":0,"item_purchase_floors":[3,3,28,28,37,37,48,48,48],"current_hp_per_floor":[75,75,75,68,67,67,67,67,67,67,67,49,49,44,44,44,75,75,75,68,65,65,65,65,65,65,65,65,65,63,63,63,43,75,75,75,75,75,71,71,71,71,71,71,71,71,71,71,71,71],"gold":16,"neow_bonus":"TRANSFORM_CARD","is_prod":false,"is_daily":false,"chose_seed":false,"campfire_upgraded":12,"win_rate":0,"timestamp":1563904083,"path_taken":["M","?","$","?","M","R","?","$","T","?","R","?","R","E","R","BOSS","M","M","?","M","M","R","M","R","T","R","?","?","M","?","R","BOSS","M","?","?","M","?","R","E","R","T","M","R","M","M","$","R","BOSS"],"build_version":"2019-07-17","purchased_purges":2,"victory":true,"max_hp_per_floor":[75,75,75,75,75,75,75,75,75,75,75,75,75,75,75,75,75,75,75,75,75,75,75,75,75,75,75,75,75,75,75,75,75,75,75,75,75,75,71,71,71,71,71,71,71,71,71,71,71,71],"card_choices":[{"not_picked":["Barrage","Conserve Battery"],"picked":"Tempest","floor":1},{"not_picked":["Streamline","Conserve Battery"],"picked":"Chill","floor":5},{"not_picked":["Leap","Go for the Eyes","Ball Lightning"],"picked":"SKIP","floor":10},{"not_picked":["Multi-Cast","Hologram"],"picked":"Streamline","floor":14},{"not_picked":["Rainbow","Amplify"],"picked":"Biased Cognition","floor":16},{"not_picked":["Leap","Coolheaded"],"picked":"Consume+1","floor":18},{"not_picked":["Go for the Eyes","Leap"],"picked":"Hologram","floor":19},{"not_picked":["Stack","Sweeping Beam+1","Steam"],"picked":"SKIP","floor":21},{"not_picked":["Compile Driver","BootSequence","Redo"],"picked":"SKIP","floor":22},{"not_picked":["Force Field+1","Stack","Lockon"],"picked":"SKIP","floor":24},{"not_picked":["Auto Shields+1","Conserve Battery+1","Redo+1"],"picked":"SKIP","floor":30},{"not_picked":["Tempest+1","Doom and Gloom","Chaos+1"],"picked":"SKIP","floor":31},{"not_picked":["Tempest+1","Doom and Gloom"],"picked":"Chaos+1","floor":31},{"not_picked":["Hyperbeam","Buffer"],"picked":"Multi-Cast+1","floor":33},{"not_picked":["Stack+1","Consume+1"],"picked":"Conserve Battery+1","floor":35},{"not_picked":["Doom and Gloom","Stack+1","Go for the Eyes+1"],"picked":"SKIP","floor":38},{"not_picked":["Redo+1","Steam Power+1"],"picked":"Turbo+1","floor":41},{"not_picked":["Gash+1","Compile Driver+1"],"picked":"Coolheaded+1","floor":44},{"not_picked":["Barrage+1","Scrape+1"],"picked":"Coolheaded+1","floor":46},{"not_picked":["Reinforced Body+1","Sweeping Beam+1"],"picked":"Chaos+1","floor":47}],"player_experience":5844684,"relics_obtained":[{"floor":9,"key":"Potion Belt"},{"floor":14,"key":"Anchor"},{"floor":26,"key":"Sundial"},{"floor":41,"key":"Molten Egg 2"},{"floor":43,"key":"The Courier"}],"event_choices":[{"damage_healed":0,"gold_gain":175,"player_choice":"AGREE","damage_taken":0,"max_hp_gain":0,"max_hp_loss":0,"event_name":"Liars Game","floor":2,"gold_loss":0,"cards_obtained":["Doubt"]},{"damage_healed":0,"gold_gain":0,"player_choice":"Success","damage_taken":7,"relics_obtained":["Happy Flower"],"max_hp_gain":0,"max_hp_loss":0,"event_name":"Scrap Ooze","floor":4,"gold_loss":0},{"damage_healed":0,"gold_gain":0,"player_choice":"Take Damage","damage_taken":18,"relics_obtained":["Golden Idol"],"max_hp_gain":0,"max_hp_loss":0,"event_name":"Golden Idol","floor":12,"gold_loss":0},{"damage_healed":0,"gold_gain":0,"player_choice":"","damage_taken":7,"max_hp_gain":0,"max_hp_loss":0,"event_name":"Knowing Skull","floor":20,"potions_obtained":[],"gold_loss":0,"cards_obtained":[]},{"damage_healed":0,"gold_gain":0,"player_choice":"Trade","damage_taken":0,"relics_obtained":["CultistMask"],"max_hp_gain":0,"max_hp_loss":0,"event_name":"FaceTrader","floor":29,"gold_loss":0},{"damage_healed":0,"gold_gain":0,"player_choice":"Got Potions","damage_taken":0,"max_hp_gain":0,"max_hp_loss":0,"event_name":"Lab","floor":36,"gold_loss":0},{"damage_healed":0,"gold_gain":0,"player_choice":"Max HP","damage_taken":0,"max_hp_gain":0,"max_hp_loss":4,"event_name":"Winding Halls","floor":39,"gold_loss":0}],"is_beta":false,"boss_relics":[{"not_picked":["Nuclear Battery","White Beast Statue"],"picked":"Inserter"},{"not_picked":["Sozu","Fusion Hammer"],"picked":"Coffee Dripper"}],"items_purged_floors":[3,7],"is_endless":false,"potions_floor_spawned":[5,14,24,30,31,33,38,41,44,46],"ascension_level":0}