{"gold_per_floor":[114,189,36,36,55,55,55,55,125,157,157,15,25,351,351,422,422,440,440,413,430,430,430,444,444,490,490,509,520,530,530],"floor_reached":31,"playtime":1028,"items_purged":["Strike_G"],"score":640,"play_id":"74909fcc-f0c3-437e-9f54-f3ca6c07d726","local_time":"20190104000729","is_ascension_mode":true,"campfire_choices":[{"data":"Noxious Fumes","floor":6.0,"key":"SMITH"},{"data":"Survivor","floor":11.0,"key":"SMITH"},{"data":"Well Laid Plans","floor":15.0,"key":"SMITH"},{"floor":23.0,"key":"REST"},{"floor":25.0,"key":"REST"},{"data":"Deadly Poison","floor":27.0,"key":"SMITH"}],"neow_cost":"NONE","seed_source_timestamp":42757056478626,"circlet_count":0,"master_deck":["AscendersBane","Defend_G","Defend_G","Defend_G","Defend_G","Defend_G","Strike_G","Strike_G","Strike_G+1","Survivor+1","Neutralize+1","PiercingWail+1","Noxious Fumes+1","Catalyst+1","Well Laid Plans+1","Deadly Poison+1","Footwork","Catalyst+1","Well Laid Plans","Blur"],"special_seed":0,"relics":["Ring of the Snake","NeowsBlessing","Mercury Hourglass","War Paint","Old Coin","Vajra"],"potions_floor_usage":[31],"damage_taken":[{"damage":0.0,"enemies":"2 Louse","floor":1.0,"turns":1.0},{"damage":0.0,"enemies":"Jaw Worm","floor":5.0,"turns":1.0},{"damage":0.0,"enemies":"3 Sentries","floor":10.0,"turns":1.0},{"damage":0.0,"enemies":"Cultist","floor":13.0,"turns":3.0},{"damage":18.0,"enemies":"Gremlin Nob","floor":14.0,"turns":4.0},{"damage":0.0,"enemies":"Hexaghost","floor":16.0,"turns":8.0},{"damage":0.0,"enemies":"3 Byrds","floor":18.0,"turns":5.0},{"damage":7.0,"enemies":"2 Thieves","floor":20.0,"turns":4.0},{"damage":18.0,"enemies":"Shelled Parasite and Fungi","floor":21.0,"turns":5.0},{"damage":13.0,"enemies":"Snecko","floor":24.0,"turns":4.0},{"damage":0.0,"enemies":"3 Cultists","floor":28.0,"turns":6.0},{"damage":0.0,"enemies":"Sentry and Sphere","floor":29.0,"turns":4.0},{"damage":4.0,"enemies":"Snake Plant","floor":30.0,"turns":4.0},{"damage":17,"enemies":"Cultist and Chosen","floor":31,"turns":5}],"seed_played":"4318974173498115425","potions_obtained":[{"floor":10.0,"key":"SteroidPotion"},{"floor":18.0,"key":"Swift Potion"},{"floor":24.0,"key":"PowerPotion"},{"floor":28.0,"key":"LiquidBronze"}],"is_trial":false,"path_per_floor":["M","?","$","?","M","R","?","T","T","E","R","$","M","E","R","B",null,"M","?","M","M","?","R","M","R","T","R","M","M","M","M"],"character_chosen":"THE_SILENT","items_purchased":["Noxious Fumes","Well Laid Plans","Deadly Poison"],"campfire_rested":2,"item_purchase_floors":[3,12,12],"current_hp_per_floor":[59,48,48,28,28,28,21,21,21,21,21,21,21,3,3,3,50,50,32,25,7,7,28,15,36,36,36,36,36,32,15],"gold":530,"neow_bonus":"THREE_ENEMY_KILL","is_prod":false,"is_daily":false,"chose_seed":false,"campfire_upgraded":4,"win_rate":0,"timestamp":1546531649,"path_taken":["M","?","$","?","M","R","?","?","T","E","R","$","M","E","R","BOSS","M","?","M","M","?","R","?","R","T","R","M","M","M","M"],"build_version":"2018-12-20","purchased_purges":1,"victory":false,"max_hp_per_floor":[66,66,66,66,66,66,66,66,66,66,66,66,66,66,66,66,66,66,71,71,71,71,71,71,71,71,71,71,71,71,71],"card_choices":[{"not_picked":["Bane","Prepared"],"picked":"PiercingWail","floor":1.0},{"not_picked":["Backstab","Acrobatics","Flying Knee"],"picked":"SKIP","floor":5.0},{"not_picked":["Flying Knee","Finisher"],"picked":"Catalyst","floor":10.0},{"not_picked":["Flying Knee","Acrobatics","Riddle With Holes"],"picked":"SKIP","floor":13.0},{"not_picked":["Flying Knee","Acrobatics","Riddle With Holes"],"picked":"SKIP","floor":13.0},{"not_picked":["Tactician","Dagger Spray"],"picked":"Footwork","floor":14.0},{"not_picked":["Quick Slash","Cloak And Dagger+1","Blade Dance"],"picked":"SKIP","floor":18.0},{"not_picked":["Quick Slash","Dagger Spray","Acrobatics"],"picked":"SKIP","floor":20.0},{"not_picked":["Quick Slash","Outmaneuver","Dagger Throw"],"picked":"SKIP","floor":21.0},{"not_picked":["Setup","Poisoned Stab","Caltrops"],"picked":"SKIP","floor":24.0},{"not_picked":["Sucker Punch","Terror","Expertise"],"picked":"SKIP","floor":28.0},{"not_picked":["Doppelganger","PiercingWail"],"picked":"Well Laid Plans","floor":29.0},{"not_picked":["Bane+1","Crippling Poison"],"picked":"Blur","floor":30.0}],"player_experience":1713813,"relics_obtained":[{"floor":8.0,"key":"Mercury Hourglass"},{"floor":10.0,"key":"War Paint"},{"floor":14.0,"key":"Old Coin"},{"floor":26.0,"key":"Vajra"}],"event_choices":[{"damage_healed":0.0,"max_hp_gain":0.0,"max_hp_loss":0.0,"gold_gain":75.0,"event_name":"World of Goop","player_choice":"Gather Gold","floor":2.0,"gold_loss":0.0,"damage_taken":11.0},{"damage_healed":0.0,"max_hp_gain":0.0,"max_hp_loss":0.0,"gold_gain":0.0,"event_name":"Shining Light","player_choice":"Entered Light","floor":4.0,"gold_loss":0.0,"damage_taken":20.0,"cards_upgraded":["Neutralize","Strike_G"]},{"cards_removed":["Strike_G"],"damage_healed":0.0,"max_hp_gain":0.0,"max_hp_loss":0.0,"gold_gain":0.0,"event_name":"Golden Wing","player_choice":"Card Removal","floor":7.0,"gold_loss":0.0,"damage_taken":7.0},{"damage_healed":0.0,"max_hp_gain":5.0,"max_hp_loss":0.0,"gold_gain":0.0,"event_name":"Forgotten Altar","player_choice":"Shed Blood","floor":19.0,"gold_loss":0.0,"damage_taken":23.0},{"damage_healed":0.0,"max_hp_gain":0.0,"max_hp_loss":0.0,"gold_gain":0.0,"event_name":"Duplicator","player_choice":"Copied","floor":22.0,"gold_loss":0.0,"damage_taken":0.0,"cards_obtained":["Catalyst"]}],"is_beta":false,"boss_relics":[{"not_picked":["Snecko Eye","HoveringKite","Ectoplasm"]}],"items_purged_floors":[3],"is_endless":false,"potions_floor_spawned":[10,18,24,28],"killed_by":"Cultist and Chosen","ascension_level":20}