{"gold_per_floor":[117,127,147,322,29,29,47,47,47,64,80,100,120,137,137,235,235,255,290,309,325,342,342,342,53,53,53,71,71,48,61,61,160,160,173,173,220,68,68],"floor_reached":39,"playtime":2610,"items_purged":["Doubt"],"score":427,"play_id":"0ac7ddce-aee9-4b8c-8c26-485c90752aa5","local_time":"20180731191928","daily_mods":["Draft"],"is_ascension_mode":false,"campfire_choices":[{"data":"Catalyst","floor":6.0,"key":"SMITH"},{"data":"Concentrate","floor":8.0,"key":"SMITH"},{"data":"Noxious Fumes","floor":15.0,"key":"SMITH"},{"floor":23.0,"key":"REST"},{"floor":27.0,"key":"REST"},{"floor":29,"key":"REST"},{"data":"Catalyst","floor":32,"key":"SMITH"}],"neow_cost":"","seed_source_timestamp":14269577197758,"circlet_count":0,"master_deck":["Dagger Spray+1","Escape Plan","Poisoned Stab","Reflex","Well Laid Plans","Dash","Deadly Poison","Deadly Poison","Crippling Poison","Blur","PiercingWail","Expertise","Leg Sweep","Dagger Throw","Underhanded Strike+1","Blade Dance","Concentrate+1","Catalyst+1","Bane","Cloak And Dagger","Footwork","Infinite Blades","Noxious Fumes+1","Malaise","Calculated Gamble","Night Terror","Deflect","Dagger Spray+1","Catalyst+1","Heel Hook+1","Masterful Stab+1","Outmaneuver","Bullet Time","Madness","Madness"],"special_seed":0,"relics":["Ring of the Snake","Snake Skull","Kunai","Cursed Key","Red Mask","Peace Pipe","The Specimen","Busted Crown","Tingsha","Whetstone"],"potions_floor_usage":[33,37,37],"damage_taken":[{"damage":0.0,"enemies":"Jaw Worm","floor":1.0,"turns":3.0},{"damage":0.0,"enemies":"Cultist","floor":2.0,"turns":4.0},{"damage":0.0,"enemies":"Small Slimes","floor":3.0,"turns":2.0},{"damage":0.0,"enemies":"2 Fungi Beasts","floor":7.0,"turns":3.0},{"damage":0.0,"enemies":"Large Slime","floor":10.0,"turns":3.0},{"damage":0.0,"enemies":"Lots of Slimes","floor":11.0,"turns":3.0},{"damage":15.0,"enemies":"Exordium Wildlife","floor":12.0,"turns":4.0},{"damage":1.0,"enemies":"Large Slime","floor":13.0,"turns":2.0},{"damage":0.0,"enemies":"Looter","floor":14.0,"turns":2.0},{"damage":18.0,"enemies":"The Guardian","floor":16.0,"turns":6.0},{"damage":10.0,"enemies":"Shell Parasite","floor":18.0,"turns":2.0},{"damage":9.0,"floor":19.0,"turns":3.0},{"damage":15.0,"enemies":"2 Thieves","floor":20.0,"turns":4.0},{"damage":24.0,"enemies":"3 Cultists","floor":21.0,"turns":5.0},{"damage":2.0,"enemies":"Snake Plant","floor":22.0,"turns":3.0},{"damage":11,"enemies":"Snecko","floor":28,"turns":3},{"damage":23,"enemies":"Slaver and Parasite","floor":31,"turns":4},{"damage":14,"enemies":"Automaton","floor":33,"turns":6},{"damage":0,"enemies":"3 Shapes","floor":35,"turns":3},{"damage":45,"floor":37,"turns":6},{"damage":12,"enemies":"3 Darklings","floor":39,"turns":3}],"seed_played":"3238762906633282918","potions_obtained":[{"floor":7.0,"key":"Swift Potion"},{"floor":10.0,"key":"GhostInAJar"},{"floor":11.0,"key":"EssenceOfSteel"},{"floor":14.0,"key":"PowerPotion"},{"floor":19.0,"key":"AttackPotion"},{"floor":22.0,"key":"FairyPotion"},{"floor":31,"key":"PowerPotion"},{"floor":37,"key":"AttackPotion"}],"is_trial":true,"path_per_floor":["M","M","M","?","$","R","M","R","T","M","M","M","M","M","R","B",null,"M","?","M","M","M","R","?","$","T","R","M","R","$","M","R","B",null,"M","?","?","$"],"character_chosen":"THE_SILENT","items_purchased":["Snake Skull","Bane","Cloak And Dagger","The Specimen","Outmaneuver","Whetstone"],"campfire_rested":3,"item_purchase_floors":[5,5,5,25,30,38],"current_hp_per_floor":[70,70,70,70,70,70,70,70,70,70,70,55,54,54,54,36,70,60,51,36,12,10,31,31,31,31,52,41,62,62,39,39,25,70,70,61,16,16,4],"gold":68,"neow_bonus":"","is_prod":false,"is_daily":false,"chose_seed":false,"campfire_upgraded":4,"win_rate":0,"timestamp":1533057568,"path_taken":["M","M","M","?","$","R","M","R","T","?","M","M","?","M","R","BOSS","M","?","M","M","?","R","?","$","T","R","M","R","$","M","R","BOSS","M","?","?","$","M"],"build_version":"2018-07-26","purchased_purges":1,"victory":false,"max_hp_per_floor":[70,70,70,70,70,70,70,70,70,70,70,70,70,70,70,70,70,70,70,70,70,70,70,70,70,70,70,70,70,70,70,70,70,70,70,70,70,70,70],"card_choices":[{"not_picked":["Outmaneuver","Dagger Throw"],"picked":"Dagger Spray","floor":0.0},{"not_picked":["Underhanded Strike","Dagger Spray"],"picked":"Escape Plan","floor":0.0},{"not_picked":["Slice","Backflip"],"picked":"Poisoned Stab","floor":0.0},{"not_picked":["Escape Plan","Cloak And Dagger"],"picked":"Reflex","floor":0.0},{"not_picked":["Deflect","Skewer"],"picked":"Well Laid Plans","floor":0.0},{"not_picked":["Cloak And Dagger","Flechettes"],"picked":"Dash","floor":0.0},{"not_picked":["Outmaneuver","Slice"],"picked":"Deadly Poison","floor":0.0},{"not_picked":["Flying Knee","Slice"],"picked":"Deadly Poison","floor":0.0},{"not_picked":["Deadly Poison","Quick Slash"],"picked":"Crippling Poison","floor":0.0},{"not_picked":["Distraction","Finisher"],"picked":"Blur","floor":0.0},{"not_picked":["Prepared","Flying Knee"],"picked":"PiercingWail","floor":0.0},{"not_picked":["Dagger Throw","Cloak And Dagger"],"picked":"Expertise","floor":0.0},{"not_picked":["Deflect","Underhanded Strike"],"picked":"Leg Sweep","floor":0.0},{"not_picked":["Acrobatics","PiercingWail"],"picked":"Dagger Throw","floor":0.0},{"not_picked":["Backflip","Slice"],"picked":"Underhanded Strike","floor":0.0},{"not_picked":["Slice","Dagger Throw"],"picked":"Blade Dance","floor":1.0},{"not_picked":["Flechettes","Underhanded Strike"],"picked":"Concentrate","floor":2.0},{"not_picked":["Cloak And Dagger","Terror"],"picked":"Catalyst","floor":3.0},{"not_picked":["Dodge and Roll","Prepared"],"picked":"Footwork","floor":7.0},{"not_picked":["Distraction","Calculated Gamble"],"picked":"Infinite Blades","floor":10.0},{"not_picked":["Dodge and Roll","Outmaneuver"],"picked":"Noxious Fumes","floor":11.0},{"not_picked":["PiercingWail","Choke"],"picked":"Malaise","floor":12.0},{"not_picked":["Flying Knee","Sucker Punch"],"picked":"Calculated Gamble","floor":13.0},{"not_picked":["Quick Slash","Poisoned Stab","Backflip"],"picked":"SKIP","floor":14.0},{"not_picked":["Wraith Form v2","Unload"],"picked":"Night Terror","floor":16.0},{"not_picked":["Sucker Punch","Underhanded Strike+1"],"picked":"Deflect","floor":18.0},{"not_picked":["Well Laid Plans","Quick Slash"],"picked":"Dagger Spray+1","floor":20.0},{"not_picked":["Finisher+1","Quick Slash+1"],"picked":"Catalyst","floor":21.0},{"not_picked":["Underhanded Strike","Tactician"],"picked":"Heel Hook+1","floor":22.0},{"not_picked":["Poisoned Stab","Deflect"],"picked":"Masterful Stab+1","floor":28},{"not_picked":["Distraction","Underhanded Strike","Bane"],"picked":"SKIP","floor":31},{"not_picked":["Adrenaline","Venomology"],"picked":"Bullet Time","floor":33},{"not_picked":["Endless Agony"],"picked":"SKIP","floor":35}],"player_experience":352568,"relics_obtained":[{"floor":9.0,"key":"Kunai"},{"floor":19.0,"key":"Red Mask"},{"floor":37,"key":"Tingsha"}],"event_choices":[{"event_name":"Liars Game","player_choice":"agreed","floor":4.0,"damage_taken":0.0},{"event_name":"Masked Bandits","player_choice":"Fought over 255 gold","floor":19.0,"damage_taken":0.0},{"event_name":"The Mausoleum","player_choice":"Yes","floor":24.0,"damage_taken":0.0},{"event_name":"Winding Halls","player_choice":"Embrace Madness","floor":36,"damage_taken":0},{"event_name":"Mysterious Sphere","player_choice":"Fight","floor":37,"damage_taken":0}],"is_beta":false,"boss_relics":[{"not_picked":["Fusion Hammer","Astrolabe"],"picked":"Cursed Key"},{"not_picked":["Lizard Tail","Calling Bell"],"picked":"Busted Crown"}],"items_purged_floors":[5],"is_endless":false,"potions_floor_spawned":[7,10,11,12,14,19,22,28,31,37],"killed_by":"3 Darklings","ascension_level":0}