{"gold_per_floor":[111,125,125,20,33,33,46,46,73,73,90,102,102],"floor_reached":13,"playtime":330,"items_purged":[],"score":154,"play_id":"91114606-6ad7-410b-aa71-8eab9cab4a6f","local_time":"20190304101336","is_ascension_mode":true,"campfire_choices":[{"data":"Dualcast","floor":6,"key":"SMITH"},{"data":"Darkness","floor":10,"key":"SMITH"}],"neow_cost":"NONE","seed_source_timestamp":3706478350010,"circlet_count":0,"master_deck":["AscendersBane","Strike_B","Strike_B","Strike_B","Strike_B","Defend_B","Defend_B","Defend_B","Defend_B","Zap","Dualcast+1","Meteor Strike","Genetic Algorithm","White Noise","Discovery","Doom and Gloom","Darkness+1","Undo"],"relics":["Cracked Core","Pen Nib"],"potions_floor_usage":[],"damage_taken":[{"damage":7,"enemies":"Jaw Worm","floor":1,"turns":3},{"damage":3,"enemies":"Small Slimes","floor":2,"turns":4},{"damage":17,"enemies":"2 Louse","floor":5,"turns":3},{"damage":0,"enemies":"2 Fungi Beasts","floor":7,"turns":2},{"damage":29,"enemies":"Lots of Slimes","floor":11,"turns":3},{"damage":0,"enemies":"Large Slime","floor":12,"turns":5},{"damage":17,"enemies":"3 Sentries","floor":13,"turns":4}],"seed_played":"-8277041494292696390","potions_obtained":[{"floor":1,"key":"Ancient Potion"},{"floor":2,"key":"Strength Potion"}],"is_trial":false,"path_per_floor":["M","M","?","$","M","R","M","?","T","R","M","M","E"],"character_chosen":"DEFECT","items_purchased":["Discovery"],"campfire_rested":0,"item_purchase_floors":[4],"current_hp_per_floor":[57,54,54,54,37,37,37,37,37,37,8,8,0],"gold":102,"neow_bonus":"ONE_RANDOM_RARE_CARD","is_prod":false,"is_daily":false,"chose_seed":false,"campfire_upgraded":2,"win_rate":0,"timestamp":1551665616,"path_taken":["M","M","?","$","M","R","M","?","T","R","M","M","E"],"build_version":"2019-01-23","purchased_purges":0,"victory":false,"max_hp_per_floor":[71,71,71,71,71,71,71,71,71,71,71,71,71],"card_choices":[{"not_picked":["Coolheaded","Chill"],"picked":"Genetic Algorithm","floor":1},{"not_picked":["Ball Lightning","Redo"],"picked":"White Noise","floor":2},{"not_picked":["Compile Driver","FTL"],"picked":"Doom and Gloom","floor":5},{"not_picked":["Redo","Lockon"],"picked":"Darkness","floor":7},{"not_picked":["Reprogram","Hologram"],"picked":"Undo","floor":11},{"not_picked":["Darkness","Skim","Go for the Eyes"],"picked":"SKIP","floor":12}],"player_experience":3297031,"relics_obtained":[],"event_choices":[{"damage_healed":0,"gold_gain":0,"player_choice":"Leave","damage_taken":0,"max_hp_gain":0,"max_hp_loss":0,"event_name":"The Cleric","floor":3,"gold_loss":0},{"damage_healed":0,"gold_gain":0,"player_choice":"Searched \u00271\u0027 times","damage_taken":0,"relics_obtained":["Pen Nib"],"max_hp_gain":0,"max_hp_loss":0,"event_name":"Dead Adventurer","floor":8,"gold_loss":0}],"is_beta":false,"boss_relics":[],"items_purged_floors":[],"is_endless":false,"potions_floor_spawned":[1,2,11],"killed_by":"3 Sentries","ascension_level":20}