{"gold_per_floor":[114,134,150,150,47,47,62,62,113,143,159,159,159,234,234,333,333,349,349,370,202,202,202,202,202,255,268,268,283,303,117,117,211,211,235,250,250,125,146,146,182,196,196,227,251,251,284,304,304,304,304,304,304,77,116,116],"floor_reached":56,"playtime":4649,"items_purged":["Strike_G","Predator","Defend_G"],"score":1974,"play_id":"575cced2-f610-4d8d-9c5d-a18b0edec4a2","local_time":"20190120161328","is_ascension_mode":true,"campfire_choices":[{"data":"Noxious Fumes","floor":6.0,"key":"SMITH"},{"data":"Deadly Poison","floor":8.0,"key":"SMITH"},{"data":"Catalyst","floor":13.0,"key":"SMITH"},{"data":"Impatience","floor":15.0,"key":"SMITH"},{"data":"Acrobatics","floor":23.0,"key":"SMITH"},{"data":"Calculated Gamble","floor":25.0,"key":"SMITH"},{"data":"Well Laid Plans","floor":32.0,"key":"SMITH"},{"data":"Grand Finale","floor":40.0,"key":"SMITH"},{"floor":46.0,"key":"RECALL"},{"data":"Neutralize","floor":49.0,"key":"SMITH"},{"data":"Prepared","floor":53.0,"key":"SMITH"}],"neow_cost":"NONE","seed_source_timestamp":19696580081256,"circlet_count":0,"master_deck":["AscendersBane","Defend_G","Defend_G","Survivor","Neutralize+1","Deadly Poison+1","Prepared+1","Noxious Fumes+1","After Image","Escape Plan","Footwork","Catalyst+1","Grand Finale+1","Backflip","Calculated Gamble+1","Acrobatics+1","Venomology","Well Laid Plans+1","PiercingWail+1","Concentrate+1","Flash of Steel+1","Night Terror+1"],"special_seed":0,"relics":["Ring of the Snake","Bag of Preparation","Golden Idol","Eternal Feather","Tiny Chest","Astrolabe","Shovel","Toxic Egg 2","Art of War","Boot","Thread and Needle"],"potions_floor_usage":[56,56,56],"damage_taken":[{"damage":1.0,"enemies":"Jaw Worm","floor":1.0,"turns":9.0},{"damage":3.0,"enemies":"Cultist","floor":2.0,"turns":5.0},{"damage":3.0,"enemies":"2 Louse","floor":3.0,"turns":4.0},{"damage":5.0,"enemies":"Large Slime","floor":7.0,"turns":6.0},{"damage":24.0,"enemies":"Gremlin Nob","floor":10.0,"turns":4.0},{"damage":0.0,"enemies":"Looter","floor":11.0,"turns":3.0},{"damage":0.0,"enemies":"Hexaghost","floor":16.0,"turns":7.0},{"damage":0.0,"enemies":"3 Byrds","floor":18.0,"turns":2.0},{"damage":8.0,"enemies":"Spheric Guardian","floor":20.0,"turns":5.0},{"damage":34.0,"enemies":"Cultist and Chosen","floor":27.0,"turns":6.0},{"damage":0.0,"enemies":"Centurion and Healer","floor":29.0,"turns":5.0},{"damage":0.0,"enemies":"Snake Plant","floor":30.0,"turns":4.0},{"damage":3.0,"enemies":"Automaton","floor":33.0,"turns":6.0},{"damage":0.0,"enemies":"3 Darklings","floor":35.0,"turns":3.0},{"damage":0.0,"enemies":"3 Shapes","floor":36.0,"turns":3.0},{"damage":0.0,"enemies":"Writhing Mass","floor":39.0,"turns":5.0},{"damage":1.0,"enemies":"Nemesis","floor":41.0,"turns":7.0},{"damage":0.0,"enemies":"Transient","floor":42.0,"turns":6.0},{"damage":2.0,"enemies":"Reptomancer","floor":44.0,"turns":4.0},{"damage":1.0,"enemies":"Spire Growth","floor":45.0,"turns":4.0},{"damage":13.0,"enemies":"Giant Head","floor":47.0,"turns":6.0},{"damage":9.0,"enemies":"Maw","floor":48.0,"turns":4.0},{"damage":31.0,"enemies":"Time Eater","floor":50.0,"turns":15.0},{"damage":10.0,"enemies":"Awakened One","floor":51.0,"turns":11.0},{"damage":49.0,"enemies":"Shield and Spear","floor":55.0,"turns":5.0},{"damage":7,"enemies":"The Heart","floor":56,"turns":3}],"seed_played":"4584523378392041213","potions_obtained":[{"floor":7.0,"key":"SteroidPotion"},{"floor":10.0,"key":"AttackPotion"},{"floor":16.0,"key":"SkillPotion"},{"floor":27.0,"key":"Block Potion"},{"floor":29.0,"key":"Swift Potion"},{"floor":37.0,"key":"Energy Potion"},{"floor":37.0,"key":"Weak Potion"}],"is_trial":false,"path_per_floor":["M","M","M","?","$","R","M","R","T","E","M","?","R","?","R","B",null,"M","?","M","$","?","R","?","R","T","M","?","M","M","$","R","B",null,"M","M","?","$","M","R","E","M","T","E","M","R","E","M","R","B","B",null,"R","$","E","B"],"character_chosen":"THE_SILENT","items_purchased":["Impatience","Calculated Gamble","Acrobatics","Well Laid Plans","Night Terror+1","Swift Potion"],"campfire_rested":0,"item_purchase_floors":[5,21,21,31,54,54],"current_hp_per_floor":[58,55,52,52,52,52,47,47,47,23,23,23,23,12,12,12,48,48,48,40,40,40,52,52,60,60,26,26,26,26,26,38,35,54,54,54,54,54,54,60,59,59,59,57,56,60,47,38,50,19,9,47,59,59,10,3],"gold":116,"neow_bonus":"REMOVE_CARD","is_prod":false,"is_daily":false,"chose_seed":false,"campfire_upgraded":10,"win_rate":0,"timestamp":1547972008,"path_taken":["M","M","M","?","$","R","?","R","T","E","M","?","R","?","R","BOSS","M","?","M","$","?","R","?","R","T","?","?","?","M","$","R","BOSS","M","M","?","$","?","R","E","M","T","E","M","R","E","M","R","BOSS","BOSS","R","$","E","BOSS"],"build_version":"2019-01-17v2","purchased_purges":3,"victory":false,"max_hp_per_floor":[66,66,66,66,66,66,66,66,66,66,66,60,60,60,60,60,60,60,60,60,60,60,60,60,60,60,60,60,60,60,60,60,60,60,60,60,60,60,60,60,60,60,60,60,60,60,60,60,60,60,60,60,60,60,60,60],"card_choices":[{"not_picked":["Prepared","Underhanded Strike"],"picked":"Deadly Poison","floor":1.0},{"not_picked":["Cloak And Dagger","Choke"],"picked":"Prepared","floor":2.0},{"not_picked":["Flying Knee","Riddle With Holes"],"picked":"Noxious Fumes","floor":3.0},{"not_picked":["Endless Agony","Underhanded Strike"],"picked":"Escape Plan","floor":7.0},{"not_picked":["Choke","Distraction"],"picked":"Footwork","floor":10.0},{"not_picked":["Leg Sweep","Dash"],"picked":"Catalyst","floor":11.0},{"not_picked":["Storm of Steel","Malaise"],"picked":"Grand Finale","floor":16.0},{"not_picked":["Quick Slash","Crippling Poison"],"picked":"Backflip","floor":18.0},{"not_picked":["Bane","Sucker Punch","Quick Slash"],"picked":"SKIP","floor":20.0},{"not_picked":["Flying Knee","Dodge and Roll","Sucker Punch+1"],"picked":"SKIP","floor":27.0},{"not_picked":["Glass Knife","Flying Knee","Skewer"],"picked":"SKIP","floor":29.0},{"not_picked":["Bane","Acrobatics","Dash"],"picked":"SKIP","floor":30.0},{"not_picked":["Setup+1","PiercingWail","Escape Plan"],"picked":"SKIP","floor":35.0},{"not_picked":["Prepared","Blade Dance","Acrobatics"],"picked":"SKIP","floor":36.0},{"not_picked":["Bane","Dagger Throw","Skewer"],"picked":"SKIP","floor":39.0},{"not_picked":["Cloak And Dagger+1","Blade Dance","PiercingWail"],"picked":"SKIP","floor":41.0},{"not_picked":["Escape Plan","Quick Slash","Riddle With Holes"],"picked":"SKIP","floor":42.0},{"not_picked":["Accuracy","Setup+1","All Out Attack+1"],"picked":"SKIP","floor":44.0},{"not_picked":["Distraction+1","Cloak And Dagger+1","Deflect+1"],"picked":"SKIP","floor":45.0},{"not_picked":["Backflip+1","Bouncing Flask+1","Backstab"],"picked":"SKIP","floor":47.0},{"not_picked":["Outmaneuver+1","Bane+1","Blur+1"],"picked":"SKIP","floor":48.0},{"not_picked":["Dagger Spray","Dagger Throw","Acrobatics+1"],"picked":"SKIP","floor":55.0}],"player_experience":2068568,"relics_obtained":[{"floor":10.0,"key":"Bag of Preparation"},{"floor":26.0,"key":"Tiny Chest"},{"floor":41.0,"key":"Shovel"},{"floor":43.0,"key":"Toxic Egg 2"},{"floor":44.0,"key":"Art of War"},{"floor":47.0,"key":"Boot"},{"floor":55.0,"key":"Thread and Needle"}],"event_choices":[{"damage_healed":0.0,"max_hp_gain":0.0,"max_hp_loss":0.0,"gold_gain":0.0,"cards_transformed":["Strike_G"],"event_name":"Transmorgrifier","player_choice":"Transformed","floor":4.0,"gold_loss":0.0,"damage_taken":0.0,"cards_obtained":["After Image"]},{"damage_healed":0.0,"max_hp_gain":0.0,"max_hp_loss":6.0,"gold_gain":0.0,"event_name":"Golden Idol","player_choice":"Lose Max HP","floor":12.0,"gold_loss":0.0,"damage_taken":0.0,"relics_obtained":["Golden Idol"]},{"damage_healed":0.0,"max_hp_gain":0.0,"max_hp_loss":0.0,"gold_gain":75.0,"event_name":"World of Goop","player_choice":"Gather Gold","floor":14.0,"gold_loss":0.0,"damage_taken":11.0},{"damage_healed":0.0,"max_hp_gain":0.0,"max_hp_loss":0.0,"gold_gain":0.0,"event_name":"Vampires","player_choice":"Ignored","floor":19.0,"gold_loss":0.0,"damage_taken":0.0},{"damage_healed":0.0,"max_hp_gain":0.0,"max_hp_loss":0.0,"gold_gain":0.0,"cards_transformed":["Strike_G","Strike_G"],"event_name":"Drug Dealer","player_choice":"Became Test Subject","floor":22.0,"gold_loss":0.0,"damage_taken":0.0,"cards_obtained":["Venomology","Predator"]},{"damage_healed":0.0,"max_hp_gain":0.0,"max_hp_loss":0.0,"gold_gain":0.0,"event_name":"Ghosts","player_choice":"Ignored","floor":24.0,"gold_loss":0.0,"damage_taken":0.0},{"damage_healed":0.0,"max_hp_gain":0.0,"max_hp_loss":0.0,"gold_gain":0.0,"event_name":"Match and Keep!","player_choice":"0 cards matched","floor":28.0,"gold_loss":0.0,"damage_taken":0.0,"cards_obtained":[]},{"damage_healed":0.0,"max_hp_gain":0.0,"max_hp_loss":0.0,"gold_gain":0.0,"event_name":"Lab","player_choice":"Got Potions","floor":37.0,"gold_loss":0.0,"damage_taken":0.0}],"is_beta":false,"boss_relics":[{"not_picked":["White Beast Statue","Ectoplasm"],"picked":"Eternal Feather"},{"not_picked":["Calling Bell","Fusion Hammer"],"picked":"Astrolabe"}],"items_purged_floors":[21,31,38],"is_endless":false,"potions_floor_spawned":[7,10,16,27,29,39,41,44,55],"killed_by":"The Heart","ascension_level":20}