{"gold_per_floor":[116,40,40,51,67,100,100,135,135,60,60,40,40,50,50,125,125,138,153,75,75,85,85,2,2,2,35,51,66,79,79,79,154,154,167,186,86,86,86,86,186,186,209,209,237,253,263,263],"floor_reached":48,"playtime":2266,"items_purged":["Strike_G","Defend_G"],"score":1026,"play_id":"c8bfd6ed-2968-44fe-ad22-88c3a5972ca1","local_time":"20190124201300","is_ascension_mode":true,"campfire_choices":[{"data":"Accuracy","floor":7.0,"key":"SMITH"},{"data":"Corpse Explosion","floor":11.0,"key":"SMITH"},{"data":"Footwork","floor":13.0,"key":"SMITH"},{"data":"Cloak And Dagger","floor":15.0,"key":"SMITH"},{"data":"Accuracy","floor":23.0,"key":"SMITH"},{"data":"Adrenaline","floor":25.0,"key":"SMITH"},{"data":"Tactician","floor":32.0,"key":"SMITH"},{"data":"Envenom","floor":40.0,"key":"SMITH"},{"data":"Purity","floor":42.0,"key":"SMITH"},{"floor":44.0,"key":"RECALL"}],"neow_cost":"NONE","seed_source_timestamp":25287151722741,"circlet_count":0,"master_deck":["AscendersBane","Defend_G","Defend_G","Defend_G","Defend_G","Survivor","Neutralize+1","Infinite Blades","Footwork+1","Accuracy+1","Dash","Corpse Explosion+1","Cloak And Dagger+1","Adrenaline+1","Outmaneuver+1","Accuracy+1","Footwork","Backflip","Infinite Blades","Prepared+1","Tactician+1","Envenom+1","Grand Finale","Eviscerate+1","Die Die Die+1","Tools of the Trade+1","Escape Plan","Purity+1","Flash of Steel","Discovery"],"special_seed":0,"relics":["Ring of the Snake","PreservedInsect","Runic Pyramid","Nloth\u0027s Gift","Calipers","Regal Pillow","Astrolabe","Tough Bandages","Strawberry","Omamori"],"potions_floor_usage":[47],"damage_taken":[{"damage":0.0,"enemies":"2 Louse","floor":1.0,"turns":3.0},{"damage":0.0,"enemies":"Cultist","floor":4.0,"turns":4.0},{"damage":0.0,"enemies":"Jaw Worm","floor":5.0,"turns":6.0},{"damage":8.0,"enemies":"3 Sentries","floor":6.0,"turns":9.0},{"damage":9.0,"enemies":"Gremlin Nob","floor":8.0,"turns":4.0},{"damage":5.0,"enemies":"Red Slaver","floor":14.0,"turns":4.0},{"damage":9.0,"enemies":"Hexaghost","floor":16.0,"turns":9.0},{"damage":2.0,"enemies":"3 Byrds","floor":18.0,"turns":6.0},{"damage":6.0,"enemies":"Spheric Guardian","floor":19.0,"turns":5.0},{"damage":0.0,"enemies":"Shelled Parasite and Fungi","floor":22.0,"turns":7.0},{"damage":0.0,"enemies":"Gremlin Leader","floor":27.0,"turns":6.0},{"damage":0.0,"enemies":"3 Cultists","floor":28.0,"turns":4.0},{"damage":3.0,"enemies":"Centurion and Healer","floor":29.0,"turns":5.0},{"damage":9.0,"enemies":"Snake Plant","floor":30.0,"turns":6.0},{"damage":36.0,"enemies":"Champ","floor":33.0,"turns":12.0},{"damage":3.0,"enemies":"Orb Walker","floor":35.0,"turns":4.0},{"damage":0.0,"enemies":"3 Shapes","floor":36.0,"turns":4.0},{"damage":0.0,"enemies":"Mind Bloom Boss Battle","floor":41.0,"turns":6.0},{"damage":11.0,"enemies":"Giant Head","floor":45.0,"turns":7.0},{"damage":8.0,"enemies":"Transient","floor":46.0,"turns":6.0},{"damage":20,"enemies":"Sphere and 2 Shapes","floor":47,"turns":9},{"damage":7,"enemies":"Spire Growth","floor":48,"turns":2}],"seed_played":"9045464235364495665","potions_obtained":[{"floor":4.0,"key":"Block Potion"},{"floor":8.0,"key":"Explosive Potion"},{"floor":12.0,"key":"FairyPotion"},{"floor":14.0,"key":"SpeedPotion"},{"floor":28.0,"key":"Swift Potion"},{"floor":30.0,"key":"Poison Potion"},{"floor":35.0,"key":"Strength Potion"},{"floor":41.0,"key":"FearPotion"}],"is_trial":false,"path_per_floor":["M","$","?","M","M","E","R","E","T","$","R","?","R","M","R","B",null,"M","M","$","?","M","R","$","R","T","E","M","M","M","$","R","B",null,"M","M","$","?","$","R","?","R","T","R","E","M","M","M"],"character_chosen":"THE_SILENT","items_purchased":["Footwork","Footwork","Infinite Blades"],"campfire_rested":0,"item_purchase_floors":[2,20,24],"current_hp_per_floor":[59,59,59,59,59,51,51,42,42,42,42,42,42,37,37,28,57,55,49,49,49,49,49,49,49,49,49,49,46,37,37,37,1,50,47,47,47,37,37,37,37,37,44,44,33,25,5,0],"gold":263,"neow_bonus":"REMOVE_CARD","is_prod":false,"is_daily":false,"chose_seed":false,"campfire_upgraded":9,"win_rate":0,"timestamp":1548331980,"path_taken":["M","$","?","M","M","E","R","E","T","?","R","?","R","M","R","BOSS","M","?","?","?","?","R","?","R","T","E","M","M","M","$","R","BOSS","M","M","$","?","$","R","?","R","T","R","E","M","M","M"],"build_version":"2019-01-23","purchased_purges":2,"victory":false,"max_hp_per_floor":[66,66,66,66,66,66,66,66,66,66,66,66,66,66,66,66,66,66,66,66,66,66,66,66,66,66,66,66,66,66,66,66,66,66,66,66,66,66,66,66,66,66,73,73,73,73,73,73],"card_choices":[{"not_picked":["PiercingWail","Deflect"],"picked":"Infinite Blades","floor":1.0},{"not_picked":["Dagger Throw","Blade Dance"],"picked":"Accuracy","floor":4.0},{"not_picked":["Skewer","Deflect"],"picked":"Dash","floor":5.0},{"not_picked":["Dodge and Roll","PiercingWail"],"picked":"Corpse Explosion","floor":6.0},{"not_picked":["Heel Hook","Dodge and Roll","Backstab"],"picked":"SKIP","floor":8.0},{"not_picked":["Deflect","All Out Attack"],"picked":"Cloak And Dagger","floor":14.0},{"not_picked":["Doppelganger","Die Die Die"],"picked":"Adrenaline","floor":16.0},{"not_picked":["Sucker Punch","Noxious Fumes"],"picked":"Outmaneuver+1","floor":18.0},{"not_picked":["Bane","Blade Dance+1"],"picked":"Accuracy","floor":19.0},{"not_picked":["Dagger Spray","Flying Knee"],"picked":"Backflip","floor":22.0},{"not_picked":["Die Die Die","Flying Knee"],"picked":"Prepared+1","floor":27.0},{"not_picked":["Expertise","Underhanded Strike"],"picked":"Tactician","floor":28.0},{"not_picked":["Deflect","Reflex"],"picked":"Envenom","floor":29.0},{"not_picked":["Quick Slash+1","Leg Sweep","Prepared"],"picked":"SKIP","floor":30.0},{"not_picked":["Tools of the Trade","Malaise"],"picked":"Grand Finale","floor":33.0},{"not_picked":["Heel Hook","Sucker Punch"],"picked":"Escape Plan","floor":35.0},{"not_picked":["Underhanded Strike+1","Heel Hook","Well Laid Plans"],"picked":"SKIP","floor":36.0},{"not_picked":["Good Instincts","Forethought"],"picked":"Purity","floor":38.0},{"not_picked":["Trip","Good Instincts"],"picked":"Flash of Steel","floor":38.0},{"not_picked":["Trip","Swift Strike"],"picked":"Discovery","floor":38.0},{"not_picked":["Wraith Form v2","Distraction+1","Accuracy"],"picked":"SKIP","floor":45.0},{"not_picked":["Flying Knee","Envenom","Slice"],"picked":"SKIP","floor":46.0},{"not_picked":["Flechettes","All Out Attack+1","Underhanded Strike"],"picked":"SKIP","floor":47}],"player_experience":2209466,"relics_obtained":[{"floor":6.0,"key":"PreservedInsect"},{"floor":8.0,"key":"Pocketwatch"},{"floor":26.0,"key":"Calipers"},{"floor":27.0,"key":"Regal Pillow"},{"floor":41.0,"key":"Tough Bandages"},{"floor":43.0,"key":"Strawberry"},{"floor":45.0,"key":"Omamori"}],"event_choices":[{"damage_healed":0.0,"max_hp_gain":0.0,"max_hp_loss":0.0,"gold_gain":0.0,"event_name":"Accursed Blacksmith","player_choice":"Forge","floor":3.0,"gold_loss":0.0,"damage_taken":0.0,"cards_upgraded":["Neutralize"]},{"damage_healed":0.0,"max_hp_gain":0.0,"max_hp_loss":0.0,"gold_gain":0.0,"event_name":"The Woman in Blue","player_choice":"Bought 1 Potion","floor":12.0,"gold_loss":0.0,"damage_taken":0.0},{"damage_healed":0.0,"max_hp_gain":0.0,"max_hp_loss":0.0,"gold_gain":0.0,"event_name":"N\u0027loth","player_choice":"Traded Relic","floor":21.0,"relics_lost":["Pocketwatch"],"gold_loss":0.0,"damage_taken":0.0,"relics_obtained":["Nloth\u0027s Gift"]},{"damage_healed":0.0,"max_hp_gain":0.0,"max_hp_loss":0.0,"gold_gain":0.0,"event_name":"SensoryStone","player_choice":"Memory 3","floor":38.0,"gold_loss":0.0,"damage_taken":10.0},{"damage_healed":0.0,"max_hp_gain":0.0,"max_hp_loss":0.0,"gold_gain":0.0,"event_name":"MindBloom","player_choice":"Fight","floor":41.0,"gold_loss":0.0,"damage_taken":0.0}],"is_beta":false,"boss_relics":[{"not_picked":["Black Star","HoveringKite"],"picked":"Runic Pyramid"},{"not_picked":["Orrery","Ring of the Serpent"],"picked":"Astrolabe"}],"items_purged_floors":[10,37],"is_endless":false,"potions_floor_spawned":[4,8,14,22,28,30,35,41],"killed_by":"Spire Growth","ascension_level":20}