{"path_per_floor":["?","?","?","?","?","?","?","?","?","?","?","?","?","?","?","B",null,"?","?","?","?","?","?","?","?","?","?","?","?","?","?","?","B",null,"?","?","?","?","?","?"],"character_chosen":"THE_SILENT","items_purchased":["War Paint","Dash"],"gold_per_floor":[114,139,64,79,79,109,109,109,134,149,179,194,209,224,224,324,324,294,294,294,309,324,354,104,104,104,22,37,37,67,67,67,167,167,182,197,212,227,327,342],"floor_reached":41,"campfire_rested":2,"playtime":2631,"current_hp_per_floor":[84,84,84,79,67,45,45,45,45,45,3,3,3,3,28,26,84,81,65,65,65,80,46,46,46,46,46,28,28,42,42,82,33,86,50,50,39,41,41,42],"items_purged":["Defend_G","Injury"],"gold":342,"score":445,"play_id":"17e96a8b-fffa-4f94-ba44-227ec8106fde","local_time":"20180306180856","daily_mods":[{"name":"传家宝","description":"开始时获得一件随机遗物。","modID":"Heirloom","img":{"data":{"file":{"file":{"path":"images\\ui\\run_mods\\heirloom.png"},"type":"Internal"},"width":64,"height":64,"format":"RGBA8888","useMipMaps":false,"isPrepared":false},"glTarget":3553,"glHandle":683,"minFilter":"Linear","magFilter":"Linear","uWrap":"ClampToEdge","vWrap":"ClampToEdge"},"positive":true},{"name":"致命强敌","description":"所有敌人获得+3力量。","modID":"Lethal Enemies","img":{"data":{"file":{"file":{"path":"images\\ui\\run_mods\\lethal_enemies.png"},"type":"Internal"},"width":64,"height":64,"format":"RGBA8888","useMipMaps":false,"isPrepared":false},"glTarget":3553,"glHandle":675,"minFilter":"Linear","magFilter":"Linear","uWrap":"ClampToEdge","vWrap":"ClampToEdge"},"positive":false},{"name":"诅咒局","description":"每打败一名Boss都被诅咒。","modID":"Cursed Run","img":{"data":{"file":{"file":{"path":"images\\ui\\run_mods\\cursed_run.png"},"type":"Internal"},"width":64,"height":64,"format":"RGBA8888","useMipMaps":false,"isPrepared":false},"glTarget":3553,"glHandle":673,"minFilter":"Linear","magFilter":"Linear","uWrap":"ClampToEdge","vWrap":"ClampToEdge"},"positive":false},{"name":"前路成谜","description":"地图上只显示 ？ 。","modID":"Uncertain Future","img":{"data":{"file":{"file":{"path":"images\\ui\\run_mods\\uncertain_future.png"},"type":"Internal"},"width":64,"height":64,"format":"RGBA8888","useMipMaps":false,"isPrepared":false},"glTarget":3553,"glHandle":679,"minFilter":"Linear","magFilter":"Linear","uWrap":"ClampToEdge","vWrap":"ClampToEdge"},"positive":false}],"is_prod":false,"is_daily":true,"is_ascension_mode":false,"campfire_upgraded":1,"timestamp":1520330936,"path_taken":["?","?","?","?","?","?","?","?","?","?","?","?","?","?","?","BOSS","?","?","?","?","?","?","?","?","?","?","?","?","?","?","?","BOSS","?","?","?","?","?","?","?"],"build_version":"2018-03-01-PROD1","purchased_purges":2,"victory":false,"master_deck":["Defend_G+1","Defend_G+1","Defend_G","Strike_G","Strike_G","Strike_G","Survivor","Neutralize+1","Terror","Footwork","Noxious Fumes","Cloak And Dagger","Storm of Steel","Unload","Backflip+1","Noxious Fumes+1","Heel Hook+1","Bouncing Flask+1","Necronomicurse","Dash","Catalyst","Injury","Burst","Prepared+1","Escape Plan","Acrobatics+1"],"max_hp_per_floor":[84,84,84,84,84,84,84,84,84,84,84,84,84,84,84,84,84,84,84,84,84,84,84,84,84,84,84,84,84,86,86,86,86,86,86,86,86,88,88,90],"relics":["Ring of the Snake","Mango","Pen Nib","Ornamental Fan","Paper Crane","Orichalcum","Thread and Needle","Astrolabe","Necronomicon","Kunai","War Paint","Regal Pillow","Singing Bowl","Philosopher\u0027s Stone"],"card_choices":[{"not_picked":["Underhanded Strike","Bane"],"picked":"Terror"},{"not_picked":["Backflip","Dagger Throw"],"picked":"Footwork"},{"not_picked":["Bouncing Flask","Footwork"],"picked":"Noxious Fumes"},{"not_picked":["Deflect","Sucker Punch"],"picked":"Cloak And Dagger"},{"not_picked":["Reflex","Outmaneuver"],"picked":"Storm of Steel"},{"not_picked":["Venomology","Tools of the Trade"],"picked":"Unload"},{"not_picked":["Finisher","Slice"],"picked":"Bouncing Flask"},{"not_picked":["Concentrate","Well Laid Plans"],"picked":"Catalyst"},{"not_picked":["Night Terror","Wraith Form"],"picked":"Burst"},{"not_picked":["Dagger Throw","Masterful Stab"],"picked":"Prepared"},{"not_picked":["Endless Agony","Cloak And Dagger"],"picked":"Escape Plan"},{"not_picked":["Cloak And Dagger","Flechettes"],"picked":"Acrobatics"}],"player_experience":224561,"potions_floor_usage":[6,16,18,21,22,22,30,30,30,37,40],"damage_taken":[{"damage":0,"enemies":"Cultist","floor":1,"turns":4},{"damage":5,"enemies":"Small Slimes","floor":4,"turns":4},{"damage":22,"enemies":"Gremlin Nob","floor":6,"turns":4},{"damage":0,"enemies":"2 Louse","floor":10,"turns":3},{"damage":42,"enemies":"3 Sentries","floor":11,"turns":10},{"damage":0,"enemies":"2 Fungi Beasts","floor":12,"turns":5},{"damage":0,"enemies":"Blue Slaver","floor":13,"turns":3},{"damage":0,"enemies":"Exordium Thugs","floor":14,"turns":6},{"damage":2,"enemies":"Hexaghost","floor":16,"turns":9},{"damage":3,"enemies":"2 Thieves","floor":18,"turns":5},{"damage":0,"enemies":"Shell Parasite","floor":21,"turns":6},{"damage":0,"enemies":"Centurion and Healer","floor":22,"turns":7},{"damage":34,"enemies":"Book of Stabbing","floor":23,"turns":7},{"damage":18,"enemies":"Snake Plant","floor":28,"turns":5},{"damage":0,"enemies":"Slavers","floor":30,"turns":7},{"damage":49,"enemies":"Champ","floor":33,"turns":13},{"damage":36,"enemies":"3 Darklings","floor":35,"turns":6},{"damage":0,"enemies":"3 Shapes","floor":36,"turns":5},{"damage":11,"enemies":"3 Darklings","floor":37,"turns":7},{"damage":0,"enemies":"Maw","floor":38,"turns":6},{"damage":1,"enemies":"Sphere and 2 Shapes","floor":40,"turns":7},{"damage":45,"enemies":"3 Darklings","floor":41,"turns":6}],"event_choices":[{"event_name":"Scrap Ooze","player_choice":"success","floor":5,"damage_taken":12},{"event_name":"Cursed Tome","player_choice":"Obtained Book","floor":19,"damage_taken":0},{"event_name":"The Lab","player_choice":"Got Potions","floor":20,"damage_taken":0},{"event_name":"Back to Basics","player_choice":"Elegance","floor":25,"damage_taken":0},{"event_name":"Vampires","player_choice":"Ignored","floor":31,"damage_taken":0},{"event_name":"Golden Shrine","player_choice":"Pray","floor":39,"damage_taken":0}],"boss_relics":[{"not_picked":["Velvet Choker","Tiny House"],"picked":"Astrolabe"},{"not_picked":["Black Star","Runic Dome"],"picked":"Philosopher\u0027s Stone"}],"potions_floor_spawned":[1,12,13,16,21,22,28,36,38],"seed_played":"-348954196553452531","killed_by":"3 Darklings","ascension_level":0,"is_trial":false}