{"gold_per_floor":[115,115,2,2,22,22,35,35,108,123,143,143,69,89,89,193,193,211,211,211,228,244,244,260,260,260,260,275,129,129,160,160,256,256,267,287,287,299,574,574,398,410,410,205,205,218,218,234,234,234],"floor_reached":51,"playtime":1774,"items_purged":["Strike_G","Strike_G","Strike_G"],"score":689,"play_id":"d7cdac14-cee4-488d-aa21-b7d87bd993a7","local_time":"20181023152020","is_ascension_mode":false,"campfire_choices":[{"data":"Deadly Poison","floor":6.0,"key":"SMITH"},{"data":"Footwork","floor":8.0,"key":"SMITH"},{"data":"Catalyst","floor":12.0,"key":"SMITH"},{"data":"Well Laid Plans","floor":15.0,"key":"SMITH"},{"data":"Burst","floor":23.0,"key":"SMITH"},{"data":"Footwork","floor":25.0,"key":"SMITH"},{"data":"Neutralize","floor":27.0,"key":"SMITH"},{"data":"Well Laid Plans","floor":32.0,"key":"SMITH"},{"data":"Footwork","floor":40.0,"key":"SMITH"},{"data":"Footwork","floor":47.0,"key":"SMITH"},{"data":"Wraith Form v2","floor":49,"key":"SMITH"}],"neow_cost":"NONE","seed_source_timestamp":19918153214050,"circlet_count":0,"master_deck":["Defend_G","Defend_G","Defend_G","Defend_G","Defend_G","Strike_G","Survivor","Neutralize+1","Footwork+1","Footwork+1","Deadly Poison+1","Dodge and Roll","Catalyst+1","Well Laid Plans+1","Burst+1","Die Die Die","Catalyst+1","Dodge and Roll+1","Well Laid Plans+1","Corpse Explosion","Night Terror","Wraith Form v2+1","Footwork+1","Noxious Fumes","Footwork+1","Blur"],"special_seed":0,"relics":["Ring of the Snake","Art of War","Omamori","Pear","Runic Dome","Orichalcum","Calipers","GremlinMask","Red Mask","Cursed Key"],"potions_floor_usage":[50,50,50,50,50],"damage_taken":[{"damage":0.0,"enemies":"Small Slimes","floor":1.0,"turns":5.0},{"damage":0.0,"enemies":"Cultist","floor":5.0,"turns":3.0},{"damage":0.0,"enemies":"Jaw Worm","floor":7.0,"turns":6.0},{"damage":4.0,"enemies":"Exordium Wildlife","floor":10.0,"turns":5.0},{"damage":0.0,"enemies":"Looter","floor":11.0,"turns":4.0},{"damage":3.0,"enemies":"Lots of Slimes","floor":14.0,"turns":6.0},{"damage":5.0,"enemies":"Slime Boss","floor":16.0,"turns":8.0},{"damage":9.0,"enemies":"2 Thieves","floor":18.0,"turns":3.0},{"damage":12.0,"enemies":"Colosseum Slavers","floor":20.0,"turns":6.0},{"damage":0.0,"enemies":"3 Byrds","floor":21.0,"turns":6.0},{"damage":7.0,"enemies":"Sentry and Sphere","floor":22.0,"turns":9.0},{"damage":2.0,"enemies":"Snecko","floor":24.0,"turns":7.0},{"damage":2.0,"enemies":"Centurion and Healer","floor":28.0,"turns":6.0},{"damage":10.0,"enemies":"Masked Bandits","floor":31.0,"turns":5.0},{"damage":8.0,"enemies":"Automaton","floor":33.0,"turns":8.0},{"damage":0.0,"enemies":"3 Shapes","floor":35.0,"turns":2.0},{"damage":0.0,"enemies":"Orb Walker","floor":36.0,"turns":3.0},{"damage":0.0,"enemies":"Writhing Mass","floor":38.0,"turns":4.0},{"damage":0.0,"enemies":"3 Darklings","floor":42.0,"turns":1.0},{"damage":0.0,"enemies":"Maw","floor":46.0,"turns":4.0},{"damage":1,"enemies":"Jaw Worm Horde","floor":48,"turns":3},{"damage":50,"enemies":"Awakened One","floor":50,"turns":15}],"seed_played":"-4132203245753533451","potions_obtained":[{"floor":1.0,"key":"Swift Potion"},{"floor":2.0,"key":"AttackPotion"},{"floor":2.0,"key":"Strength Potion"},{"floor":2.0,"key":"SkillPotion"},{"floor":7.0,"key":"GhostInAJar"},{"floor":16.0,"key":"EssenceOfSteel"},{"floor":22.0,"key":"Energy Potion"},{"floor":28.0,"key":"PowerPotion"},{"floor":33.0,"key":"EntropicBrew"},{"floor":38.0,"key":"SpeedPotion"}],"is_trial":false,"path_per_floor":["M","?","$","T","M","R","M","R","T","M","M","R","$","M","R","B",null,"M","T","?","M","M","R","M","R","T","R","M","$","?","?","R","B",null,"M","M","?","M","?","R","$","M","T","$","?","M","R","M","R","B"],"character_chosen":"THE_SILENT","items_purchased":["Footwork","Deadly Poison","Well Laid Plans","Well Laid Plans","Noxious Fumes","Footwork"],"campfire_rested":0,"item_purchase_floors":[3,3,13,29,41,44],"current_hp_per_floor":[70,70,70,70,70,70,70,70,80,76,76,76,76,73,73,68,80,71,71,59,59,52,52,50,50,50,50,48,48,48,38,38,30,80,80,80,76,76,76,76,76,76,76,76,76,76,76,75,75,25],"gold":234,"neow_bonus":"RANDOM_COMMON_RELIC","is_prod":false,"is_daily":false,"chose_seed":false,"campfire_upgraded":11,"win_rate":0,"timestamp":1540279220,"path_taken":["M","?","$","?","M","R","M","R","T","M","?","R","$","M","R","BOSS","M","?","?","M","?","R","M","R","T","R","M","$","?","?","R","BOSS","M","M","?","M","?","R","$","M","T","$","?","M","R","?","R","BOSS"],"build_version":"2018-10-18","purchased_purges":3,"victory":true,"max_hp_per_floor":[70,70,70,70,70,70,70,70,80,80,80,80,80,80,80,80,80,80,80,80,80,80,80,80,80,80,80,80,80,80,80,80,80,80,80,80,76,76,76,76,76,76,76,76,76,76,76,76,76,76],"card_choices":[{"not_picked":["Quick Slash","Blur"],"picked":"Footwork","floor":1.0},{"not_picked":["Quick Slash","Tactician","Deflect"],"picked":"SKIP","floor":5.0},{"not_picked":["Finisher","Deflect"],"picked":"Dodge and Roll","floor":7.0},{"not_picked":["Flying Knee","Bane","Concentrate"],"picked":"SKIP","floor":10.0},{"not_picked":["Quick Slash","Masterful Stab"],"picked":"Catalyst","floor":11.0},{"not_picked":["Bane","Blade Dance"],"picked":"Burst","floor":14.0},{"not_picked":["Bullet Time","Phantasmal Killer"],"picked":"Die Die Die","floor":16.0},{"not_picked":["Dodge and Roll","Reflex+1","Terror"],"picked":"SKIP","floor":18.0},{"not_picked":["Flying Knee+1","Setup+1","Acrobatics"],"picked":"SKIP","floor":21.0},{"not_picked":["Caltrops","Dodge and Roll","Sucker Punch"],"picked":"SKIP","floor":22.0},{"not_picked":["Caltrops","Distraction"],"picked":"Catalyst+1","floor":24.0},{"not_picked":["Deflect","Slice"],"picked":"Dodge and Roll+1","floor":28.0},{"not_picked":["Blur","Backflip+1"],"picked":"Corpse Explosion","floor":31.0},{"not_picked":["After Image","Grand Finale"],"picked":"Night Terror","floor":33.0},{"not_picked":["Deadly Poison","Cloak And Dagger+1","Blade Dance+1"],"picked":"SKIP","floor":35.0},{"not_picked":["Endless Agony+1","PiercingWail"],"picked":"Wraith Form v2","floor":36.0},{"not_picked":["Terror","Skewer+1"],"picked":"Footwork","floor":38.0},{"not_picked":["Terror","Quick Slash+1","Dagger Spray+1"],"picked":"SKIP","floor":42.0},{"not_picked":["Deflect+1","Sucker Punch+1"],"picked":"Blur","floor":46.0},{"not_picked":["Slice+1","Skewer","Dagger Throw+1"],"picked":"SKIP","floor":48}],"player_experience":559998,"relics_obtained":[{"floor":4.0,"key":"Omamori"},{"floor":9.0,"key":"Pear"},{"floor":19.0,"key":"Orichalcum"},{"floor":26.0,"key":"Calipers"},{"floor":31.0,"key":"Red Mask"}],"event_choices":[{"damage_healed":0.0,"max_hp_gain":0.0,"max_hp_loss":0.0,"gold_gain":0.0,"event_name":"The Lab","player_choice":"Got Potions","floor":2.0,"gold_loss":0.0,"damage_taken":0.0},{"damage_healed":0.0,"max_hp_gain":0.0,"max_hp_loss":0.0,"gold_gain":0.0,"event_name":"Colosseum","player_choice":"Fight","floor":20.0,"gold_loss":0.0,"damage_taken":0.0},{"damage_healed":0.0,"max_hp_gain":0.0,"max_hp_loss":0.0,"gold_gain":0.0,"event_name":"Colosseum","player_choice":"Fled From Nobs","floor":20.0,"gold_loss":0.0,"damage_taken":0.0},{"damage_healed":0.0,"max_hp_gain":0.0,"max_hp_loss":0.0,"gold_gain":0.0,"event_name":"FaceTrader","player_choice":"Trade","floor":30.0,"gold_loss":0.0,"damage_taken":0.0,"relics_obtained":["GremlinMask"]},{"damage_healed":0.0,"max_hp_gain":0.0,"max_hp_loss":0.0,"gold_gain":0.0,"event_name":"Masked Bandits","player_choice":"Fought Bandits","floor":31.0,"gold_loss":0.0,"damage_taken":0.0},{"damage_healed":0.0,"max_hp_gain":0.0,"max_hp_loss":4.0,"gold_gain":0.0,"event_name":"Winding Halls","player_choice":"Max HP","floor":37.0,"gold_loss":0.0,"damage_taken":0.0},{"damage_healed":0.0,"max_hp_gain":0.0,"max_hp_loss":0.0,"gold_gain":275.0,"event_name":"Golden Shrine","player_choice":"Desecrate","floor":39.0,"gold_loss":0.0,"damage_taken":0.0,"cards_obtained":["Regret"]},{"cards_removed":["Strike_G"],"damage_healed":0.0,"max_hp_gain":0.0,"max_hp_loss":0.0,"gold_gain":0.0,"event_name":"Falling","player_choice":"Removed Attack","floor":45.0,"gold_loss":0.0,"damage_taken":0.0}],"is_beta":false,"boss_relics":[{"not_picked":["Eternal Feather","Fusion Hammer"],"picked":"Runic Dome"},{"not_picked":["Tiny House","HoveringKite"],"picked":"Cursed Key"}],"items_purged_floors":[29,41,44],"is_endless":false,"potions_floor_spawned":[1,7,16,22,28,33,38,42,46],"ascension_level":0}