{"gold_per_floor":[114,127,127,147,164,189,189,222,306,325,250,268,268,268],"floor_reached":14,"playtime":421,"items_purged":["Strike_B"],"score":204,"play_id":"cda406b9-96ad-4446-9053-54d523ff35e4","local_time":"20190405171827","is_ascension_mode":true,"campfire_choices":[{"data":"Loop","floor":7,"key":"SMITH"},{"data":"Dualcast","floor":13,"key":"SMITH"}],"neow_cost":"TEN_PERCENT_HP_LOSS","seed_source_timestamp":22513311330052,"circlet_count":0,"master_deck":["AscendersBane","Strike_B","Strike_B","Strike_B","Defend_B","Defend_B","Defend_B","Defend_B","Zap","Dualcast+1","Rainbow","Cold Snap","Ball Lightning","Loop+1","Buffer","Capacitor","Glacier"],"relics":["Cracked Core","CultistMask","Oddly Smooth Stone","Cables","Tiny Chest"],"potions_floor_usage":[6,14,14],"damage_taken":[{"damage":7,"enemies":"Jaw Worm","floor":1,"turns":3},{"damage":0,"enemies":"Cultist","floor":2,"turns":3},{"damage":4,"enemies":"2 Louse","floor":4,"turns":3},{"damage":6,"enemies":"Red Slaver","floor":5,"turns":3},{"damage":1,"enemies":"Gremlin Nob","floor":6,"turns":3},{"damage":19,"enemies":"3 Sentries","floor":8,"turns":5},{"damage":16,"enemies":"Exordium Wildlife","floor":10,"turns":8},{"damage":5,"enemies":"Blue Slaver","floor":12,"turns":3},{"damage":18,"enemies":"Large Slime","floor":14,"turns":1}],"seed_played":"629054593184510376","potions_obtained":[{"floor":1,"key":"SteroidPotion"},{"floor":5,"key":"FocusPotion"},{"floor":8,"key":"Poison Potion"}],"is_trial":false,"path_per_floor":["M","M","?","M","M","E","R","E","T","M","$","M","R","M"],"character_chosen":"DEFECT","items_purchased":[],"campfire_rested":0,"item_purchase_floors":[],"current_hp_per_floor":[57,57,57,53,47,46,46,27,27,11,11,6,6,0],"gold":268,"neow_bonus":"THREE_RARE_CARDS","is_prod":false,"is_daily":false,"chose_seed":false,"campfire_upgraded":2,"win_rate":0,"timestamp":1554455907,"path_taken":["M","M","?","?","M","E","R","E","T","M","$","M","R","M"],"build_version":"2019-01-23","purchased_purges":1,"victory":false,"max_hp_per_floor":[64,64,64,64,64,64,64,64,64,64,64,64,64,64],"card_choices":[{"not_picked":["Meteor Strike","Thunder Strike"],"picked":"Rainbow","floor":0},{"not_picked":["Doom and Gloom","Streamline","Rebound"],"picked":"SKIP","floor":1},{"not_picked":["Beam Cell","Conserve Battery"],"picked":"Cold Snap","floor":2},{"not_picked":["Cold Snap","Barrage"],"picked":"Ball Lightning","floor":4},{"not_picked":["Streamline","Scrape"],"picked":"Loop","floor":5},{"not_picked":["Gash","Defragment"],"picked":"Buffer","floor":6},{"not_picked":["Static Discharge","Consume"],"picked":"Capacitor","floor":8},{"not_picked":["Steam","Double Energy"],"picked":"Glacier","floor":10},{"not_picked":["Sweeping Beam","Rebound","Barrage"],"picked":"SKIP","floor":12}],"player_experience":4077688,"relics_obtained":[{"floor":6,"key":"Oddly Smooth Stone"},{"floor":8,"key":"Cables"},{"floor":9,"key":"Tiny Chest"}],"event_choices":[{"damage_healed":0,"gold_gain":0,"player_choice":"Trade","damage_taken":0,"relics_obtained":["CultistMask"],"max_hp_gain":0,"max_hp_loss":0,"event_name":"FaceTrader","floor":3,"gold_loss":0}],"is_beta":false,"boss_relics":[],"items_purged_floors":[11],"is_endless":false,"potions_floor_spawned":[1,5,8],"killed_by":"Large Slime","ascension_level":20}