{"gold_per_floor":[119,119,44,63,83,109,109,129,207,207,207,207,207,6,6,6],"floor_reached":16,"playtime":620,"items_purged":["Defend_G"],"score":98,"play_id":"b75f3e7e-a38f-489a-85df-76546efaa114","local_time":"20190530165457","is_ascension_mode":false,"campfire_choices":[{"data":"Reflex","floor":7.0,"key":"SMITH"},{"data":"Calculated Gamble","floor":10,"key":"SMITH"},{"floor":13,"key":"REST"},{"data":"Survivor","floor":15,"key":"SMITH"}],"neow_cost":"NONE","seed_source_timestamp":11874053082906,"circlet_count":0,"master_deck":["Defend_G","Defend_G+1","Defend_G","Defend_G","Strike_G","Strike_G","Strike_G","Strike_G","Survivor+1","Neutralize","Calculated Gamble+1","Reflex+1","Flying Knee","Deflect+1"],"special_seed":0,"relics":["Black Star","Gambling Chip","Potion Belt","Ornamental Fan","MealTicket"],"potions_floor_usage":[],"damage_taken":[{"damage":0.0,"enemies":"2 Louse","floor":1.0,"turns":3.0},{"damage":0.0,"enemies":"Jaw Worm","floor":4.0,"turns":5.0},{"damage":0.0,"enemies":"Small Slimes","floor":5.0,"turns":3.0},{"damage":42.0,"enemies":"Lagavulin","floor":6.0,"turns":9.0},{"damage":3,"enemies":"2 Fungi Beasts","floor":8,"turns":5},{"damage":33,"enemies":"The Guardian","floor":16,"turns":11}],"seed_played":"-2655156282567873230","potions_obtained":[],"is_trial":false,"path_per_floor":["M","?","$","M","M","E","R","M","T","R","?","?","R","$","R","B"],"character_chosen":"THE_SILENT","items_purchased":["MealTicket"],"campfire_rested":1,"item_purchase_floors":[14],"current_hp_per_floor":[70,75,75,75,75,33,33,30,30,30,15,8,30,30,30,0],"gold":6,"neow_bonus":"BOSS_RELIC","is_prod":false,"is_daily":false,"chose_seed":false,"campfire_upgraded":3,"win_rate":0,"timestamp":1559228097,"path_taken":["M","?","$","M","M","E","R","M","T","R","?","?","R","$","R","BOSS"],"build_version":"2019-01-23","purchased_purges":1,"victory":false,"max_hp_per_floor":[70,75,75,75,75,75,75,75,75,75,75,75,75,75,75,75],"card_choices":[{"not_picked":["Cloak And Dagger","Choke"],"picked":"Calculated Gamble","floor":1.0},{"not_picked":["Caltrops","Outmaneuver"],"picked":"Reflex","floor":4.0},{"not_picked":["Blur","Setup"],"picked":"Flying Knee","floor":5.0},{"not_picked":["PiercingWail","Poisoned Stab"],"picked":"Deflect","floor":6.0},{"not_picked":["Dash","Dodge and Roll","Quick Slash"],"picked":"SKIP","floor":8}],"player_experience":445374,"relics_obtained":[{"floor":6.0,"key":"Gambling Chip"},{"floor":6.0,"key":"Potion Belt"},{"floor":9,"key":"Ornamental Fan"}],"event_choices":[{"damage_healed":0.0,"max_hp_gain":5.0,"max_hp_loss":0.0,"gold_gain":0.0,"event_name":"Big Fish","player_choice":"Donut","floor":2.0,"gold_loss":0.0,"damage_taken":0.0},{"damage_healed":0,"gold_gain":0,"player_choice":"Entered Light","damage_taken":15,"max_hp_gain":0,"max_hp_loss":0,"event_name":"Shining Light","floor":11,"gold_loss":0,"cards_upgraded":["Deflect","Defend_G"]},{"cards_removed":["Strike_G"],"damage_healed":0,"gold_gain":0,"player_choice":"Card Removal","damage_taken":7,"max_hp_gain":0,"max_hp_loss":0,"event_name":"Golden Wing","floor":12,"gold_loss":0}],"is_beta":false,"boss_relics":[],"items_purged_floors":[3],"is_endless":false,"potions_floor_spawned":[],"killed_by":"The Guardian","ascension_level":0}