{"gold_per_floor":[117,132,58,68,82,82,110,110,110,136,136,136,148,148,148,249,249,267,284,284,304,156,156,170,270,270,270,195,195,212,212,212,312,312,323,323,323,338,238,238,254,269,269,269,297,297,172,172,172,172],"floor_reached":51,"playtime":1871,"items_purged":["Decay","Strike_G+1","Strike_G+1"],"score":933,"play_id":"8ab76986-4252-46c5-a541-1cd17cd2be7d","local_time":"20181029130025","is_ascension_mode":false,"campfire_choices":[{"data":"Noxious Fumes","floor":6.0,"key":"SMITH"},{"data":"Neutralize","floor":8.0,"key":"SMITH"},{"data":"Deadly Poison","floor":12.0,"key":"SMITH"},{"data":"Well Laid Plans","floor":15.0,"key":"SMITH"},{"data":"Corpse Explosion","floor":23.0,"key":"SMITH"},{"data":"Leg Sweep","floor":27.0,"key":"SMITH"},{"data":"Footwork","floor":29.0,"key":"SMITH"},{"data":"Burst","floor":32.0,"key":"SMITH"},{"floor":40,"key":"REST"},{"data":"Magnetism","floor":46,"key":"SMITH"},{"data":"A Thousand Cuts","floor":49,"key":"SMITH"}],"neow_cost":"NONE","seed_source_timestamp":6968402447645,"circlet_count":0,"master_deck":["Defend_G+1","Defend_G+1","Defend_G+1","Strike_G+1","Survivor+1","Neutralize+1","Poisoned Stab+1","Noxious Fumes+1","Footwork+1","Deadly Poison+1","Well Laid Plans+1","Corpse Explosion+1","Deflect+1","Leg Sweep+1","Backflip+1","PiercingWail+1","Burst+1","Prepared+1","Adrenaline+1","Enlightenment+1","Venomology+1","Sucker Punch+1","Magnetism+1","Dodge and Roll+1","A Thousand Cuts+1"],"special_seed":0,"relics":["Ring of the Serpent","Bag of Preparation","Tough Bandages","Question Card","Sundial","Gremlin Horn","Busted Crown","Mark of the Bloom","Happy Flower","Ice Cream"],"potions_floor_usage":[38,41,42,45,50,50,50],"damage_taken":[{"damage":0.0,"enemies":"2 Louse","floor":1.0,"turns":4.0},{"damage":0.0,"enemies":"Cultist","floor":2.0,"turns":4.0},{"damage":0.0,"enemies":"Jaw Worm","floor":4.0,"turns":5.0},{"damage":5.0,"enemies":"Exordium Wildlife","floor":5.0,"turns":6.0},{"damage":5.0,"enemies":"Lagavulin","floor":7.0,"turns":6.0},{"damage":34.0,"enemies":"Gremlin Nob","floor":10.0,"turns":5.0},{"damage":0.0,"enemies":"Blue Slaver","floor":13.0,"turns":4.0},{"damage":0.0,"enemies":"Slime Boss","floor":16.0,"turns":7.0},{"damage":0.0,"enemies":"Spheric Guardian","floor":18.0,"turns":4.0},{"damage":0.0,"enemies":"3 Byrds","floor":19.0,"turns":2.0},{"damage":8.0,"enemies":"Sentry and Sphere","floor":21.0,"turns":5.0},{"damage":0.0,"enemies":"Centurion and Healer","floor":24.0,"turns":5.0},{"damage":0.0,"enemies":"Chosen and Byrds","floor":30.0,"turns":7.0},{"damage":5.0,"enemies":"Collector","floor":33.0,"turns":7.0},{"damage":0,"enemies":"3 Darklings","floor":35,"turns":3},{"damage":0,"enemies":"Orb Walker","floor":38,"turns":4},{"damage":0,"enemies":"Maw","floor":41,"turns":6},{"damage":0,"enemies":"3 Darklings","floor":42,"turns":3},{"damage":0,"enemies":"Giant Head","floor":45,"turns":7},{"damage":0,"enemies":"Donu and Deca","floor":50,"turns":7}],"seed_played":"7771213986828928957","potions_obtained":[{"floor":2.0,"key":"Energy Potion"},{"floor":5.0,"key":"SteroidPotion"},{"floor":7.0,"key":"Poison Potion"},{"floor":16.0,"key":"Ancient Potion"},{"floor":33.0,"key":"AttackPotion"}],"is_trial":false,"path_per_floor":["M","M","$","M","M","R","E","R","T","E","?","R","M","?","R","B",null,"M","M","?","M","$","R","M","?","T","R","?","R","M","?","R","B",null,"M","?","?","M","$","R","M","M","T","?","E","R","$","?","R","B"],"character_chosen":"THE_SILENT","items_purchased":["Footwork","Leg Sweep"],"campfire_rested":1,"item_purchase_floors":[3,22],"current_hp_per_floor":[70,70,70,70,65,65,60,60,60,26,31,31,31,31,31,31,75,75,75,75,67,67,67,67,67,67,67,67,67,67,67,67,62,75,75,75,75,75,75,75,75,75,75,75,75,75,75,75,75,75],"gold":172,"neow_bonus":"RANDOM_COMMON_RELIC","is_prod":false,"is_daily":false,"chose_seed":false,"campfire_upgraded":10,"win_rate":0,"timestamp":1540789225,"path_taken":["M","M","$","M","M","R","E","R","T","E","?","R","?","?","R","BOSS","M","M","?","?","$","R","M","?","T","R","?","R","M","?","R","BOSS","M","?","?","M","$","R","M","M","T","?","E","R","?","?","R","BOSS"],"build_version":"2018-10-25v2","purchased_purges":3,"victory":true,"max_hp_per_floor":[70,70,70,70,70,70,70,70,70,70,75,75,75,75,75,75,75,75,75,75,75,75,75,75,75,75,75,75,75,75,75,75,75,75,75,75,75,75,75,75,75,75,75,75,75,75,75,75,75,75],"card_choices":[{"not_picked":["Cloak And Dagger","Setup"],"picked":"Poisoned Stab","floor":1.0},{"not_picked":["Blade Dance","Sucker Punch"],"picked":"Noxious Fumes","floor":2.0},{"not_picked":["Finisher","PiercingWail","Prepared"],"picked":"SKIP","floor":4.0},{"not_picked":["Predator","Underhanded Strike","Bane"],"picked":"SKIP","floor":5.0},{"not_picked":["Dodge and Roll","Flying Knee","Slice"],"picked":"SKIP","floor":7.0},{"not_picked":["Flechettes","Quick Slash","Concentrate"],"picked":"Deadly Poison","floor":10.0},{"not_picked":["Slice","Acrobatics","Outmaneuver"],"picked":"Well Laid Plans","floor":13.0},{"not_picked":["Burst","Grand Finale","Wraith Form v2"],"picked":"Corpse Explosion","floor":16.0},{"not_picked":["Flying Knee+1","Cloak And Dagger","Heel Hook"],"picked":"Deflect+1","floor":18.0},{"not_picked":["Crippling Poison","Bane","Prepared","Deflect"],"picked":"SKIP","floor":19.0},{"not_picked":["Deadly Poison","Acrobatics+1","Predator","Blade Dance+1"],"picked":"SKIP","floor":21.0},{"not_picked":["Doppelganger","Setup","Concentrate"],"picked":"Backflip+1","floor":24.0},{"not_picked":["Blade Dance+1","All Out Attack","Poisoned Stab"],"picked":"PiercingWail+1","floor":30.0},{"not_picked":["Bullet Time","After Image","Doppelganger"],"picked":"Adrenaline","floor":33.0},{"not_picked":["Flying Knee+1","Riddle With Holes+1"],"picked":"SKIP","floor":35},{"not_picked":["Dagger Spray+1"],"picked":"Sucker Punch+1","floor":38},{"not_picked":["Infinite Blades+1","Predator+1"],"picked":"SKIP","floor":41},{"not_picked":["Dodge and Roll","Skewer"],"picked":"SKIP","floor":42},{"not_picked":["Mind Blast"],"picked":"Magnetism","floor":44},{"not_picked":["Bane"],"picked":"Dodge and Roll+1","floor":45}],"player_experience":708743,"relics_obtained":[{"floor":7.0,"key":"Tough Bandages"},{"floor":9.0,"key":"Question Card"},{"floor":10.0,"key":"Sundial"},{"floor":26.0,"key":"Gremlin Horn"},{"floor":43,"key":"Happy Flower"},{"floor":45,"key":"Ice Cream"}],"event_choices":[{"damage_healed":0.0,"max_hp_gain":5.0,"max_hp_loss":0.0,"gold_gain":0.0,"event_name":"Big Fish","player_choice":"Donut","floor":11.0,"gold_loss":0.0,"damage_taken":0.0},{"damage_healed":0.0,"max_hp_gain":0.0,"max_hp_loss":0.0,"gold_gain":0.0,"event_name":"Liars Game","player_choice":"Ignored","floor":14.0,"gold_loss":0.0,"damage_taken":0.0},{"damage_healed":0.0,"max_hp_gain":0.0,"max_hp_loss":0.0,"gold_gain":0.0,"event_name":"Wheel of Change","player_choice":"Cursed","floor":20.0,"gold_loss":0.0,"damage_taken":0.0,"cards_obtained":["Decay"]},{"damage_healed":0.0,"max_hp_gain":0.0,"max_hp_loss":0.0,"gold_gain":100.0,"event_name":"Golden Shrine","player_choice":"Pray","floor":25.0,"gold_loss":0.0,"damage_taken":0.0},{"cards_removed":["Strike_G"],"damage_healed":0.0,"max_hp_gain":0.0,"max_hp_loss":0.0,"gold_gain":0.0,"event_name":"Beggar","player_choice":"Gave Gold","floor":28.0,"gold_loss":75.0,"damage_taken":0.0},{"damage_healed":0.0,"max_hp_gain":0.0,"max_hp_loss":0.0,"gold_gain":0.0,"cards_transformed":["Strike_G","Defend_G"],"event_name":"Drug Dealer","player_choice":"Became Test Subject","floor":31.0,"gold_loss":0.0,"damage_taken":0.0,"cards_obtained":["Burst","Prepared"]},{"damage_healed":0,"gold_gain":0,"player_choice":"2 cards matched","damage_taken":0,"max_hp_gain":0,"max_hp_loss":0,"event_name":"Match and Keep!","floor":36,"gold_loss":0,"cards_obtained":["Enlightenment","Venomology"]},{"damage_healed":0,"gold_gain":0,"player_choice":"2 cards matched","damage_taken":0,"max_hp_gain":0,"max_hp_loss":0,"event_name":"Match and Keep!","floor":36,"gold_loss":0,"cards_obtained":["Enlightenment","Venomology"]},{"damage_healed":0,"gold_gain":0,"player_choice":"Upgrade","damage_taken":0,"relics_obtained":["Mark of the Bloom"],"max_hp_gain":0,"max_hp_loss":0,"event_name":"MindBloom","floor":37,"gold_loss":0,"cards_upgraded":["Defend_G","Defend_G","Defend_G","Defend_G","Strike_G","Strike_G","Strike_G","Survivor","Poisoned Stab","Prepared","Adrenaline","Enlightenment","Venomology"]},{"damage_healed":0,"gold_gain":0,"player_choice":"Memory 1","damage_taken":0,"max_hp_gain":0,"max_hp_loss":0,"event_name":"SensoryStone","floor":44,"gold_loss":0},{"damage_healed":0,"gold_gain":0,"cards_transformed":["Defend_G"],"player_choice":"Transformed","damage_taken":0,"max_hp_gain":0,"max_hp_loss":0,"event_name":"Transmorgrifier","floor":48,"gold_loss":0,"cards_obtained":["A Thousand Cuts"]}],"is_beta":false,"boss_relics":[{"not_picked":["Snecko Eye","Black Star"],"picked":"Ring of the Serpent"},{"not_picked":["Calling Bell","Sozu"],"picked":"Busted Crown"}],"items_purged_floors":[22,39,47],"is_endless":false,"potions_floor_spawned":[2,5,7,13,16,18,33,42],"ascension_level":0}