{"gold_per_floor":[364,74,74,93,111,111,139,139,164,164,177,5,15,28,28,132,132,142,158,158,168,180,180,205,221,221,221,146,146,164,174,174,269,269,283,283,283,283,158,158,169,189,189,39,39,52,62,80,80,80],"floor_reached":51,"playtime":2738,"items_purged":["Regret","Strike_G","Strike_G","Defend_G"],"score":763,"play_id":"815a94e3-9eb9-4828-aa61-e9dec3083701","local_time":"20181008193428","is_ascension_mode":true,"campfire_choices":[{"data":"Noxious Fumes","floor":6,"key":"SMITH"},{"data":"Well Laid Plans","floor":8,"key":"SMITH"},{"data":"Neutralize","floor":10,"key":"SMITH"},{"data":"Deadly Poison","floor":15,"key":"SMITH"},{"floor":23,"key":"REST"},{"floor":27,"key":"REST"},{"floor":29,"key":"REST"},{"floor":32,"key":"REST"},{"floor":40,"key":"REST"},{"floor":45,"key":"REST"},{"floor":49,"key":"REST"}],"neow_cost":"CURSE","seed_source_timestamp":42899957377180,"circlet_count":0,"master_deck":["Defend_G","Defend_G","Defend_G+1","Defend_G+1","Strike_G+1","Survivor+1","Neutralize+1","Noxious Fumes+1","Well Laid Plans+1","Deadly Poison+1","After Image","Corpse Explosion","Noxious Fumes","Leg Sweep+1","Dash","Night Terror+1","Deadly Poison","Catalyst+1","Leg Sweep+1","Backflip"],"relics":["Ring of the Serpent","PreservedInsect","Bag of Marbles","Blood Vial","Fusion Hammer","Bronze Scales","Matryoshka","War Paint","Pantograph"],"potions_floor_usage":[16,19,25,50,50],"damage_taken":[{"damage":7,"enemies":"Small Slimes","floor":1,"turns":5},{"damage":5,"enemies":"2 Louse","floor":4,"turns":4},{"damage":0,"enemies":"Cultist","floor":5,"turns":4},{"damage":8,"enemies":"3 Sentries","floor":7,"turns":7},{"damage":16,"enemies":"Lots of Slimes","floor":11,"turns":4},{"damage":0,"enemies":"Exordium Wildlife","floor":13,"turns":3},{"damage":0,"enemies":"Looter","floor":14,"turns":4},{"damage":1,"enemies":"Hexaghost","floor":16,"turns":9},{"damage":9,"enemies":"2 Thieves","floor":18,"turns":4},{"damage":0,"enemies":"Shell Parasite","floor":19,"turns":5},{"damage":22,"enemies":"Centurion and Healer","floor":21,"turns":4},{"damage":2,"enemies":"Cultist and Chosen","floor":22,"turns":5},{"damage":15,"enemies":"Gremlin Leader","floor":24,"turns":6},{"damage":6,"enemies":"Snecko","floor":25,"turns":5},{"damage":14,"enemies":"Sentry and Sphere","floor":30,"turns":5},{"damage":5,"enemies":"Snake Plant","floor":31,"turns":4},{"damage":20,"enemies":"Automaton","floor":33,"turns":9},{"damage":25,"enemies":"3 Darklings","floor":35,"turns":4},{"damage":0,"enemies":"Orb Walker","floor":41,"turns":5},{"damage":0,"enemies":"4 Shapes","floor":42,"turns":5},{"damage":24,"enemies":"3 Darklings","floor":46,"turns":3},{"damage":0,"enemies":"Spire Growth","floor":47,"turns":4},{"damage":15,"enemies":"4 Shapes","floor":48,"turns":2},{"damage":24,"enemies":"Donu and Deca","floor":50,"turns":6}],"seed_played":"6136727166089882051","potions_obtained":[{"floor":1,"key":"Strength Potion"},{"floor":7,"key":"Poison Potion"},{"floor":16,"key":"Ancient Potion"},{"floor":21,"key":"Energy Potion"},{"floor":30,"key":"Energy Potion"},{"floor":33,"key":"PowerPotion"}],"is_trial":false,"path_per_floor":["M","$","?","M","M","R","E","R","T","R","M","$","M","M","R","B",null,"M","M","?","M","M","R","E","M","T","R","?","R","M","M","R","B",null,"M","?","?","?","$","R","M","M","T","$","R","M","M","M","R","B"],"character_chosen":"THE_SILENT","items_purchased":["Well Laid Plans","PreservedInsect","Regen Potion"],"campfire_rested":7,"item_purchase_floors":[2,2,12],"current_hp_per_floor":[63,63,49,44,44,44,36,36,36,36,22,22,24,26,26,27,70,61,63,50,30,30,52,39,35,35,57,57,75,61,58,75,55,75,50,50,50,50,50,71,71,71,71,71,71,47,49,36,57,59],"gold":80,"neow_bonus":"TWO_FIFTY_GOLD","is_prod":false,"is_daily":false,"chose_seed":false,"campfire_upgraded":4,"win_rate":1,"timestamp":1538998468,"path_taken":["M","$","?","M","M","R","E","R","T","R","?","?","M","M","R","BOSS","M","M","?","?","?","R","E","M","T","R","?","R","?","?","R","BOSS","M","?","?","?","$","R","M","?","T","?","R","?","M","M","R","BOSS"],"build_version":"2018-10-04v2","purchased_purges":4,"victory":true,"max_hp_per_floor":[70,70,70,70,70,70,70,70,70,70,70,70,70,70,70,70,70,70,70,75,75,75,75,75,75,75,75,75,75,75,75,75,75,75,75,75,75,71,71,71,71,71,71,71,71,71,71,71,71,71],"card_choices":[{"not_picked":["Quick Slash","All Out Attack"],"picked":"Noxious Fumes","floor":1},{"not_picked":["Calculated Gamble","All Out Attack","Dodge and Roll"],"picked":"SKIP","floor":4},{"not_picked":["Deflect","Bane","Sucker Punch"],"picked":"SKIP","floor":5},{"not_picked":["All Out Attack","Flying Knee","Dagger Spray"],"picked":"SKIP","floor":7},{"not_picked":["Outmaneuver","Calculated Gamble","Quick Slash"],"picked":"SKIP","floor":11},{"not_picked":["Expertise","PiercingWail"],"picked":"Deadly Poison","floor":13},{"not_picked":["Escape Plan","Predator"],"picked":"After Image","floor":14},{"not_picked":["Adrenaline","Venomology"],"picked":"Corpse Explosion","floor":16},{"not_picked":["Underhanded Strike","Endless Agony","Eviscerate"],"picked":"SKIP","floor":18},{"not_picked":["Deflect","Flying Knee"],"picked":"Noxious Fumes","floor":19},{"not_picked":["Underhanded Strike","Dagger Spray","Riddle With Holes"],"picked":"SKIP","floor":21},{"not_picked":["Flying Knee+1","Slice","Tactician"],"picked":"SKIP","floor":22},{"not_picked":["Finisher+1","Eviscerate","Reflex"],"picked":"SKIP","floor":24},{"not_picked":["Sucker Punch+1","Acrobatics+1"],"picked":"Leg Sweep+1","floor":25},{"not_picked":["Flying Knee+1","Quick Slash+1","Acrobatics"],"picked":"SKIP","floor":30},{"not_picked":["Sucker Punch","Calculated Gamble"],"picked":"Dash","floor":31},{"not_picked":["Unload","Bullet Time"],"picked":"Night Terror","floor":33},{"not_picked":["Eviscerate","Blade Dance","Acrobatics+1"],"picked":"SKIP","floor":35},{"not_picked":["Sucker Punch","Calculated Gamble+1"],"picked":"Deadly Poison","floor":41},{"not_picked":["Choke","Expertise"],"picked":"Catalyst+1","floor":42},{"not_picked":["Slice+1","Prepared"],"picked":"Leg Sweep+1","floor":46},{"not_picked":["Dodge and Roll","Dagger Throw+1","Backstab"],"picked":"SKIP","floor":47},{"not_picked":["Underhanded Strike","Riddle With Holes+1"],"picked":"Backflip","floor":48}],"player_experience":12568,"relics_obtained":[{"floor":7,"key":"Bag of Marbles"},{"floor":9,"key":"Blood Vial"},{"floor":24,"key":"Bronze Scales"},{"floor":26,"key":"Matryoshka"},{"floor":43,"key":"War Paint"},{"floor":43,"key":"Pantograph"}],"event_choices":[{"event_name":"Shining Light","player_choice":"Entered Light","floor":3,"damage_taken":0},{"event_name":"Forgotten Altar","player_choice":"Shed Blood","floor":20,"damage_taken":0},{"event_name":"Beggar","player_choice":"Gave Gold","floor":28,"damage_taken":0},{"event_name":"Upgrade Shrine","player_choice":"Upgraded","floor":36,"damage_taken":0},{"event_name":"Purifier","player_choice":"One Purge","floor":37,"damage_taken":0},{"event_name":"Winding Halls","player_choice":"Max HP","floor":38,"damage_taken":0}],"is_beta":false,"boss_relics":[{"not_picked":["Philosopher\u0027s Stone","White Beast Statue"],"picked":"Fusion Hammer"},{"not_picked":["Empty Cage","Lizard Tail"],"picked":"Ring of the Serpent"}],"items_purged_floors":[2,12,39,44],"is_endless":false,"potions_floor_spawned":[1,7,14,16,21,24,30,33,35,42,46],"ascension_level":2}