{"gold_per_floor":[214,230,230,247,263,263,289,289,315,315,315,334,434,129,129,206,206,224,224,224,224,210,210,230,230,254,278,315,327,353,234,234,312,312,322,30,40,1039,1039,1039,1051,868,868,868,483,483,483,500,500,500],"floor_reached":51,"playtime":6649,"items_purged":["Strike_G","Strike_G","Defend_G","Normality","Normality"],"score":1220,"play_id":"5c158eac-b3be-44ca-94b7-7794003986f9","local_time":"20181013003826","is_ascension_mode":true,"campfire_choices":[{"data":"Deadly Poison","floor":6,"key":"SMITH"},{"floor":8,"key":"REST"},{"data":"Neutralize","floor":10,"key":"SMITH"},{"data":"Deadly Poison","floor":15,"key":"SMITH"},{"data":"Catalyst","floor":23,"key":"SMITH"},{"floor":25,"key":"REST"},{"floor":29,"key":"REST"},{"data":"Well Laid Plans","floor":32,"key":"SMITH"},{"data":"Noxious Fumes","floor":40,"key":"SMITH"},{"floor":44,"key":"REST"},{"data":"Noxious Fumes","floor":47,"key":"SMITH"},{"data":"Noxious Fumes","floor":49,"key":"SMITH"}],"neow_cost":"NONE","seed_source_timestamp":12023543368714,"circlet_count":0,"master_deck":["Defend_G","Defend_G","Defend_G","Defend_G","Survivor","Neutralize+1","AscendersBane","Deadly Poison+1","Tools of the Trade","Deadly Poison+1","Calculated Gamble+1","Backstab+1","Escape Plan+1","Noxious Fumes+1","Well Laid Plans+1","Catalyst+1","Sucker Punch","Noxious Fumes","Backflip","Leg Sweep","Burst","Backflip","Noxious Fumes+1","Deadly Poison+1","Corpse Explosion","Noxious Fumes+1","Catalyst+1","Backflip+1"],"relics":["Ring of the Snake","Pen Nib","Smiling Mask","Bag of Preparation","Ginger","Paper Crane","Astrolabe","MawBank","Singing Bowl","Cursed Key","Membership Card","DollysMirror","Prayer Wheel","Tiny Chest"],"potions_floor_usage":[12,27,28,41,41,50,50],"damage_taken":[{"damage":0,"enemies":"Jaw Worm","floor":1,"turns":5},{"damage":3,"enemies":"Cultist","floor":2,"turns":5},{"damage":0,"enemies":"Small Slimes","floor":4,"turns":5},{"damage":1,"enemies":"Red Slaver","floor":5,"turns":5},{"damage":49,"enemies":"3 Sentries","floor":7,"turns":14},{"damage":4,"enemies":"Large Slime","floor":12,"turns":8},{"damage":7,"enemies":"The Guardian","floor":16,"turns":9},{"damage":10,"enemies":"3 Byrds","floor":18,"turns":6},{"damage":17,"enemies":"2 Thieves","floor":22,"turns":4},{"damage":3,"enemies":"Centurion and Healer","floor":24,"turns":6},{"damage":9,"enemies":"Snake Plant","floor":27,"turns":3},{"damage":29,"enemies":"Slavers","floor":28,"turns":9},{"damage":3,"enemies":"Shelled Parasite and Fungi","floor":30,"turns":7},{"damage":0,"enemies":"Champ","floor":33,"turns":7},{"damage":0,"enemies":"Orb Walker","floor":35,"turns":2},{"damage":0,"enemies":"3 Darklings","floor":37,"turns":6},{"damage":11,"enemies":"Transient","floor":41,"turns":5},{"damage":10,"enemies":"4 Shapes","floor":48,"turns":5},{"damage":1,"enemies":"Donu and Deca","floor":50,"turns":5}],"seed_played":"7595684735188734946","potions_obtained":[{"floor":2,"key":"FearPotion"},{"floor":7,"key":"Explosive Potion"},{"floor":16,"key":"FearPotion"},{"floor":22,"key":"SkillPotion"},{"floor":28,"key":"Explosive Potion"},{"floor":30,"key":"AttackPotion"},{"floor":37,"key":"GhostInAJar"},{"floor":41,"key":"Weak Potion"}],"is_trial":false,"path_per_floor":["M","M","?","M","M","R","E","R","T","R","T","M","?","$","R","B",null,"M","?","?","?","M","R","M","R","T","M","E","R","M","$","R","B",null,"M","$","M","?","?","R","M","$","T","R","$","?","R","M","R","B"],"character_chosen":"THE_SILENT","items_purchased":["Paper Crane","Leg Sweep","Membership Card","Noxious Fumes","Corpse Explosion","Ancient Potion","SpeedPotion","Noxious Fumes","DollysMirror","Prayer Wheel","Tiny Chest"],"campfire_rested":4,"item_purchase_floors":[14,31,36,36,42,42,42,45,45,45,45],"current_hp_per_floor":[59,56,56,56,55,55,6,25,25,25,25,21,21,21,21,14,53,43,43,43,43,26,26,23,42,42,33,6,26,25,25,25,25,59,59,59,61,61,63,63,52,52,52,74,74,70,70,62,62,61],"gold":500,"neow_bonus":"HUNDRED_GOLD","is_prod":false,"is_daily":false,"chose_seed":false,"campfire_upgraded":8,"win_rate":0,"timestamp":1539362306,"path_taken":["M","M","?","M","M","R","E","R","T","R","?","M","?","$","R","BOSS","M","?","?","?","M","R","M","R","T","M","E","R","M","$","R","BOSS","M","$","M","?","?","R","?","$","T","R","$","?","R","M","R","BOSS"],"build_version":"2018-10-11","purchased_purges":5,"victory":true,"max_hp_per_floor":[66,66,66,66,66,66,66,66,66,66,66,66,66,66,66,66,66,66,66,66,66,66,66,66,66,66,66,68,68,70,70,70,70,70,70,70,72,72,74,74,74,74,74,74,74,70,70,72,72,72],"card_choices":[{"not_picked":["Bane","Flying Knee","Outmaneuver"],"picked":"SKIP","floor":1},{"not_picked":["Underhanded Strike","Slice"],"picked":"Deadly Poison","floor":2},{"not_picked":["Flying Knee","Prepared","Choke"],"picked":"SKIP","floor":4},{"not_picked":["Acrobatics","Underhanded Strike","Flying Knee"],"picked":"SKIP","floor":5},{"not_picked":["Dagger Spray","Acrobatics"],"picked":"Tools of the Trade","floor":7},{"not_picked":["Bane","Cloak And Dagger"],"picked":"Deadly Poison","floor":12},{"not_picked":["Prepared","Bane"],"picked":"Noxious Fumes","floor":18},{"not_picked":["Deflect","Underhanded Strike"],"picked":"Sucker Punch","floor":22},{"not_picked":["Dagger Spray","Flechettes"],"picked":"Noxious Fumes","floor":24},{"not_picked":["Blade Dance","Acrobatics"],"picked":"Backflip","floor":27},{"not_picked":["Blade Dance+1","PiercingWail","Dagger Spray"],"picked":"Singing Bowl","floor":28},{"not_picked":["Blade Dance","Heel Hook","Flying Knee"],"picked":"Singing Bowl","floor":30},{"not_picked":["Tools of the Trade","Bullet Time"],"picked":"Burst","floor":33},{"not_picked":["Dodge and Roll+1","Endless Agony"],"picked":"Backflip","floor":35},{"not_picked":["Dagger Throw+1","Prepared+1","PiercingWail"],"picked":"Singing Bowl","floor":37},{"not_picked":["Bandage Up","Madness","Finesse"],"picked":"Singing Bowl","floor":39},{"not_picked":["Cloak And Dagger","Heel Hook"],"picked":"Deadly Poison+1","floor":41},{"not_picked":["Quick Slash","Dodge and Roll+1","Blade Dance"],"picked":"Singing Bowl","floor":48},{"not_picked":["Sucker Punch","Dagger Throw"],"picked":"Backflip+1","floor":48}],"player_experience":132379,"relics_obtained":[{"floor":7,"key":"Smiling Mask"},{"floor":9,"key":"Bag of Preparation"},{"floor":11,"key":"Ginger"},{"floor":26,"key":"MawBank"},{"floor":28,"key":"Singing Bowl"}],"event_choices":[{"event_name":"WeMeetAgain","player_choice":"Potion","floor":3,"damage_taken":0},{"event_name":"Wheel of Change","player_choice":"Gold","floor":13,"damage_taken":0},{"event_name":"Match and Keep!","player_choice":"1 cards matched","floor":19,"damage_taken":0},{"event_name":"Cursed Tome","player_choice":"Ignored","floor":20,"damage_taken":0},{"event_name":"The Library","player_choice":"Read","floor":21,"damage_taken":0},{"event_name":"MindBloom","player_choice":"Gold","floor":38,"damage_taken":0},{"event_name":"SensoryStone","player_choice":"Memory 1","floor":39,"damage_taken":0},{"event_name":"Winding Halls","player_choice":"Max HP","floor":46,"damage_taken":0}],"is_beta":false,"boss_relics":[{"not_picked":["Eternal Feather","Tiny House"],"picked":"Astrolabe"},{"not_picked":["Philosopher\u0027s Stone","Empty Cage"],"picked":"Cursed Key"}],"items_purged_floors":[14,31,36,42,45],"is_endless":false,"potions_floor_spawned":[2,7,16,22,28,30,33,37,41],"ascension_level":14}