{"gold_per_floor":[11,11,11,30,48,48,64,76,103,103,121,136,61,87,87,87],"floor_reached":16,"playtime":353,"items_purged":["Pain"],"score":208,"play_id":"1053174c-7387-46df-b7a3-ff81381672d9","local_time":"20181119180735","is_ascension_mode":true,"campfire_choices":[{"data":"Hologram","floor":6.0,"key":"SMITH"},{"floor":10.0,"key":"REST"},{"data":"Ball Lightning","floor":15,"key":"SMITH"}],"neow_cost":"NO_GOLD","seed_source_timestamp":1667530088158093,"circlet_count":0,"master_deck":["AscendersBane","Strike_B","Strike_B","Strike_B","Defend_B","Defend_B","Defend_B","Zap","Dualcast","Hologram+1","Ball Lightning+1","Self Repair"],"special_seed":0,"relics":["Cracked Core","Bag of Marbles","WarpedTongs","Anchor","DataDisk"],"potions_floor_usage":[14],"damage_taken":[{"damage":7.0,"enemies":"Jaw Worm","floor":1.0,"turns":3.0},{"damage":1.0,"enemies":"Cultist","floor":4.0,"turns":3.0},{"damage":0.0,"enemies":"2 Louse","floor":5.0,"turns":1.0},{"damage":24.0,"enemies":"Exordium Thugs","floor":7.0,"turns":4.0},{"damage":5.0,"enemies":"3 Louse","floor":8.0,"turns":2.0},{"damage":2.0,"enemies":"2 Fungi Beasts","floor":11.0,"turns":2.0},{"damage":14.0,"enemies":"Lots of Slimes","floor":12.0,"turns":4.0},{"damage":10,"enemies":"Gremlin Nob","floor":14,"turns":3},{"damage":25,"enemies":"Slime Boss","floor":16,"turns":4}],"seed_played":"-4165731109675236367","potions_obtained":[{"floor":5.0,"key":"Ancient Potion"},{"floor":8.0,"key":"Weak Potion"},{"floor":11.0,"key":"Strength Potion"}],"is_trial":false,"path_per_floor":["M","?","?","M","M","R","M","M","T","R","M","M","$","E","R","B"],"character_chosen":"DEFECT","items_purchased":[],"campfire_rested":1,"item_purchase_floors":[],"current_hp_per_floor":[57,46,46,45,45,45,21,16,16,37,35,21,21,11,11,0],"gold":87,"neow_bonus":"REMOVE_TWO","is_prod":false,"is_daily":false,"chose_seed":false,"campfire_upgraded":2,"win_rate":0,"timestamp":1542622055,"path_taken":["M","?","?","?","M","R","M","M","T","R","M","M","$","E","R","BOSS"],"build_version":"2018-11-15","purchased_purges":1,"victory":false,"max_hp_per_floor":[71,71,71,71,71,71,71,71,71,71,71,71,71,71,71,71],"card_choices":[{"not_picked":["Tempest","Ball Lightning"],"picked":"Hologram","floor":1.0},{"not_picked":["Tempest","Undo","Compile Driver"],"picked":"SKIP","floor":4.0},{"not_picked":["Go for the Eyes","Darkness"],"picked":"Ball Lightning","floor":5.0},{"not_picked":["Amplify","Steam","Leap"],"picked":"SKIP","floor":7.0},{"not_picked":["Barrage","Stack","Coolheaded"],"picked":"SKIP","floor":8.0},{"not_picked":["Hologram","Ball Lightning","Stack"],"picked":"SKIP","floor":11.0},{"not_picked":["Leap","Stack","BootSequence"],"picked":"SKIP","floor":12.0},{"not_picked":["Sunder","Streamline"],"picked":"Self Repair","floor":14}],"player_experience":558925,"relics_obtained":[{"floor":9.0,"key":"Anchor"},{"floor":14,"key":"DataDisk"}],"event_choices":[{"damage_healed":0.0,"max_hp_gain":0.0,"max_hp_loss":0.0,"gold_gain":0.0,"event_name":"Scrap Ooze","player_choice":"Success","floor":2.0,"gold_loss":0.0,"damage_taken":11.0,"relics_obtained":["Bag of Marbles"]},{"damage_healed":0.0,"max_hp_gain":0.0,"max_hp_loss":0.0,"gold_gain":0.0,"event_name":"Accursed Blacksmith","player_choice":"Rummage","floor":3.0,"gold_loss":0.0,"damage_taken":0.0,"relics_obtained":["WarpedTongs"],"cards_obtained":["Pain"]}],"is_beta":true,"boss_relics":[],"items_purged_floors":[13],"is_endless":false,"potions_floor_spawned":[5,8,11,12],"killed_by":"Slime Boss","ascension_level":20}