{"gold_per_floor":[109,109,121,121,121,121,143,143,143,50,50,66,83,96,96,192,192,203,220,75,0,75,75,85,96,177,120,120,5,5,16,16,121,121,134,145,145,159,159,159,191,191,191,208,5,21,21,21,21,21],"floor_reached":51,"playtime":2329,"items_purged":["Strike_B+1","Defend_B+1"],"score":815,"play_id":"dd648247-f4e2-4666-9e10-982765e5a75a","local_time":"20190615105749","is_ascension_mode":false,"campfire_choices":[{"data":"Dualcast","floor":6.0,"key":"SMITH"},{"floor":11.0,"key":"REST"},{"data":"Blizzard","floor":15.0,"key":"SMITH"},{"data":"Defragment","floor":23.0,"key":"SMITH"},{"data":"Capacitor","floor":32.0,"key":"SMITH"},{"floor":40.0,"key":"RECALL"},{"data":"Consume","floor":49,"key":"SMITH"}],"neow_cost":"PERCENT_DAMAGE","seed_source_timestamp":154322696534,"circlet_count":0,"master_deck":["Defend_B+1","Defend_B+1","Zap+1","Dualcast+1","Force Field+1","Steam+1","Ball Lightning+1","Recycle+1","Blizzard+1","Coolheaded+1","Capacitor+1","Redo+1","Auto Shields+1","Chill+1","Buffer+1","Hologram+1","BootSequence+1","Defragment+1","Self Repair+1","Capacitor+1","Loop+1","Glacier+1","Biased Cognition+1","Capacitor+1","Consume+1"],"special_seed":0,"relics":["Cracked Core","Odd Mushroom","Mercury Hourglass","Coffee Dripper","The Courier","Bottled Lightning","Eternal Feather","Vajra","Mark of the Bloom","Gambling Chip","FossilizedHelix","Anchor"],"potions_floor_usage":[41,50,50,50,50],"damage_taken":[{"damage":3.0,"enemies":"Jaw Worm","floor":1.0,"turns":4.0},{"damage":0.0,"enemies":"2 Louse","floor":3.0,"turns":2.0},{"damage":13.0,"enemies":"The Mushroom Lair","floor":7.0,"turns":5.0},{"damage":0.0,"enemies":"Small Slimes","floor":12.0,"turns":3.0},{"damage":7.0,"enemies":"3 Louse","floor":13.0,"turns":3.0},{"damage":7.0,"enemies":"2 Fungi Beasts","floor":14.0,"turns":2.0},{"damage":12.0,"enemies":"Slime Boss","floor":16.0,"turns":10.0},{"damage":7.0,"enemies":"3 Byrds","floor":18.0,"turns":5.0},{"damage":10.0,"enemies":"Spheric Guardian","floor":19.0,"turns":4.0},{"damage":1.0,"enemies":"3 Cultists","floor":24.0,"turns":4.0},{"damage":0.0,"enemies":"Snecko","floor":25.0,"turns":6.0},{"damage":1.0,"enemies":"Sentry and Sphere","floor":31.0,"turns":6.0},{"damage":0.0,"enemies":"Collector","floor":33.0,"turns":11.0},{"damage":0.0,"enemies":"Orb Walker","floor":35.0,"turns":5.0},{"damage":7.0,"enemies":"3 Darklings","floor":36.0,"turns":5.0},{"damage":4.0,"enemies":"Sphere and 2 Shapes","floor":38.0,"turns":4.0},{"damage":0,"enemies":"Nemesis","floor":41,"turns":9},{"damage":0,"enemies":"Maw","floor":44,"turns":9},{"damage":0,"enemies":"4 Shapes","floor":46,"turns":4},{"damage":0,"enemies":"Time Eater","floor":50,"turns":12}],"seed_played":"1671077725024402313","potions_obtained":[{"floor":7.0,"key":"LiquidBronze"},{"floor":14.0,"key":"PowerPotion"},{"floor":19.0,"key":"GamblersBrew"},{"floor":33.0,"key":"AttackPotion"},{"floor":36.0,"key":"EntropicBrew"},{"floor":41,"key":"Explosive Potion"},{"floor":44,"key":"SpeedPotion"}],"is_trial":false,"path_per_floor":["M","?","M","?","?","R","?","?","T","$","R","M","M","M","R","B",null,"M","M","$","?","?","R","M","M","T","$","T","$","?","M","R","B",null,"M","M","?","M","?","R","E","?","T","M","$","M","$","?","R","B",null],"character_chosen":"DEFECT","items_purchased":["Coolheaded","Capacitor","Defragment","Self Repair","Capacitor","Loop","Anchor"],"campfire_rested":1,"item_purchase_floors":[10,10,20,27,29,29,45],"current_hp_per_floor":[51,36,36,41,41,41,28,21,21,21,45,45,38,31,31,19,80,73,63,63,63,55,55,54,54,54,54,54,54,54,60,60,67,80,80,80,80,76,76,76,76,76,76,76,76,76,76,76,76,76],"gold":21,"neow_bonus":"TRANSFORM_TWO_CARDS","is_prod":false,"is_daily":false,"chose_seed":false,"campfire_upgraded":5,"win_rate":0,"timestamp":1560567469,"path_taken":["M","?","M","?","?","R","?","?","T","$","R","M","?","M","R","BOSS","M","M","$","?","?","R","M","?","T","$","?","$","?","M","R","BOSS","M","M","?","?","?","R","E","?","T","?","?","M","$","?","R","BOSS"],"build_version":"2019-01-23","purchased_purges":2,"victory":true,"max_hp_per_floor":[75,75,75,80,80,80,80,80,80,80,80,80,80,80,80,80,80,80,80,80,80,80,80,80,80,80,80,80,80,80,80,80,80,80,80,80,80,80,80,80,80,80,80,80,80,80,80,76,76,76],"card_choices":[{"not_picked":["Compile Driver","Turbo"],"picked":"Ball Lightning","floor":1.0},{"not_picked":["Melter","Coolheaded"],"picked":"Recycle","floor":3.0},{"not_picked":["Steam","Stack"],"picked":"Blizzard","floor":7.0},{"not_picked":["Steam","FTL"],"picked":"Redo","floor":12.0},{"not_picked":["Turbo","Reprogram"],"picked":"Auto Shields","floor":13.0},{"not_picked":["Storm","Multi-Cast"],"picked":"Chill","floor":14.0},{"not_picked":["Multi-Cast","Thunder Strike"],"picked":"Buffer","floor":16.0},{"not_picked":["Barrage","Streamline"],"picked":"Hologram","floor":18.0},{"not_picked":["Doom and Gloom","Redo+1"],"picked":"BootSequence+1","floor":19.0},{"not_picked":["Turbo","Go for the Eyes","Recycle"],"picked":"SKIP","floor":24.0},{"not_picked":["Doom and Gloom","Rebound","Cold Snap"],"picked":"SKIP","floor":25.0},{"not_picked":["BootSequence","Beam Cell+1","Redo"],"picked":"SKIP","floor":31.0},{"not_picked":["Amplify","Fission"],"picked":"Biased Cognition","floor":33.0},{"not_picked":["Auto Shields","Gash","Sweeping Beam"],"picked":"SKIP","floor":35.0},{"not_picked":["Force Field+1","Steam","Stack+1"],"picked":"SKIP","floor":36.0},{"not_picked":["Sweeping Beam+1","Ball Lightning+1","Sunder"],"picked":"SKIP","floor":38.0},{"not_picked":["Blizzard","Streamline"],"picked":"Capacitor","floor":41},{"not_picked":["Rebound+1","Sweeping Beam"],"picked":"Consume","floor":44},{"not_picked":["Conserve Battery","Turbo","Rebound+1"],"picked":"SKIP","floor":46}],"player_experience":5230705,"relics_obtained":[{"floor":7.0,"key":"Odd Mushroom"},{"floor":9.0,"key":"Mercury Hourglass"},{"floor":26.0,"key":"The Courier"},{"floor":28.0,"key":"Bottled Lightning"},{"floor":41,"key":"Gambling Chip"},{"floor":43,"key":"FossilizedHelix"}],"event_choices":[{"damage_healed":0.0,"max_hp_gain":0.0,"max_hp_loss":0.0,"gold_gain":0.0,"event_name":"Shining Light","player_choice":"Entered Light","floor":2.0,"gold_loss":0.0,"damage_taken":15.0,"cards_upgraded":["Zap","Strike_B"]},{"damage_healed":0.0,"max_hp_gain":5.0,"max_hp_loss":0.0,"gold_gain":0.0,"event_name":"Big Fish","player_choice":"Donut","floor":4.0,"gold_loss":0.0,"damage_taken":0.0},{"damage_healed":0.0,"max_hp_gain":0.0,"max_hp_loss":0.0,"gold_gain":0.0,"event_name":"Liars Game","player_choice":"Ignored","floor":5.0,"gold_loss":0.0,"damage_taken":0.0},{"damage_healed":0.0,"max_hp_gain":0.0,"max_hp_loss":0.0,"gold_gain":0.0,"event_name":"Mushrooms","player_choice":"Fought Mushrooms","floor":7.0,"gold_loss":0.0,"damage_taken":0.0},{"cards_removed":["Strike_B"],"damage_healed":0.0,"max_hp_gain":0.0,"max_hp_loss":0.0,"gold_gain":0.0,"event_name":"Golden Wing","player_choice":"Card Removal","floor":8.0,"gold_loss":0.0,"damage_taken":7.0},{"cards_removed":["Defend_B"],"damage_healed":0.0,"max_hp_gain":0.0,"max_hp_loss":0.0,"gold_gain":0.0,"event_name":"Beggar","player_choice":"Gave Gold","floor":21.0,"gold_loss":75.0,"damage_taken":0.0},{"damage_healed":0.0,"max_hp_gain":0.0,"max_hp_loss":0.0,"gold_gain":75.0,"event_name":"FaceTrader","player_choice":"Touch","floor":22.0,"gold_loss":0.0,"damage_taken":8.0},{"damage_healed":0.0,"max_hp_gain":0.0,"max_hp_loss":0.0,"gold_gain":0.0,"event_name":"The Library","player_choice":"Read","floor":30.0,"gold_loss":0.0,"damage_taken":0.0,"cards_obtained":["Glacier"]},{"damage_healed":0.0,"max_hp_gain":0.0,"max_hp_loss":0.0,"gold_gain":0.0,"event_name":"WeMeetAgain","player_choice":"Gave Potion","floor":37.0,"gold_loss":0.0,"damage_taken":0.0,"relics_obtained":["Vajra"]},{"damage_healed":0.0,"max_hp_gain":0.0,"max_hp_loss":0.0,"gold_gain":0.0,"event_name":"MindBloom","player_choice":"Upgrade","floor":39.0,"gold_loss":0.0,"damage_taken":0.0,"cards_upgraded":["Defend_B","Defend_B","Defend_B","Force Field","Steam","Ball Lightning","Recycle","Coolheaded","Capacitor","Redo","Auto Shields","Chill","Buffer","Hologram","Self Repair","Loop","Glacier","Biased Cognition"],"relics_obtained":["Mark of the Bloom"]},{"damage_healed":0,"gold_gain":0,"player_choice":"Upgraded","damage_taken":0,"max_hp_gain":0,"max_hp_loss":0,"event_name":"Upgrade Shrine","floor":42,"gold_loss":0,"cards_upgraded":["Capacitor"]},{"damage_healed":0,"gold_gain":0,"player_choice":"Max HP","damage_taken":0,"max_hp_gain":0,"max_hp_loss":4,"event_name":"Winding Halls","floor":48,"gold_loss":0}],"is_beta":false,"boss_relics":[{"not_picked":["Philosopher\u0027s Stone","Empty Cage"],"picked":"Coffee Dripper"},{"not_picked":["White Beast Statue","Fusion Hammer"],"picked":"Eternal Feather"}],"items_purged_floors":[20,45],"is_endless":false,"potions_floor_spawned":[7,14,19,33,35,36,41,44],"ascension_level":0}