{"gold_per_floor":[115,127,141,141,66,66,76,76,76,94,94,94,44,44,44,143,143,154,166,176,187,205,205,233,233,233,246,246,146,146,146,146,245,245,262,262,280,299,299,299,325,325,325,124,124,124,207,223,223,223],"floor_reached":51,"playtime":1868,"items_purged":["Strike_G","Defend_G","Defend_G+1"],"score":765,"play_id":"8762a228-baa1-4361-a485-036b83dd8736","local_time":"20181026134012","is_ascension_mode":false,"campfire_choices":[{"data":"Neutralize","floor":6,"key":"SMITH"},{"data":"Bouncing Flask","floor":8,"key":"SMITH"},{"data":"Survivor","floor":12,"key":"SMITH"},{"data":"Poisoned Stab","floor":15,"key":"SMITH"},{"data":"Blade Dance","floor":23,"key":"SMITH"},{"data":"Cloak And Dagger","floor":25,"key":"SMITH"},{"data":"Blade Dance","floor":28,"key":"SMITH"},{"data":"Night Terror","floor":30,"key":"SMITH"},{"data":"Defend_G","floor":32,"key":"SMITH"},{"data":"Adrenaline","floor":40,"key":"SMITH"},{"data":"Doppelganger","floor":42,"key":"SMITH"},{"data":"Burst","floor":45,"key":"SMITH"},{"floor":49,"key":"REST"}],"neow_cost":"NONE","seed_source_timestamp":16921502470552,"circlet_count":0,"master_deck":["Defend_G+1","Defend_G+1","Strike_G+1","Strike_G+1","Strike_G+1","Survivor+1","Neutralize+1","Poisoned Stab+1","Bouncing Flask+1","Night Terror+1","Blade Dance+1","Endless Agony+1","Cloak And Dagger+1","Blade Dance+1","Glass Knife+1","After Image+1","Adrenaline+1","Doppelganger+1","Burst+1","Dodge and Roll+1"],"relics":["Ring of the Snake","Kunai","Runic Pyramid","Red Mask","Ginger","Nloth\u0027s Gift","Sozu","Mark of the Bloom","StoneCalendar","Ancient Tea Set","Tiny Chest"],"potions_floor_usage":[19,22,24,24,24,50,50,50],"damage_taken":[{"damage":2,"enemies":"Jaw Worm","floor":1,"turns":5},{"damage":0,"enemies":"Small Slimes","floor":2,"turns":3},{"damage":0,"enemies":"Cultist","floor":3,"turns":3},{"damage":0,"enemies":"2 Fungi Beasts","floor":7,"turns":3},{"damage":0,"enemies":"Looter","floor":10,"turns":3},{"damage":36,"enemies":"The Guardian","floor":16,"turns":8},{"damage":0,"enemies":"Spheric Guardian","floor":18,"turns":3},{"damage":6,"enemies":"2 Thieves","floor":19,"turns":5},{"damage":0,"enemies":"Centurion and Healer","floor":20,"turns":11},{"damage":0,"enemies":"Snecko","floor":21,"turns":5},{"damage":9,"enemies":"Shelled Parasite and Fungi","floor":22,"turns":8},{"damage":0,"enemies":"Masked Bandits","floor":24,"turns":7},{"damage":0,"enemies":"Centurion and Healer","floor":27,"turns":7},{"damage":27,"enemies":"Automaton","floor":33,"turns":13},{"damage":0,"enemies":"Orb Walker","floor":35,"turns":3},{"damage":0,"enemies":"3 Darklings","floor":37,"turns":6},{"damage":0,"enemies":"Sphere and 2 Shapes","floor":38,"turns":5},{"damage":0,"enemies":"Giant Head","floor":41,"turns":9},{"damage":0,"enemies":"Maw","floor":48,"turns":6},{"damage":0,"enemies":"Donu and Deca","floor":50,"turns":12}],"seed_played":"-9184339050444350898","potions_obtained":[{"floor":3,"key":"FearPotion"},{"floor":7,"key":"Fire Potion"},{"floor":10,"key":"Block Potion"},{"floor":18,"key":"EntropicBrew"},{"floor":22,"key":"Fire Potion"},{"floor":27,"key":"Swift Potion"},{"floor":33,"key":"Ancient Potion"}],"is_trial":false,"path_per_floor":["M","M","M","?","$","R","M","R","T","M","?","R","?","$","R","B",null,"M","M","M","M","M","R","?","R","T","M","R","$","R","?","R","B",null,"M","?","M","M","?","R","E","R","T","$","R","?","T","M","R","B"],"character_chosen":"THE_SILENT","items_purchased":["Burst"],"campfire_rested":1,"item_purchase_floors":[44],"current_hp_per_floor":[68,68,68,73,73,73,73,73,73,73,73,73,73,73,73,37,75,75,69,69,69,60,60,60,60,60,60,60,60,60,60,60,33,75,75,75,75,75,71,71,71,71,71,71,71,71,71,71,71,71],"gold":223,"neow_bonus":"RANDOM_COMMON_RELIC","is_prod":false,"is_daily":false,"chose_seed":false,"campfire_upgraded":12,"win_rate":0,"timestamp":1540532412,"path_taken":["M","M","M","?","$","R","M","R","T","M","?","R","?","$","R","BOSS","M","M","?","M","M","R","?","R","T","M","R","$","R","?","R","BOSS","M","?","?","M","?","R","E","R","T","?","R","?","?","M","R","BOSS"],"build_version":"2018-10-25","purchased_purges":3,"victory":true,"max_hp_per_floor":[70,70,70,75,75,75,75,75,75,75,75,75,75,75,75,75,75,75,75,75,75,75,75,75,75,75,75,75,75,75,75,75,75,75,75,75,75,75,71,71,71,71,71,71,71,71,71,71,71,71],"card_choices":[{"not_picked":["Outmaneuver","Underhanded Strike"],"picked":"Poisoned Stab","floor":1},{"not_picked":["Quick Slash","Dagger Spray","Concentrate"],"picked":"SKIP","floor":2},{"not_picked":["Blade Dance","Cloak And Dagger","Terror"],"picked":"SKIP","floor":3},{"not_picked":["Dash","Cloak And Dagger"],"picked":"Bouncing Flask","floor":7},{"not_picked":["Poisoned Stab","Reflex","Distraction"],"picked":"SKIP","floor":10},{"not_picked":["Envenom","A Thousand Cuts"],"picked":"Night Terror","floor":16},{"not_picked":["Dash","Poisoned Stab"],"picked":"Blade Dance","floor":18},{"not_picked":["Slice","Accuracy+1","Flying Knee"],"picked":"SKIP","floor":19},{"not_picked":["Skewer+1","Calculated Gamble"],"picked":"Endless Agony+1","floor":20},{"not_picked":["Choke","Reflex","Bouncing Flask+1"],"picked":"SKIP","floor":21},{"not_picked":["Deadly Poison","Flying Knee"],"picked":"Cloak And Dagger","floor":22},{"not_picked":["Slice","Poisoned Stab"],"picked":"Blade Dance","floor":27},{"not_picked":["Phantasmal Killer","Doppelganger"],"picked":"Glass Knife","floor":33},{"not_picked":["Dagger Throw+1","Deadly Poison"],"picked":"After Image","floor":35},{"not_picked":["Poisoned Stab","Dodge and Roll","Flying Knee"],"picked":"SKIP","floor":37},{"not_picked":["Acrobatics+1","Outmaneuver+1"],"picked":"Adrenaline","floor":38},{"not_picked":["Acrobatics","Backflip"],"picked":"Doppelganger","floor":41},{"not_picked":["Bane+1","Prepared+1"],"picked":"Dodge and Roll+1","floor":48}],"player_experience":651875,"relics_obtained":[{"floor":9,"key":"Kunai"},{"floor":24,"key":"Red Mask"},{"floor":26,"key":"Ginger"},{"floor":41,"key":"StoneCalendar"},{"floor":43,"key":"Ancient Tea Set"},{"floor":47,"key":"Tiny Chest"}],"event_choices":[{"damage_healed":0,"gold_gain":0,"player_choice":"Donut","damage_taken":0,"max_hp_gain":5,"max_hp_loss":0,"event_name":"Big Fish","floor":4,"gold_loss":0},{"damage_healed":0,"gold_gain":0,"player_choice":"0 cards matched","damage_taken":0,"max_hp_gain":0,"max_hp_loss":0,"event_name":"Match and Keep!","floor":11,"gold_loss":0,"cards_obtained":[]},{"cards_removed":["Strike_G"],"damage_healed":0,"gold_gain":0,"player_choice":"Card Removal","damage_taken":0,"max_hp_gain":0,"max_hp_loss":0,"event_name":"The Cleric","floor":13,"gold_loss":50},{"damage_healed":0,"gold_gain":0,"player_choice":"Fought Bandits","damage_taken":0,"max_hp_gain":0,"max_hp_loss":0,"event_name":"Masked Bandits","floor":24,"gold_loss":0},{"damage_healed":0,"gold_gain":0,"player_choice":"Traded Relic","damage_taken":0,"relics_obtained":["Nloth\u0027s Gift"],"max_hp_gain":0,"max_hp_loss":0,"event_name":"N\u0027loth","floor":31,"relics_lost":["Oddly Smooth Stone"],"gold_loss":0},{"damage_healed":0,"gold_gain":0,"player_choice":"Upgrade","damage_taken":0,"relics_obtained":["Mark of the Bloom"],"max_hp_gain":0,"max_hp_loss":0,"event_name":"MindBloom","floor":36,"gold_loss":0,"cards_upgraded":["Defend_G","Defend_G","Defend_G","Strike_G","Strike_G","Strike_G","Glass Knife","After Image"]},{"damage_healed":0,"gold_gain":0,"player_choice":"Max HP","damage_taken":0,"max_hp_gain":0,"max_hp_loss":4,"event_name":"Winding Halls","floor":39,"gold_loss":0},{"cards_removed":["Defend_G"],"damage_healed":0,"gold_gain":0,"player_choice":"Purged","damage_taken":0,"max_hp_gain":0,"max_hp_loss":0,"event_name":"Purifier","floor":46,"gold_loss":0}],"is_beta":false,"boss_relics":[{"not_picked":["White Beast Statue","Runic Dome"],"picked":"Runic Pyramid"},{"not_picked":["Ring of the Serpent","Astrolabe"],"picked":"Sozu"}],"items_purged_floors":[5,29,44],"is_endless":false,"potions_floor_spawned":[3,7,10,16,18,22,27,33,37,48],"ascension_level":0}