{"gold_per_floor":[117,141,141,165,178,178,202,202,202,225,225,240,240],"floor_reached":13,"playtime":400,"items_purged":[],"score":154,"play_id":"65a1c910-932d-4f7f-9c93-5ba8a0b3853b","local_time":"20190427010026","is_ascension_mode":true,"campfire_choices":[{"data":"Deadly Poison","floor":6.0,"key":"SMITH"},{"data":"Neutralize","floor":8.0,"key":"SMITH"}],"neow_cost":"TEN_PERCENT_HP_LOSS","seed_source_timestamp":43720321589000,"circlet_count":0,"master_deck":["AscendersBane","Defend_G","Defend_G","Defend_G","Defend_G","Defend_G","Strike_G","Strike_G","Strike_G","Strike_G","Survivor","Neutralize+1","Burst","Deadly Poison+1","Escape Plan","Backflip","Tactician"],"special_seed":0,"relics":["Ring of the Snake","Happy Flower","Golden Idol","The Courier"],"potions_floor_usage":[13,13],"damage_taken":[{"damage":6.0,"enemies":"Cultist","floor":1.0,"turns":5.0},{"damage":0.0,"enemies":"2 Louse","floor":4.0,"turns":3.0},{"damage":8.0,"enemies":"Small Slimes","floor":5.0,"turns":5.0},{"damage":0.0,"enemies":"Blue Slaver","floor":7.0,"turns":4.0},{"damage":3.0,"enemies":"Exordium Thugs","floor":10.0,"turns":4.0},{"damage":2,"enemies":"Large Slime","floor":12,"turns":10},{"damage":24,"enemies":"Gremlin Nob","floor":13,"turns":4}],"seed_played":"5922503337743174475","potions_obtained":[{"floor":4.0,"key":"PowerPotion"},{"floor":10.0,"key":"Ancient Potion"}],"is_trial":false,"path_per_floor":["M","T","?","M","M","R","M","R","T","M","?","M","E"],"character_chosen":"THE_SILENT","items_purchased":[],"campfire_rested":0,"item_purchase_floors":[],"current_hp_per_floor":[53,53,53,53,45,45,45,45,45,42,42,40,16],"gold":240,"neow_bonus":"THREE_RARE_CARDS","is_prod":false,"is_daily":false,"chose_seed":false,"campfire_upgraded":2,"win_rate":0,"timestamp":1556298026,"path_taken":["M","?","?","M","M","R","M","R","T","M","?","?","E"],"build_version":"2019-01-23","purchased_purges":0,"victory":false,"max_hp_per_floor":[60,60,54,54,54,54,54,54,54,54,54,54,54],"card_choices":[{"not_picked":["Tools of the Trade","Envenom"],"picked":"Burst","floor":0.0},{"not_picked":["Dodge and Roll","Setup"],"picked":"Deadly Poison","floor":1.0},{"not_picked":["Poisoned Stab","Finisher","Terror"],"picked":"SKIP","floor":4.0},{"not_picked":["PiercingWail","Sucker Punch"],"picked":"Escape Plan","floor":5.0},{"not_picked":["Blade Dance","PiercingWail"],"picked":"Backflip","floor":7.0},{"not_picked":["Flechettes","Deflect"],"picked":"Tactician","floor":10.0},{"not_picked":["Eviscerate","Dagger Throw","Outmaneuver"],"picked":"SKIP","floor":12}],"player_experience":4541005,"relics_obtained":[{"floor":2.0,"key":"Happy Flower"},{"floor":9.0,"key":"The Courier"}],"event_choices":[{"damage_healed":0.0,"max_hp_gain":0.0,"max_hp_loss":6.0,"gold_gain":0.0,"event_name":"Golden Idol","player_choice":"Lose Max HP","floor":3.0,"gold_loss":0.0,"damage_taken":0.0,"relics_obtained":["Golden Idol"]},{"cards_removed":["Strike_G"],"damage_healed":0,"gold_gain":0,"player_choice":"Forget","damage_taken":0,"max_hp_gain":0,"max_hp_loss":0,"event_name":"Living Wall","floor":11,"gold_loss":0}],"is_beta":false,"boss_relics":[],"items_purged_floors":[],"is_endless":false,"potions_floor_spawned":[4,10],"killed_by":"Gremlin Nob","ascension_level":20}