{"gold_per_floor":[113,128,53,53,18,18,29,59,132,185,197,209,221,233],"floor_reached":14,"playtime":448,"items_purged":["Doubt"],"score":172,"play_id":"281a9a8e-917c-44da-9298-162dda5b9e44","local_time":"20190120172415","is_ascension_mode":true,"campfire_choices":[{"data":"Neutralize","floor":6,"key":"SMITH"},{"data":"Calculated Gamble","floor":11,"key":"SMITH"},{"data":"Acrobatics","floor":13,"key":"SMITH"}],"neow_cost":"CURSE","seed_source_timestamp":29043471351399,"circlet_count":0,"master_deck":["AscendersBane","Defend_G","Defend_G","Defend_G","Defend_G","Defend_G","Strike_G","Strike_G","Strike_G","Strike_G","Strike_G","Survivor","Neutralize+1","Malaise","Tactician","Acrobatics+1","Calculated Gamble+1"],"relics":["Ring of the Snake","PreservedInsect","Ancient Tea Set","Ornamental Fan","MawBank"],"potions_floor_usage":[8,14],"damage_taken":[{"damage":1,"enemies":"2 Louse","floor":1,"turns":4},{"damage":7,"enemies":"Small Slimes","floor":2,"turns":6},{"damage":10,"enemies":"Jaw Worm","floor":7,"turns":7},{"damage":34,"enemies":"3 Sentries","floor":8,"turns":8},{"damage":4,"enemies":"Lagavulin","floor":14,"turns":5}],"seed_played":"3715972183562679093","potions_obtained":[{"floor":2,"key":"PowerPotion"},{"floor":12,"key":"PowerPotion"},{"floor":12,"key":"PowerPotion"}],"is_trial":false,"path_per_floor":["M","M","$","?","?","R","M","E","T","T","R","?","R","E"],"character_chosen":"THE_SILENT","items_purchased":[],"campfire_rested":0,"item_purchase_floors":[],"current_hp_per_floor":[58,51,51,40,56,56,46,12,12,12,12,12,12,8],"gold":233,"neow_bonus":"THREE_RARE_CARDS","is_prod":false,"is_daily":false,"chose_seed":false,"campfire_upgraded":3,"win_rate":0,"timestamp":1547976255,"path_taken":["M","M","$","?","?","R","M","E","T","?","R","?","R","E"],"build_version":"2019-01-17v2","purchased_purges":1,"victory":false,"max_hp_per_floor":[66,66,66,66,66,66,66,66,66,66,66,66,66,66],"card_choices":[{"not_picked":["Storm of Steel","Die Die Die"],"picked":"Malaise","floor":0},{"not_picked":["Backflip","Slice","Skewer"],"picked":"SKIP","floor":1},{"not_picked":["Underhanded Strike","Expertise"],"picked":"Tactician","floor":2},{"not_picked":["Cloak And Dagger","Prepared"],"picked":"Acrobatics","floor":7},{"not_picked":["Doppelganger","Backflip"],"picked":"Calculated Gamble","floor":8}],"player_experience":2076155,"relics_obtained":[{"floor":8,"key":"Ancient Tea Set"},{"floor":9,"key":"Ornamental Fan"},{"floor":10,"key":"MawBank"}],"event_choices":[{"damage_healed":0,"gold_gain":0,"player_choice":"Success","damage_taken":11,"relics_obtained":["PreservedInsect"],"max_hp_gain":0,"max_hp_loss":0,"event_name":"Scrap Ooze","floor":4,"gold_loss":0},{"damage_healed":16,"gold_gain":0,"player_choice":"Healed","damage_taken":0,"max_hp_gain":0,"max_hp_loss":0,"event_name":"The Cleric","floor":5,"gold_loss":35},{"damage_healed":0,"gold_gain":0,"player_choice":"Got Potions","damage_taken":0,"max_hp_gain":0,"max_hp_loss":0,"event_name":"Lab","floor":12,"gold_loss":0}],"is_beta":false,"boss_relics":[],"items_purged_floors":[3],"is_endless":false,"potions_floor_spawned":[2],"killed_by":"Lagavulin","ascension_level":20}