{"gold_per_floor":[109,125,125,50,50,50,83,83,83,108,123,123,273,294,294,390,390,411,411],"floor_reached":19,"playtime":446,"items_purged":[],"score":384,"play_id":"4df56fa3-ea10-4c0e-b490-6aaeb9089476","local_time":"20181123220023","is_ascension_mode":true,"campfire_choices":[{"data":"Deadly Poison","floor":6,"key":"SMITH"},{"data":"Well Laid Plans","floor":15,"key":"SMITH"}],"neow_cost":"NONE","seed_source_timestamp":1132939101099,"circlet_count":0,"master_deck":["AscendersBane","Defend_G","Defend_G","Defend_G","Defend_G","Defend_G","Strike_G","Strike_G","Strike_G+1","Strike_G","Survivor","Neutralize+1","Deadly Poison+1","Well Laid Plans+1","Grand Finale","Backflip","Doubt","Prepared","Blur+1"],"relics":["Ring of the Snake","NeowsBlessing","Golden Idol","The Courier","Whetstone","Blue Candle","Black Star"],"potions_floor_usage":[16,16,19],"damage_taken":[{"damage":0,"enemies":"Cultist","floor":1,"turns":1},{"damage":0,"enemies":"Small Slimes","floor":2,"turns":1},{"damage":0,"enemies":"Gremlin Nob","floor":7,"turns":1},{"damage":0,"enemies":"2 Louse","floor":10,"turns":3},{"damage":24,"enemies":"Exordium Wildlife","floor":11,"turns":5},{"damage":3,"enemies":"Large Slime","floor":14,"turns":5},{"damage":21,"enemies":"Slime Boss","floor":16,"turns":8},{"damage":27,"enemies":"2 Thieves","floor":18,"turns":5},{"damage":26,"enemies":"Spheric Guardian","floor":19,"turns":5}],"seed_played":"3203115908387955022","potions_obtained":[{"floor":1,"key":"Strength Potion"},{"floor":11,"key":"Fire Potion"},{"floor":16,"key":"AttackPotion"}],"is_trial":false,"path_per_floor":["M","M","?","$","?","R","E","?","T","M","M","T","?","M","R","B",null,"M","M"],"character_chosen":"THE_SILENT","items_purchased":["Grand Finale"],"campfire_rested":0,"item_purchase_floors":[4],"current_hp_per_floor":[59,59,59,59,59,59,59,52,52,52,28,28,28,25,25,4,46,19,0],"gold":411,"neow_bonus":"THREE_ENEMY_KILL","is_prod":false,"is_daily":false,"chose_seed":false,"campfire_upgraded":2,"win_rate":0,"timestamp":1542981623,"path_taken":["M","?","?","$","?","R","E","?","T","M","?","?","?","M","R","BOSS","M","M"],"build_version":"2018-11-15","purchased_purges":0,"victory":false,"max_hp_per_floor":[66,66,60,60,60,60,60,60,60,60,60,60,60,60,60,60,60,60,60],"card_choices":[{"not_picked":["Accuracy","Quick Slash"],"picked":"Deadly Poison","floor":1},{"not_picked":["Dagger Throw","Finisher"],"picked":"Well Laid Plans","floor":2},{"not_picked":["Crippling Poison","Quick Slash","Poisoned Stab"],"picked":"SKIP","floor":7},{"not_picked":["Crippling Poison","Glass Knife"],"picked":"Backflip","floor":10},{"not_picked":["Finisher","Poisoned Stab","Accuracy"],"picked":"SKIP","floor":11},{"not_picked":["Calculated Gamble","Outmaneuver"],"picked":"Prepared","floor":14},{"not_picked":["Backstab","Terror"],"picked":"Blur+1","floor":18}],"player_experience":1142626,"relics_obtained":[{"floor":7,"key":"The Courier"},{"floor":9,"key":"Whetstone"},{"floor":12,"key":"Blue Candle"}],"event_choices":[{"damage_healed":0,"gold_gain":0,"player_choice":"Lose Max HP","damage_taken":0,"relics_obtained":["Golden Idol"],"max_hp_gain":0,"max_hp_loss":6,"event_name":"Golden Idol","floor":3,"gold_loss":0},{"damage_healed":0,"gold_gain":0,"player_choice":"Leave","damage_taken":0,"max_hp_gain":0,"max_hp_loss":0,"event_name":"The Cleric","floor":5,"gold_loss":0},{"cards_removed":["Strike_G"],"damage_healed":0,"gold_gain":0,"player_choice":"Card Removal","damage_taken":7,"max_hp_gain":0,"max_hp_loss":0,"event_name":"Golden Wing","floor":8,"gold_loss":0},{"damage_healed":0,"gold_gain":150,"player_choice":"AGREE","damage_taken":0,"max_hp_gain":0,"max_hp_loss":0,"event_name":"Liars Game","floor":13,"gold_loss":0,"cards_obtained":["Doubt"]}],"is_beta":true,"boss_relics":[{"not_picked":["Busted Crown","Velvet Choker"],"picked":"Black Star"}],"items_purged_floors":[],"is_endless":false,"potions_floor_spawned":[1,11,16],"killed_by":"Spheric Guardian","ascension_level":20}