{"gold_per_floor":[113,132,16,16,16,16,46,46,46,73,73,107,7,7,7,83,83,59,59,76,76,92,92,108,108],"floor_reached":25,"playtime":867,"items_purged":["Strike_G","Strike_G"],"score":460,"play_id":"3a4891bf-484a-48db-b1df-d50eec9ce63c","local_time":"20181006235828","is_ascension_mode":true,"campfire_choices":[{"data":"Neutralize","floor":6.0,"key":"SMITH"},{"data":"Envenom","floor":8.0,"key":"SMITH"},{"floor":15.0,"key":"REST"},{"floor":23,"key":"REST"}],"neow_cost":"NONE","seed_source_timestamp":381687233487259,"circlet_count":0,"master_deck":["Defend_G","Defend_G","Defend_G","Defend_G","Defend_G","Strike_G","Strike_G","Strike_G","Survivor","Neutralize+1","AscendersBane","Calculated Gamble","Envenom+1","Cloak And Dagger","Deflect","Malaise","Dash","Predator","Doubt","Finisher","Blade Dance"],"special_seed":0,"relics":["Ring of the Snake","NeowsBlessing","Ginger","PreservedInsect","Du-Vu Doll","Vajra","Cursed Key","Darkstone Periapt"],"potions_floor_usage":[20,24],"damage_taken":[{"damage":0.0,"enemies":"Small Slimes","floor":1.0,"turns":1.0},{"damage":0.0,"enemies":"Cultist","floor":2.0,"turns":1.0},{"damage":0.0,"enemies":"Lagavulin","floor":7.0,"turns":1.0},{"damage":44.0,"enemies":"3 Sentries","floor":10.0,"turns":13.0},{"damage":9.0,"enemies":"Lagavulin","floor":12.0,"turns":7.0},{"damage":25,"enemies":"The Guardian","floor":16,"turns":18},{"damage":2,"enemies":"2 Thieves","floor":18,"turns":4},{"damage":23,"enemies":"Spheric Guardian","floor":20,"turns":7},{"damage":5,"enemies":"Centurion and Healer","floor":22,"turns":7},{"damage":4,"enemies":"Snake Plant","floor":24,"turns":4},{"damage":25,"enemies":"Slavers","floor":25,"turns":2}],"seed_played":"3597674040065046888","potions_obtained":[{"floor":2.0,"key":"EssenceOfSteel"},{"floor":12.0,"key":"SteroidPotion"},{"floor":20,"key":"GhostInAJar"},{"floor":24,"key":"LiquidBronze"}],"is_trial":false,"path_per_floor":["M","M","$","?","$","R","E","R","T","E","?","E","$","?","R","B",null,"M","?","M","T","M","R","M"],"character_chosen":"THE_SILENT","items_purchased":["Calculated Gamble"],"campfire_rested":2,"item_purchase_floors":[3],"current_hp_per_floor":[59,59,59,66,66,66,66,66,66,22,22,13,13,13,32,7,51,49,31,8,8,3,24,20,0],"gold":108,"neow_bonus":"THREE_ENEMY_KILL","is_prod":false,"is_daily":false,"chose_seed":false,"campfire_upgraded":2,"win_rate":0,"timestamp":1538841508,"path_taken":["M","M","$","?","$","R","E","R","T","E","?","E","$","?","R","BOSS","M","?","?","?","M","R","M","E"],"build_version":"2018-10-04v2","purchased_purges":2,"victory":false,"max_hp_per_floor":[66,66,66,66,66,66,66,66,66,66,66,66,66,66,66,66,66,66,71,71,71,71,71,71,71],"card_choices":[{"not_picked":["Bane","Deadly Poison","PiercingWail"],"picked":"SKIP","floor":1.0},{"not_picked":["Flying Knee","Caltrops","Sucker Punch"],"picked":"SKIP","floor":2.0},{"not_picked":["Poisoned Stab","Night Terror"],"picked":"Envenom","floor":7.0},{"not_picked":["Leg Sweep","Underhanded Strike"],"picked":"Cloak And Dagger","floor":10.0},{"not_picked":["Flying Knee","PiercingWail"],"picked":"Deflect","floor":12.0},{"not_picked":["Envenom","Phantasmal Killer"],"picked":"Malaise","floor":16},{"not_picked":["Slice","Setup"],"picked":"Dash","floor":18},{"not_picked":["Outmaneuver","Reflex"],"picked":"Predator","floor":20},{"not_picked":["Terror","Deadly Poison"],"picked":"Finisher","floor":22},{"not_picked":["Bouncing Flask","Deadly Poison"],"picked":"Blade Dance","floor":24}],"player_experience":207184,"relics_obtained":[{"floor":7.0,"key":"Ginger"},{"floor":9.0,"key":"PreservedInsect"},{"floor":10.0,"key":"Du-Vu Doll"},{"floor":12.0,"key":"Vajra"},{"floor":21,"key":"Darkstone Periapt"}],"event_choices":[{"event_name":"Wheel of Change","player_choice":"Full Heal","floor":4.0,"damage_taken":0.0},{"event_name":"Dead Adventurer","player_choice":"Searched \u00271\u0027 times","floor":11.0,"damage_taken":0.0},{"event_name":"Shining Light","player_choice":"Ignored","floor":14.0,"damage_taken":0.0},{"event_name":"Forgotten Altar","player_choice":"Shed Blood","floor":19,"damage_taken":0}],"is_beta":false,"boss_relics":[{"not_picked":["Lizard Tail","Black Star"],"picked":"Cursed Key"}],"items_purged_floors":[3,13],"is_endless":false,"potions_floor_spawned":[2,12,20,24],"killed_by":"Slavers","ascension_level":18}