{"gold_per_floor":[116,126,126,144,163,163,181,181,206,268,279,296,396,413,413,488,488,501,513,513,524,309,309,309,309],"floor_reached":25,"playtime":1571,"items_purged":["Strike_R"],"score":325,"play_id":"8e917e6a-e04c-40e1-8e32-a679880c41ba","local_time":"20190801042059","is_ascension_mode":true,"campfire_choices":[{"data":"Iron Wave","floor":6,"key":"SMITH"},{"data":"Immolate","floor":8,"key":"SMITH"},{"data":"Body Slam","floor":15,"key":"SMITH"},{"data":"Limit Break","floor":23,"key":"SMITH"}],"neow_cost":"TEN_PERCENT_HP_LOSS","seed_source_timestamp":157683392208559,"circlet_count":0,"master_deck":["AscendersBane","Strike_R","Strike_R","Defend_R","Defend_R","Defend_R","Defend_R","Bash","Iron Wave+1","Pommel Strike","Sword Boomerang","Battle Trance","Immolate+1","Body Slam+1","Seeing Red","Spot Weakness","Barricade","Iron Wave","Entrench","Limit Break+1"],"relics":["Burning Blood","Lantern","Potion Belt","Philosopher\u0027s Stone","Enchiridion"],"potions_floor_usage":[7,10,16,19],"damage_taken":[{"damage":8,"enemies":"Small Slimes","floor":1,"turns":5},{"damage":6,"enemies":"Jaw Worm","floor":2,"turns":5},{"damage":6,"enemies":"Cultist","floor":4,"turns":3},{"damage":12,"enemies":"Looter","floor":5,"turns":3},{"damage":0,"enemies":"3 Louse","floor":7,"turns":2},{"damage":22,"enemies":"Lagavulin Event","floor":10,"turns":4},{"damage":0,"enemies":"2 Fungi Beasts","floor":11,"turns":1},{"damage":1,"enemies":"Blue Slaver","floor":12,"turns":3},{"damage":13,"enemies":"Large Slime","floor":14,"turns":2},{"damage":19,"enemies":"Slime Boss","floor":16,"turns":9},{"damage":7,"enemies":"Spheric Guardian","floor":18,"turns":3},{"damage":14,"enemies":"Chosen","floor":19,"turns":3},{"damage":28,"enemies":"Shelled Parasite and Fungi","floor":21,"turns":4},{"damage":25,"enemies":"Snake Plant","floor":25,"turns":2}],"seed_played":"8156427056667056403","potions_obtained":[{"floor":1,"key":"Explosive Potion"},{"floor":2,"key":"PowerPotion"},{"floor":14,"key":"Explosive Potion"},{"floor":18,"key":"PowerPotion"}],"is_trial":false,"path_per_floor":["M","M","?","M","M","R","M","R","T","?","M","M","?","M","R","B",null,"M","M","?","M","$","R","?","M"],"character_chosen":"IRONCLAD","items_purchased":["Limit Break"],"campfire_rested":0,"item_purchase_floors":[22],"current_hp_per_floor":[70,70,70,70,64,64,70,70,70,54,60,65,65,58,58,45,65,64,56,56,34,34,34,18,0],"gold":309,"neow_bonus":"REMOVE_TWO","is_prod":false,"is_daily":false,"chose_seed":false,"campfire_upgraded":4,"win_rate":0,"timestamp":1564651259,"path_taken":["M","M","?","M","M","R","M","R","T","?","M","M","?","?","R","BOSS","M","M","?","M","$","R","?","M"],"build_version":"2019-07-17","purchased_purges":1,"victory":false,"max_hp_per_floor":[72,72,72,72,72,72,72,72,72,72,72,72,72,72,72,72,72,72,72,72,72,72,72,72,72],"card_choices":[{"not_picked":["Warcry","Armaments"],"picked":"Iron Wave","floor":1},{"not_picked":["Cleave","Reckless Charge"],"picked":"Pommel Strike","floor":2},{"not_picked":["Anger","Infernal Blade"],"picked":"Sword Boomerang","floor":4},{"not_picked":["Warcry","Heavy Blade"],"picked":"Battle Trance","floor":5},{"not_picked":["Iron Wave","Warcry"],"picked":"Immolate","floor":7},{"not_picked":["Wild Strike","Warcry"],"picked":"Body Slam","floor":10},{"not_picked":["Corruption","Clash","Wild Strike"],"picked":"SKIP","floor":11},{"not_picked":["Armaments","Havoc"],"picked":"Seeing Red","floor":12},{"not_picked":["Reckless Charge","Body Slam"],"picked":"Spot Weakness","floor":14},{"not_picked":["Demon Form","Dark Embrace"],"picked":"Barricade","floor":16},{"not_picked":["Twin Strike","Perfected Strike","Warcry"],"picked":"SKIP","floor":18},{"not_picked":["Headbutt","Thunderclap"],"picked":"Iron Wave","floor":19},{"not_picked":["Dual Wield","Armaments"],"picked":"Entrench","floor":21}],"player_experience":408494,"relics_obtained":[{"floor":9,"key":"Lantern"},{"floor":10,"key":"Potion Belt"},{"floor":24,"key":"Enchiridion"}],"event_choices":[{"damage_healed":0,"gold_gain":0,"player_choice":"Ignored","damage_taken":0,"max_hp_gain":0,"max_hp_loss":0,"event_name":"Liars Game","floor":3,"gold_loss":0},{"damage_healed":0,"gold_gain":30,"player_choice":"Searched \u00273\u0027 times","damage_taken":0,"max_hp_gain":0,"max_hp_loss":0,"event_name":"Dead Adventurer","floor":10,"gold_loss":0},{"damage_healed":0,"gold_gain":100,"player_choice":"Pray","damage_taken":0,"max_hp_gain":0,"max_hp_loss":0,"event_name":"Golden Shrine","floor":13,"gold_loss":0},{"damage_healed":0,"gold_gain":0,"player_choice":"Ignored","damage_taken":0,"max_hp_gain":0,"max_hp_loss":0,"event_name":"Vampires","floor":20,"gold_loss":0},{"damage_healed":0,"gold_gain":0,"player_choice":"Obtained Book","damage_taken":16,"max_hp_gain":0,"max_hp_loss":0,"event_name":"Cursed Tome","floor":24,"gold_loss":0}],"is_beta":false,"boss_relics":[{"not_picked":["Astrolabe","Velvet Choker"],"picked":"Philosopher\u0027s Stone"}],"items_purged_floors":[22],"is_endless":false,"potions_floor_spawned":[1,2,14,18],"killed_by":"Snake Plant","ascension_level":13}