{"gold_per_floor":[365,440,459,459,473,473,531,546,571,571,571,594,594,150,150,244,244,267,267,92,142,165,165,190,190,214,214,254,279,279,295,295,390,390,405,405,418,436,457,501,501,0,0,20,353,370,370,396,396,396,396,396,396,33,67,67],"floor_reached":57,"playtime":4682,"items_purged":["Strike_G","Sucker Punch","Defend_G","Defend_G+1"],"score":3339,"play_id":"0180f2a2-c454-407f-8bea-e4018d665eb5","local_time":"20190408125939","is_ascension_mode":true,"campfire_choices":[{"data":"Deadly Poison","floor":6.0,"key":"SMITH"},{"data":"Night Terror","floor":13.0,"key":"SMITH"},{"floor":15.0,"key":"REST"},{"data":"Well Laid Plans","floor":23.0,"key":"SMITH"},{"data":"Neutralize","floor":25.0,"key":"SMITH"},{"floor":30.0,"key":"RECALL"},{"data":"Survivor","floor":32.0,"key":"SMITH"},{"data":"After Image","floor":41.0,"key":"SMITH"},{"data":"Defend_G","floor":47.0,"key":"SMITH"},{"data":"Defend_G","floor":49,"key":"SMITH"},{"data":"Infinite Blades","floor":53,"key":"SMITH"}],"neow_cost":"TEN_PERCENT_HP_LOSS","seed_source_timestamp":0,"circlet_count":0,"master_deck":["AscendersBane","Defend_G+1","Survivor+1","Neutralize+1","Deadly Poison+1","Night Terror+1","Infinite Blades+1","Discovery+1","Corpse Explosion+1","Wraith Form v2+1","Tools of the Trade+1","Acrobatics+1","Well Laid Plans+1","Concentrate+1","After Image+1","Calculated Gamble+1","Tactician+1","Backflip+1","Purity+1"],"special_seed":0,"relics":["Ring of the Snake","Anchor","Tiny Chest","Oddly Smooth Stone","Toxic Egg 2","Astrolabe","Gremlin Horn","Happy Flower","Paper Crane","Ice Cream","Empty Cage","Singing Bowl","ClockworkSouvenir","PreservedInsect","Medical Kit","Kunai"],"potions_floor_usage":[56],"damage_taken":[{"damage":8.0,"enemies":"Small Slimes","floor":1.0,"turns":5.0},{"damage":1.0,"enemies":"2 Louse","floor":3.0,"turns":4.0},{"damage":0.0,"enemies":"Jaw Worm","floor":5.0,"turns":6.0},{"damage":19.0,"enemies":"Lagavulin","floor":7.0,"turns":9.0},{"damage":4.0,"enemies":"Exordium Thugs","floor":8.0,"turns":4.0},{"damage":0.0,"enemies":"Blue Slaver","floor":12.0,"turns":6.0},{"damage":0.0,"enemies":"Slime Boss","floor":16.0,"turns":3.0},{"damage":2.0,"enemies":"2 Thieves","floor":18.0,"turns":3.0},{"damage":4.0,"enemies":"Chosen","floor":22.0,"turns":7.0},{"damage":7.0,"enemies":"Shelled Parasite and Fungi","floor":24.0,"turns":7.0},{"damage":12.0,"enemies":"Slavers","floor":28.0,"turns":5.0},{"damage":8.0,"enemies":"Chosen and Byrds","floor":29.0,"turns":5.0},{"damage":2.0,"enemies":"Cultist and Chosen","floor":31.0,"turns":5.0},{"damage":3.0,"enemies":"Automaton","floor":33.0,"turns":10.0},{"damage":0.0,"enemies":"3 Darklings","floor":35.0,"turns":4.0},{"damage":0.0,"enemies":"Orb Walker","floor":37.0,"turns":5.0},{"damage":4.0,"enemies":"3 Darklings","floor":38.0,"turns":4.0},{"damage":0.0,"enemies":"Spire Growth","floor":39.0,"turns":6.0},{"damage":0.0,"enemies":"Giant Head","floor":40.0,"turns":10.0},{"damage":0.0,"enemies":"Transient","floor":44.0,"turns":6.0},{"damage":0.0,"enemies":"Jaw Worm Horde","floor":46.0,"turns":4.0},{"damage":0,"enemies":"Reptomancer","floor":48,"turns":7},{"damage":0,"enemies":"Awakened One","floor":50,"turns":8},{"damage":0,"enemies":"Donu and Deca","floor":51,"turns":9},{"damage":0,"enemies":"Shield and Spear","floor":55,"turns":4},{"damage":30,"enemies":"The Heart","floor":56,"turns":11}],"seed_played":"6862816586743450516","potions_obtained":[{"floor":5.0,"key":"Ancient Potion"},{"floor":7.0,"key":"SkillPotion"},{"floor":12.0,"key":"Strength Potion"},{"floor":16.0,"key":"Swift Potion"},{"floor":28.0,"key":"Ancient Potion"}],"is_trial":false,"path_per_floor":["M","?","M","?","M","R","E","M","T","?","?","M","R","$","R","B",null,"M","T","$","?","M","R","M","R","T","?","E","M","R","M","R","B",null,"M","?","M","M","M","E","R","$","T","M","?","M","R","E","R","B","B",null,"R","$","E","B",null],"character_chosen":"THE_SILENT","items_purchased":["Toxic Egg 2","Discovery+1","Well Laid Plans","Backflip+1","Purity+1","ClockworkSouvenir","Medical Kit"],"campfire_rested":1,"item_purchase_floors":[14,14,20,42,42,42,54],"current_hp_per_floor":[51,40,39,34,34,34,15,11,11,11,4,4,4,4,20,20,46,44,44,44,44,40,40,33,33,33,33,21,13,13,11,11,8,43,43,40,40,36,36,38,38,38,38,40,40,42,42,44,44,44,44,58,58,58,60,30],"gold":67,"neow_bonus":"TWO_FIFTY_GOLD","is_prod":false,"is_daily":false,"chose_seed":false,"campfire_upgraded":9,"win_rate":0,"timestamp":1554699579,"path_taken":["M","?","M","?","M","R","E","M","T","?","?","?","R","$","R","BOSS","M","?","$","?","M","R","M","R","T","?","E","?","R","M","R","BOSS","M","?","M","?","?","E","R","$","T","?","?","M","R","E","R","BOSS","BOSS","R","$","E","BOSS"],"build_version":"2019-01-23","purchased_purges":4,"victory":true,"max_hp_per_floor":[60,60,60,60,60,60,60,60,60,54,54,54,54,54,54,54,54,54,54,54,54,54,54,54,54,54,54,54,54,54,54,54,54,54,54,54,54,54,54,56,56,56,56,58,58,60,60,62,62,62,62,62,62,62,64,64],"card_choices":[{"not_picked":["Blade Dance","Acrobatics","Slice"],"picked":"SKIP","floor":1.0},{"not_picked":["Dodge and Roll","Acrobatics"],"picked":"Sucker Punch","floor":3.0},{"not_picked":["Concentrate","Blur"],"picked":"Deadly Poison","floor":5.0},{"not_picked":["Poisoned Stab","Noxious Fumes"],"picked":"Night Terror","floor":7.0},{"not_picked":["Predator","Deflect"],"picked":"Infinite Blades","floor":8.0},{"not_picked":["Dagger Throw","Acrobatics","Dagger Spray"],"picked":"SKIP","floor":12.0},{"not_picked":["Bullet Time+1","Doppelganger+1"],"picked":"Corpse Explosion+1","floor":16.0},{"not_picked":["Acrobatics+1","Poisoned Stab","Choke"],"picked":"SKIP","floor":18.0},{"not_picked":["Poisoned Stab","Choke"],"picked":"Acrobatics+1","floor":18.0},{"not_picked":["Calculated Gamble+1","Outmaneuver+1"],"picked":"Concentrate+1","floor":22.0},{"not_picked":["Endless Agony","Slice","Underhanded Strike"],"picked":"SKIP","floor":24.0},{"not_picked":["Dagger Throw","Heel Hook","Quick Slash"],"picked":"SKIP","floor":28.0},{"not_picked":["Bane","Deflect+1","Endless Agony"],"picked":"SKIP","floor":29.0},{"not_picked":["Distraction+1","Deadly Poison+1","Underhanded Strike"],"picked":"SKIP","floor":31.0},{"not_picked":["Distraction+1","Deadly Poison+1","Underhanded Strike"],"picked":"SKIP","floor":31.0},{"not_picked":["Venomology+1","Bullet Time+1"],"picked":"After Image","floor":33.0},{"not_picked":["Cloak And Dagger+1","Deadly Poison+1","Bouncing Flask+1"],"picked":"SKIP","floor":35.0},{"not_picked":["Sucker Punch+1","PiercingWail+1"],"picked":"Calculated Gamble+1","floor":37.0},{"not_picked":["Dodge and Roll+1","Bouncing Flask+1","Deadly Poison+1"],"picked":"SKIP","floor":38.0},{"not_picked":["Catalyst+1","Escape Plan+1"],"picked":"Tactician+1","floor":39.0},{"not_picked":["Bane","Escape Plan+1","Deadly Poison+1"],"picked":"Singing Bowl","floor":40.0},{"not_picked":["Prepared+1","Dodge and Roll+1","Backflip+1"],"picked":"Singing Bowl","floor":44.0},{"not_picked":["Slice","Flying Knee","Dagger Throw"],"picked":"Singing Bowl","floor":46.0},{"not_picked":["Terror+1","Doppelganger+1","Predator"],"picked":"Singing Bowl","floor":48},{"not_picked":["Backflip+1","Concentrate+1","Blade Dance+1"],"picked":"Singing Bowl","floor":55}],"player_experience":4144785,"relics_obtained":[{"floor":7.0,"key":"Tiny Chest"},{"floor":9.0,"key":"Oddly Smooth Stone"},{"floor":19.0,"key":"Gremlin Horn"},{"floor":26.0,"key":"Happy Flower"},{"floor":28.0,"key":"Ice Cream"},{"floor":40.0,"key":"Singing Bowl"},{"floor":48,"key":"PreservedInsect"},{"floor":55,"key":"Kunai"}],"event_choices":[{"damage_healed":0.0,"max_hp_gain":0.0,"max_hp_loss":0.0,"gold_gain":75.0,"event_name":"World of Goop","player_choice":"Gather Gold","floor":2.0,"gold_loss":0.0,"damage_taken":11.0},{"damage_healed":0.0,"max_hp_gain":0.0,"max_hp_loss":0.0,"gold_gain":0.0,"event_name":"Scrap Ooze","player_choice":"Success","floor":4.0,"gold_loss":0.0,"damage_taken":5.0,"relics_obtained":["Anchor"]},{"damage_healed":0.0,"max_hp_gain":0.0,"max_hp_loss":6.0,"gold_gain":0.0,"event_name":"Golden Idol","player_choice":"Lose Max HP","floor":10.0,"gold_loss":0.0,"damage_taken":0.0,"relics_obtained":["Golden Idol"]},{"cards_removed":["Strike_G"],"damage_healed":0.0,"max_hp_gain":0.0,"max_hp_loss":0.0,"gold_gain":0.0,"event_name":"Golden Wing","player_choice":"Card Removal","floor":11.0,"gold_loss":0.0,"damage_taken":7.0},{"damage_healed":0.0,"max_hp_gain":0.0,"max_hp_loss":0.0,"gold_gain":50.0,"event_name":"Nest","player_choice":"Stole From Cult","floor":21.0,"gold_loss":0.0,"damage_taken":0.0},{"cards_removed":["Distraction"],"damage_healed":0.0,"max_hp_gain":0.0,"max_hp_loss":0.0,"gold_gain":0.0,"event_name":"WeMeetAgain","player_choice":"Gave Card","floor":27.0,"gold_loss":0.0,"damage_taken":0.0,"relics_obtained":["Paper Crane"]},{"damage_healed":0.0,"max_hp_gain":0.0,"max_hp_loss":0.0,"gold_gain":0.0,"event_name":"The Woman in Blue","player_choice":"Bought 0 Potions","floor":36.0,"gold_loss":0.0,"damage_taken":0.0},{"damage_healed":0.0,"max_hp_gain":0.0,"max_hp_loss":0.0,"gold_gain":333.0,"event_name":"The Moai Head","player_choice":"Gave Idol","floor":45.0,"relics_lost":["Golden Idol"],"gold_loss":0.0,"damage_taken":0.0}],"is_beta":false,"boss_relics":[{"not_picked":["WristBlade","Busted Crown"],"picked":"Astrolabe"},{"not_picked":["Orrery","White Beast Statue"],"picked":"Empty Cage"}],"items_purged_floors":[14,20,42,54],"is_endless":false,"potions_floor_spawned":[5,7,12,16,28,29,33,35,44,46],"ascension_level":20}