{"gold_per_floor":[115,40,40,54,54,54,89,89,89,107,107,107,134,146,146,225,225,235,160,73,88,105,105,118,152,152,177,14,14,14,33,33,110,110,120,131,131,131,150,176,76,111,138,169,169,14,29,29,29,29,29,29,29,29,63,63],"floor_reached":57,"playtime":2061,"items_purged":["Defend_G","Defend_G"],"score":3222,"play_id":"24834020-97ad-43a8-afb1-993a6e6bfc1f","local_time":"20190705114936","is_ascension_mode":true,"campfire_choices":[{"data":"Flechettes","floor":6.0,"key":"SMITH"},{"data":"Neutralize","floor":8.0,"key":"SMITH"},{"floor":11.0,"key":"RECALL"},{"data":"Survivor","floor":15.0,"key":"SMITH"},{"data":"Prepared","floor":23.0,"key":"SMITH"},{"data":"Tactician","floor":29.0,"key":"SMITH"},{"data":"Grand Finale","floor":32.0,"key":"SMITH"},{"data":"Purity","floor":49.0,"key":"SMITH"},{"data":"Escape Plan","floor":53.0,"key":"SMITH"}],"neow_cost":"NONE","seed_source_timestamp":219006622842354,"circlet_count":0,"master_deck":["AscendersBane","Defend_G+1","Defend_G","Defend_G","Survivor+1","Neutralize+1","Flechettes+1","Acrobatics+1","Grand Finale+1","Heel Hook","Prepared+1","Terror","Tactician+1","Escape Plan+1","Backflip+1","Purity+1"],"special_seed":0,"relics":["Ring of the Snake","NeowsBlessing","Snake Skull","Happy Flower","Bag of Marbles","Empty Cage","Omamori","Lantern","Paper Crane","Letter Opener","Runic Pyramid","Ancient Tea Set","Bottled Flame","Turnip","Art of War","Oddly Smooth Stone"],"potions_floor_usage":[56],"damage_taken":[{"damage":0.0,"enemies":"Small Slimes","floor":1.0,"turns":1.0},{"damage":0.0,"enemies":"Jaw Worm","floor":4.0,"turns":1.0},{"damage":0.0,"enemies":"Lagavulin","floor":7.0,"turns":1.0},{"damage":0.0,"enemies":"2 Louse","floor":10.0,"turns":2.0},{"damage":12.0,"enemies":"Gremlin Nob","floor":13.0,"turns":4.0},{"damage":1.0,"enemies":"2 Fungi Beasts","floor":14.0,"turns":2.0},{"damage":15.0,"enemies":"The Guardian","floor":16.0,"turns":15.0},{"damage":6.0,"enemies":"Shell Parasite","floor":18.0,"turns":4.0},{"damage":1.0,"enemies":"3 Byrds","floor":21.0,"turns":11.0},{"damage":9.0,"enemies":"Shelled Parasite and Fungi","floor":22.0,"turns":6.0},{"damage":0.0,"enemies":"Snake Plant","floor":24.0,"turns":1.0},{"damage":17.0,"enemies":"Gremlin Leader","floor":25.0,"turns":4.0},{"damage":0.0,"enemies":"Book of Stabbing","floor":27.0,"turns":2.0},{"damage":0.0,"enemies":"Snecko","floor":31.0,"turns":1.0},{"damage":0.0,"enemies":"Collector","floor":33.0,"turns":4.0},{"damage":0.0,"enemies":"Orb Walker","floor":35.0,"turns":1.0},{"damage":5.0,"enemies":"3 Darklings","floor":36.0,"turns":2.0},{"damage":0.0,"enemies":"Transient","floor":39.0,"turns":6.0},{"damage":4.0,"enemies":"Reptomancer","floor":40.0,"turns":4.0},{"damage":1.0,"enemies":"Nemesis","floor":42.0,"turns":3.0},{"damage":0.0,"enemies":"Giant Head","floor":44.0,"turns":3.0},{"damage":0.0,"enemies":"Maw","floor":47.0,"turns":2.0},{"damage":3.0,"enemies":"Donu and Deca","floor":50.0,"turns":3.0},{"damage":14.0,"enemies":"Time Eater","floor":51.0,"turns":4.0},{"damage":0.0,"enemies":"Shield and Spear","floor":55.0,"turns":3.0},{"damage":45,"enemies":"The Heart","floor":56,"turns":6}],"seed_played":"-6817783041028105342","potions_obtained":[{"floor":1.0,"key":"Block Potion"},{"floor":10.0,"key":"Weak Potion"},{"floor":16.0,"key":"GhostInAJar"},{"floor":18.0,"key":"AttackPotion"},{"floor":22.0,"key":"Strength Potion"},{"floor":25.0,"key":"Ancient Potion"}],"is_trial":false,"path_per_floor":["M","?","?","M","?","R","E","R","T","M","R","?","E","M","R","B",null,"M","?","$","M","M","R","M","E","T","E","$","R","?","M","R","B",null,"M","M","?","?","M","E","$","E","T","E","T","$","M","$","R","B","B",null,"R","$","E","B",null],"character_chosen":"THE_SILENT","items_purchased":["Heel Hook","Tactician","Purity","PowerPotion"],"campfire_rested":0,"item_purchase_floors":[20,28,46,46],"current_hp_per_floor":[59,59,64,64,43,43,43,43,43,43,43,36,24,23,23,8,55,49,49,49,48,39,39,39,22,22,22,22,22,22,22,22,22,59,59,54,54,54,54,50,50,49,49,49,49,49,49,49,49,46,32,58,58,58,58,13],"gold":63,"neow_bonus":"THREE_ENEMY_KILL","is_prod":false,"is_daily":false,"chose_seed":false,"campfire_upgraded":8,"win_rate":0,"timestamp":1562298576,"path_taken":["M","?","?","M","?","R","E","R","T","M","R","?","E","M","R","BOSS","M","?","$","M","M","R","M","E","T","E","$","R","?","M","R","BOSS","M","M","?","?","M","E","$","E","T","E","?","$","M","?","R","BOSS","BOSS","R","$","E","BOSS"],"build_version":"2019-07-01","purchased_purges":2,"victory":true,"max_hp_per_floor":[66,66,71,71,71,71,71,71,71,71,71,71,71,71,71,71,71,71,71,71,71,71,71,71,71,71,71,71,71,71,71,71,71,71,71,71,71,67,67,67,67,67,67,67,67,67,67,67,67,67,67,67,67,67,67,67],"card_choices":[{"not_picked":["Predator","Prepared"],"picked":"Flechettes","floor":1.0},{"not_picked":["Sucker Punch","All Out Attack"],"picked":"Acrobatics","floor":4.0},{"not_picked":["Endless Agony","Riddle With Holes","Distraction"],"picked":"SKIP","floor":7.0},{"not_picked":["Cloak And Dagger","Dagger Spray","Deflect"],"picked":"SKIP","floor":10.0},{"not_picked":["Cloak And Dagger","Dagger Spray","Deflect"],"picked":"SKIP","floor":10.0},{"not_picked":["Dagger Spray","After Image","Caltrops"],"picked":"SKIP","floor":13.0},{"not_picked":["Expertise","Infinite Blades","Backstab"],"picked":"SKIP","floor":14.0},{"not_picked":["Storm of Steel","Corpse Explosion"],"picked":"Grand Finale","floor":16.0},{"not_picked":["PiercingWail","Dodge and Roll","Poisoned Stab"],"picked":"SKIP","floor":18.0},{"not_picked":["Deadly Poison","Dodge and Roll","Flechettes"],"picked":"SKIP","floor":21.0},{"not_picked":["Cloak And Dagger","Noxious Fumes"],"picked":"Prepared","floor":22.0},{"not_picked":["Bane","Backflip"],"picked":"Heel Hook","floor":24.0},{"not_picked":["Riddle With Holes","Slice","Deflect"],"picked":"SKIP","floor":25.0},{"not_picked":["Dash+1","Distraction"],"picked":"Terror","floor":27.0},{"not_picked":["Acrobatics","Poisoned Stab"],"picked":"Escape Plan","floor":31.0},{"not_picked":["Quick Slash+1","Infinite Blades","Outmaneuver"],"picked":"SKIP","floor":35.0},{"not_picked":["Finisher","Prepared+1","Dagger Spray+1"],"picked":"SKIP","floor":36.0},{"not_picked":["Heel Hook","Dagger Throw+1","Quick Slash"],"picked":"SKIP","floor":39.0},{"not_picked":["Flying Knee","Bane","Slice"],"picked":"SKIP","floor":40.0},{"not_picked":["Storm of Steel","Bane","Envenom"],"picked":"SKIP","floor":42.0},{"not_picked":["Setup","Sucker Punch+1"],"picked":"Backflip+1","floor":44.0},{"not_picked":["Expertise","Acrobatics","Reflex"],"picked":"SKIP","floor":47.0},{"not_picked":["Choke+1","Flying Knee+1","Tactician+1"],"picked":"SKIP","floor":55.0}],"player_experience":1548421,"relics_obtained":[{"floor":7.0,"key":"Snake Skull"},{"floor":9.0,"key":"Happy Flower"},{"floor":13.0,"key":"Bag of Marbles"},{"floor":25.0,"key":"Omamori"},{"floor":26.0,"key":"Lantern"},{"floor":27.0,"key":"Paper Crane"},{"floor":30.0,"key":"Letter Opener"},{"floor":40.0,"key":"Ancient Tea Set"},{"floor":42.0,"key":"Bottled Flame"},{"floor":44.0,"key":"Turnip"},{"floor":45.0,"key":"Art of War"},{"floor":55.0,"key":"Oddly Smooth Stone"}],"event_choices":[{"cards_removed":["Strike_G"],"damage_healed":0.0,"max_hp_gain":0.0,"max_hp_loss":0.0,"gold_gain":0.0,"event_name":"The Cleric","player_choice":"Card Removal","floor":2.0,"gold_loss":75.0,"damage_taken":0.0},{"damage_healed":0.0,"max_hp_gain":5.0,"max_hp_loss":0.0,"gold_gain":0.0,"event_name":"Big Fish","player_choice":"Donut","floor":3.0,"gold_loss":0.0,"damage_taken":0.0},{"damage_healed":0.0,"max_hp_gain":0.0,"max_hp_loss":0.0,"gold_gain":0.0,"event_name":"Shining Light","player_choice":"Entered Light","floor":5.0,"gold_loss":0.0,"damage_taken":21.0,"cards_upgraded":["Defend_G","Acrobatics"]},{"cards_removed":["Strike_G"],"damage_healed":0.0,"max_hp_gain":0.0,"max_hp_loss":0.0,"gold_gain":0.0,"event_name":"Golden Wing","player_choice":"Card Removal","floor":12.0,"gold_loss":0.0,"damage_taken":7.0},{"cards_removed":["Strike_G"],"damage_healed":0.0,"max_hp_gain":0.0,"max_hp_loss":0.0,"gold_gain":0.0,"event_name":"Beggar","player_choice":"Gave Gold","floor":19.0,"gold_loss":75.0,"damage_taken":0.0},{"damage_healed":0.0,"max_hp_gain":0.0,"max_hp_loss":0.0,"gold_gain":0.0,"event_name":"Wheel of Change","player_choice":"Relic","floor":30.0,"gold_loss":0.0,"damage_taken":0.0},{"cards_removed":["Heel Hook"],"damage_healed":0.0,"max_hp_gain":0.0,"max_hp_loss":0.0,"gold_gain":0.0,"event_name":"Falling","player_choice":"Removed Attack","floor":37.0,"gold_loss":0.0,"damage_taken":0.0},{"damage_healed":0.0,"max_hp_gain":0.0,"max_hp_loss":4.0,"gold_gain":0.0,"event_name":"Winding Halls","player_choice":"Max HP","floor":38.0,"gold_loss":0.0,"damage_taken":0.0}],"is_beta":false,"boss_relics":[{"not_picked":["Ectoplasm","Eternal Feather"],"picked":"Empty Cage"},{"not_picked":["Astrolabe","Calling Bell"],"picked":"Runic Pyramid"}],"items_purged_floors":[28,41],"is_endless":false,"potions_floor_spawned":[1,10,16,18,22,24,25,36,40],"ascension_level":20}