{"gold_per_floor":[20,20,20,43,68,108,108,142,142,142,158,158,158,15,15,110,110,134,59,59,83,27,27,61,81,81,81,81,94,129,154,154,244,244,257,280,336,336,359,402,402,443,443,151,174,174,174,197,197,197,197],"floor_reached":51,"playtime":4575,"items_purged":["Strike_B","Pain"],"score":1681,"play_id":"1ce7c421-2681-428d-83f2-7ae1afaca697","local_time":"20190311220557","is_ascension_mode":true,"campfire_choices":[{"data":"Streamline","floor":7.0,"key":"SMITH"},{"data":"Defragment","floor":10.0,"key":"SMITH"},{"data":"Dualcast","floor":13.0,"key":"SMITH"},{"data":"Discovery","floor":15.0,"key":"SMITH"},{"data":"Biased Cognition","floor":23.0,"key":"SMITH"},{"data":"Ghostly","floor":28.0,"key":"SMITH"},{"data":"Hologram","floor":32.0,"key":"SMITH"},{"floor":41.0,"key":"RECALL"},{"data":"Defragment","floor":46.0,"key":"SMITH"},{"data":"Coolheaded","floor":49.0,"key":"SMITH"}],"neow_cost":"NO_GOLD","seed_source_timestamp":0,"circlet_count":0,"master_deck":["AscendersBane","Defend_B","Defend_B","Defend_B","Defend_B","Zap","Dualcast+1","Rip and Tear","Glacier+1","Cold Snap","Ball Lightning+1","Defragment+1","Discovery+1","Biased Cognition+1","Hologram+1","Undo","Capacitor","Ghostly","Ghostly","Ghostly+1","Self Repair","Capacitor","Self Repair","Creative AI","White Noise+1","Hologram","Hologram+1","Coolheaded+1","Defragment+1","Hologram","Recycle","Hologram"],"special_seed":0,"relics":["Cracked Core","Golden Idol","FossilizedHelix","Bottled Flame","Molten Egg 2","Runic Dome","WarpedTongs","Bird Faced Urn","Question Card","Gremlin Horn","Velvet Choker","Thread and Needle","Vajra","Blue Candle"],"potions_floor_usage":[51,51],"damage_taken":[{"damage":2.0,"enemies":"Jaw Worm","floor":1.0,"turns":2.0},{"damage":0.0,"enemies":"Small Slimes","floor":4.0,"turns":3.0},{"damage":1.0,"enemies":"Cultist","floor":5.0,"turns":3.0},{"damage":19.0,"enemies":"Lagavulin","floor":6.0,"turns":7.0},{"damage":0.0,"enemies":"3 Sentries","floor":8.0,"turns":8.0},{"damage":0.0,"enemies":"Large Slime","floor":11.0,"turns":5.0},{"damage":0.0,"enemies":"Slime Boss","floor":16.0,"turns":6.0},{"damage":0.0,"enemies":"2 Thieves","floor":18.0,"turns":3.0},{"damage":3.0,"enemies":"Spheric Guardian","floor":21.0,"turns":3.0},{"damage":14.0,"enemies":"Book of Stabbing","floor":24.0,"turns":7.0},{"damage":11.0,"enemies":"3 Cultists","floor":25.0,"turns":5.0},{"damage":2.0,"enemies":"Shelled Parasite and Fungi","floor":29.0,"turns":5.0},{"damage":5.0,"enemies":"Gremlin Leader","floor":30.0,"turns":7.0},{"damage":2.0,"enemies":"Snake Plant","floor":31.0,"turns":3.0},{"damage":11.0,"enemies":"Automaton","floor":33.0,"turns":11.0},{"damage":10.0,"enemies":"Orb Walker","floor":35.0,"turns":4.0},{"damage":15.0,"enemies":"3 Shapes","floor":36.0,"turns":4.0},{"damage":22.0,"enemies":"2 Orb Walkers","floor":37.0,"turns":5.0},{"damage":11.0,"enemies":"Transient","floor":39.0,"turns":6.0},{"damage":34.0,"enemies":"Reptomancer","floor":40.0,"turns":8.0},{"damage":16.0,"enemies":"Giant Head","floor":42.0,"turns":12.0},{"damage":0.0,"enemies":"3 Darklings","floor":45.0,"turns":9.0},{"damage":0.0,"enemies":"Sphere and 2 Shapes","floor":48.0,"turns":9.0},{"damage":5.0,"enemies":"Time Eater","floor":50.0,"turns":13.0},{"damage":48,"enemies":"Awakened One","floor":51,"turns":10}],"seed_played":"3329956434682936825","potions_obtained":[{"floor":1.0,"key":"Regen Potion"},{"floor":16.0,"key":"Explosive Potion"},{"floor":18.0,"key":"Explosive Potion"},{"floor":24.0,"key":"Weak Potion"},{"floor":30.0,"key":"EssenceOfSteel"},{"floor":39.0,"key":"Weak Potion"},{"floor":48.0,"key":"Poison Potion"}],"is_trial":false,"path_per_floor":["M","?","?","M","M","E","R","E","T","R","M","?","R","$","R","B",null,"M","$","?","M","$","R","E","M","T","?","R","M","E","M","R","B",null,"M","M","?","?","M","E","R","E","T","$","M","R","?","M","R","B","B"],"character_chosen":"DEFECT","items_purchased":["Discovery","AttackPotion","SkillPotion","Coolheaded","Defragment","Hologram"],"campfire_rested":0,"item_purchase_floors":[14,14,22,44,44,44],"current_hp_per_floor":[62,62,55,55,54,49,49,49,49,49,49,30,30,30,30,30,56,56,56,56,53,53,53,39,38,38,32,32,32,32,30,30,32,32,32,32,32,32,32,23,23,32,32,32,32,32,32,32,32,32,0],"gold":197,"neow_bonus":"TRANSFORM_TWO_CARDS","is_prod":false,"is_daily":false,"chose_seed":false,"campfire_upgraded":9,"win_rate":0,"timestamp":1552313157,"path_taken":["M","?","?","M","M","E","R","E","T","R","M","?","R","?","R","BOSS","M","$","?","M","$","R","E","?","T","?","R","M","E","M","R","BOSS","M","M","?","?","M","E","R","E","T","$","M","R","?","M","R","BOSS","BOSS"],"build_version":"2019-01-23","purchased_purges":2,"victory":false,"max_hp_per_floor":[71,64,64,64,64,64,64,64,64,64,64,64,64,64,64,64,64,64,64,64,64,64,64,64,64,64,32,32,32,32,32,32,32,32,32,32,32,32,32,32,32,32,32,32,32,32,32,32,32,32,32],"card_choices":[{"not_picked":["Cold Snap","Turbo"],"picked":"Glacier","floor":1.0},{"not_picked":["Sunder","Leap","Sweeping Beam"],"picked":"SKIP","floor":4.0},{"not_picked":["Beam Cell","Conserve Battery"],"picked":"Cold Snap","floor":5.0},{"not_picked":["Sweeping Beam","Cold Snap"],"picked":"Ball Lightning","floor":6.0},{"not_picked":["Fission","Storm"],"picked":"Defragment","floor":8.0},{"not_picked":["Hello World","Sweeping Beam+1","Rebound+1"],"picked":"SKIP","floor":11.0},{"not_picked":["Rainbow","Thunder Strike+1"],"picked":"Biased Cognition","floor":16.0},{"not_picked":["Cold Snap+1","Leap"],"picked":"Hologram","floor":18.0},{"not_picked":["Rebound+1","Coolheaded"],"picked":"Undo","floor":21.0},{"not_picked":["Conserve Battery","Blizzard+1"],"picked":"Capacitor","floor":24.0},{"not_picked":["Leap","Reinforced Body","Chaos"],"picked":"SKIP","floor":25.0},{"not_picked":["Fusion","Compile Driver+1","Tempest"],"picked":"Self Repair","floor":29.0},{"not_picked":["Darkness","Sweeping Beam+1","Chill"],"picked":"Capacitor","floor":30.0},{"not_picked":["Scrape+1","Rebound+1","Blizzard+1"],"picked":"Self Repair","floor":31.0},{"not_picked":["Meteor Strike+1","Machine Learning","Echo Form"],"picked":"Creative AI","floor":33.0},{"not_picked":["Compile Driver+1","Skim","Undo"],"picked":"White Noise+1","floor":35.0},{"not_picked":["Reprogram+1","Rebound+1","FTL+1","Leap"],"picked":"SKIP","floor":36.0},{"not_picked":["Steam","Rebound+1","Beam Cell+1"],"picked":"Hologram","floor":39.0},{"not_picked":["Tempest","Storm","Stack+1"],"picked":"Hologram+1","floor":40.0},{"not_picked":["Genetic Algorithm+1","Beam Cell+1","Rebound+1","Blizzard+1"],"picked":"SKIP","floor":42.0},{"not_picked":["Beam Cell+1","Chill","Barrage+1"],"picked":"Recycle","floor":45.0},{"not_picked":["Tempest","Doom and Gloom+1","Compile Driver+1"],"picked":"Hologram","floor":48.0}],"player_experience":3496332,"relics_obtained":[{"floor":6.0,"key":"FossilizedHelix"},{"floor":8.0,"key":"Bottled Flame"},{"floor":9.0,"key":"Molten Egg 2"},{"floor":24.0,"key":"Bird Faced Urn"},{"floor":26.0,"key":"Question Card"},{"floor":30.0,"key":"Gremlin Horn"},{"floor":37.0,"key":"Thread and Needle"},{"floor":40.0,"key":"Vajra"},{"floor":42.0,"key":"Blue Candle"}],"event_choices":[{"damage_healed":0.0,"max_hp_gain":0.0,"max_hp_loss":7.0,"gold_gain":0.0,"event_name":"Golden Idol","player_choice":"Lose Max HP","floor":2.0,"gold_loss":0.0,"damage_taken":0.0,"relics_obtained":["Golden Idol"]},{"cards_removed":["Strike_B"],"damage_healed":0.0,"max_hp_gain":0.0,"max_hp_loss":0.0,"gold_gain":0.0,"event_name":"Golden Wing","player_choice":"Card Removal","floor":3.0,"gold_loss":0.0,"damage_taken":7.0},{"damage_healed":0.0,"max_hp_gain":0.0,"max_hp_loss":0.0,"gold_gain":0.0,"event_name":"Shining Light","player_choice":"Entered Light","floor":12.0,"gold_loss":0.0,"damage_taken":19.0,"cards_upgraded":["Glacier","Ball Lightning"]},{"damage_healed":0.0,"max_hp_gain":0.0,"max_hp_loss":0.0,"gold_gain":0.0,"event_name":"Accursed Blacksmith","player_choice":"Rummage","floor":20.0,"gold_loss":0.0,"damage_taken":0.0,"relics_obtained":["WarpedTongs"],"cards_obtained":["Pain"]},{"damage_healed":0.0,"max_hp_gain":0.0,"max_hp_loss":32.0,"gold_gain":0.0,"event_name":"Ghosts","player_choice":"Became a Ghost","floor":27.0,"gold_loss":0.0,"damage_taken":0.0,"cards_obtained":["Ghostly","Ghostly","Ghostly"]},{"damage_healed":0.0,"max_hp_gain":0.0,"max_hp_loss":0.0,"gold_gain":0.0,"event_name":"Mysterious Sphere","player_choice":"Fight","floor":37.0,"gold_loss":0.0,"damage_taken":0.0},{"damage_healed":0.0,"max_hp_gain":0.0,"max_hp_loss":0.0,"gold_gain":0.0,"event_name":"Tomb of Lord Red Mask","player_choice":"Ignored","floor":38.0,"gold_loss":0.0,"damage_taken":0.0},{"cards_removed":["Streamline"],"damage_healed":0.0,"max_hp_gain":0.0,"max_hp_loss":0.0,"gold_gain":0.0,"event_name":"Falling","player_choice":"Removed Attack","floor":47.0,"gold_loss":0.0,"damage_taken":0.0}],"is_beta":false,"boss_relics":[{"not_picked":["White Beast Statue","Cursed Key"],"picked":"Runic Dome"},{"not_picked":["Lizard Tail","Philosopher\u0027s Stone"],"picked":"Velvet Choker"}],"items_purged_floors":[19,44],"is_endless":false,"potions_floor_spawned":[1,16,18,24,30,31,36,39,48],"killed_by":"Awakened One","ascension_level":20}