{"gold_per_floor":[20,20,31,50,64,64,76,86,86,97,97,16,48,48,48,124,124,136,136],"floor_reached":19,"playtime":526,"items_purged":[],"score":442,"play_id":"fecf4e68-f721-4b2e-bca2-d9a8cd79b4fa","local_time":"20190427111608","is_ascension_mode":true,"campfire_choices":[{"data":"Zap","floor":6.0,"key":"SMITH"},{"data":"Turbo","floor":11.0,"key":"SMITH"},{"data":"Biased Cognition","floor":15.0,"key":"SMITH"}],"neow_cost":"NO_GOLD","seed_source_timestamp":472239368147,"circlet_count":0,"master_deck":["AscendersBane","Strike_B","Strike_B","Strike_B","Strike_B","Defend_B","Defend_B","Defend_B","Defend_B","Zap+1","Dualcast","Buffer","Skim","FTL","Ball Lightning","Turbo+1","Hologram","White Noise","Biased Cognition+1","Capacitor","Rainbow","Cold Snap"],"special_seed":0,"relics":["Cracked Core","Anchor","Strawberry","Art of War","Gremlin Horn","Black Star"],"potions_floor_usage":[18,19],"damage_taken":[{"damage":2.0,"enemies":"Jaw Worm","floor":1.0,"turns":4.0},{"damage":3.0,"enemies":"Small Slimes","floor":3.0,"turns":3.0},{"damage":2.0,"enemies":"2 Louse","floor":4.0,"turns":3.0},{"damage":3.0,"enemies":"Blue Slaver","floor":5.0,"turns":3.0},{"damage":5.0,"enemies":"Exordium Wildlife","floor":7.0,"turns":3.0},{"damage":0.0,"enemies":"Large Slime","floor":8.0,"turns":4.0},{"damage":1.0,"enemies":"Looter","floor":10.0,"turns":3.0},{"damage":11.0,"enemies":"Gremlin Nob","floor":13.0,"turns":4.0},{"damage":0.0,"enemies":"Slime Boss","floor":16.0,"turns":5.0},{"damage":2,"enemies":"Chosen","floor":18,"turns":4},{"damage":18,"enemies":"3 Byrds","floor":19,"turns":3}],"seed_played":"-4561667112355950624","potions_obtained":[{"floor":1.0,"key":"Fire Potion"},{"floor":5.0,"key":"Explosive Potion"},{"floor":13.0,"key":"Swift Potion"},{"floor":16.0,"key":"Weak Potion"}],"is_trial":false,"path_per_floor":["M","?","M","M","M","R","M","M","T","M","R","$","E","?","R","B",null,"M","M"],"character_chosen":"DEFECT","items_purchased":["Biased Cognition"],"campfire_rested":0,"item_purchase_floors":[12],"current_hp_per_floor":[62,36,33,31,28,28,23,23,30,29,29,29,18,18,18,18,63,61,43],"gold":136,"neow_bonus":"THREE_RARE_CARDS","is_prod":false,"is_daily":false,"chose_seed":false,"campfire_upgraded":3,"win_rate":0,"timestamp":1556334968,"path_taken":["M","?","M","M","M","R","M","M","T","M","R","$","E","?","R","BOSS","M","M"],"build_version":"2019-01-23","purchased_purges":0,"victory":false,"max_hp_per_floor":[71,71,71,71,71,71,71,71,78,78,78,78,78,78,78,78,78,78,78],"card_choices":[{"not_picked":["Amplify","Creative AI"],"picked":"Buffer","floor":0.0},{"not_picked":["Beam Cell","Cold Snap"],"picked":"Skim","floor":1.0},{"not_picked":["Compile Driver","Aggregate"],"picked":"FTL","floor":3.0},{"not_picked":["Cold Snap","Go for the Eyes"],"picked":"Ball Lightning","floor":4.0},{"not_picked":["Aggregate","Blizzard","Barrage"],"picked":"SKIP","floor":5.0},{"not_picked":["FTL","Storm"],"picked":"Turbo","floor":7.0},{"not_picked":["Hello World","Gash"],"picked":"Hologram","floor":8.0},{"not_picked":["Ball Lightning","Steam"],"picked":"White Noise","floor":10.0},{"not_picked":["Rip and Tear","Stack"],"picked":"Capacitor","floor":13.0},{"not_picked":["Amplify","Meteor Strike"],"picked":"Rainbow","floor":16.0},{"not_picked":["Sweeping Beam+1","Lockon"],"picked":"Cold Snap","floor":18}],"player_experience":4544334,"relics_obtained":[{"floor":9.0,"key":"Strawberry"},{"floor":13.0,"key":"Art of War"}],"event_choices":[{"damage_healed":0.0,"max_hp_gain":0.0,"max_hp_loss":0.0,"gold_gain":0.0,"event_name":"Scrap Ooze","player_choice":"Success","floor":2.0,"gold_loss":0.0,"damage_taken":26.0,"relics_obtained":["Anchor"]},{"damage_healed":0.0,"max_hp_gain":0.0,"max_hp_loss":0.0,"gold_gain":0.0,"event_name":"Dead Adventurer","player_choice":"Searched \u00271\u0027 times","floor":14.0,"gold_loss":0.0,"damage_taken":0.0,"relics_obtained":["Gremlin Horn"]}],"is_beta":false,"boss_relics":[{"not_picked":["Snecko Eye","Orrery"],"picked":"Black Star"}],"items_purged_floors":[],"is_endless":false,"potions_floor_spawned":[1,5,7,8,13,16],"killed_by":"3 Byrds","ascension_level":20}