{"gold_per_floor":[366,376,376,2,20,51,51,64,64,64,81,81,81,106,106,181,181,200,200,16,29,44,44,70,70,93,121,36,36,56,82,82,153,153,168,168,93,112,126,156,156,209,209,209,223,223,249,260,260,260,260,260,260,135,160,160],"floor_reached":57,"playtime":2703,"items_purged":["Strike_B","Strike_B","Defend_B"],"score":3381,"play_id":"fea18cea-d84b-45b9-9a07-1e9f7b178573","local_time":"20190516173730","is_ascension_mode":true,"campfire_choices":[{"floor":7.0,"key":"REST"},{"data":"Turbo","floor":10.0,"key":"SMITH"},{"data":"Consume","floor":13.0,"key":"SMITH"},{"data":"Dualcast","floor":15.0,"key":"SMITH"},{"data":"Skim","floor":23.0,"key":"SMITH"},{"data":"Biased Cognition","floor":25.0,"key":"SMITH"},{"data":"Hologram","floor":29.0,"key":"SMITH"},{"data":"Skim","floor":32.0,"key":"SMITH"},{"data":"Fission","floor":41.0,"key":"SMITH"},{"data":"Seek","floor":44.0,"key":"SMITH"},{"data":"Turbo","floor":46.0,"key":"SMITH"},{"floor":49.0,"key":"RECALL"},{"data":"Turbo","floor":53.0,"key":"SMITH"}],"neow_cost":"PERCENT_DAMAGE","seed_source_timestamp":27339832492186,"circlet_count":0,"master_deck":["AscendersBane","Defend_B","Defend_B","Defend_B","Zap","Dualcast+1","Tempest","Seek+1","Ball Lightning","Skim+1","Genetic Algorithm","Conserve Battery","Turbo+1","Consume+1","Cold Snap","Biased Cognition+1","Loop+1","Skim+1","Glacier+1","Hologram+1","Turbo+1","Capacitor","Turbo+1","Fission+1","Double Energy+1","Doom and Gloom","Creative AI"],"special_seed":0,"relics":["FrozenCore","Runic Capacitor","Ornamental Fan","Pear","Darkstone Periapt","Shuriken","Bottled Tornado","Anchor","Unceasing Top","PreservedInsect","Busted Crown","Art of War","Mummified Hand","Mercury Hourglass","Pen Nib"],"potions_floor_usage":[56],"damage_taken":[{"damage":1.0,"enemies":"Cultist","floor":1.0,"turns":3.0},{"damage":1.0,"enemies":"2 Louse","floor":2.0,"turns":3.0},{"damage":2.0,"enemies":"Jaw Worm","floor":5.0,"turns":3.0},{"damage":36.0,"enemies":"Gremlin Nob","floor":6.0,"turns":4.0},{"damage":0.0,"enemies":"Exordium Wildlife","floor":8.0,"turns":3.0},{"damage":2.0,"enemies":"Gremlin Gang","floor":11.0,"turns":3.0},{"damage":13.0,"enemies":"Lagavulin","floor":14.0,"turns":7.0},{"damage":0.0,"enemies":"Hexaghost","floor":16.0,"turns":7.0},{"damage":0.0,"enemies":"2 Thieves","floor":18.0,"turns":4.0},{"damage":0.0,"enemies":"Chosen","floor":21.0,"turns":6.0},{"damage":0.0,"enemies":"Shelled Parasite and Fungi","floor":22.0,"turns":8.0},{"damage":0.0,"enemies":"Book of Stabbing","floor":24.0,"turns":6.0},{"damage":16.0,"enemies":"Gremlin Leader","floor":27.0,"turns":7.0},{"damage":13.0,"enemies":"Cultist and Chosen","floor":30.0,"turns":6.0},{"damage":0.0,"enemies":"Book of Stabbing","floor":31.0,"turns":4.0},{"damage":0.0,"enemies":"Collector","floor":33.0,"turns":8.0},{"damage":0.0,"enemies":"3 Shapes","floor":35.0,"turns":4.0},{"damage":0.0,"enemies":"Orb Walker","floor":38.0,"turns":7.0},{"damage":0.0,"enemies":"Sphere and 2 Shapes","floor":39.0,"turns":5.0},{"damage":1.0,"enemies":"Nemesis","floor":40.0,"turns":7.0},{"damage":0.0,"enemies":"Spire Growth","floor":45.0,"turns":3.0},{"damage":0.0,"enemies":"Giant Head","floor":47.0,"turns":6.0},{"damage":0.0,"enemies":"Jaw Worm Horde","floor":48.0,"turns":3.0},{"damage":0.0,"enemies":"Donu and Deca","floor":50.0,"turns":11.0},{"damage":52.0,"enemies":"Time Eater","floor":51.0,"turns":6.0},{"damage":0,"enemies":"Shield and Spear","floor":55,"turns":5},{"damage":40,"enemies":"The Heart","floor":56,"turns":10}],"seed_played":"-6609239433616537735","potions_obtained":[{"floor":5.0,"key":"SteroidPotion"},{"floor":6.0,"key":"Poison Potion"},{"floor":8.0,"key":"Fire Potion"},{"floor":16.0,"key":"Block Potion"},{"floor":18.0,"key":"SteroidPotion"},{"floor":30.0,"key":"AttackPotion"},{"floor":39.0,"key":"FocusPotion"},{"floor":45.0,"key":"GamblersBrew"}],"is_trial":false,"path_per_floor":["M","M","?","$","M","E","R","M","T","R","M","?","R","E","R","B",null,"M","?","$","M","M","R","E","R","T","E","$","R","M","E","R","B",null,"M","?","?","M","M","E","R","T","T","R","M","R","E","M","R","B","B",null,"R","$","E","B",null],"character_chosen":"DEFECT","items_purchased":["Runic Capacitor","Skim","Skim","Capacitor"],"campfire_rested":1,"item_purchase_floors":[4,4,20,28],"current_hp_per_floor":[45,44,44,44,42,6,27,27,37,37,35,35,35,22,22,22,66,66,66,66,66,66,66,66,66,66,50,50,50,37,37,37,37,70,70,70,70,70,70,69,69,69,69,69,69,69,69,69,69,69,17,65,65,65,65,25],"gold":160,"neow_bonus":"TWO_FIFTY_GOLD","is_prod":false,"is_daily":false,"chose_seed":false,"campfire_upgraded":11,"win_rate":0,"timestamp":1557999450,"path_taken":["M","?","?","$","M","E","R","M","T","R","?","?","R","E","R","BOSS","M","?","$","?","M","R","E","R","T","E","$","R","M","E","R","BOSS","M","?","?","M","?","E","R","?","T","R","M","R","E","M","R","BOSS","BOSS","R","$","E","BOSS"],"build_version":"2019-01-23","purchased_purges":3,"victory":true,"max_hp_per_floor":[71,71,71,71,71,71,71,71,81,81,81,81,81,81,81,81,81,81,81,81,81,81,81,81,81,81,81,81,81,81,81,81,81,81,81,81,81,81,81,81,81,81,81,81,81,81,81,81,81,81,81,81,81,81,81,81],"card_choices":[{"not_picked":["Conserve Battery","Gash"],"picked":"Ball Lightning","floor":1.0},{"not_picked":["Stack","Steam Power"],"picked":"Tempest","floor":2.0},{"not_picked":["Fusion","Compile Driver"],"picked":"Genetic Algorithm","floor":5.0},{"not_picked":["Go for the Eyes","Beam Cell"],"picked":"Conserve Battery","floor":6.0},{"not_picked":["Coolheaded","Chaos"],"picked":"Turbo","floor":8.0},{"not_picked":["Storm","Cold Snap"],"picked":"Consume","floor":11.0},{"not_picked":["Hologram","Redo"],"picked":"Cold Snap","floor":14.0},{"not_picked":["Buffer","Fission"],"picked":"Biased Cognition","floor":16.0},{"not_picked":["Reinforced Body","FTL"],"picked":"Loop+1","floor":18.0},{"not_picked":["Hologram","Beam Cell"],"picked":"Glacier+1","floor":21.0},{"not_picked":["Barrage","FTL"],"picked":"Hologram","floor":22.0},{"not_picked":["Redo","Sweeping Beam"],"picked":"Turbo","floor":24.0},{"not_picked":["Stack","Ball Lightning","Compile Driver"],"picked":"SKIP","floor":27.0},{"not_picked":["Reprogram","Tempest","Sweeping Beam"],"picked":"SKIP","floor":30.0},{"not_picked":["Doom and Gloom","Reinforced Body"],"picked":"Turbo","floor":31.0},{"not_picked":["Buffer","Amplify"],"picked":"Fission","floor":33.0},{"not_picked":[],"picked":"Double Energy+1","floor":35.0},{"not_picked":["Sweeping Beam"],"picked":"SKIP","floor":38.0},{"not_picked":["Streamline+1"],"picked":"SKIP","floor":39.0},{"not_picked":["Beam Cell"],"picked":"SKIP","floor":40.0},{"not_picked":["Streamline"],"picked":"SKIP","floor":45.0},{"not_picked":["Streamline"],"picked":"SKIP","floor":47.0},{"not_picked":["Darkness"],"picked":"SKIP","floor":48.0},{"not_picked":["Ball Lightning"],"picked":"SKIP","floor":55}],"player_experience":4794329,"relics_obtained":[{"floor":6.0,"key":"Ornamental Fan"},{"floor":9.0,"key":"Pear"},{"floor":14.0,"key":"Darkstone Periapt"},{"floor":24.0,"key":"Bottled Tornado"},{"floor":26.0,"key":"Anchor"},{"floor":27.0,"key":"Unceasing Top"},{"floor":31.0,"key":"PreservedInsect"},{"floor":40.0,"key":"Art of War"},{"floor":43.0,"key":"Mummified Hand"},{"floor":47.0,"key":"Mercury Hourglass"},{"floor":55,"key":"Pen Nib"}],"event_choices":[{"damage_healed":0.0,"max_hp_gain":0.0,"max_hp_loss":0.0,"gold_gain":0.0,"event_name":"Match and Keep!","player_choice":"2 cards matched","floor":3.0,"gold_loss":0.0,"damage_taken":0.0,"cards_obtained":["Seek","Ball Lightning"]},{"damage_healed":0.0,"max_hp_gain":0.0,"max_hp_loss":0.0,"gold_gain":0.0,"event_name":"Liars Game","player_choice":"Ignored","floor":12.0,"gold_loss":0.0,"damage_taken":0.0},{"cards_removed":["Ball Lightning"],"damage_healed":0.0,"max_hp_gain":0.0,"max_hp_loss":0.0,"gold_gain":0.0,"event_name":"WeMeetAgain","player_choice":"Gave Card","floor":19.0,"gold_loss":0.0,"damage_taken":0.0,"relics_obtained":["Shuriken"]},{"damage_healed":0.0,"max_hp_gain":0.0,"max_hp_loss":0.0,"gold_gain":0.0,"event_name":"Tomb of Lord Red Mask","player_choice":"Ignored","floor":36.0,"gold_loss":0.0,"damage_taken":0.0},{"damage_healed":0.0,"max_hp_gain":0.0,"max_hp_loss":0.0,"gold_gain":0.0,"cards_transformed":["Strike_B","Strike_B"],"event_name":"Designer","player_choice":"Transformed Cards","floor":37.0,"gold_loss":75.0,"damage_taken":0.0,"cards_obtained":["Doom and Gloom","Creative AI"]}],"is_beta":false,"boss_relics":[{"not_picked":["Lizard Tail","Ectoplasm"],"picked":"FrozenCore"},{"not_picked":["Eternal Feather","White Beast Statue"],"picked":"Busted Crown"}],"items_purged_floors":[4,20,54],"is_endless":false,"potions_floor_spawned":[5,6,8,16,18,21,30,39,45],"ascension_level":20}