{"gold_per_floor":[119,135,135,135,60,60,71,71,71,71,100,110,126,26,26,26],"floor_reached":16,"playtime":428,"items_purged":["Strike_G","Defend_G"],"score":90,"play_id":"b65b697d-341c-41ec-a6b4-578907dc70ef","local_time":"20181112220951","is_ascension_mode":false,"campfire_choices":[{"data":"Defend_G","floor":6.0,"key":"PURGE"},{"data":"Defend_G","floor":8.0,"key":"PURGE"},{"data":"Strike_G","floor":15,"key":"PURGE"}],"neow_cost":"NONE","seed_source_timestamp":0,"circlet_count":0,"master_deck":["Defend_G","Defend_G","Strike_G","Strike_G","Survivor","Neutralize","Bullet Time"],"special_seed":0,"relics":["Ring of the Snake","Peace Pipe","Nunchaku","Molten Egg 2","Odd Mushroom"],"potions_floor_usage":[12,16,16],"damage_taken":[{"damage":0.0,"enemies":"Small Slimes","floor":1.0,"turns":4.0},{"damage":0.0,"enemies":"2 Louse","floor":2.0,"turns":2.0},{"damage":0.0,"enemies":"Jaw Worm","floor":7.0,"turns":4.0},{"damage":24,"enemies":"The Mushroom Lair","floor":11,"turns":8},{"damage":3,"enemies":"Exordium Thugs","floor":12,"turns":9},{"damage":2,"enemies":"Blue Slaver","floor":13,"turns":5},{"damage":23,"enemies":"Hexaghost","floor":16,"turns":12}],"seed_played":"6141484692567496407","potions_obtained":[{"floor":2.0,"key":"Dexterity Potion"},{"floor":11,"key":"PowerPotion"},{"floor":12,"key":"Fruit Juice"}],"is_trial":false,"path_per_floor":["M","M","?","?","$","R","M","R","T","?","?","M","M","$","R","B"],"character_chosen":"THE_SILENT","items_purchased":[],"campfire_rested":0,"item_purchase_floors":[],"current_hp_per_floor":[70,70,63,63,63,63,63,63,63,63,39,41,39,39,39,16],"gold":26,"neow_bonus":"ONE_RANDOM_RARE_CARD","is_prod":false,"is_daily":false,"chose_seed":true,"campfire_upgraded":0,"win_rate":0,"timestamp":1542031791,"path_taken":["M","M","?","?","$","R","M","R","T","?","?","M","M","$","R","BOSS"],"build_version":"2018-11-08","purchased_purges":2,"victory":false,"max_hp_per_floor":[70,70,70,70,70,70,70,70,70,70,70,75,75,75,75,75],"card_choices":[{"not_picked":["PiercingWail","Concentrate","Bane"],"picked":"SKIP","floor":1.0},{"not_picked":["Terror","Deflect","Noxious Fumes"],"picked":"SKIP","floor":2.0},{"not_picked":["Quick Slash","Masterful Stab","Concentrate"],"picked":"SKIP","floor":7.0},{"not_picked":["Backflip","Sucker Punch+1","Dagger Spray+1"],"picked":"SKIP","floor":12},{"not_picked":["Skewer+1","Outmaneuver","Quick Slash+1"],"picked":"SKIP","floor":13}],"player_experience":988558,"relics_obtained":[{"floor":9.0,"key":"Nunchaku"},{"floor":11,"key":"Odd Mushroom"}],"event_choices":[{"damage_healed":0.0,"max_hp_gain":0.0,"max_hp_loss":0.0,"gold_gain":0.0,"event_name":"Scrap Ooze","player_choice":"Success","floor":3.0,"gold_loss":0.0,"damage_taken":7.0,"relics_obtained":["Peace Pipe"]},{"cards_removed":["Strike_G"],"damage_healed":0.0,"max_hp_gain":0.0,"max_hp_loss":0.0,"gold_gain":0.0,"event_name":"Living Wall","player_choice":"Forget","floor":4.0,"gold_loss":0.0,"damage_taken":0.0},{"damage_healed":0,"gold_gain":0,"player_choice":"Searched \u00271\u0027 times","damage_taken":0,"relics_obtained":["Molten Egg 2"],"max_hp_gain":0,"max_hp_loss":0,"event_name":"Dead Adventurer","floor":10,"gold_loss":0},{"damage_healed":0,"gold_gain":0,"player_choice":"Fought Mushrooms","damage_taken":0,"max_hp_gain":0,"max_hp_loss":0,"event_name":"Mushrooms","floor":11,"gold_loss":0}],"is_beta":false,"boss_relics":[],"items_purged_floors":[5,14],"is_endless":false,"potions_floor_spawned":[2,11,12],"killed_by":"Hexaghost","ascension_level":0}