{"gold_per_floor":[110,127,127,150,75,113,137,137,137,137,89,89,89,120,120,120],"floor_reached":16,"playtime":356,"items_purged":["Strike_G"],"score":246,"play_id":"e16ffbe5-7fd1-4c92-8d3a-d4380584091b","local_time":"20181113210813","is_ascension_mode":true,"campfire_choices":[{"data":"Neutralize","floor":8,"key":"SMITH"},{"data":"Grand Finale","floor":10,"key":"SMITH"},{"floor":13,"key":"REST"},{"data":"Backflip","floor":15,"key":"SMITH"}],"neow_cost":"TEN_PERCENT_HP_LOSS","seed_source_timestamp":2693697708062,"circlet_count":0,"master_deck":["AscendersBane","Defend_G","Defend_G","Defend_G","Defend_G","Defend_G","Strike_G","Strike_G","Strike_G","Strike_G","Survivor","Neutralize+1","Grand Finale+1","Backflip+1"],"relics":["Ring of the Snake","Golden Idol","StoneCalendar","Question Card","Bottled Lightning"],"potions_floor_usage":[16],"damage_taken":[{"damage":17,"enemies":"Cultist","floor":1,"turns":6},{"damage":2,"enemies":"Small Slimes","floor":2,"turns":5},{"damage":8,"enemies":"2 Louse","floor":4,"turns":6},{"damage":21,"enemies":"Gremlin Nob","floor":6,"turns":5},{"damage":0,"enemies":"Large Slime","floor":7,"turns":7},{"damage":0,"enemies":"3 Sentries","floor":14,"turns":2},{"damage":23,"enemies":"Slime Boss","floor":16,"turns":5}],"seed_played":"-197878701524085302","potions_obtained":[{"floor":2,"key":"Regen Potion"},{"floor":14,"key":"GhostInAJar"}],"is_trial":false,"path_per_floor":["M","M","?","M","$","E","M","R","T","R","?","?","R","E","R","B"],"character_chosen":"THE_SILENT","items_purchased":[],"campfire_rested":1,"item_purchase_floors":[],"current_hp_per_floor":[42,40,40,32,32,11,11,11,11,11,11,11,27,27,27,19],"gold":120,"neow_bonus":"THREE_RARE_CARDS","is_prod":false,"is_daily":false,"chose_seed":false,"campfire_upgraded":3,"win_rate":0,"timestamp":1542114493,"path_taken":["M","?","?","M","$","E","M","R","T","R","?","?","R","E","R","BOSS"],"build_version":"2018-11-12","purchased_purges":1,"victory":false,"max_hp_per_floor":[60,60,54,54,54,54,54,54,54,54,54,54,54,54,54,54],"card_choices":[{"not_picked":["Unload","Wraith Form v2"],"picked":"Grand Finale","floor":0},{"not_picked":["Quick Slash","Cloak And Dagger"],"picked":"Backflip","floor":1},{"not_picked":["Cloak And Dagger","Dagger Spray","Accuracy"],"picked":"SKIP","floor":2},{"not_picked":["Outmaneuver","Deflect","Riddle With Holes"],"picked":"SKIP","floor":4},{"not_picked":["Sucker Punch","Accuracy","Endless Agony"],"picked":"SKIP","floor":6},{"not_picked":["Endless Agony","Dodge and Roll","Dagger Spray"],"picked":"SKIP","floor":7},{"not_picked":["Slice","Bane","Cloak And Dagger","Choke"],"picked":"SKIP","floor":14}],"player_experience":1044321,"relics_obtained":[{"floor":6,"key":"StoneCalendar"},{"floor":9,"key":"Question Card"},{"floor":14,"key":"Bottled Lightning"}],"event_choices":[{"damage_healed":0,"gold_gain":0,"player_choice":"Lose Max HP","damage_taken":0,"relics_obtained":["Golden Idol"],"max_hp_gain":0,"max_hp_loss":6,"event_name":"Golden Idol","floor":3,"gold_loss":0},{"damage_healed":0,"gold_gain":0,"player_choice":"Left Gold","damage_taken":0,"max_hp_gain":0,"max_hp_loss":0,"event_name":"World of Goop","floor":11,"gold_loss":48},{"damage_healed":0,"gold_gain":0,"player_choice":"Ignored","damage_taken":0,"max_hp_gain":0,"max_hp_loss":0,"event_name":"Liars Game","floor":12,"gold_loss":0}],"is_beta":true,"boss_relics":[],"items_purged_floors":[5],"is_endless":false,"potions_floor_spawned":[2,14],"killed_by":"Slime Boss","ascension_level":17}