{"gold_per_floor":[109,109,109,109,109,109,127,127,127,127,127],"floor_reached":11,"playtime":234,"items_purged":[],"score":118,"play_id":"0066ad00-fdbe-4647-a1c6-b1b2d9c0b49b","local_time":"20181025224335","is_ascension_mode":true,"campfire_choices":[{"data":"Neutralize","floor":6,"key":"SMITH"},{"data":"Dagger Spray","floor":8,"key":"SMITH"}],"neow_cost":"PERCENT_DAMAGE","seed_source_timestamp":26666802771113,"circlet_count":0,"master_deck":["Defend_G","Defend_G","Defend_G+1","Defend_G","Defend_G","Strike_G","Strike_G","Strike_G","Strike_G","Strike_G","Survivor","Neutralize+1","AscendersBane","Adrenaline+1","Blade Dance","Dagger Spray+1"],"relics":["Ring of the Snake","EnergyCheck","Golden Idol","Kunai","Paper Crane"],"potions_floor_usage":[11],"damage_taken":[{"damage":0,"enemies":"2 Louse","floor":1,"turns":3},{"damage":1,"enemies":"Small Slimes","floor":7,"turns":3},{"damage":35,"enemies":"Lagavulin","floor":11,"turns":10}],"seed_played":"5500836999601353064","potions_obtained":[{"floor":7,"key":"Regen Potion"}],"is_trial":false,"path_per_floor":["M","?","?","?","?","R","M","R","T","T"],"character_chosen":"THE_SILENT","items_purchased":[],"campfire_rested":0,"item_purchase_floors":[],"current_hp_per_floor":[44,49,49,30,30,30,29,29,29,29,9],"gold":127,"neow_bonus":"THREE_RARE_CARDS","is_prod":false,"is_daily":false,"chose_seed":false,"campfire_upgraded":2,"win_rate":0,"timestamp":1540478615,"path_taken":["M","?","?","?","?","R","M","R","T","?","E"],"build_version":"2018-10-18","purchased_purges":0,"victory":false,"max_hp_per_floor":[66,71,64,64,64,64,64,64,64,64,64],"card_choices":[{"not_picked":["Bullet Time","Wraith Form v2"],"picked":"Adrenaline","floor":0},{"not_picked":["Flying Knee","Skewer"],"picked":"Blade Dance","floor":1},{"not_picked":["Outmaneuver","Deadly Poison"],"picked":"Dagger Spray","floor":7}],"player_experience":385227,"relics_obtained":[{"floor":9,"key":"Kunai"},{"floor":10,"key":"Paper Crane"}],"event_choices":[{"damage_healed":0,"gold_gain":0,"player_choice":"Donut","damage_taken":0,"max_hp_gain":5,"max_hp_loss":0,"event_name":"Big Fish","floor":2,"gold_loss":0},{"damage_healed":0,"gold_gain":0,"player_choice":"Lose Max HP","damage_taken":0,"relics_obtained":["Golden Idol"],"max_hp_gain":0,"max_hp_loss":7,"event_name":"Golden Idol","floor":3,"gold_loss":0},{"damage_healed":0,"gold_gain":0,"player_choice":"Entered Light","damage_taken":19,"max_hp_gain":0,"max_hp_loss":0,"event_name":"Shining Light","floor":4,"gold_loss":0,"cards_upgraded":["Adrenaline","Defend_G"]},{"damage_healed":0,"gold_gain":0,"player_choice":"Ignored","damage_taken":0,"max_hp_gain":0,"max_hp_loss":0,"event_name":"Liars Game","floor":5,"gold_loss":0}],"is_beta":false,"boss_relics":[],"items_purged_floors":[],"is_endless":false,"potions_floor_spawned":[7],"killed_by":"Lagavulin","ascension_level":20}