{"path_per_floor":["M","?","?","M","M","R","M","M","T","R","?","R","M","M","R"],"character_chosen":"THE_SILENT","items_purchased":[],"gold_per_floor":[14,14,14,28,47,47,65,81,81,81,81,81,100,120,120,120],"floor_reached":16,"campfire_rested":0,"playtime":428,"item_purchase_floors":[],"current_hp_per_floor":[63,56,42,42,38,38,32,28,28,28,28,28,28,18,18,0],"items_purged":[],"gold":120,"score":132,"play_id":"8e3bb74d-6163-4fec-8db4-3f4dcbbdbef7","local_time":"20180531230601","is_prod":false,"is_daily":false,"chose_seed":false,"is_ascension_mode":true,"campfire_upgraded":4,"win_rate":0,"timestamp":1527779161,"campfire_choices":[{"data":"Prepared","floor":6,"key":"SMITH"},{"data":"Setup","floor":10,"key":"SMITH"},{"data":"Cloak And Dagger","floor":12,"key":"SMITH"},{"data":"Doppelganger","floor":15,"key":"SMITH"}],"path_taken":["M","?","?","M","M","R","M","?","T","R","?","R","M","M","R","BOSS"],"build_version":"2018-05-30v2","seed_source_timestamp":49599118327207,"purchased_purges":0,"victory":false,"master_deck":["Defend_G","Defend_G","Defend_G","Defend_G","Strike_G","Strike_G+1","Strike_G","Strike_G","Strike_G+1","Survivor","Neutralize+1","Poisoned Stab","Dagger Throw","Prepared+1","Setup+1","Cloak And Dagger+1","Backflip","Doppelganger+1"],"max_hp_per_floor":[70,70,70,70,70,70,70,70,70,70,70,70,70,70,70,70],"relics":["Ring of the Snake","Sundial","Matryoshka"],"card_choices":[{"not_picked":["Acrobatics","Cloak And Dagger"],"picked":"Poisoned Stab","floor":1},{"not_picked":["Predator","PiercingWail"],"picked":"Dagger Throw","floor":4},{"not_picked":["Acrobatics","Flying Knee"],"picked":"Prepared","floor":5},{"not_picked":["Crippling Poison","Dagger Spray"],"picked":"Setup","floor":7},{"not_picked":["Footwork","Accuracy"],"picked":"Cloak And Dagger","floor":8},{"not_picked":["Blade Dance","Sucker Punch"],"picked":"Backflip","floor":13},{"not_picked":["PiercingWail","Poisoned Stab"],"picked":"Doppelganger","floor":14}],"player_experience":517426,"potions_floor_usage":[16],"damage_taken":[{"damage":0,"enemies":"Small Slimes","floor":1,"turns":3},{"damage":0,"enemies":"2 Louse","floor":4,"turns":2},{"damage":4,"enemies":"Jaw Worm","floor":5,"turns":3},{"damage":6,"enemies":"3 Louse","floor":7,"turns":4},{"damage":4,"enemies":"Looter","floor":8,"turns":4},{"damage":0,"enemies":"Red Slaver","floor":13,"turns":4},{"damage":10,"enemies":"3 Louse","floor":14,"turns":3},{"damage":42,"enemies":"Slime Boss","floor":16,"turns":8}],"relics_obtained":[{"floor":9,"key":"Matryoshka"}],"event_choices":[{"event_name":"Golden Wing","player_choice":"Card Removal","floor":2,"damage_taken":0},{"event_name":"Shining Light","player_choice":"Entered Light","floor":3,"damage_taken":0},{"event_name":"Living Wall","player_choice":"Grow","floor":11,"damage_taken":0}],"boss_relics":[],"items_purged_floors":[],"potions_floor_spawned":[4,7,8],"seed_played":"-6706498776395653419","killed_by":"Slime Boss","ascension_level":8,"potions_obtained":[{"floor":4,"key":"Ancient Potion"},{"floor":7,"key":"Poison Potion"},{"floor":8,"key":"Regen Potion"}],"is_trial":false}