{"gold_per_floor":[114,189,206,224,239,239,264,264,264,277,49,49,49,49,49,150,150,164,42,61,61,75,107,107,137,137,137,137,137,137,137,137,238,238,252,267,285,160,160,160,179,179,179,179,179,179,179,190,190,190],"floor_reached":51,"playtime":4004,"items_purged":["Strike_R","Defend_R","Defend_R"],"score":787,"play_id":"b795f31d-1b6b-478e-b6db-bc13c5700196","local_time":"20190723204954","is_ascension_mode":true,"campfire_choices":[{"data":"Second Wind","floor":6.0,"key":"SMITH"},{"data":"Shockwave","floor":8.0,"key":"SMITH"},{"data":"Demon Form","floor":15.0,"key":"SMITH"},{"data":"Limit Break","floor":24.0,"key":"SMITH"},{"floor":28.0,"key":"REST"},{"floor":32.0,"key":"REST"},{"data":"Whirlwind","floor":40,"key":"SMITH"},{"floor":42,"key":"REST"},{"floor":44,"key":"REST"},{"floor":47,"key":"REST"},{"data":"Uppercut","floor":49,"key":"SMITH"}],"neow_cost":"TEN_PERCENT_HP_LOSS","seed_source_timestamp":0,"circlet_count":0,"master_deck":["Defend_R+1","Defend_R+1","Clash+1","Sword Boomerang+1","Second Wind+1","Carnage+1","Shockwave+1","Carnage+1","Demon Form+1","Impervious+1","Whirlwind+1","Entrench+1","Hemokinesis+1","Havoc+1","Pummel+1","Limit Break+1","Shrug It Off+1","Impervious+1","Barricade+1","Whirlwind+1","Body Slam+1","Seeing Red+1","Uppercut+1","Uppercut+1"],"special_seed":0,"relics":["Burning Blood","Centennial Puzzle","Juzu Bracelet","Velvet Choker","Pear","Sundial","Dodecahedron","Bird Faced Urn","Nilry\u0027s Codex","Mark of Pain","Blood Vial","Mark of the Bloom"],"potions_floor_usage":[41,50],"damage_taken":[{"damage":2.0,"enemies":"Small Slimes","floor":1.0,"turns":5.0},{"damage":0.0,"enemies":"Cultist","floor":3.0,"turns":3.0},{"damage":0.0,"enemies":"2 Louse","floor":4.0,"turns":2.0},{"damage":2.0,"enemies":"Looter","floor":5.0,"turns":3.0},{"damage":20.0,"enemies":"Lagavulin","floor":7.0,"turns":7.0},{"damage":6.0,"enemies":"Exordium Thugs","floor":10.0,"turns":3.0},{"damage":27.0,"enemies":"Hexaghost","floor":16.0,"turns":9.0},{"damage":11.0,"enemies":"2 Thieves","floor":18.0,"turns":3.0},{"damage":4.0,"enemies":"Chosen","floor":20.0,"turns":4.0},{"damage":3.0,"enemies":"Snecko","floor":22.0,"turns":4.0},{"damage":36.0,"enemies":"Gremlin Leader","floor":23.0,"turns":5.0},{"damage":55.0,"enemies":"Book of Stabbing","floor":25.0,"turns":6.0},{"damage":59.0,"enemies":"Champ","floor":33.0,"turns":7.0},{"damage":8.0,"enemies":"3 Darklings","floor":35.0,"turns":5.0},{"damage":16.0,"enemies":"3 Shapes","floor":36.0,"turns":6.0},{"damage":69.0,"enemies":"Sphere and 2 Shapes","floor":37.0,"turns":8.0},{"damage":9,"enemies":"Maw","floor":41,"turns":8},{"damage":2,"enemies":"Jaw Worm Horde","floor":48,"turns":5},{"damage":27,"enemies":"Time Eater","floor":50,"turns":7}],"seed_played":"5795585519050128175","potions_obtained":[{"floor":3.0,"key":"Explosive Potion"},{"floor":5.0,"key":"BloodPotion"},{"floor":16.0,"key":"Regen Potion"},{"floor":18.0,"key":"Regen Potion"},{"floor":33.0,"key":"SkillPotion"},{"floor":35.0,"key":"LiquidBronze"},{"floor":37.0,"key":"Dexterity Potion"},{"floor":41,"key":"GamblersBrew"}],"is_trial":false,"path_per_floor":["M","?","M","M","M","R","E","R","T","M","$","?","$","?","R","B",null,"M","$","M","?","M","E","R","E","T","T","R","?","?","?","R","B",null,"M","M","M","$","?","R","M","R","T","R","?","?","R","M","R","B",null],"character_chosen":"IRONCLAD","items_purchased":["Demon Form","Anger"],"campfire_rested":5,"item_purchase_floors":[11,19],"current_hp_per_floor":[72,65,71,72,72,72,58,58,58,58,58,44,44,44,44,23,72,67,67,69,69,72,52,52,38,38,38,62,62,46,46,70,31,82,82,74,17,17,17,17,20,44,44,68,68,68,68,66,66,39],"gold":190,"neow_bonus":"REMOVE_TWO","is_prod":false,"is_daily":false,"chose_seed":false,"campfire_upgraded":6,"win_rate":0,"timestamp":1563932994,"path_taken":["M","?","M","M","?","R","E","R","T","M","?","?","$","?","R","BOSS","M","$","M","?","M","E","R","E","T","?","R","?","?","?","R","BOSS","M","M","M","?","?","R","M","R","T","R","?","?","R","M","R","BOSS"],"build_version":"2019-07-17","purchased_purges":3,"victory":true,"max_hp_per_floor":[72,72,72,72,72,72,72,72,72,72,72,72,72,72,72,72,72,72,72,72,72,72,82,82,82,82,82,82,82,82,82,82,82,82,82,82,82,82,82,82,82,82,82,82,82,82,82,82,82,82],"card_choices":[{"not_picked":["True Grit","Reckless Charge"],"picked":"Clash","floor":1.0},{"not_picked":["Armaments","Warcry"],"picked":"Sword Boomerang","floor":3.0},{"not_picked":["Burning Pact","Warcry"],"picked":"Second Wind","floor":4.0},{"not_picked":["Havoc","Wild Strike"],"picked":"Carnage","floor":5.0},{"not_picked":["Iron Wave","Headbutt"],"picked":"Shockwave","floor":7.0},{"not_picked":["Sever Soul","Pummel"],"picked":"Carnage","floor":10.0},{"not_picked":["Exhume","Double Tap"],"picked":"Impervious","floor":16.0},{"not_picked":["Wild Strike","Iron Wave"],"picked":"Whirlwind+1","floor":18.0},{"not_picked":["Thunderclap+1","Clothesline"],"picked":"Entrench","floor":20.0},{"not_picked":["Havoc+1","Warcry"],"picked":"Pummel+1","floor":22.0},{"not_picked":["Heavy Blade","Inflame"],"picked":"Limit Break","floor":23.0},{"not_picked":["True Grit","Pommel Strike"],"picked":"Shrug It Off","floor":25.0},{"not_picked":["Dark Embrace","Immolate"],"picked":"Barricade","floor":33.0},{"not_picked":["Rampage","Sword Boomerang"],"picked":"Whirlwind","floor":35.0},{"not_picked":["Fire Breathing","Clothesline","Dual Wield"],"picked":"SKIP","floor":36.0},{"not_picked":["Pummel+1","Feel No Pain"],"picked":"Body Slam","floor":37.0},{"not_picked":["Clothesline+1","Shockwave+1"],"picked":"Seeing Red","floor":41},{"not_picked":["Wild Strike","Armaments"],"picked":"Uppercut+1","floor":48}],"player_experience":275562,"relics_obtained":[{"floor":7.0,"key":"Centennial Puzzle"},{"floor":9.0,"key":"Juzu Bracelet"},{"floor":23.0,"key":"Pear"},{"floor":25.0,"key":"Sundial"},{"floor":26.0,"key":"Dodecahedron"},{"floor":27.0,"key":"Bird Faced Urn"},{"floor":30.0,"key":"Nilry\u0027s Codex"},{"floor":43,"key":"Blood Vial"}],"event_choices":[{"damage_healed":0.0,"max_hp_gain":0.0,"max_hp_loss":0.0,"gold_gain":75.0,"event_name":"FaceTrader","player_choice":"Touch","floor":2.0,"gold_loss":0.0,"damage_taken":7.0},{"damage_healed":0.0,"max_hp_gain":0.0,"max_hp_loss":0.0,"gold_gain":0.0,"event_name":"Shining Light","player_choice":"Entered Light","floor":12.0,"gold_loss":0.0,"damage_taken":14.0,"cards_upgraded":["Defend_R","Strike_R"]},{"cards_removed":["Strike_R"],"damage_healed":0.0,"max_hp_gain":0.0,"max_hp_loss":0.0,"gold_gain":0.0,"event_name":"Purifier","player_choice":"Purged","floor":14.0,"gold_loss":0.0,"damage_taken":0.0},{"damage_healed":0.0,"max_hp_gain":0.0,"max_hp_loss":0.0,"gold_gain":0.0,"cards_transformed":["Bash","Anger"],"event_name":"Drug Dealer","player_choice":"Became Test Subject","floor":21.0,"gold_loss":0.0,"damage_taken":0.0,"cards_obtained":["Hemokinesis","Havoc"]},{"damage_healed":0.0,"max_hp_gain":0.0,"max_hp_loss":0.0,"gold_gain":0.0,"event_name":"Ghosts","player_choice":"Ignored","floor":29.0,"gold_loss":0.0,"damage_taken":0.0},{"damage_healed":0.0,"max_hp_gain":0.0,"max_hp_loss":0.0,"gold_gain":0.0,"event_name":"Cursed Tome","player_choice":"Obtained Book","floor":30.0,"gold_loss":0.0,"damage_taken":16.0},{"damage_healed":0.0,"max_hp_gain":0.0,"max_hp_loss":0.0,"gold_gain":0.0,"event_name":"Duplicator","player_choice":"Copied","floor":31.0,"gold_loss":0.0,"damage_taken":0.0,"cards_obtained":["Impervious"]},{"damage_healed":0,"gold_gain":0,"player_choice":"Upgraded","damage_taken":0,"max_hp_gain":0,"max_hp_loss":0,"event_name":"Upgrade Shrine","floor":39,"gold_loss":0,"cards_upgraded":["Entrench"]},{"damage_healed":0,"gold_gain":0,"player_choice":"Upgrade","damage_taken":0,"relics_obtained":["Mark of the Bloom"],"max_hp_gain":0,"max_hp_loss":0,"event_name":"MindBloom","floor":45,"gold_loss":0,"cards_upgraded":["Defend_R","Clash","Sword Boomerang","Carnage","Carnage","Impervious","Hemokinesis","Havoc","Shrug It Off","Impervious","Barricade","Body Slam","Seeing Red"]},{"damage_healed":0,"gold_gain":0,"cards_transformed":["Strike_R"],"player_choice":"Transformed","damage_taken":0,"max_hp_gain":0,"max_hp_loss":0,"event_name":"Transmorgrifier","floor":46,"gold_loss":0,"cards_obtained":["Uppercut"]}],"is_beta":false,"boss_relics":[{"not_picked":["Snecko Eye","Tiny House"],"picked":"Velvet Choker"},{"not_picked":["Runic Cube","Lizard Tail"],"picked":"Mark of Pain"}],"items_purged_floors":[11,19,38],"is_endless":false,"potions_floor_spawned":[3,5,16,18,20,33,35,37,41],"ascension_level":4}