{"gold_per_floor":[117,127,52,52,52,52,87,107,107,107,107],"floor_reached":11,"playtime":202,"items_purged":["Strike_G"],"score":178,"play_id":"b0171cbd-8003-40be-a4d2-bd220c04ad95","local_time":"20181113204635","is_ascension_mode":true,"campfire_choices":[{"data":"Neutralize","floor":10,"key":"SMITH"}],"neow_cost":"NONE","seed_source_timestamp":1550352860260,"circlet_count":0,"master_deck":["AscendersBane","Defend_G","Defend_G","Defend_G","Defend_G","Defend_G","Strike_G","Strike_G","Survivor","Neutralize+1","Dagger Spray","Finisher","Burst","Grand Finale"],"relics":["Ring of the Snake","NeowsBlessing","Thread and Needle","Question Card"],"potions_floor_usage":[],"damage_taken":[{"damage":0,"enemies":"Jaw Worm","floor":1,"turns":1},{"damage":0,"enemies":"2 Louse","floor":2,"turns":1},{"damage":0,"enemies":"3 Sentries","floor":7,"turns":1},{"damage":0,"enemies":"Small Slimes","floor":8,"turns":3},{"damage":42,"enemies":"Lagavulin","floor":11,"turns":12}],"seed_played":"-3510111904488859624","potions_obtained":[{"floor":2,"key":"FearPotion"},{"floor":8,"key":"FairyPotion"}],"is_trial":false,"path_per_floor":["M","M","$","?","?","?","E","M","T","R","E"],"character_chosen":"THE_SILENT","items_purchased":[],"campfire_rested":0,"item_purchase_floors":[],"current_hp_per_floor":[59,59,59,59,52,52,52,52,52,52,10],"gold":107,"neow_bonus":"THREE_ENEMY_KILL","is_prod":false,"is_daily":false,"chose_seed":false,"campfire_upgraded":1,"win_rate":0,"timestamp":1542113195,"path_taken":["M","M","$","?","?","?","E","M","T","R","E"],"build_version":"2018-11-12","purchased_purges":1,"victory":false,"max_hp_per_floor":[66,66,66,66,66,66,66,66,66,66,66],"card_choices":[{"not_picked":["Acrobatics","Cloak And Dagger"],"picked":"Dagger Spray","floor":1},{"not_picked":["Dodge and Roll","Cloak And Dagger"],"picked":"Finisher","floor":2},{"not_picked":["Deadly Poison","Dodge and Roll"],"picked":"Grand Finale","floor":7},{"not_picked":["Quick Slash","Dagger Spray","Finisher"],"picked":"SKIP","floor":8}],"player_experience":1043515,"relics_obtained":[{"floor":7,"key":"Thread and Needle"},{"floor":9,"key":"Question Card"}],"event_choices":[{"damage_healed":0,"gold_gain":0,"player_choice":"Leave","damage_taken":0,"max_hp_gain":0,"max_hp_loss":0,"event_name":"The Cleric","floor":4,"gold_loss":0},{"cards_removed":["Strike_G"],"damage_healed":0,"gold_gain":0,"player_choice":"Card Removal","damage_taken":7,"max_hp_gain":0,"max_hp_loss":0,"event_name":"Golden Wing","floor":5,"gold_loss":0},{"damage_healed":0,"gold_gain":0,"cards_transformed":["Strike_G"],"player_choice":"Change","damage_taken":0,"max_hp_gain":0,"max_hp_loss":0,"event_name":"Living Wall","floor":6,"gold_loss":0,"cards_obtained":["Burst"]}],"is_beta":true,"boss_relics":[],"items_purged_floors":[3],"is_endless":false,"potions_floor_spawned":[2,8],"killed_by":"Lagavulin","ascension_level":17}