{"gold_per_floor":[15,15,15,15,29,29,44,63,63,81,81,97,108,108,108,185,185,204,204,204,204,21,21,54,74,74,89,139,149,167,4,4,81,81,95,95,106,120,120,155,183,183,183,198,98,48,48,74,74,74,74,74,74,20,51,51],"floor_reached":57,"playtime":3206,"items_purged":["Defend_G","Defend_G"],"score":3254,"play_id":"22e321cf-2bc8-4c7f-a554-0b7335bd7b04","local_time":"20190127200523","is_ascension_mode":true,"campfire_choices":[{"data":"Deadly Poison","floor":6.0,"key":"SMITH"},{"data":"Outmaneuver","floor":11.0,"key":"SMITH"},{"data":"Prepared","floor":15.0,"key":"SMITH"},{"data":"Impatience","floor":23.0,"key":"SMITH"},{"data":"Well Laid Plans","floor":32.0,"key":"SMITH"},{"floor":42.0,"key":"REST"},{"data":"Acrobatics","floor":47.0,"key":"SMITH"},{"floor":49.0,"key":"RECALL"},{"data":"Backflip","floor":53.0,"key":"SMITH"}],"neow_cost":"NO_GOLD","seed_source_timestamp":26578243852412,"circlet_count":0,"master_deck":["AscendersBane","Defend_G","Defend_G","Defend_G","Survivor","Neutralize","Deadly Poison+1","Acrobatics+1","Outmaneuver+1","Adrenaline+1","Backflip+1","Prepared+1","Adrenaline","Well Laid Plans+1","Impatience+1","Grand Finale","Madness+1","Tactician+1","Reflex+1"],"special_seed":0,"relics":["Ring of the Snake","Mercury Hourglass","Nloth\u0027s Gift","Letter Opener","WingedGreaves","PreservedInsect","Black Star","Regal Pillow","Dream Catcher","Toxic Egg 2","Dodecahedron","Ornamental Fan","Omamori","Bottled Lightning","FossilizedHelix"],"potions_floor_usage":[56,56],"damage_taken":[{"damage":1.0,"enemies":"Jaw Worm","floor":1.0,"turns":7.0},{"damage":0.0,"enemies":"2 Louse","floor":5.0,"turns":4.0},{"damage":1.0,"enemies":"Small Slimes","floor":7.0,"turns":3.0},{"damage":35.0,"enemies":"Gremlin Gang","floor":8.0,"turns":7.0},{"damage":0.0,"enemies":"2 Fungi Beasts","floor":10.0,"turns":4.0},{"damage":0.0,"enemies":"Blue Slaver","floor":12.0,"turns":4.0},{"damage":0.0,"enemies":"Looter","floor":13.0,"turns":3.0},{"damage":0.0,"enemies":"The Guardian","floor":16.0,"turns":9.0},{"damage":0.0,"enemies":"Spheric Guardian","floor":18.0,"turns":3.0},{"damage":23.0,"enemies":"Slavers","floor":24.0,"turns":8.0},{"damage":3.0,"enemies":"2 Thieves","floor":25.0,"turns":2.0},{"damage":0.0,"enemies":"Snake Plant","floor":27.0,"turns":1.0},{"damage":0.0,"enemies":"3 Cultists","floor":29.0,"turns":1.0},{"damage":0.0,"enemies":"Centurion and Healer","floor":30.0,"turns":1.0},{"damage":0.0,"enemies":"Champ","floor":33.0,"turns":5.0},{"damage":0.0,"enemies":"3 Shapes","floor":35.0,"turns":3.0},{"damage":0.0,"enemies":"Orb Walker","floor":37.0,"turns":3.0},{"damage":0.0,"enemies":"4 Shapes","floor":38.0,"turns":1.0},{"damage":21.0,"enemies":"Nemesis","floor":40.0,"turns":5.0},{"damage":28.0,"enemies":"Reptomancer","floor":41.0,"turns":5.0},{"damage":0.0,"enemies":"Sphere and 2 Shapes","floor":44.0,"turns":3.0},{"damage":0.0,"enemies":"Giant Head","floor":48.0,"turns":4.0},{"damage":0.0,"enemies":"Donu and Deca","floor":50.0,"turns":2.0},{"damage":9.0,"enemies":"Time Eater","floor":51.0,"turns":8.0},{"damage":0.0,"enemies":"Shield and Spear","floor":55.0,"turns":1.0},{"damage":58,"enemies":"The Heart","floor":56,"turns":4}],"seed_played":"-2262341606326290360","potions_obtained":[{"floor":4.0,"key":"Explosive Potion"},{"floor":4.0,"key":"FairyPotion"},{"floor":13.0,"key":"GamblersBrew"},{"floor":16.0,"key":"Poison Potion"},{"floor":24.0,"key":"PowerPotion"},{"floor":25.0,"key":"EssenceOfSteel"},{"floor":33.0,"key":"Explosive Potion"},{"floor":35.0,"key":"Block Potion"}],"is_trial":false,"path_per_floor":["M","?","?","?","M","R","M","M","T","M","R","M","M","?","R","B",null,"M","?","?","?","$","R","E","M","T","M","?","M","M","$","R","B",null,"M","?","M","M","?","E","E","R","T","M","$","?","R","E","R","B","B",null,"R","$","E","B",null],"character_chosen":"THE_SILENT","items_purchased":["Impatience","PreservedInsect","Dexterity Potion"],"campfire_rested":1,"item_purchase_floors":[22,31,54],"current_hp_per_floor":[58,51,51,51,51,51,50,15,15,15,15,15,15,15,15,15,53,53,53,35,35,35,35,12,9,9,9,9,9,9,9,9,9,56,56,56,56,56,56,35,7,42,42,42,42,42,42,42,42,42,33,59,59,59,59,1],"gold":51,"neow_bonus":"REMOVE_TWO","is_prod":false,"is_daily":false,"chose_seed":false,"campfire_upgraded":7,"win_rate":0,"timestamp":1548590723,"path_taken":["M","?","?","?","M","R","?","M","T","M","R","M","?","?","R","BOSS","M","?","?","?","$","R","E","?","T","?","?","M","M","$","R","BOSS","M","?","M","M","?","E","E","R","T","M","$","?","R","E","R","BOSS","BOSS","R","$","E","BOSS"],"build_version":"2019-01-23","purchased_purges":2,"victory":true,"max_hp_per_floor":[66,66,66,66,66,66,66,66,66,66,66,66,66,66,66,66,66,66,66,71,71,71,71,71,71,71,71,71,71,71,71,71,71,71,71,71,71,71,67,67,67,67,67,67,67,67,67,67,67,67,67,67,67,67,67,67],"card_choices":[{"not_picked":["Bane","Finisher"],"picked":"Deadly Poison","floor":1.0},{"not_picked":["Deflect","Sucker Punch"],"picked":"Acrobatics","floor":5.0},{"not_picked":["Acrobatics","Sucker Punch"],"picked":"Outmaneuver","floor":7.0},{"not_picked":["Masterful Stab","Dagger Spray"],"picked":"Adrenaline","floor":8.0},{"not_picked":["Poisoned Stab","Skewer","Choke"],"picked":"SKIP","floor":10.0},{"not_picked":["Caltrops","Dagger Throw"],"picked":"Backflip","floor":12.0},{"not_picked":["Dodge and Roll","Endless Agony"],"picked":"Prepared","floor":13.0},{"not_picked":["Storm of Steel","Envenom"],"picked":"Adrenaline","floor":16.0},{"not_picked":["Underhanded Strike","Sucker Punch+1"],"picked":"Well Laid Plans","floor":18.0},{"not_picked":["Glass Knife","Acrobatics","Deadly Poison"],"picked":"SKIP","floor":24.0},{"not_picked":["Deflect","Flying Knee"],"picked":"Grand Finale","floor":25.0},{"not_picked":["Cloak And Dagger","Infinite Blades","Glass Knife"],"picked":"SKIP","floor":27.0},{"not_picked":["Backflip","Finisher","Blade Dance"],"picked":"SKIP","floor":29.0},{"not_picked":["Eviscerate","Slice","Backflip"],"picked":"SKIP","floor":30.0},{"not_picked":["Quick Slash","Finisher+1","Burst"],"picked":"SKIP","floor":35.0},{"not_picked":["Quick Slash","Finisher+1","Burst"],"picked":"SKIP","floor":35.0},{"not_picked":["Impatience","Mayhem"],"picked":"Madness","floor":36.0},{"not_picked":["Dagger Spray","Quick Slash","PiercingWail"],"picked":"SKIP","floor":37.0},{"not_picked":["Dodge and Roll","Riddle With Holes","Cloak And Dagger"],"picked":"SKIP","floor":38.0},{"not_picked":["Prepared","Well Laid Plans","Dodge and Roll"],"picked":"SKIP","floor":40.0},{"not_picked":["Dagger Throw","Malaise","Acrobatics"],"picked":"SKIP","floor":41.0},{"not_picked":["Underhanded Strike","Caltrops+1"],"picked":"Tactician+1","floor":42.0},{"not_picked":["Choke","Prepared+1","Blade Dance+1"],"picked":"SKIP","floor":44.0},{"not_picked":["Venomology+1","Dodge and Roll+1"],"picked":"Reflex+1","floor":48.0},{"not_picked":["Unload","Cloak And Dagger+1","Predator"],"picked":"SKIP","floor":55.0}],"player_experience":1356611,"relics_obtained":[{"floor":9.0,"key":"Mercury Hourglass"},{"floor":24.0,"key":"Letter Opener"},{"floor":26.0,"key":"WingedGreaves"},{"floor":40.0,"key":"Regal Pillow"},{"floor":40.0,"key":"Dream Catcher"},{"floor":41.0,"key":"Toxic Egg 2"},{"floor":41.0,"key":"Dodecahedron"},{"floor":48.0,"key":"Ornamental Fan"},{"floor":48.0,"key":"Omamori"},{"floor":55.0,"key":"Bottled Lightning"},{"floor":55.0,"key":"FossilizedHelix"}],"event_choices":[{"cards_removed":["Strike_G"],"damage_healed":0.0,"max_hp_gain":0.0,"max_hp_loss":0.0,"gold_gain":0.0,"event_name":"Golden Wing","player_choice":"Card Removal","floor":2.0,"gold_loss":0.0,"damage_taken":7.0},{"damage_healed":0.0,"max_hp_gain":0.0,"max_hp_loss":0.0,"gold_gain":0.0,"event_name":"Liars Game","player_choice":"Ignored","floor":3.0,"gold_loss":0.0,"damage_taken":0.0},{"damage_healed":0.0,"max_hp_gain":0.0,"max_hp_loss":0.0,"gold_gain":0.0,"event_name":"Lab","player_choice":"Got Potions","floor":4.0,"gold_loss":0.0,"damage_taken":0.0},{"damage_healed":0.0,"max_hp_gain":0.0,"max_hp_loss":0.0,"gold_gain":0.0,"event_name":"Shining Light","player_choice":"Ignored","floor":14.0,"gold_loss":0.0,"damage_taken":0.0},{"damage_healed":0.0,"max_hp_gain":0.0,"max_hp_loss":0.0,"gold_gain":0.0,"event_name":"The Mausoleum","player_choice":"Ignored","floor":19.0,"gold_loss":0.0,"damage_taken":0.0},{"damage_healed":0.0,"max_hp_gain":5.0,"max_hp_loss":0.0,"gold_gain":0.0,"event_name":"Forgotten Altar","player_choice":"Shed Blood","floor":20.0,"gold_loss":0.0,"damage_taken":23.0},{"damage_healed":0.0,"max_hp_gain":0.0,"max_hp_loss":0.0,"gold_gain":0.0,"event_name":"N\u0027loth","player_choice":"Traded Relic","floor":21.0,"relics_lost":["Empty Cage"],"gold_loss":0.0,"damage_taken":0.0,"relics_obtained":["Nloth\u0027s Gift"]},{"damage_healed":0.0,"max_hp_gain":0.0,"max_hp_loss":0.0,"gold_gain":50.0,"event_name":"Nest","player_choice":"Stole From Cult","floor":28.0,"gold_loss":0.0,"damage_taken":0.0},{"damage_healed":0.0,"max_hp_gain":0.0,"max_hp_loss":0.0,"gold_gain":0.0,"event_name":"SensoryStone","player_choice":"Memory 1","floor":36.0,"gold_loss":0.0,"damage_taken":0.0},{"damage_healed":0.0,"max_hp_gain":0.0,"max_hp_loss":4.0,"gold_gain":0.0,"event_name":"Winding Halls","player_choice":"Max HP","floor":39.0,"gold_loss":0.0,"damage_taken":0.0},{"damage_healed":0.0,"max_hp_gain":0.0,"max_hp_loss":0.0,"gold_gain":0.0,"event_name":"Designer","player_choice":"Upgraded Two","floor":46.0,"gold_loss":50.0,"damage_taken":0.0,"cards_upgraded":["Madness","Adrenaline"]}],"is_beta":true,"boss_relics":[{"not_picked":["Busted Crown","Ectoplasm"],"picked":"Empty Cage"},{"not_picked":["Velvet Choker","WristBlade"],"picked":"Black Star"}],"items_purged_floors":[22,45],"is_endless":false,"potions_floor_spawned":[7,13,16,24,25,27,30,33,35,37,40,48,55],"ascension_level":20}