{"gold_per_floor":[112,130,142,156,81,81,112,112,112,12,12,12,24,24,24,24],"floor_reached":16,"playtime":318,"items_purged":["Defend_R","Defend_R"],"score":155,"play_id":"fc8f6f9b-1da3-4e70-97c6-709152964f33","local_time":"20181010133043","is_ascension_mode":true,"campfire_choices":[{"data":"Perfected Strike","floor":6,"key":"SMITH"},{"data":"Dual Wield","floor":8,"key":"SMITH"},{"data":"Dual Wield","floor":15,"key":"SMITH"}],"neow_cost":"NONE","seed_source_timestamp":18902458646590,"circlet_count":0,"master_deck":["Strike_R","Strike_R","Strike_R","Strike_R","Strike_R","Bash","AscendersBane","Perfected Strike+1","Dual Wield+1","Dual Wield+1","Immolate","Thunderclap"],"relics":["Burning Blood","Singing Bowl","Sundial"],"potions_floor_usage":[7,13],"damage_taken":[{"damage":6,"enemies":"Cultist","floor":1,"turns":4},{"damage":7,"enemies":"Jaw Worm","floor":2,"turns":2},{"damage":8,"enemies":"Small Slimes","floor":3,"turns":4},{"damage":12,"enemies":"2 Fungi Beasts","floor":4,"turns":3},{"damage":35,"enemies":"3 Sentries","floor":7,"turns":8},{"damage":12,"enemies":"Exordium Wildlife","floor":13,"turns":2},{"damage":36,"enemies":"Hexaghost","floor":16,"turns":4}],"seed_played":"1805777180199758219","potions_obtained":[{"floor":2,"key":"SkillPotion"},{"floor":7,"key":"Explosive Potion"}],"is_trial":false,"path_per_floor":["M","M","M","M","$","R","E","R","T","$","?","?","M","$","R"],"character_chosen":"IRONCLAD","items_purchased":[],"campfire_rested":0,"item_purchase_floors":[],"current_hp_per_floor":[72,71,69,63,63,63,34,34,34,34,34,39,35,35,35,0],"gold":24,"neow_bonus":"TRANSFORM_CARD","is_prod":false,"is_daily":false,"chose_seed":false,"campfire_upgraded":3,"win_rate":0,"timestamp":1539149443,"path_taken":["M","M","M","M","$","R","E","R","T","$","?","?","?","?","R","BOSS"],"build_version":"2018-10-04v2","purchased_purges":2,"victory":false,"max_hp_per_floor":[80,80,80,80,80,80,80,80,80,80,80,85,87,87,87,87],"card_choices":[{"not_picked":["Pommel Strike","Body Slam","Anger"],"picked":"SKIP","floor":1},{"not_picked":["Shrug It Off","Anger"],"picked":"Dual Wield","floor":2},{"not_picked":["Thunderclap","Feel No Pain"],"picked":"Dual Wield","floor":3},{"not_picked":["Cleave","Seeing Red","Warcry"],"picked":"SKIP","floor":4},{"not_picked":["Shrug It Off","Burning Pact"],"picked":"Immolate","floor":7},{"not_picked":["Wild Strike","Clothesline","Cleave"],"picked":"Singing Bowl","floor":13}],"player_experience":85340,"relics_obtained":[{"floor":7,"key":"Singing Bowl"},{"floor":9,"key":"Sundial"}],"event_choices":[{"event_name":"Transmorgrifier","player_choice":"Transform","floor":11,"damage_taken":0},{"event_name":"Big Fish","player_choice":"Donut","floor":12,"damage_taken":0}],"is_beta":false,"boss_relics":[],"items_purged_floors":[5,10],"is_endless":false,"potions_floor_spawned":[2,7],"killed_by":"Hexaghost","ascension_level":11}