{"gold_per_floor":[116,133,1,1,11,11,30,30,30,30,40,55,55,66,66,66],"floor_reached":16,"playtime":530,"items_purged":["Strike_G"],"score":188,"play_id":"29a1b429-6b73-45e4-a66b-b0cf3b013950","local_time":"20190104102704","is_ascension_mode":true,"campfire_choices":[{"data":"Acrobatics","floor":6,"key":"SMITH"},{"data":"Neutralize","floor":8,"key":"SMITH"},{"data":"Survivor","floor":10,"key":"SMITH"},{"data":"Outmaneuver","floor":13,"key":"SMITH"},{"data":"Footwork","floor":15,"key":"SMITH"}],"neow_cost":"NONE","seed_source_timestamp":4344478369332,"circlet_count":0,"master_deck":["AscendersBane","Defend_G","Defend_G","Defend_G","Defend_G","Defend_G","Strike_G","Strike_G","Strike_G","Strike_G","Survivor+1","Neutralize+1","Underhanded Strike","Underhanded Strike","Acrobatics+1","Envenom","Underhanded Strike","Outmaneuver+1","Concentrate","Footwork+1"],"special_seed":0,"relics":["Snecko Eye","Bronze Scales"],"potions_floor_usage":[16,16],"damage_taken":[{"damage":2.0,"enemies":"Small Slimes","floor":1.0,"turns":4.0},{"damage":1.0,"enemies":"Cultist","floor":2.0,"turns":4.0},{"damage":0,"enemies":"2 Louse","floor":5,"turns":3},{"damage":6,"enemies":"Blue Slaver","floor":7,"turns":3},{"damage":1,"enemies":"2 Fungi Beasts","floor":11,"turns":2},{"damage":15,"enemies":"Large Slime","floor":12,"turns":6},{"damage":0,"enemies":"Blue Slaver","floor":14,"turns":3},{"damage":27,"enemies":"The Guardian","floor":16,"turns":2}],"seed_played":"-9059566624674785269","potions_obtained":[{"floor":2.0,"key":"Energy Potion"},{"floor":11,"key":"GamblersBrew"},{"floor":14,"key":"Poison Potion"}],"is_trial":false,"path_per_floor":["M","M","$","?","M","R","M","R","T","R","M","M","R","M","R","B"],"character_chosen":"THE_SILENT","items_purchased":["Acrobatics"],"campfire_rested":0,"item_purchase_floors":[3],"current_hp_per_floor":[57,56,56,56,56,56,50,50,50,50,49,34,34,34,34,7],"gold":66,"neow_bonus":"BOSS_RELIC","is_prod":false,"is_daily":false,"chose_seed":false,"campfire_upgraded":5,"win_rate":0,"timestamp":1546568824,"path_taken":["M","M","$","?","M","R","M","R","T","R","M","M","R","?","R","BOSS"],"build_version":"2019-01-03","purchased_purges":1,"victory":false,"max_hp_per_floor":[66,66,66,66,66,66,66,66,66,66,66,66,66,66,66,66],"card_choices":[{"not_picked":["Reflex","Slice"],"picked":"Underhanded Strike","floor":1.0},{"not_picked":["PiercingWail","Cloak And Dagger"],"picked":"Underhanded Strike","floor":2.0},{"not_picked":["Acrobatics","Quick Slash"],"picked":"Underhanded Strike","floor":5},{"not_picked":["Caltrops","Blade Dance","Bane"],"picked":"SKIP","floor":7},{"not_picked":["Flying Knee","Calculated Gamble","Outmaneuver"],"picked":"SKIP","floor":11},{"not_picked":["Flying Knee","Calculated Gamble"],"picked":"Outmaneuver","floor":11},{"not_picked":["Prepared","Deflect"],"picked":"Concentrate","floor":12},{"not_picked":["Dodge and Roll","Venomology"],"picked":"Footwork","floor":14}],"player_experience":1716928,"relics_obtained":[{"floor":9,"key":"Bronze Scales"}],"event_choices":[{"damage_healed":0,"gold_gain":0,"player_choice":"1 cards matched","damage_taken":0,"max_hp_gain":0,"max_hp_loss":0,"event_name":"Match and Keep!","floor":4,"gold_loss":0,"cards_obtained":["Envenom"]}],"is_beta":false,"boss_relics":[],"items_purged_floors":[3],"is_endless":false,"potions_floor_spawned":[2,11,14],"killed_by":"The Guardian","ascension_level":20}