{"gold_per_floor":[361,311,87,162,180,207,232,232,255,255,288,288,345,356,356,356],"floor_reached":16,"playtime":465,"items_purged":["Defend_R"],"score":180,"play_id":"09edb31e-2053-4f3e-a62d-18fbdea5da3d","local_time":"20180922010154","is_ascension_mode":true,"campfire_choices":[{"data":"Body Slam","floor":8,"key":"SMITH"},{"data":"Cleave","floor":10,"key":"SMITH"},{"data":"Flex","floor":12,"key":"SMITH"},{"data":"True Grit","floor":15,"key":"SMITH"}],"neow_cost":"TEN_PERCENT_HP_LOSS","seed_source_timestamp":44989919713722,"circlet_count":0,"master_deck":["Strike_R","Strike_R","Strike_R","Strike_R","Defend_R","Defend_R","Defend_R","Bash","AscendersBane","Evolve","Impervious","Body Slam+1","Cleave+1","Flex+1","True Grit+1"],"relics":["Burning Blood","Strawberry","Bag of Marbles","Bronze Scales","Centennial Puzzle","Tiny Chest"],"potions_floor_usage":[6,13,16],"damage_taken":[{"damage":9,"enemies":"2 Louse","floor":1,"turns":3},{"damage":5,"enemies":"Cultist","floor":5,"turns":5},{"damage":25,"enemies":"3 Sentries","floor":6,"turns":13},{"damage":31,"enemies":"Gremlin Nob","floor":11,"turns":4},{"damage":15,"enemies":"Lagavulin","floor":13,"turns":6},{"damage":0,"enemies":"Jaw Worm","floor":14,"turns":3},{"damage":34,"enemies":"Hexaghost","floor":16,"turns":9}],"seed_played":"-279755811868268747","potions_obtained":[{"floor":5,"key":"Regen Potion"},{"floor":11,"key":"Strength Potion"},{"floor":14,"key":"Block Potion"}],"is_trial":false,"path_per_floor":["M","?","$","?","M","E","T","R","T","R","E","R","E","M","R"],"character_chosen":"IRONCLAD","items_purchased":["Impervious"],"campfire_rested":0,"item_purchase_floors":[3],"current_hp_per_floor":[69,69,69,58,59,62,62,62,62,62,37,37,28,34,34,0],"gold":356,"neow_bonus":"TWO_FIFTY_GOLD","is_prod":false,"is_daily":false,"chose_seed":false,"campfire_upgraded":4,"win_rate":0,"timestamp":1537549314,"path_taken":["M","?","$","?","?","E","?","R","T","R","E","R","E","?","R","BOSS"],"build_version":"2018-09-20","purchased_purges":1,"victory":false,"max_hp_per_floor":[72,72,72,72,72,79,79,79,79,79,79,79,79,79,79,79],"card_choices":[{"not_picked":["Headbutt","Flex"],"picked":"Evolve","floor":1},{"not_picked":["Thunderclap","Clothesline"],"picked":"Body Slam","floor":5},{"not_picked":["Heavy Blade","Clothesline"],"picked":"Cleave","floor":6},{"not_picked":["Hemokinesis","Evolve"],"picked":"Flex","floor":11},{"not_picked":["Blood for Blood","Brutality","Bloodletting"],"picked":"SKIP","floor":13},{"not_picked":["Dropkick","Cleave"],"picked":"True Grit","floor":14}],"player_experience":83381,"relics_obtained":[{"floor":6,"key":"Strawberry"},{"floor":7,"key":"Bag of Marbles"},{"floor":9,"key":"Bronze Scales"},{"floor":11,"key":"Centennial Puzzle"},{"floor":13,"key":"Tiny Chest"}],"event_choices":[{"event_name":"The Cleric","player_choice":"Card Removal","floor":2,"damage_taken":0},{"event_name":"World of Goop","player_choice":"Gather Gold","floor":4,"damage_taken":0}],"is_beta":false,"boss_relics":[],"items_purged_floors":[3],"is_endless":false,"potions_floor_spawned":[5,11,14],"killed_by":"Hexaghost","ascension_level":11}