{"gold_per_floor":[117,67,78,97,97,130,145,174,174,202,202,214,214,239,239,239],"floor_reached":16,"playtime":736,"items_purged":[],"score":137,"play_id":"8b03ce8c-0b88-4857-8d09-c48c4ced9415","local_time":"20190807015805","is_ascension_mode":true,"campfire_choices":[{"data":"Armaments","floor":13,"key":"SMITH"},{"floor":15,"key":"REST"}],"neow_cost":"NONE","seed_source_timestamp":2417540628647750,"circlet_count":0,"master_deck":["Strike_R","Strike_R","Strike_R","Strike_R","Defend_R","Defend_R","Defend_R","Bash","Dual Wield","Uppercut","Clothesline","Armaments+1","Ghostly Armor","Cleave","Flame Barrier","Thunderclap+1","Pommel Strike+1"],"relics":["Burning Blood","NeowsBlessing","Art of War","Calipers","Molten Egg 2","Bottled Lightning","Prayer Wheel"],"potions_floor_usage":[8,8,14,16],"damage_taken":[{"damage":0,"enemies":"2 Louse","floor":1,"turns":1},{"damage":0,"enemies":"Small Slimes","floor":3,"turns":1},{"damage":0,"enemies":"Jaw Worm","floor":4,"turns":1},{"damage":14,"enemies":"Gremlin Nob","floor":6,"turns":4},{"damage":7,"enemies":"3 Louse","floor":7,"turns":3},{"damage":52,"enemies":"Lagavulin","floor":8,"turns":8},{"damage":28,"enemies":"Gremlin Nob","floor":10,"turns":5},{"damage":5,"enemies":"Looter","floor":12,"turns":3},{"damage":17,"enemies":"Lagavulin","floor":14,"turns":8},{"damage":50,"enemies":"Slime Boss","floor":16,"turns":8}],"seed_played":"5706615378621702310","potions_obtained":[{"floor":1,"key":"BloodPotion"},{"floor":3,"key":"EssenceOfSteel"},{"floor":7,"key":"BloodPotion"},{"floor":10,"key":"Block Potion"}],"is_trial":false,"path_per_floor":["M","?","M","M","?","E","M","E","T","E","?","M","R","E","R","B"],"character_chosen":"IRONCLAD","items_purchased":[],"campfire_rested":1,"item_purchase_floors":[],"current_hp_per_floor":[80,80,80,80,80,72,71,60,60,38,31,32,32,21,45,0],"gold":239,"neow_bonus":"THREE_ENEMY_KILL","is_prod":false,"is_daily":false,"chose_seed":false,"campfire_upgraded":1,"win_rate":0,"timestamp":1565132285,"path_taken":["M","?","M","M","?","E","M","E","T","E","?","M","R","E","R","BOSS"],"build_version":"2019-07-17","purchased_purges":0,"victory":false,"max_hp_per_floor":[80,80,80,80,80,80,80,80,80,80,80,80,80,80,80,80],"card_choices":[{"not_picked":["Wild Strike","Infernal Blade"],"picked":"Dual Wield","floor":1},{"not_picked":["Entrench","Body Slam"],"picked":"Uppercut","floor":3},{"not_picked":["Whirlwind","Anger"],"picked":"Clothesline","floor":4},{"not_picked":["Wild Strike","Seeing Red"],"picked":"Armaments","floor":6},{"not_picked":["Limit Break","Pommel Strike"],"picked":"Ghostly Armor","floor":7},{"not_picked":["Clothesline","Pommel Strike"],"picked":"Cleave","floor":8},{"not_picked":["Sword Boomerang+1","Dual Wield"],"picked":"Flame Barrier","floor":10},{"not_picked":["Heavy Blade+1","Reckless Charge+1"],"picked":"Thunderclap+1","floor":12},{"not_picked":["Dual Wield","Bloodletting"],"picked":"Pommel Strike+1","floor":14}],"player_experience":131982,"relics_obtained":[{"floor":6,"key":"Art of War"},{"floor":8,"key":"Calipers"},{"floor":9,"key":"Molten Egg 2"},{"floor":10,"key":"Bottled Lightning"},{"floor":14,"key":"Prayer Wheel"}],"event_choices":[{"cards_removed":["Strike_R"],"damage_healed":0,"gold_gain":0,"player_choice":"Card Removal","damage_taken":0,"max_hp_gain":0,"max_hp_loss":0,"event_name":"The Cleric","floor":2,"gold_loss":50},{"damage_healed":0,"gold_gain":0,"player_choice":"Ignored","damage_taken":0,"max_hp_gain":0,"max_hp_loss":0,"event_name":"Liars Game","floor":5,"gold_loss":0},{"cards_removed":["Defend_R"],"damage_healed":0,"gold_gain":0,"player_choice":"Card Removal","damage_taken":7,"max_hp_gain":0,"max_hp_loss":0,"event_name":"Golden Wing","floor":11,"gold_loss":0}],"is_beta":false,"boss_relics":[],"items_purged_floors":[],"is_endless":false,"potions_floor_spawned":[1,3,7,10],"killed_by":"Slime Boss","ascension_level":1}