{"gold_per_floor":[118,118,43,318,331,331,365,376,376,386,386,404,404,57,57,134,134,149,164,39,39,39,39,73,73,122,122,16,35,35],"floor_reached":30,"playtime":697,"items_purged":["Strike_B","Regret"],"score":692,"play_id":"c29ca2c3-2683-475c-9cf0-f447519bbd5e","local_time":"20190615111943","is_ascension_mode":true,"campfire_choices":[{"data":"Chaos","floor":6.0,"key":"SMITH"},{"data":"Skim","floor":11.0,"key":"SMITH"},{"data":"Dualcast","floor":13.0,"key":"SMITH"},{"data":"Creative AI","floor":15.0,"key":"SMITH"},{"data":"Seek","floor":23.0,"key":"SMITH"},{"data":"Coolheaded","floor":25.0,"key":"SMITH"},{"data":"Amplify","floor":27.0,"key":"SMITH"}],"neow_cost":"NONE","seed_source_timestamp":0,"circlet_count":0,"master_deck":["AscendersBane","Strike_B","Strike_B","Defend_B","Defend_B","Defend_B","Defend_B","Zap","Dualcast+1","Chaos+1","Ball Lightning","Skim+1","Ball Lightning","Recycle","Amplify+1","Static Discharge","Creative AI+1","Seek+1","Coolheaded+1","Heatsinks+1","Turbo","Ghostly","Ghostly","Ghostly","Recycle+1","Coolheaded"],"special_seed":0,"relics":["Cracked Core","NeowsBlessing","The Courier","Omamori","Snecko Eye","Pen Nib"],"potions_floor_usage":[],"damage_taken":[{"damage":0.0,"enemies":"Small Slimes","floor":1.0,"turns":1.0},{"damage":0.0,"enemies":"2 Louse","floor":5.0,"turns":1.0},{"damage":0.0,"enemies":"3 Sentries","floor":7.0,"turns":1.0},{"damage":3.0,"enemies":"Cultist","floor":8.0,"turns":3.0},{"damage":6.0,"enemies":"Blue Slaver","floor":10.0,"turns":3.0},{"damage":2.0,"enemies":"3 Louse","floor":12.0,"turns":2.0},{"damage":0.0,"enemies":"Slime Boss","floor":16.0,"turns":10.0},{"damage":36.0,"enemies":"3 Byrds","floor":18.0,"turns":3.0},{"damage":22.0,"enemies":"Spheric Guardian","floor":19.0,"turns":7.0},{"damage":0.0,"enemies":"Book of Stabbing","floor":24.0,"turns":6.0},{"damage":5.0,"enemies":"Cultist and Chosen","floor":29.0,"turns":5.0},{"damage":15,"enemies":"Slavers","floor":30,"turns":3}],"seed_played":"900378517978127282","potions_obtained":[{"floor":5.0,"key":"Fire Potion"},{"floor":8.0,"key":"Poison Potion"},{"floor":12.0,"key":"SkillPotion"},{"floor":16.0,"key":"SneckoOil"},{"floor":18.0,"key":"Weak Potion"},{"floor":19.0,"key":"Block Potion"}],"is_trial":false,"path_per_floor":["M","?","$","?","M","R","E","M","T","M","R","M","R","$","R","B",null,"M","M","$","?","?","R","E","R","T","R","$","M","E"],"character_chosen":"DEFECT","items_purchased":["Recycle","Amplify","Static Discharge","Creative AI","Turbo","Coolheaded","Regen Potion"],"campfire_rested":0,"item_purchase_floors":[14,14,14,14,20,28,28],"current_hp_per_floor":[64,57,57,57,57,57,57,54,54,48,48,46,46,46,46,46,65,29,7,7,7,7,7,7,7,7,7,7,16,1],"gold":35,"neow_bonus":"THREE_ENEMY_KILL","is_prod":false,"is_daily":false,"chose_seed":false,"campfire_upgraded":7,"win_rate":0,"timestamp":1560565183,"path_taken":["M","?","$","?","M","R","E","?","T","M","R","M","R","$","R","BOSS","M","M","$","?","?","R","E","R","T","R","$","M","E"],"build_version":"2019-01-23","purchased_purges":2,"victory":false,"max_hp_per_floor":[71,71,71,71,71,71,71,71,71,71,71,71,71,71,71,71,71,71,71,71,71,35,35,35,35,35,35,35,35,35],"card_choices":[{"not_picked":["Steam","Stack"],"picked":"Chaos","floor":1.0},{"not_picked":["Compile Driver","Tempest"],"picked":"Ball Lightning","floor":5.0},{"not_picked":["Aggregate","Go for the Eyes","Hologram"],"picked":"SKIP","floor":7.0},{"not_picked":["Redo","Hologram"],"picked":"Skim","floor":8.0},{"not_picked":["Beam Cell","Gash","Lockon"],"picked":"SKIP","floor":10.0},{"not_picked":["Barrage","Steam"],"picked":"Ball Lightning","floor":12.0},{"not_picked":["Biased Cognition","Buffer"],"picked":"Seek","floor":16.0},{"not_picked":["Stack","Beam Cell+1"],"picked":"Coolheaded","floor":18.0},{"not_picked":["Hologram","Beam Cell"],"picked":"Heatsinks+1","floor":19.0},{"not_picked":["Steam","Fission"],"picked":"Recycle+1","floor":24.0},{"not_picked":["Leap","Streamline","Rebound"],"picked":"SKIP","floor":29.0}],"player_experience":599831,"relics_obtained":[{"floor":7.0,"key":"The Courier"},{"floor":9.0,"key":"Omamori"},{"floor":24.0,"key":"Pen Nib"}],"event_choices":[{"cards_removed":["Strike_B"],"damage_healed":0.0,"max_hp_gain":0.0,"max_hp_loss":0.0,"gold_gain":0.0,"event_name":"Golden Wing","player_choice":"Card Removal","floor":2.0,"gold_loss":0.0,"damage_taken":7.0},{"damage_healed":0.0,"max_hp_gain":0.0,"max_hp_loss":0.0,"gold_gain":275.0,"event_name":"Golden Shrine","player_choice":"Desecrate","floor":4.0,"gold_loss":0.0,"damage_taken":0.0,"cards_obtained":["Regret"]},{"damage_healed":0.0,"max_hp_gain":0.0,"max_hp_loss":0.0,"gold_gain":0.0,"event_name":"Forgotten Altar","player_choice":"Smashed Altar","floor":21.0,"gold_loss":0.0,"damage_taken":0.0,"cards_obtained":["Decay"]},{"damage_healed":0.0,"max_hp_gain":0.0,"max_hp_loss":36.0,"gold_gain":0.0,"event_name":"Ghosts","player_choice":"Became a Ghost","floor":22.0,"gold_loss":0.0,"damage_taken":0.0,"cards_obtained":["Ghostly","Ghostly","Ghostly"]}],"is_beta":false,"boss_relics":[{"not_picked":["Eternal Feather","Sozu"],"picked":"Snecko Eye"}],"items_purged_floors":[3,20],"is_endless":false,"potions_floor_spawned":[5,8,12,16,18,19],"killed_by":"Slavers","ascension_level":20}