{"gold_per_floor":[109,109,11,31,41,41,41,41,41,41,66,66,66,76,76,150,150,165,181,181],"floor_reached":20,"playtime":720,"items_purged":[],"score":344,"play_id":"370b860a-9cf7-49e2-b59f-f1370ed7bd51","local_time":"20190120224829","is_ascension_mode":true,"campfire_choices":[{"data":"Consume","floor":6.0,"key":"SMITH"},{"data":"Coolheaded","floor":8.0,"key":"SMITH"},{"data":"Rainbow","floor":13.0,"key":"SMITH"},{"data":"Darkness","floor":15.0,"key":"SMITH"}],"neow_cost":"NONE","seed_source_timestamp":48104541719734,"circlet_count":0,"master_deck":["AscendersBane","Strike_B","Strike_B","Strike_B","Defend_B","Defend_B","Defend_B","Defend_B","Zap","Dualcast","Streamline","Finesse","Consume+1","Coolheaded+1","Rainbow+1","Darkness+1","Core Surge"],"special_seed":0,"relics":["Philosopher\u0027s Stone","Happy Flower","Bronze Scales","Runic Dome"],"potions_floor_usage":[19],"damage_taken":[{"damage":8.0,"enemies":"Small Slimes","floor":1.0,"turns":5.0},{"damage":7.0,"enemies":"Cultist","floor":4.0,"turns":4.0},{"damage":2.0,"enemies":"2 Louse","floor":5.0,"turns":3.0},{"damage":28.0,"enemies":"3 Sentries","floor":11.0,"turns":10.0},{"damage":0.0,"enemies":"Blue Slaver","floor":14.0,"turns":3.0},{"damage":10.0,"enemies":"Slime Boss","floor":16.0,"turns":6.0},{"damage":12.0,"enemies":"3 Byrds","floor":18.0,"turns":2.0},{"damage":6,"enemies":"Shell Parasite","floor":19,"turns":5},{"damage":51,"enemies":"Colosseum Slavers","floor":20,"turns":3}],"seed_played":"-6765876858062887606","potions_obtained":[{"floor":4.0,"key":"Swift Potion"},{"floor":14.0,"key":"Block Potion"}],"is_trial":false,"path_per_floor":["M","?","$","M","M","R","$","R","T","$","E","?","R","M","R","B",null,"M","M","?"],"character_chosen":"DEFECT","items_purchased":["Finesse"],"campfire_rested":0,"item_purchase_floors":[3],"current_hp_per_floor":[56,56,56,49,47,47,47,47,47,47,19,42,42,42,42,32,61,49,43,0],"gold":181,"neow_bonus":"BOSS_RELIC","is_prod":false,"is_daily":false,"chose_seed":false,"campfire_upgraded":4,"win_rate":0,"timestamp":1547995709,"path_taken":["M","?","$","M","?","R","?","R","T","$","E","?","R","M","R","BOSS","M","M","?"],"build_version":"2019-01-17v2","purchased_purges":0,"victory":false,"max_hp_per_floor":[71,71,71,71,71,71,71,71,71,71,71,71,71,71,71,71,71,71,71,71],"card_choices":[{"not_picked":["Storm","Beam Cell"],"picked":"Streamline","floor":1.0},{"not_picked":["Barrage","Doom and Gloom"],"picked":"Consume","floor":4.0},{"not_picked":["Ball Lightning","Redo"],"picked":"Coolheaded","floor":5.0},{"not_picked":["Blizzard","Ball Lightning"],"picked":"Rainbow","floor":11.0},{"not_picked":["Leap","Reinforced Body"],"picked":"Darkness","floor":14.0},{"not_picked":["Seek","Meteor Strike"],"picked":"Core Surge","floor":16.0},{"not_picked":["Hello World","Cold Snap","Go for the Eyes"],"picked":"SKIP","floor":18.0},{"not_picked":["Stack","Streamline","Double Energy"],"picked":"SKIP","floor":19}],"player_experience":2091308,"relics_obtained":[{"floor":9.0,"key":"Happy Flower"},{"floor":11.0,"key":"Bronze Scales"}],"event_choices":[{"cards_removed":["Strike_B"],"damage_healed":0.0,"max_hp_gain":0.0,"max_hp_loss":0.0,"gold_gain":0.0,"event_name":"Bonfire Elementals","player_choice":"Offered Basic","floor":2.0,"gold_loss":0.0,"damage_taken":0.0},{"damage_healed":23.0,"max_hp_gain":0.0,"max_hp_loss":0.0,"gold_gain":0.0,"event_name":"Big Fish","player_choice":"Banana","floor":12.0,"gold_loss":0.0,"damage_taken":0.0},{"damage_healed":0,"gold_gain":0,"player_choice":"Fight","damage_taken":0,"max_hp_gain":0,"max_hp_loss":0,"event_name":"Colosseum","floor":20,"gold_loss":0}],"is_beta":false,"boss_relics":[{"not_picked":["Orrery","Velvet Choker"],"picked":"Runic Dome"}],"items_purged_floors":[],"is_endless":false,"potions_floor_spawned":[4,14],"killed_by":"Colosseum Slavers","ascension_level":20}