{"gold_per_floor":[113,38,38,38,53,53,81,42,42,42,42,42,54,54,54,127,127,143,193,212,212,226,226,551,551,551,190,207,242,1,1,1,1],"floor_reached":33,"playtime":925,"items_purged":["Strike_R","Strike_R","Strike_R"],"score":658,"play_id":"51f661fc-191d-4606-8d8d-dcfd5164b381","local_time":"20190108163036","is_ascension_mode":true,"campfire_choices":[{"data":"Inflame","floor":10.0,"key":"SMITH"},{"data":"Flex","floor":12.0,"key":"SMITH"},{"data":"Sword Boomerang","floor":15.0,"key":"SMITH"},{"data":"Double Tap","floor":23.0,"key":"SMITH"},{"floor":25.0,"key":"REST"},{"data":"Panacea","floor":32,"key":"SMITH"}],"neow_cost":"NONE","seed_source_timestamp":17237321711474,"circlet_count":0,"master_deck":["AscendersBane","Strike_R","Strike_R","Defend_R","Defend_R","Defend_R","Defend_R","Bash+1","Armaments+1","Flex+1","Sword Boomerang+1","Inflame+1","Double Tap+1","Shrug It Off+1","Flex","Evolve","Inflame","Trip","Go for the Eyes","Offering","Panacea+1"],"special_seed":0,"relics":["Burning Blood","NeowsBlessing","Gambling Chip","Oddly Smooth Stone","Velvet Choker","Old Coin","The Courier","PrismaticShard","WingedGreaves"],"potions_floor_usage":[28,33],"damage_taken":[{"damage":0.0,"enemies":"Jaw Worm","floor":1.0,"turns":1.0},{"damage":0.0,"enemies":"Small Slimes","floor":5.0,"turns":1.0},{"damage":0.0,"enemies":"Lagavulin","floor":7.0,"turns":1.0},{"damage":7.0,"enemies":"2 Louse","floor":13.0,"turns":2.0},{"damage":13.0,"enemies":"The Guardian","floor":16.0,"turns":8.0},{"damage":5.0,"enemies":"Spheric Guardian","floor":18.0,"turns":3.0},{"damage":10.0,"enemies":"2 Thieves","floor":20.0,"turns":3.0},{"damage":15.0,"enemies":"Snake Plant","floor":22.0,"turns":5.0},{"damage":48.0,"enemies":"Slavers","floor":24.0,"turns":6.0},{"damage":0,"enemies":"Snecko","floor":28,"turns":3},{"damage":0,"enemies":"Gremlin Leader","floor":29,"turns":5},{"damage":42,"enemies":"Champ","floor":33,"turns":7}],"seed_played":"-8642440954423209824","potions_obtained":[{"floor":7.0,"key":"SteroidPotion"},{"floor":16.0,"key":"SpeedPotion"},{"floor":24.0,"key":"SkillPotion"},{"floor":28,"key":"BloodPotion"}],"is_trial":false,"path_per_floor":["M","$","?","?","M","T","E","$","T","R","$","R","M","$","R","B",null,"M","?","M","?","M","R","E","R","T","$","M","E","$","?","R","B"],"character_chosen":"IRONCLAD","items_purchased":["Inflame","Evolve","PrismaticShard","Inflame","Offering","Panacea"],"campfire_rested":1,"item_purchase_floors":[8,27,27,27,30,30],"current_hp_per_floor":[74,74,51,51,57,57,63,63,63,63,63,63,62,62,62,55,70,71,71,67,67,58,58,16,38,38,38,44,50,50,50,50,15],"gold":1,"neow_bonus":"THREE_ENEMY_KILL","is_prod":false,"is_daily":false,"chose_seed":false,"campfire_upgraded":5,"win_rate":0,"timestamp":1546936236,"path_taken":["M","$","?","?","M","?","E","?","T","R","?","R","M","$","R","BOSS","M","?","?","?","M","R","E","R","T","$","M","E","$","?","R","BOSS"],"build_version":"2019-01-03v4","purchased_purges":3,"victory":false,"max_hp_per_floor":[75,75,75,75,75,75,75,75,75,75,75,75,75,75,75,75,75,75,75,75,75,75,75,75,75,75,75,75,75,75,75,75,75],"card_choices":[{"not_picked":["True Grit","Clash"],"picked":"Armaments","floor":1.0},{"not_picked":["Havoc","Iron Wave"],"picked":"Flex","floor":5.0},{"not_picked":["Metallicize","Armaments"],"picked":"Sword Boomerang","floor":7.0},{"not_picked":["Flame Barrier","Perfected Strike","Sword Boomerang"],"picked":"SKIP","floor":13.0},{"not_picked":["Brutality","Impervious"],"picked":"Double Tap","floor":16.0},{"not_picked":["Flex","True Grit+1"],"picked":"Shrug It Off+1","floor":18.0},{"not_picked":["Whirlwind","Pommel Strike","Anger"],"picked":"SKIP","floor":20.0},{"not_picked":["Cleave","Hemokinesis","Warcry"],"picked":"SKIP","floor":22.0},{"not_picked":["Iron Wave+1","Rupture+1"],"picked":"Flex","floor":24.0},{"not_picked":["BootSequence","Twin Strike"],"picked":"Trip","floor":28},{"not_picked":["Flex","Redo+1"],"picked":"Go for the Eyes","floor":29}],"player_experience":1853912,"relics_obtained":[{"floor":6.0,"key":"Gambling Chip"},{"floor":7.0,"key":"Oddly Smooth Stone"},{"floor":24.0,"key":"Old Coin"},{"floor":26.0,"key":"The Courier"},{"floor":29,"key":"WingedGreaves"}],"event_choices":[{"damage_healed":0.0,"max_hp_gain":0.0,"max_hp_loss":0.0,"gold_gain":0.0,"event_name":"Shining Light","player_choice":"Entered Light","floor":3.0,"gold_loss":0.0,"damage_taken":23.0,"cards_upgraded":["Armaments","Bash"]},{"damage_healed":0.0,"max_hp_gain":0.0,"max_hp_loss":0.0,"gold_gain":0.0,"event_name":"Liars Game","player_choice":"Ignored","floor":4.0,"gold_loss":0.0,"damage_taken":0.0},{"damage_healed":0.0,"max_hp_gain":0.0,"max_hp_loss":0.0,"gold_gain":100.0,"event_name":"The Joust","player_choice":"Bet on Murderer","floor":19.0,"gold_loss":50.0,"damage_taken":0.0},{"damage_healed":0.0,"max_hp_gain":0.0,"max_hp_loss":0.0,"gold_gain":0.0,"event_name":"Ghosts","player_choice":"Ignored","floor":21.0,"gold_loss":0.0,"damage_taken":0.0},{"damage_healed":0,"gold_gain":0,"player_choice":"Ignored","damage_taken":0,"max_hp_gain":0,"max_hp_loss":0,"event_name":"Beggar","floor":31,"gold_loss":0}],"is_beta":false,"boss_relics":[{"not_picked":["Ectoplasm","Orrery"],"picked":"Velvet Choker"}],"items_purged_floors":[2,27,30],"is_endless":false,"potions_floor_spawned":[7,16,24,28],"killed_by":"Champ","ascension_level":20}