{"gold_per_floor":[113,113,388,89,104,104,136,136,136,148,176,217,245,182,194,206],"floor_reached":16,"playtime":590,"items_purged":["Regret"],"score":172,"play_id":"820a7df9-a1c3-49ca-981a-51e269c46b81","local_time":"20190805212915","is_ascension_mode":true,"campfire_choices":[{"data":"Whirlwind","floor":6,"key":"SMITH"},{"data":"Body Slam","floor":8,"key":"SMITH"},{"data":"Searing Blow","floor":10,"key":"SMITH"},{"floor":15,"key":"REST"}],"neow_cost":"TEN_PERCENT_HP_LOSS","seed_source_timestamp":349937560217286,"circlet_count":0,"master_deck":["AscendersBane","Strike_R","Strike_R","Strike_R","Defend_R","Defend_R","Defend_R","Defend_R","Bash","Body Slam+1","Whirlwind+1","Searing Blow+1","Pommel Strike","Whirlwind","Reaper"],"relics":["Burning Blood","StoneCalendar","Juzu Bracelet","Pen Nib","MawBank","Odd Mushroom"],"potions_floor_usage":[7,16],"damage_taken":[{"damage":4,"enemies":"2 Louse","floor":1,"turns":3},{"damage":13,"enemies":"Jaw Worm","floor":5,"turns":5},{"damage":24,"enemies":"Gremlin Nob","floor":7,"turns":4},{"damage":6,"enemies":"Cultist","floor":11,"turns":4},{"damage":18,"enemies":"The Mushroom Lair","floor":12,"turns":2},{"damage":19,"enemies":"Blue Slaver","floor":13,"turns":4},{"damage":35,"enemies":"The Guardian","floor":16,"turns":6}],"seed_played":"4792919602483196101","potions_obtained":[{"floor":5,"key":"FearPotion"},{"floor":11,"key":"Weak Potion"},{"floor":12,"key":"Explosive Potion"}],"is_trial":false,"path_per_floor":["M","?","?","$","M","R","E","R","T","R","M","?","M","?","R","B"],"character_chosen":"IRONCLAD","items_purchased":["Juzu Bracelet","Whirlwind"],"campfire_rested":1,"item_purchase_floors":[4,4],"current_hp_per_floor":[68,61,61,61,54,54,36,36,36,36,36,24,11,11,31,0],"gold":206,"neow_bonus":"ONE_RARE_RELIC","is_prod":false,"is_daily":false,"chose_seed":false,"campfire_upgraded":3,"win_rate":0,"timestamp":1565058555,"path_taken":["M","?","?","$","M","R","E","R","T","R","M","?","M","?","R","BOSS"],"build_version":"2019-07-17","purchased_purges":1,"victory":false,"max_hp_per_floor":[68,68,68,68,68,68,68,68,68,68,68,68,68,68,68,68],"card_choices":[{"not_picked":["Clothesline","Heavy Blade"],"picked":"Body Slam","floor":1},{"not_picked":["Armaments","Havoc"],"picked":"Searing Blow","floor":5},{"not_picked":["Perfected Strike","Burning Pact","Evolve"],"picked":"SKIP","floor":7},{"not_picked":["Uppercut","Disarm"],"picked":"Pommel Strike","floor":11},{"not_picked":["Anger","Metallicize"],"picked":"Whirlwind","floor":12},{"not_picked":["Rupture","Disarm"],"picked":"Reaper","floor":13}],"player_experience":455668,"relics_obtained":[{"floor":7,"key":"Pen Nib"},{"floor":9,"key":"MawBank"},{"floor":12,"key":"Odd Mushroom"}],"event_choices":[{"cards_removed":["Strike_R"],"damage_healed":0,"gold_gain":0,"player_choice":"Card Removal","damage_taken":7,"max_hp_gain":0,"max_hp_loss":0,"event_name":"Golden Wing","floor":2,"gold_loss":0},{"damage_healed":0,"gold_gain":275,"player_choice":"Desecrate","damage_taken":0,"max_hp_gain":0,"max_hp_loss":0,"event_name":"Golden Shrine","floor":3,"gold_loss":0,"cards_obtained":["Regret"]},{"damage_healed":0,"gold_gain":0,"player_choice":"Fought Mushrooms","damage_taken":0,"max_hp_gain":0,"max_hp_loss":0,"event_name":"Mushrooms","floor":12,"gold_loss":0},{"cards_removed":["Strike_R"],"damage_healed":0,"gold_gain":0,"player_choice":"Card Removal","damage_taken":0,"max_hp_gain":0,"max_hp_loss":0,"event_name":"The Cleric","floor":14,"gold_loss":75}],"is_beta":false,"boss_relics":[],"items_purged_floors":[4],"is_endless":false,"potions_floor_spawned":[5,11,12],"killed_by":"The Guardian","ascension_level":15}