{"path_per_floor":["M","?","M","M","M","E","?","M","T","E","?","M","M","E","R","B",null,"M","$","M","?","M","R","E","M","T","T","T","M","?","M","R"],"character_chosen":"THE_SILENT","items_purchased":["Dagger Throw","War Paint","Escape Plan","Tiny Chest","Panache","Madness"],"gold_per_floor":[144,219,264,309,354,444,540,585,585,675,925,970,1015,1105,1105,1405,1405,1450,745,790,940,985,985,1075,1120,1145,1145,1145,1190,1190,1235,1235,1235],"floor_reached":33,"campfire_rested":3,"playtime":2104,"item_purchase_floors":[19,19,19,19,19,19],"current_hp_per_floor":[68,57,53,53,53,45,45,34,34,34,34,34,34,34,50,42,52,44,44,44,44,28,42,42,42,42,42,41,40,39,12,23,0],"items_purged":["Corpse Explosion"],"gold":1235,"score":416,"play_id":"e501e0de-7cb5-4654-a043-ed3e1a2c2317","local_time":"20180605171542","daily_mods":["Shiny","Midas","Terminal"],"is_prod":false,"is_daily":true,"chose_seed":false,"is_ascension_mode":false,"campfire_upgraded":0,"win_rate":0,"timestamp":1528190142,"campfire_choices":[{"floor":15,"key":"REST"},{"floor":23,"key":"REST"},{"floor":32,"key":"REST"}],"path_taken":["M","?","M","M","M","E","?","?","T","E","?","M","M","E","R","BOSS","M","$","M","?","M","R","E","M","T","?","?","M","?","?","R","BOSS"],"build_version":"2018-06-04","seed_source_timestamp":0,"purchased_purges":1,"victory":false,"master_deck":["Venomology","Phantasmal Killer","Die Die Die","Adrenaline","Envenom","Doppelganger+1","Burst+1","Wraith Form v2","Tools of the Trade","Night Terror","Unload","After Image+1","Tactician","Bullet Time","Storm of Steel","Glass Knife","A Thousand Cuts","Grand Finale","Prepared","Eviscerate","Malaise","Well Laid Plans","Adrenaline","Regret","Backstab","Backstab","Underhanded Strike","Night Terror","All Out Attack+1","Dagger Throw","Escape Plan","Panache","Madness","Flechettes","Malaise","Sucker Punch+1","Bullet Time"],"max_hp_per_floor":[68,67,66,65,64,63,62,61,60,59,58,57,56,55,54,53,52,51,50,49,48,47,46,45,44,43,42,41,40,39,38,37,37],"relics":["Ring of the Snake","Blue Candle","Smiling Mask","Philosopher\u0027s Stone","War Paint","Tiny Chest","Ancient Tea Set","Molten Egg 2","Frozen Egg 2"],"card_choices":[{"not_picked":["Crippling Poison","Deadly Poison"],"picked":"Prepared","floor":1},{"not_picked":["Deflect","Quick Slash"],"picked":"Eviscerate","floor":3},{"not_picked":["Bane","Expertise"],"picked":"Malaise","floor":4},{"not_picked":["Dodge and Roll","Bane","Setup"],"picked":"SKIP","floor":5},{"not_picked":["Crippling Poison","Dodge and Roll","Poisoned Stab"],"picked":"SKIP","floor":6},{"not_picked":["Eviscerate","Acrobatics"],"picked":"Well Laid Plans","floor":7},{"not_picked":["Reflex","Cloak And Dagger"],"picked":"Adrenaline","floor":8},{"not_picked":["Accuracy","Deadly Poison","Predator"],"picked":"SKIP","floor":10},{"not_picked":["Flying Knee","Bane"],"picked":"Backstab","floor":12},{"not_picked":["Poisoned Stab","Malaise"],"picked":"Backstab","floor":13},{"not_picked":["Sucker Punch","Heel Hook"],"picked":"Underhanded Strike","floor":14},{"not_picked":["Grand Finale","Glass Knife"],"picked":"Night Terror","floor":16},{"not_picked":["Sucker Punch","Dagger Spray"],"picked":"All Out Attack+1","floor":18},{"not_picked":["Bane+1","Blade Dance","Storm of Steel"],"picked":"SKIP","floor":20},{"not_picked":["Sucker Punch","Cloak And Dagger"],"picked":"Flechettes","floor":22},{"not_picked":["Concentrate","Grand Finale"],"picked":"Malaise","floor":24},{"not_picked":["Riddle With Holes","Underhanded Strike","Choke"],"picked":"SKIP","floor":25},{"not_picked":["Dagger Throw+1","Dodge and Roll+1"],"picked":"Sucker Punch+1","floor":29},{"not_picked":["Deflect","Quick Slash+1"],"picked":"Bullet Time","floor":31}],"player_experience":530944,"potions_floor_usage":[5,7,7,10,13,16,16,20,22,22,24,29,29,33],"damage_taken":[{"damage":0,"enemies":"Cultist","floor":1,"turns":2},{"damage":4,"enemies":"Jaw Worm","floor":3,"turns":3},{"damage":0,"enemies":"2 Louse","floor":4,"turns":1},{"damage":0,"enemies":"2 Fungi Beasts","floor":5,"turns":3},{"damage":8,"enemies":"Lagavulin","floor":6,"turns":7},{"damage":0,"enemies":"Lagavulin Event","floor":7,"turns":5},{"damage":11,"enemies":"Large Slime","floor":8,"turns":4},{"damage":0,"enemies":"3 Sentries","floor":10,"turns":3},{"damage":0,"enemies":"Exordium Thugs","floor":12,"turns":2},{"damage":0,"enemies":"Red Slaver","floor":13,"turns":2},{"damage":0,"enemies":"Gremlin Nob","floor":14,"turns":3},{"damage":8,"enemies":"The Guardian","floor":16,"turns":8},{"damage":8,"enemies":"Chosen","floor":18,"turns":4},{"damage":0,"enemies":"Spheric Guardian","floor":20,"turns":4},{"damage":16,"enemies":"Chosen and Byrds","floor":22,"turns":7},{"damage":0,"enemies":"Gremlin Leader","floor":24,"turns":4},{"damage":0,"enemies":"Centurion and Healer","floor":25,"turns":4},{"damage":1,"enemies":"Cultist and Chosen","floor":29,"turns":6},{"damage":27,"enemies":"Chosen and Byrds","floor":31,"turns":8},{"damage":23,"enemies":"Collector","floor":33,"turns":2}],"relics_obtained":[{"floor":7,"key":"Blue Candle"},{"floor":9,"key":"Smiling Mask"},{"floor":26,"key":"Ancient Tea Set"},{"floor":27,"key":"Molten Egg 2"},{"floor":28,"key":"Frozen Egg 2"}],"event_choices":[{"event_name":"World of Goop","player_choice":"Gather Gold","floor":2,"damage_taken":0},{"event_name":"Dead Adventurer","player_choice":"Searched \u00273\u0027 times","floor":7,"damage_taken":0},{"event_name":"Golden Shrine","player_choice":"Desecrate","floor":11,"damage_taken":0},{"event_name":"Nest","player_choice":"Stole From Cult","floor":21,"damage_taken":0},{"event_name":"Accursed Blacksmith","player_choice":"Forge","floor":30,"damage_taken":0}],"boss_relics":[{"not_picked":["Busted Crown","Runic Dome"],"picked":"Philosopher\u0027s Stone"}],"items_purged_floors":[19],"potions_floor_spawned":[],"seed_played":"7492258390209351747","killed_by":"Collector","ascension_level":0,"potions_obtained":[],"is_trial":false}