{"path_per_floor":["M","?","$","M","M","M","R","E","T","?","M","R","?","M","R","B",null,"M","?","$","M","?"],"character_chosen":"IRONCLAD","items_purchased":["Vajra"],"gold_per_floor":[359,434,286,296,313,332,332,361,361,536,550,550,550,566,566,671,671,687,687,612,626,626],"floor_reached":23,"campfire_rested":0,"playtime":1549,"current_hp_per_floor":[80,69,69,69,70,60,60,50,50,50,50,50,50,50,50,27,80,45,45,45,18,18],"items_purged":["Defend_R"],"gold":626,"score":191,"play_id":"a34ae169-5502-4c26-a58d-e0406503cf24","local_time":"20180304225356","is_prod":false,"is_daily":false,"is_ascension_mode":false,"campfire_upgraded":3,"timestamp":1520200436,"path_taken":["M","?","$","M","M","M","R","E","T","?","M","R","?","M","R","BOSS","M","?","$","M","?","M"],"build_version":"2018-03-01-PROD1","purchased_purges":1,"victory":false,"master_deck":["Strike_R","Strike_R","Strike_R","Strike_R","Strike_R","Defend_R","Defend_R","Defend_R","Bash","Clumsy","Entrench","Anger","Flex","Metallicize+1","Spot Weakness","Doubt","Warcry+1","Regret","Heavy Blade+1","Ghostly Armor","Armaments"],"max_hp_per_floor":[80,80,80,80,80,80,80,80,80,80,80,80,80,80,80,80,80,80,80,80,80,80],"relics":["Burning Blood","Vajra","Magic Flower","Gambling Chip","Dream Catcher","Mark of Pain"],"card_choices":[{"not_picked":["Sword Boomerang","Pommel Strike"],"picked":"Entrench"},{"not_picked":["Warcry","Berserk"],"picked":"Anger"},{"not_picked":["Perfected Strike","Whirlwind"],"picked":"Flex"},{"not_picked":["Infernal Blade","True Grit"],"picked":"Metallicize"},{"not_picked":["Shrug It Off","Bloodletting"],"picked":"Spot Weakness"},{"not_picked":["Clash","Shrug It Off"],"picked":"Warcry"},{"not_picked":["Flex","Pommel Strike"],"picked":"Heavy Blade"},{"not_picked":["Headbutt","Clash"],"picked":"Ghostly Armor"},{"not_picked":["Bloodletting","Uppercut"],"picked":"Armaments"}],"player_experience":78207,"potions_floor_usage":[6,6,16,16,23],"damage_taken":[{"damage":0,"enemies":"Small Slimes","floor":1,"turns":3},{"damage":6,"enemies":"Jaw Worm","floor":4,"turns":3},{"damage":5,"enemies":"2 Louse","floor":5,"turns":3},{"damage":16,"enemies":"Exordium Thugs","floor":6,"turns":4},{"damage":16,"enemies":"3 Sentries","floor":8,"turns":9},{"damage":9,"enemies":"Blue Slaver","floor":11,"turns":3},{"damage":9,"enemies":"Looter","floor":14,"turns":3},{"damage":32,"enemies":"Hexaghost","floor":16,"turns":8},{"damage":44,"enemies":"Chosen","floor":18,"turns":6},{"damage":36,"enemies":"Spheric Guardian","floor":21,"turns":7},{"damage":18,"enemies":"Centurion and Healer","floor":23,"turns":5}],"event_choices":[{"event_name":"World of Goop","player_choice":"Gather Gold","floor":2,"damage_taken":0},{"event_name":"Liars Game","player_choice":"agreed","floor":10,"damage_taken":0},{"event_name":"Big Fish","player_choice":"Box","floor":13,"damage_taken":0},{"event_name":"Drug Dealer","player_choice":"Ignored","floor":19,"damage_taken":0},{"event_name":"Cursed Tome","player_choice":"Ignored","floor":22,"damage_taken":0}],"boss_relics":[{"not_picked":["Tiny House","Velvet Choker"],"picked":"Mark of Pain"}],"potions_floor_spawned":[4,5,6,14,21],"seed_played":"906313206313910483","killed_by":"Centurion and Healer","ascension_level":0,"is_trial":false}