{"gold_per_floor":[113,130,130,130,55,55,83,83,107,120,138,151,170,229,229,308,308,308],"floor_reached":18,"playtime":410,"items_purged":[],"score":374,"play_id":"6cdb7b76-51d2-47fa-9910-0b3298a88bc2","local_time":"20190717041522","is_ascension_mode":true,"campfire_choices":[{"data":"Predator","floor":6.0,"key":"SMITH"},{"data":"Neutralize","floor":8.0,"key":"SMITH"},{"data":"Acrobatics","floor":15.0,"key":"SMITH"}],"neow_cost":"NONE","seed_source_timestamp":70853296497712,"circlet_count":0,"master_deck":["AscendersBane","Strike_G","Strike_G","Defend_G","Defend_G","Defend_G","Defend_G","Defend_G","Survivor","Neutralize+1","Predator+1","Backflip","All Out Attack","Acrobatics+1","Prepared","Terror"],"special_seed":0,"relics":["Ring of the Snake","NeowsBlessing","Lantern","Juzu Bracelet","Dream Catcher","Orrery"],"potions_floor_usage":[18],"damage_taken":[{"damage":0.0,"enemies":"Jaw Worm","floor":1.0,"turns":1.0},{"damage":0.0,"enemies":"2 Louse","floor":2.0,"turns":1.0},{"damage":0.0,"enemies":"Gremlin Nob","floor":7.0,"turns":1.0},{"damage":0.0,"enemies":"Small Slimes","floor":10.0,"turns":4.0},{"damage":1.0,"enemies":"Blue Slaver","floor":11.0,"turns":3.0},{"damage":1.0,"enemies":"Red Slaver","floor":12.0,"turns":3.0},{"damage":2.0,"enemies":"Exordium Wildlife","floor":13.0,"turns":4.0},{"damage":17.0,"enemies":"3 Sentries","floor":14.0,"turns":8.0},{"damage":18.0,"enemies":"Slime Boss","floor":16.0,"turns":6.0},{"damage":30,"enemies":"3 Byrds","floor":18,"turns":5}],"seed_played":"-1614806715066936642","potions_obtained":[{"floor":2.0,"key":"Fire Potion"},{"floor":7.0,"key":"SkillPotion"},{"floor":16.0,"key":"Weak Potion"}],"is_trial":false,"path_per_floor":["M","M","?","?","?","R","E","R","T","M","M","M","M","?","R","B",null,"M"],"character_chosen":"THE_SILENT","items_purchased":[],"campfire_rested":0,"item_purchase_floors":[],"current_hp_per_floor":[59,59,52,52,52,52,52,52,52,52,51,50,48,31,31,13,53,23],"gold":308,"neow_bonus":"THREE_ENEMY_KILL","is_prod":false,"is_daily":false,"chose_seed":false,"campfire_upgraded":3,"win_rate":0,"timestamp":1563304522,"path_taken":["M","M","?","?","?","R","E","R","T","M","M","M","M","?","R","BOSS","M"],"build_version":"2019-07-05","purchased_purges":0,"victory":false,"max_hp_per_floor":[66,66,66,66,66,66,66,66,66,66,66,66,66,66,66,66,66,66],"card_choices":[{"not_picked":["Slice","Concentrate","Choke"],"picked":"SKIP","floor":1.0},{"not_picked":["Outmaneuver","Acrobatics"],"picked":"Predator","floor":2.0},{"not_picked":["Slice","Dagger Spray","Distraction"],"picked":"SKIP","floor":7.0},{"not_picked":["Blade Dance","Slice","Dagger Throw"],"picked":"SKIP","floor":10.0},{"not_picked":["Poisoned Stab","Dodge and Roll"],"picked":"Backflip","floor":11.0},{"not_picked":["Dagger Throw","Infinite Blades"],"picked":"All Out Attack","floor":12.0},{"not_picked":["Blade Dance","Cloak And Dagger","Backflip"],"picked":"SKIP","floor":13.0},{"not_picked":["Dash","Finisher"],"picked":"Acrobatics","floor":14.0},{"not_picked":["Endless Agony","Predator"],"picked":"Prepared","floor":17},{"not_picked":["Infinite Blades","Dagger Throw"],"picked":"Terror","floor":17}],"player_experience":634483,"relics_obtained":[{"floor":7.0,"key":"Lantern"},{"floor":9.0,"key":"Juzu Bracelet"},{"floor":14.0,"key":"Dream Catcher"}],"event_choices":[{"cards_removed":["Strike_G"],"damage_healed":0.0,"max_hp_gain":0.0,"max_hp_loss":0.0,"gold_gain":0.0,"event_name":"Golden Wing","player_choice":"Card Removal","floor":3.0,"gold_loss":0.0,"damage_taken":7.0},{"cards_removed":["Strike_G"],"damage_healed":0.0,"max_hp_gain":0.0,"max_hp_loss":0.0,"gold_gain":0.0,"event_name":"Living Wall","player_choice":"Forget","floor":4.0,"gold_loss":0.0,"damage_taken":0.0},{"cards_removed":["Strike_G"],"damage_healed":0.0,"max_hp_gain":0.0,"max_hp_loss":0.0,"gold_gain":0.0,"event_name":"The Cleric","player_choice":"Card Removal","floor":5.0,"gold_loss":75.0,"damage_taken":0.0},{"damage_healed":0.0,"max_hp_gain":0.0,"max_hp_loss":0.0,"gold_gain":30.0,"event_name":"Dead Adventurer","player_choice":"Searched \u00272\u0027 times","floor":14.0,"gold_loss":0.0,"damage_taken":0.0}],"is_beta":false,"boss_relics":[{"not_picked":["Fusion Hammer","WristBlade"],"picked":"Orrery"}],"items_purged_floors":[],"is_endless":false,"potions_floor_spawned":[2,7,10,12,16],"killed_by":"3 Byrds","ascension_level":20}