{"gold_per_floor":[119,132,149,160,160,189,189,80,105,54,70,70,90,90,90,189,189,199,30,49,49,64,64,64,64,64,96,113,113,113,123,123,224,224,235,235,86,86,104,104,63,63,109,123,123,133,133,153,153,153],"floor_reached":51,"playtime":1857,"items_purged":["Strike_G","Strike_G"],"score":717,"play_id":"19abb440-da28-43ff-aef9-769d9b823b43","local_time":"20181023184904","is_ascension_mode":false,"campfire_choices":[{"data":"Catalyst","floor":7,"key":"SMITH"},{"data":"Well Laid Plans","floor":12,"key":"SMITH"},{"data":"Deadly Poison","floor":15,"key":"SMITH"},{"data":"Night Terror","floor":23,"key":"SMITH"},{"data":"Bouncing Flask","floor":25,"key":"SMITH"},{"data":"Well Laid Plans","floor":29,"key":"SMITH"},{"data":"Burst","floor":32,"key":"SMITH"},{"data":"Neutralize","floor":40,"key":"SMITH"},{"data":"Noxious Fumes","floor":42,"key":"SMITH"},{"data":"Defend_G","floor":45,"key":"SMITH"},{"data":"Defend_G","floor":47,"key":"SMITH"},{"data":"Defend_G","floor":49,"key":"SMITH"}],"neow_cost":"NONE","seed_source_timestamp":32585026459339,"circlet_count":0,"master_deck":["Defend_G+1","Defend_G+1","Defend_G+1","Defend_G","Strike_G+1","Strike_G+1","Survivor","Neutralize+1","Deadly Poison+1","Catalyst+1","Well Laid Plans+1","Cloak And Dagger","Night Terror+1","Well Laid Plans+1","Bouncing Flask+1","Blur+1","Burst+1","Escape Plan","Footwork+1","Adrenaline","Noxious Fumes+1","Adrenaline"],"relics":["Ring of the Snake","Vajra","Whetstone","Art of War","Juzu Bracelet","Velvet Choker","Omamori","Pen Nib","Darkstone Periapt","Empty Cage","Oddly Smooth Stone","Orichalcum"],"potions_floor_usage":[4,6,18,35,35,50],"damage_taken":[{"damage":0,"enemies":"Jaw Worm","floor":1,"turns":6},{"damage":0,"enemies":"Cultist","floor":2,"turns":3},{"damage":0,"enemies":"2 Louse","floor":3,"turns":2},{"damage":0,"enemies":"Lots of Slimes","floor":4,"turns":2},{"damage":25,"enemies":"Gremlin Nob","floor":6,"turns":4},{"damage":23,"enemies":"Large Slime","floor":11,"turns":6},{"damage":0,"enemies":"3 Louse","floor":13,"turns":4},{"damage":8,"enemies":"Hexaghost","floor":16,"turns":7},{"damage":0,"enemies":"Spheric Guardian","floor":18,"turns":3},{"damage":2,"enemies":"2 Thieves","floor":20,"turns":3},{"damage":7,"enemies":"Centurion and Healer","floor":22,"turns":6},{"damage":0,"enemies":"Gremlin Leader","floor":27,"turns":5},{"damage":6,"enemies":"Snake Plant","floor":28,"turns":3},{"damage":9,"enemies":"Shelled Parasite and Fungi","floor":31,"turns":3},{"damage":20,"enemies":"Automaton","floor":33,"turns":8},{"damage":0,"enemies":"Orb Walker","floor":35,"turns":3},{"damage":3,"enemies":"3 Darklings","floor":39,"turns":7},{"damage":8,"enemies":"4 Shapes","floor":44,"turns":6},{"damage":5,"enemies":"Sphere and 2 Shapes","floor":46,"turns":5},{"damage":0,"enemies":"Maw","floor":48,"turns":3},{"damage":30,"enemies":"Donu and Deca","floor":50,"turns":5}],"seed_played":"3718747871636146640","potions_obtained":[{"floor":1,"key":"Explosive Potion"},{"floor":3,"key":"SkillPotion"},{"floor":13,"key":"Swift Potion"},{"floor":16,"key":"Energy Potion"},{"floor":20,"key":"Fire Potion"},{"floor":27,"key":"GamblersBrew"},{"floor":28,"key":"Fire Potion"},{"floor":31,"key":"GhostInAJar"},{"floor":48,"key":"Regen Potion"}],"is_trial":false,"path_per_floor":["M","M","M","M","?","E","R","$","T","?","M","R","M","$","R","B",null,"M","$","M","$","M","R","?","R","T","E","M","R","?","M","R","B",null,"M","?","$","?","M","R","$","R","T","M","R","M","R","M","R","B"],"character_chosen":"THE_SILENT","items_purchased":["Well Laid Plans","Well Laid Plans","Oddly Smooth Stone","Noxious Fumes"],"campfire_rested":0,"item_purchase_floors":[8,19,37,41],"current_hp_per_floor":[70,70,70,70,70,45,45,45,45,45,22,22,22,22,22,14,70,70,70,68,68,61,61,61,61,61,61,55,55,55,46,46,26,70,70,70,70,70,67,67,67,67,67,59,59,54,54,54,54,39],"gold":153,"neow_bonus":"RANDOM_COMMON_RELIC","is_prod":false,"is_daily":false,"chose_seed":false,"campfire_upgraded":12,"win_rate":0,"timestamp":1540291744,"path_taken":["M","M","M","M","?","E","R","$","T","?","M","R","M","$","R","BOSS","M","$","M","$","M","R","?","R","T","E","M","R","?","M","R","BOSS","M","?","$","?","M","R","?","R","T","M","R","M","R","M","R","BOSS"],"build_version":"2018-10-18","purchased_purges":2,"victory":true,"max_hp_per_floor":[70,70,70,70,70,70,70,70,70,70,70,70,70,70,70,70,70,70,70,70,70,70,70,70,70,70,70,70,70,70,70,70,70,70,70,70,70,70,70,70,70,70,70,70,70,70,70,70,70,70],"card_choices":[{"not_picked":["Tactician","Backstab"],"picked":"Deadly Poison","floor":1},{"not_picked":["Crippling Poison","Choke","PiercingWail"],"picked":"SKIP","floor":2},{"not_picked":["Distraction","Poisoned Stab","Flechettes"],"picked":"SKIP","floor":3},{"not_picked":["Expertise","Cloak And Dagger"],"picked":"Catalyst","floor":4},{"not_picked":["Dagger Spray","Flying Knee","Bane"],"picked":"SKIP","floor":6},{"not_picked":["Predator","Quick Slash"],"picked":"Cloak And Dagger","floor":11},{"not_picked":["Sucker Punch","Dodge and Roll"],"picked":"Die Die Die","floor":13},{"not_picked":["Malaise","Adrenaline"],"picked":"Night Terror","floor":16},{"not_picked":["Dagger Throw","Bane+1"],"picked":"Masterful Stab+1","floor":18},{"not_picked":["Flying Knee","Dagger Throw"],"picked":"Bouncing Flask","floor":20},{"not_picked":["Setup+1","Deadly Poison","Underhanded Strike"],"picked":"SKIP","floor":22},{"not_picked":["Deflect","Flying Knee"],"picked":"Blur+1","floor":27},{"not_picked":["Distraction","Backflip"],"picked":"Burst","floor":28},{"not_picked":["PiercingWail","Setup"],"picked":"Footwork+1","floor":31},{"not_picked":["Venomology","Envenom"],"picked":"Adrenaline","floor":33},{"not_picked":["Dagger Spray+1","Concentrate","Poisoned Stab"],"picked":"SKIP","floor":35},{"not_picked":["Slice","Distraction+1","Dagger Spray+1"],"picked":"SKIP","floor":39},{"not_picked":["Outmaneuver","Cloak And Dagger"],"picked":"Adrenaline","floor":44},{"not_picked":["Quick Slash","Underhanded Strike","Heel Hook"],"picked":"SKIP","floor":46},{"not_picked":["Concentrate+1","Expertise","Underhanded Strike+1"],"picked":"SKIP","floor":48}],"player_experience":571535,"relics_obtained":[{"floor":6,"key":"Whetstone"},{"floor":9,"key":"Art of War"},{"floor":26,"key":"Pen Nib"},{"floor":27,"key":"Darkstone Periapt"},{"floor":43,"key":"Orichalcum"}],"event_choices":[{"damage_healed":0,"gold_gain":0,"player_choice":"Bought 0 Potions","damage_taken":0,"max_hp_gain":0,"max_hp_loss":0,"event_name":"The Woman in Blue","floor":5,"gold_loss":0},{"damage_healed":0,"gold_gain":0,"player_choice":"Paid Gold","damage_taken":0,"relics_obtained":["Juzu Bracelet"],"max_hp_gain":0,"max_hp_loss":0,"event_name":"WeMeetAgain","floor":10,"gold_loss":51},{"damage_healed":0,"gold_gain":0,"player_choice":"Opened","damage_taken":0,"relics_obtained":["Omamori"],"max_hp_gain":0,"max_hp_loss":0,"event_name":"The Mausoleum","floor":24,"gold_loss":0},{"damage_healed":0,"gold_gain":0,"cards_transformed":["Defend_G","Strike_G"],"player_choice":"Became Test Subject","damage_taken":0,"max_hp_gain":0,"max_hp_loss":0,"event_name":"Drug Dealer","floor":30,"gold_loss":0,"cards_obtained":["Masterful Stab","Escape Plan"]},{"damage_healed":0,"gold_gain":0,"player_choice":"Ignored","damage_taken":0,"max_hp_gain":0,"max_hp_loss":0,"event_name":"Tomb of Lord Red Mask","floor":36,"gold_loss":0},{"cards_removed":["Die Die Die"],"damage_healed":0,"gold_gain":0,"player_choice":"Removed Attack","damage_taken":0,"max_hp_gain":0,"max_hp_loss":0,"event_name":"Falling","floor":38,"gold_loss":0}],"is_beta":false,"boss_relics":[{"not_picked":["Astrolabe","Ring of the Serpent"],"picked":"Velvet Choker"},{"not_picked":["Lizard Tail","Snecko Eye"],"picked":"Empty Cage"}],"items_purged_floors":[8,19],"is_endless":false,"potions_floor_spawned":[1,3,13,16,20,27,28,31,48],"ascension_level":0}