{"gold_per_floor":[111,122,44,44,55,55,70,81,81,81,81,94,109,9,9,72,72,81,81,81,90,103,103,168,168,168,168,168,43,43,43,43,110,110,110,110,110,110,110,110],"floor_reached":40,"playtime":1897,"items_purged":["Strike_G","Sucker Punch"],"score":1015,"play_id":"856bdb4c-3f73-45b5-833d-05831b1ebd3c","local_time":"20190129220512","is_ascension_mode":true,"campfire_choices":[{"data":"Noxious Fumes","floor":6.0,"key":"SMITH"},{"data":"Neutralize","floor":10.0,"key":"SMITH"},{"data":"Masterful Stab","floor":15.0,"key":"SMITH"},{"data":"Backflip","floor":23.0,"key":"SMITH"},{"data":"Blur","floor":25.0,"key":"SMITH"},{"data":"Malaise","floor":27.0,"key":"SMITH"},{"data":"Corpse Explosion","floor":30,"key":"SMITH"},{"data":"Doppelganger","floor":32,"key":"SMITH"}],"neow_cost":"NONE","seed_source_timestamp":40071094384537,"circlet_count":0,"master_deck":["AscendersBane","Survivor","Neutralize+1","Terror+1","Backstab","Noxious Fumes+1","Escape Plan","Masterful Stab+1","Malaise+1","Pain","Blur+1","Deflect","Tools of the Trade+1","Footwork+1","Slice","Poisoned Stab","Doppelganger+1","Corpse Explosion+1","Escape Plan","Backflip+1","Shame","Doubt","Backflip"],"special_seed":0,"relics":["Ring of the Snake","AscMod:CursedFlame","AscMod:MegaStarOfAscension","AscMod:CursedBank","NeowsBlessing","Frozen Egg 2","Pandora\u0027s Box","Blue Candle","Question Card","theJungle:SneckoAutograph","Membership Card","Ectoplasm"],"potions_floor_usage":[36],"damage_taken":[{"damage":0.0,"enemies":"Small Slimes","floor":1.0,"turns":1.0},{"damage":0.0,"enemies":"2 Louse","floor":2.0,"turns":1.0},{"damage":0.0,"enemies":"Cultist","floor":5.0,"turns":1.0},{"damage":21.0,"enemies":"Large Slime","floor":7.0,"turns":7.0},{"damage":12.0,"enemies":"Exordium Thugs","floor":8.0,"turns":5.0},{"damage":0.0,"enemies":"Looter","floor":12.0,"turns":2.0},{"damage":3.0,"enemies":"Blue Slaver","floor":13.0,"turns":2.0},{"damage":7.0,"enemies":"The Guardian","floor":16.0,"turns":11.0},{"damage":9.0,"enemies":"theJungle:MUSHROOMGANG","floor":18.0,"turns":3.0},{"damage":1.0,"enemies":"theJungle:5_Spyders","floor":21.0,"turns":1.0},{"damage":16.0,"enemies":"theJungle:2_Flameangoes","floor":22.0,"turns":5.0},{"damage":3,"enemies":"theJungle:FunGuy","floor":33,"turns":11},{"damage":16,"enemies":"Orb Walker","floor":35,"turns":4},{"damage":4,"enemies":"3 Shapes","floor":36,"turns":3},{"damage":24,"enemies":"Jaw Worm Horde","floor":39,"turns":4},{"damage":31,"enemies":"Nemesis","floor":40,"turns":7}],"seed_played":"8458126512166858763","potions_obtained":[{"floor":2.0,"key":"Dexterity Potion"},{"floor":7.0,"key":"Ancient Potion"},{"floor":8.0,"key":"PowerPotion"},{"floor":12.0,"key":"GhostInAJar"},{"floor":33,"key":"Poison Potion"},{"floor":35,"key":"Swift Potion"}],"is_trial":false,"path_per_floor":["M","M","$","?","M","R","M","M","T","R","?","M","M","$","R","B",null,"M","?","$","M","M","R","T","R","T","R","?","$","R","$","R","B",null,"M","M","?","?","M","E"],"character_chosen":"THE_SILENT","items_purchased":["Noxious Fumes"],"campfire_rested":0,"item_purchase_floors":[3],"current_hp_per_floor":[59,59,59,63,63,63,42,30,30,30,30,30,27,27,27,20,50,41,42,42,41,25,25,25,25,25,25,25,25,25,25,25,22,52,36,32,58,55,31,0],"gold":110,"neow_bonus":"THREE_ENEMY_KILL","is_prod":false,"is_daily":false,"chose_seed":false,"campfire_upgraded":8,"win_rate":0,"timestamp":1548770712,"path_taken":["M","M","$","?","M","R","M","M","T","R","?","M","?","$","R","BOSS","M","?","$","M","M","R","?","R","T","R","?","$","R","?","R","BOSS","M","M","?","?","M","E"],"build_version":"2019-01-23","purchased_purges":2,"victory":false,"max_hp_per_floor":[66,66,66,71,71,71,71,71,71,71,71,71,71,71,71,71,71,71,71,71,71,71,71,71,71,71,71,71,71,71,71,71,71,71,71,71,58,55,55,55],"card_choices":[{"not_picked":["Dagger Throw","Outmaneuver"],"picked":"Terror","floor":1.0},{"not_picked":["Bane","Cloak And Dagger"],"picked":"Backstab","floor":2.0},{"not_picked":["Flying Knee","Riddle With Holes"],"picked":"Escape Plan","floor":5.0},{"not_picked":["All Out Attack","Distraction"],"picked":"Masterful Stab","floor":7.0},{"not_picked":["Phantasmal Killer","Heel Hook","Dagger Spray"],"picked":"SKIP","floor":8.0},{"not_picked":["Quick Slash","Prepared","Crippling Poison"],"picked":"SKIP","floor":12.0},{"not_picked":["Underhanded Strike","Acrobatics","Slice"],"picked":"SKIP","floor":13.0},{"not_picked":["Venomology","Die Die Die"],"picked":"Malaise","floor":16.0},{"not_picked":["Underhanded Strike","Backflip"],"picked":"Escape Plan","floor":18.0},{"not_picked":["Blade Dance+1","Choke"],"picked":"Backflip","floor":21.0},{"not_picked":["Dagger Spray+1","Bouncing Flask","Prepared"],"picked":"SKIP","floor":22.0},{"not_picked":["Slice+1","Outmaneuver","Dagger Throw+1","Riddle With Holes"],"picked":"SKIP","floor":35},{"not_picked":["Sucker Punch","Cloak And Dagger","Crippling Poison","Dagger Spray"],"picked":"SKIP","floor":36},{"not_picked":["Outmaneuver","PiercingWail","Concentrate"],"picked":"Backflip","floor":39}],"player_experience":2388652,"relics_obtained":[{"floor":9.0,"key":"Frozen Egg 2"},{"floor":24.0,"key":"Blue Candle"},{"floor":26.0,"key":"Question Card"}],"event_choices":[{"damage_healed":0.0,"max_hp_gain":5.0,"max_hp_loss":0.0,"gold_gain":0.0,"event_name":"Big Fish","player_choice":"Donut","floor":4.0,"gold_loss":0.0,"damage_taken":0.0},{"damage_healed":0.0,"max_hp_gain":0.0,"max_hp_loss":0.0,"gold_gain":0.0,"event_name":"Upgrade Shrine","player_choice":"Upgraded","floor":11.0,"gold_loss":0.0,"damage_taken":0.0,"cards_upgraded":["Terror"]},{"damage_healed":58,"gold_gain":0,"player_choice":"Heal","damage_taken":0,"max_hp_gain":0,"max_hp_loss":13,"event_name":"The Moai Head","floor":37,"gold_loss":0},{"damage_healed":0,"gold_gain":0,"player_choice":"Max HP","damage_taken":0,"max_hp_gain":0,"max_hp_loss":3,"event_name":"Winding Halls","floor":38,"gold_loss":0}],"is_beta":false,"boss_relics":[{"not_picked":["Eternal Feather","Cursed Key"],"picked":"Pandora\u0027s Box"},{"not_picked":["Velvet Choker","Tiny House"],"picked":"Ectoplasm"}],"items_purged_floors":[14,29],"is_endless":false,"potions_floor_spawned":[2,7,8,12,21,33,35],"killed_by":"Nemesis","ascension_level":25}