{"gold_per_floor":[110,35,35,51,68,68,79,106,106,126,42,42,42,56,56,56],"floor_reached":16,"playtime":336,"items_purged":[],"score":200,"play_id":"313d568f-70a3-437b-b501-8b8cdc998619","local_time":"20190601170544","is_ascension_mode":true,"campfire_choices":[{"data":"Uppercut","floor":6.0,"key":"SMITH"},{"data":"Rampage","floor":13.0,"key":"SMITH"},{"floor":15.0,"key":"REST"}],"neow_cost":"NONE","seed_source_timestamp":1335090580741,"circlet_count":0,"master_deck":["AscendersBane","Strike_R","Strike_R","Strike_R","Defend_R","Defend_R","Defend_R","Defend_R","Uppercut+1","Shrug It Off","Inflame","Demon Form","Second Wind","Rampage+1","Evolve"],"special_seed":0,"relics":["Burning Blood","Shovel","Gremlin Horn","Odd Mushroom","Smiling Mask"],"potions_floor_usage":[16],"damage_taken":[{"damage":14.0,"enemies":"Jaw Worm","floor":1.0,"turns":4.0},{"damage":5.0,"enemies":"2 Louse","floor":4.0,"turns":3.0},{"damage":0.0,"enemies":"Cultist","floor":5.0,"turns":5.0},{"damage":10.0,"enemies":"Looter","floor":7.0,"turns":4.0},{"damage":41.0,"enemies":"Gremlin Nob","floor":8.0,"turns":6.0},{"damage":11.0,"enemies":"The Mushroom Lair","floor":10.0,"turns":4.0},{"damage":16.0,"enemies":"Exordium Wildlife","floor":14.0,"turns":6.0},{"damage":37,"enemies":"The Guardian","floor":16,"turns":6}],"seed_played":"-2652148611087448705","potions_obtained":[{"floor":1.0,"key":"Ancient Potion"},{"floor":7.0,"key":"Fire Potion"},{"floor":14.0,"key":"FearPotion"}],"is_trial":false,"path_per_floor":["M","?","?","M","M","R","M","E","T","?","$","T","R","M","R","B"],"character_chosen":"IRONCLAD","items_purchased":["Evolve"],"campfire_rested":1,"item_purchase_floors":[11],"current_hp_per_floor":[60,60,60,61,67,67,63,28,28,23,23,23,23,13,35,0],"gold":56,"neow_bonus":"REMOVE_CARD","is_prod":false,"is_daily":false,"chose_seed":false,"campfire_upgraded":2,"win_rate":0,"timestamp":1559379944,"path_taken":["M","?","?","M","?","R","?","E","T","?","?","?","R","M","R","BOSS"],"build_version":"2019-01-23","purchased_purges":0,"victory":false,"max_hp_per_floor":[75,75,75,75,75,75,75,75,75,75,75,75,75,75,75,75],"card_choices":[{"not_picked":["Corruption","Armaments"],"picked":"Uppercut","floor":1.0},{"not_picked":["Wild Strike","Clash"],"picked":"Shrug It Off","floor":4.0},{"not_picked":["Headbutt","Clothesline"],"picked":"Inflame","floor":5.0},{"not_picked":["True Grit","Body Slam"],"picked":"Demon Form","floor":7.0},{"not_picked":["Havoc","Rage"],"picked":"Second Wind","floor":8.0},{"not_picked":["Fire Breathing","Flex"],"picked":"Rampage","floor":10.0},{"not_picked":["Flex","Feel No Pain","Clash"],"picked":"SKIP","floor":14.0}],"player_experience":4966403,"relics_obtained":[{"floor":8.0,"key":"Shovel"},{"floor":9.0,"key":"Gremlin Horn"},{"floor":10.0,"key":"Odd Mushroom"},{"floor":12.0,"key":"Smiling Mask"}],"event_choices":[{"cards_removed":["Bash"],"damage_healed":0.0,"max_hp_gain":0.0,"max_hp_loss":0.0,"gold_gain":0.0,"event_name":"The Cleric","player_choice":"Card Removal","floor":2.0,"gold_loss":75.0,"damage_taken":0.0},{"cards_removed":["Strike_R"],"damage_healed":0.0,"max_hp_gain":0.0,"max_hp_loss":0.0,"gold_gain":0.0,"event_name":"Living Wall","player_choice":"Forget","floor":3.0,"gold_loss":0.0,"damage_taken":0.0},{"damage_healed":0.0,"max_hp_gain":0.0,"max_hp_loss":0.0,"gold_gain":0.0,"event_name":"Mushrooms","player_choice":"Fought Mushrooms","floor":10.0,"gold_loss":0.0,"damage_taken":0.0}],"is_beta":false,"boss_relics":[],"items_purged_floors":[],"is_endless":false,"potions_floor_spawned":[1,7,14],"killed_by":"The Guardian","ascension_level":20}