{"gold_per_floor":[118,43,55,65,80,80,20,20,43,55,67,97,109,121,133,241,253,286,298],"floor_reached":19,"playtime":947,"items_purged":["Strike_G"],"score":398,"play_id":"5e95b62d-b292-4b4d-964e-648ec3860ef2","local_time":"20181114184629","is_ascension_mode":true,"campfire_choices":[{"data":"Mayhem","floor":8.0,"key":"SMITH"},{"data":"After Image","floor":10.0,"key":"SMITH"},{"data":"Leg Sweep","floor":13.0,"key":"SMITH"},{"data":"Calculated Gamble","floor":15.0,"key":"SMITH"}],"neow_cost":"CURSE","seed_source_timestamp":0,"circlet_count":0,"master_deck":["AscendersBane","Defend_G","Defend_G","Defend_G","Defend_G","Defend_G","Strike_G","Strike_G","Strike_G","Strike_G","Survivor","Neutralize","Secret Technique","Mayhem+1","Injury","Crippling Poison","Calculated Gamble+1","Leg Sweep+1","Injury","After Image+1","Prepared","Wraith Form v2","Clumsy","Pain","Wraith Form v2","Tactician"],"special_seed":0,"relics":["Ring of the Snake","Golden Idol","MawBank","WarpedTongs","Sozu"],"potions_floor_usage":[],"damage_taken":[{"damage":5.0,"enemies":"Cultist","floor":1.0,"turns":6.0},{"damage":0.0,"enemies":"Jaw Worm","floor":3.0,"turns":7.0},{"damage":0.0,"enemies":"Small Slimes","floor":4.0,"turns":6.0},{"damage":1.0,"enemies":"Red Slaver","floor":5.0,"turns":8.0},{"damage":10.0,"enemies":"Looter","floor":7.0,"turns":5.0},{"damage":1.0,"enemies":"Blue Slaver","floor":12.0,"turns":9.0},{"damage":36.0,"enemies":"The Guardian","floor":16.0,"turns":22.0},{"damage":14,"enemies":"3 Byrds","floor":18,"turns":8},{"damage":13,"enemies":"Shell Parasite","floor":19,"turns":6}],"seed_played":"8684335491143370049","potions_obtained":[{"floor":3.0,"key":"Poison Potion"},{"floor":4.0,"key":"Block Potion"},{"floor":16.0,"key":"PowerPotion"}],"is_trial":false,"path_per_floor":["M","$","M","M","M","?","M","R","T","R","?","M","R","?","R","B",null,"M","M"],"character_chosen":"THE_SILENT","items_purchased":[],"campfire_rested":0,"item_purchase_floors":[],"current_hp_per_floor":[54,54,54,54,53,53,43,43,43,43,43,42,42,42,42,6,51,37,24],"gold":298,"neow_bonus":"RANDOM_COLORLESS_2","is_prod":false,"is_daily":false,"chose_seed":false,"campfire_upgraded":4,"win_rate":0,"timestamp":1542192389,"path_taken":["M","$","M","M","M","?","M","R","T","R","?","?","R","?","R","BOSS","M","M"],"build_version":"2018-11-13","purchased_purges":1,"victory":false,"max_hp_per_floor":[66,66,66,66,66,66,66,66,66,66,66,66,66,66,66,66,66,66,66],"card_choices":[{"not_picked":["Flying Knee","Riddle With Holes"],"picked":"Crippling Poison","floor":1.0},{"not_picked":["Dagger Spray","Dodge and Roll"],"picked":"Calculated Gamble","floor":3.0},{"not_picked":["Finisher","Riddle With Holes"],"picked":"Leg Sweep","floor":4.0},{"not_picked":["Endless Agony","Blade Dance","Finisher"],"picked":"SKIP","floor":5.0},{"not_picked":["Tactician","Dagger Spray"],"picked":"After Image","floor":7.0},{"not_picked":["Poisoned Stab","Underhanded Strike","Flying Knee"],"picked":"SKIP","floor":12.0},{"not_picked":["A Thousand Cuts","Unload"],"picked":"Wraith Form v2","floor":16.0},{"not_picked":["Underhanded Strike","Choke"],"picked":"Tactician","floor":18}],"player_experience":1050938,"relics_obtained":[{"floor":9.0,"key":"MawBank"}],"event_choices":[{"damage_healed":0.0,"max_hp_gain":0.0,"max_hp_loss":0.0,"gold_gain":0.0,"event_name":"Golden Idol","player_choice":"Take Wound","floor":6.0,"gold_loss":0.0,"damage_taken":0.0,"relics_obtained":["Golden Idol"],"cards_obtained":["Injury"]},{"damage_healed":0.0,"max_hp_gain":0.0,"max_hp_loss":0.0,"gold_gain":0.0,"event_name":"Match and Keep!","player_choice":"3 cards matched","floor":11.0,"gold_loss":0.0,"damage_taken":0.0,"cards_obtained":["Prepared","Wraith Form v2","Clumsy"]},{"damage_healed":0.0,"max_hp_gain":0.0,"max_hp_loss":0.0,"gold_gain":0.0,"event_name":"Accursed Blacksmith","player_choice":"Rummage","floor":14.0,"gold_loss":0.0,"damage_taken":0.0,"relics_obtained":["WarpedTongs"],"cards_obtained":["Pain"]}],"is_beta":true,"boss_relics":[{"not_picked":["Velvet Choker","Fusion Hammer"],"picked":"Sozu"}],"items_purged_floors":[2],"is_endless":false,"potions_floor_spawned":[3,4,12,16,18],"killed_by":"Shell Parasite","ascension_level":18}