{"gold_per_floor":[368,388,273,273,223,223,241,241,241,241,253,263,118,118,118,221,221,238,238,238,267,286,286,186,186,186,212,212,230,243,253,253,353,353,370,370,250,268,282,282,282,300,300,300,82,96,96,318,318,318],"floor_reached":51,"playtime":2278,"items_purged":["Parasite","Strike_G","Strike_G","Outmaneuver+1","Defend_G+1"],"score":705,"play_id":"fcd8d168-af7e-42b8-9dd0-f66a3616f603","local_time":"20181018152048","is_ascension_mode":false,"campfire_choices":[{"data":"Deadly Poison","floor":6.0,"key":"SMITH"},{"data":"Well Laid Plans","floor":8.0,"key":"SMITH"},{"data":"Neutralize","floor":10.0,"key":"SMITH"},{"data":"Noxious Fumes","floor":15.0,"key":"SMITH"},{"data":"Footwork","floor":23.0,"key":"SMITH"},{"data":"Survivor","floor":25.0,"key":"SMITH"},{"data":"Defend_G","floor":28,"key":"SMITH"},{"data":"Defend_G","floor":32,"key":"SMITH"},{"data":"Escape Plan","floor":40,"key":"SMITH"},{"data":"Flash of Steel","floor":49,"key":"SMITH"}],"neow_cost":"CURSE","seed_source_timestamp":22400761827570,"circlet_count":0,"master_deck":["Neutralize+1","Deadly Poison+1","Well Laid Plans+1","Escape Plan+1","Catalyst+1","Noxious Fumes+1","Venomology","Footwork+1","Venomology","Grand Finale+1","Endless Agony+1","Escape Plan","Heel Hook","Flash of Steel+1"],"special_seed":0,"relics":["Ring of the Snake","The Courier","Empty Cage","Nilry\u0027s Codex","Red Mask","Gremlin Horn","Ornamental Fan","Astrolabe","Pen Nib"],"potions_floor_usage":[27,29,29,29,30,31,33,35,35,38,38,39,42,46,50,50,50],"damage_taken":[{"damage":0.0,"enemies":"2 Louse","floor":1.0,"turns":4.0},{"damage":0.0,"enemies":"Jaw Worm","floor":2.0,"turns":5.0},{"damage":0.0,"enemies":"Cultist","floor":7.0,"turns":3.0},{"damage":0.0,"enemies":"2 Fungi Beasts","floor":11.0,"turns":4.0},{"damage":0.0,"enemies":"Lots of Slimes","floor":12.0,"turns":6.0},{"damage":17.0,"enemies":"Slime Boss","floor":16.0,"turns":5.0},{"damage":0.0,"enemies":"3 Byrds","floor":18.0,"turns":5.0},{"damage":10.0,"enemies":"Masked Bandits","floor":21.0,"turns":5.0},{"damage":0.0,"enemies":"Shell Parasite","floor":22.0,"turns":4.0},{"damage":4,"enemies":"Gremlin Leader","floor":27,"turns":5},{"damage":17,"enemies":"Shelled Parasite and Fungi","floor":29,"turns":3},{"damage":0,"enemies":"Cultist and Chosen","floor":30,"turns":5},{"damage":0,"enemies":"Snecko","floor":31,"turns":6},{"damage":12,"enemies":"Automaton","floor":33,"turns":10},{"damage":0,"enemies":"3 Shapes","floor":35,"turns":4},{"damage":0,"enemies":"3 Darklings","floor":38,"turns":4},{"damage":0,"enemies":"Maw","floor":39,"turns":5},{"damage":0,"enemies":"Sphere and 2 Shapes","floor":42,"turns":3},{"damage":0,"enemies":"4 Shapes","floor":46,"turns":2},{"damage":8,"enemies":"Awakened One","floor":50,"turns":3}],"seed_played":"5701915642824259379","potions_obtained":[{"floor":2.0,"key":"Regen Potion"},{"floor":11.0,"key":"Block Potion"},{"floor":18.0,"key":"GhostInAJar"},{"floor":27,"key":"SneckoOil"},{"floor":29,"key":"PowerPotion"}],"is_trial":false,"path_per_floor":["M","M","$","?","?","R","M","R","T","R","M","M","$","?","R","B",null,"M","?","?","?","M","R","$","R","T","E","R","M","M","M","R","B",null,"M","?","$","M","M","R","?","M","T","?","$","M","?","?","R","B"],"character_chosen":"THE_SILENT","items_purchased":["Well Laid Plans","Noxious Fumes","Flash of Steel"],"campfire_rested":0,"item_purchase_floors":[3,13,45],"current_hp_per_floor":[70,70,67,60,60,60,60,60,60,60,60,60,60,60,60,43,67,67,51,51,56,56,56,56,56,56,52,52,35,35,35,35,23,67,67,67,67,67,67,67,64,64,64,64,64,64,64,64,64,61],"gold":318,"neow_bonus":"TWO_FIFTY_GOLD","is_prod":false,"is_daily":false,"chose_seed":false,"campfire_upgraded":10,"win_rate":0,"timestamp":1539847248,"path_taken":["M","M","$","?","?","R","M","R","T","R","M","?","?","?","R","BOSS","M","?","?","?","M","R","$","R","T","E","R","?","M","?","R","BOSS","M","?","$","M","M","R","?","M","T","?","$","M","?","?","R","BOSS"],"build_version":"2018-10-11","purchased_purges":5,"victory":true,"max_hp_per_floor":[70,70,67,67,67,67,67,67,67,67,67,67,67,67,67,67,67,67,67,67,67,67,67,67,67,67,67,67,67,67,67,67,67,67,67,67,67,67,67,67,64,64,64,64,64,64,64,64,64,64],"card_choices":[{"not_picked":["Quick Slash","Outmaneuver"],"picked":"Deadly Poison","floor":1.0},{"not_picked":["Poisoned Stab","Slice","Blade Dance"],"picked":"SKIP","floor":2.0},{"not_picked":["Bane","Calculated Gamble"],"picked":"Escape Plan","floor":7.0},{"not_picked":["Dash","Noxious Fumes"],"picked":"Catalyst","floor":11.0},{"not_picked":["Outmaneuver","Sucker Punch","Masterful Stab"],"picked":"SKIP","floor":12.0},{"not_picked":["Unload","Doppelganger"],"picked":"Venomology","floor":16.0},{"not_picked":["Poisoned Stab","Sucker Punch"],"picked":"Footwork","floor":18.0},{"not_picked":["All Out Attack","PiercingWail","Poisoned Stab"],"picked":"SKIP","floor":22.0},{"not_picked":["Caltrops","Backflip+1","PiercingWail"],"picked":"SKIP","floor":27},{"not_picked":["Outmaneuver","Masterful Stab+1","Dagger Spray"],"picked":"SKIP","floor":29},{"not_picked":["Dagger Spray","Quick Slash+1","Deflect+1"],"picked":"SKIP","floor":30},{"not_picked":["Dagger Throw","Distraction","Concentrate"],"picked":"SKIP","floor":31},{"not_picked":["After Image","Envenom"],"picked":"Venomology","floor":33},{"not_picked":["Acrobatics","Outmaneuver","Flying Knee"],"picked":"SKIP","floor":35},{"not_picked":["Backflip+1","Flying Knee+1","Poisoned Stab"],"picked":"SKIP","floor":38},{"not_picked":["Blade Dance","Blur","Poisoned Stab+1"],"picked":"SKIP","floor":39},{"not_picked":["Cloak And Dagger+1","Leg Sweep"],"picked":"Heel Hook","floor":42},{"not_picked":["Prepared","Caltrops","Outmaneuver"],"picked":"SKIP","floor":46}],"player_experience":331892,"relics_obtained":[{"floor":9.0,"key":"The Courier"},{"floor":19.0,"key":"Nilry\u0027s Codex"},{"floor":21.0,"key":"Red Mask"},{"floor":26.0,"key":"Gremlin Horn"},{"floor":27,"key":"Ornamental Fan"},{"floor":43,"key":"Pen Nib"}],"event_choices":[{"event_name":"Golden Wing","player_choice":"Card Removal","floor":4.0,"damage_taken":0.0},{"event_name":"The Cleric","player_choice":"Card Removal","floor":5.0,"damage_taken":0.0},{"event_name":"Living Wall","player_choice":"Grow","floor":14.0,"damage_taken":0.0},{"event_name":"Cursed Tome","player_choice":"Obtained Book","floor":19.0,"damage_taken":0.0},{"event_name":"Vampires","player_choice":"Ignored","floor":20.0,"damage_taken":0.0},{"event_name":"Masked Bandits","player_choice":"Fought Bandits","floor":21.0,"damage_taken":0.0},{"event_name":"Duplicator","player_choice":"One dupe","floor":36,"damage_taken":0},{"event_name":"Winding Halls","player_choice":"Max HP","floor":41,"damage_taken":0},{"event_name":"Falling","player_choice":"Removed Skill","floor":44,"damage_taken":0},{"event_name":"Mysterious Sphere","player_choice":"Ignore","floor":47,"damage_taken":0},{"event_name":"Tomb of Lord Red Mask","player_choice":"Wore Mask","floor":48,"damage_taken":0}],"is_beta":false,"boss_relics":[{"not_picked":["Pandora\u0027s Box","Snecko Eye"],"picked":"Empty Cage"},{"not_picked":["Philosopher\u0027s Stone","Black Star"],"picked":"Astrolabe"}],"items_purged_floors":[3,13,24,37,45],"is_endless":false,"potions_floor_spawned":[2,11,18,27,29,35,42,46],"ascension_level":0}