{"path_per_floor":["M","?","?","?","M","R","M","M","T","R","M","E","M","M","R","B",null,"M","$","M","?","?","E","M","M","T","M","M","M","?","$","R","B",null,"M","?","?","M","M","R","M","M","T","M","M","?"],"character_chosen":"DEFECT","items_purchased":["Cables","Lantern","Tempest","Whetstone"],"gold_per_floor":[18,18,193,193,204,204,219,232,285,285,301,334,350,368,368,472,472,486,16,28,28,128,158,175,186,234,245,261,272,272,45,45,145,145,163,211,211,229,240,240,253,270,270,280,292,292,292],"floor_reached":47,"campfire_rested":3,"playtime":3714,"item_purchase_floors":[19,19,31,31],"current_hp_per_floor":[74,79,79,72,72,72,69,62,62,62,55,24,19,9,33,21,80,70,70,70,77,77,46,40,33,33,33,21,18,18,18,44,9,87,87,66,61,58,18,44,37,37,37,30,33,22,0],"items_purged":["Defend_B"],"gold":292,"score":507,"play_id":"217b29d5-83df-4410-8961-e28e7fa42522","local_time":"20180525221644","is_prod":false,"is_daily":false,"chose_seed":false,"is_ascension_mode":false,"campfire_upgraded":2,"win_rate":0,"timestamp":1527279404,"campfire_choices":[{"data":"Zap","floor":6,"key":"SMITH"},{"data":"Genetic Algorithm","floor":10,"key":"SMITH"},{"floor":15,"key":"REST"},{"floor":32,"key":"REST"},{"floor":40,"key":"REST"}],"path_taken":["M","?","?","?","M","R","M","M","T","R","M","E","M","M","R","BOSS","M","$","?","?","?","E","M","M","T","M","M","?","?","$","R","BOSS","M","?","?","M","?","R","M","M","T","?","M","?","M"],"build_version":"2018-05-24","seed_source_timestamp":10739911275099,"purchased_purges":1,"victory":false,"master_deck":["Strike_B+1","Strike_B+1","Defend_B","Defend_B","Zap+1","Dualcast+1","Streamline","Redo","Beam Cell","Storm","Genetic Algorithm+1","FTL","Sunder","Chill","Fusion","Barrage","Buffer","Chill+1","Leap","Writhe","Static Discharge+1","Conserve Battery+1","Ball Lightning","Static Discharge+1","Electrodynamics","Tempest","Meteor Strike","Consume","Compile Driver+1","Secret Technique","Master of Strategy","White Noise+1","Stack+1","Coolheaded+1","Madness","Madness"],"max_hp_per_floor":[75,80,80,80,80,80,80,80,80,80,80,80,80,80,80,80,80,80,80,80,87,87,87,87,87,87,87,87,87,87,87,87,87,87,87,87,87,87,87,87,87,87,87,87,87,87,87],"relics":["Cracked Core","Pen Nib","Boot","Inserter","Cables","Lantern","Strawberry","Mercury Hourglass","War Paint","Whetstone","Nuclear Battery","Gambling Chip","Molten Egg 2"],"card_choices":[{"not_picked":["Turbo","Rebound"],"picked":"Beam Cell","floor":1},{"not_picked":["Barrage","Compile Driver"],"picked":"Storm","floor":5},{"not_picked":["Compile Driver","Rebound"],"picked":"Genetic Algorithm","floor":7},{"not_picked":["Barrage","Steam"],"picked":"FTL","floor":8},{"not_picked":["Cold Snap","Streamline"],"picked":"Sunder","floor":11},{"not_picked":["Go for the Eyes","Core Surge"],"picked":"Chill","floor":12},{"not_picked":["Chaos","Rebound"],"picked":"Fusion","floor":13},{"not_picked":["Redo","Compile Driver"],"picked":"Barrage","floor":14},{"not_picked":["Creative AI","Amplify"],"picked":"Buffer","floor":16},{"not_picked":["Redo","Ball Lightning"],"picked":"Chill+1","floor":18},{"not_picked":["Barrage","Reprogram"],"picked":"Leap","floor":20},{"not_picked":["Ball Lightning+1","Steam Power+1"],"picked":"Static Discharge+1","floor":23},{"not_picked":["Sweeping Beam","Stack"],"picked":"Conserve Battery","floor":24},{"not_picked":["Reprogram","Barrage"],"picked":"Ball Lightning","floor":25},{"not_picked":["Rebound+1","Rip and Tear"],"picked":"Static Discharge+1","floor":27},{"not_picked":["Redo","Reprogram+1"],"picked":"Electrodynamics","floor":28},{"not_picked":["Sweeping Beam","Steam+1","Redo"],"picked":"SKIP","floor":29},{"not_picked":["Fission","Buffer"],"picked":"Meteor Strike","floor":33},{"not_picked":["Barrage","Storm+1"],"picked":"Consume","floor":35},{"not_picked":["Skim","Lockon+1"],"picked":"Compile Driver+1","floor":36},{"not_picked":["Purity","Deep Breath"],"picked":"Secret Technique","floor":37},{"not_picked":["Blind","Secret Weapon"],"picked":"Master of Strategy","floor":37},{"not_picked":["Redo+1","Heatsinks","BootSequence+1"],"picked":"SKIP","floor":38},{"not_picked":["Reinforced Body+1","Redo+1"],"picked":"White Noise+1","floor":39},{"not_picked":["Sweeping Beam+1","Beam Cell"],"picked":"Stack+1","floor":41},{"not_picked":["Cold Snap","Ball Lightning+1"],"picked":"Coolheaded+1","floor":42},{"not_picked":["Consume","Turbo","Sweeping Beam+1"],"picked":"SKIP","floor":44},{"not_picked":["Streamline+1","White Noise","Compile Driver+1"],"picked":"SKIP","floor":45}],"player_experience":58451,"potions_floor_usage":[13,16,28,33,33,33,36,47],"damage_taken":[{"damage":1,"enemies":"Cultist","floor":1,"turns":3},{"damage":0,"enemies":"2 Louse","floor":5,"turns":2},{"damage":3,"enemies":"Small Slimes","floor":7,"turns":3},{"damage":7,"enemies":"Blue Slaver","floor":8,"turns":2},{"damage":7,"enemies":"Looter","floor":11,"turns":3},{"damage":31,"enemies":"Lagavulin","floor":12,"turns":5},{"damage":5,"enemies":"3 Louse","floor":13,"turns":2},{"damage":10,"enemies":"Gremlin Gang","floor":14,"turns":4},{"damage":12,"enemies":"Slime Boss","floor":16,"turns":8},{"damage":10,"enemies":"Shell Parasite","floor":18,"turns":5},{"damage":0,"enemies":"2 Thieves","floor":20,"turns":2},{"damage":31,"enemies":"Slavers","floor":23,"turns":5},{"damage":6,"enemies":"Snecko","floor":24,"turns":5},{"damage":7,"enemies":"Snake Plant","floor":25,"turns":4},{"damage":0,"enemies":"Chosen and Byrds","floor":27,"turns":5},{"damage":12,"enemies":"Centurion and Healer","floor":28,"turns":6},{"damage":3,"enemies":"Snecko","floor":29,"turns":5},{"damage":35,"enemies":"Automaton","floor":33,"turns":7},{"damage":0,"enemies":"3 Shapes","floor":35,"turns":3},{"damage":21,"enemies":"Mysterious Sphere","floor":36,"turns":5},{"damage":3,"enemies":"3 Darklings","floor":38,"turns":3},{"damage":40,"enemies":"Spire Growth","floor":39,"turns":4},{"damage":7,"enemies":"Sphere and 2 Shapes","floor":41,"turns":6},{"damage":0,"enemies":"4 Shapes","floor":42,"turns":3},{"damage":7,"enemies":"Flame Bruiser 2 Orb","floor":44,"turns":3},{"damage":4,"enemies":"3 Darklings","floor":45,"turns":4},{"damage":24,"enemies":"Transient","floor":47,"turns":4}],"relics_obtained":[{"floor":9,"key":"Pen Nib"},{"floor":12,"key":"Boot"},{"floor":23,"key":"Mercury Hourglass"},{"floor":26,"key":"War Paint"},{"floor":36,"key":"Gambling Chip"},{"floor":43,"key":"Molten Egg 2"}],"event_choices":[{"event_name":"Big Fish","player_choice":"Donut","floor":2,"damage_taken":0},{"event_name":"Liars Game","player_choice":"agreed","floor":3,"damage_taken":0},{"event_name":"Golden Wing","player_choice":"Card Removal","floor":4,"damage_taken":0},{"event_name":"The Mausoleum","player_choice":"Yes","floor":21,"damage_taken":0},{"event_name":"Golden Shrine","player_choice":"Pray","floor":22,"damage_taken":0},{"event_name":"Back to Basics","player_choice":"Elegance","floor":30,"damage_taken":0},{"event_name":"Mysterious Sphere","player_choice":"Fight","floor":36,"damage_taken":0},{"event_name":"SensoryStone","player_choice":"Memory 2","floor":37,"damage_taken":0},{"event_name":"Winding Halls","player_choice":"Embrace Madness","floor":46,"damage_taken":0}],"boss_relics":[{"not_picked":["Calling Bell","Philosopher\u0027s Stone"],"picked":"Inserter"},{"not_picked":["White Beast Statue","Velvet Choker"],"picked":"Nuclear Battery"}],"items_purged_floors":[19],"potions_floor_spawned":[5,7,12,14,23,27,28,29,33,39,41,42],"seed_played":"-467339754140715666","killed_by":"Transient","ascension_level":0,"potions_obtained":[{"floor":5,"key":"SpeedPotion"},{"floor":7,"key":"Strength Potion"},{"floor":12,"key":"Poison Potion"},{"floor":14,"key":"GamblersBrew"},{"floor":23,"key":"PowerPotion"},{"floor":27,"key":"EssenceOfSteel"},{"floor":28,"key":"EssenceOfSteel"},{"floor":33,"key":"Energy Potion"},{"floor":39,"key":"LiquidBronze"},{"floor":41,"key":"LiquidBronze"},{"floor":42,"key":"Weak Potion"}],"is_trial":false}