{"gold_per_floor":[119,119,169,180,195,195,206,217,217,217,217,233,233,233,233,308,308,326,351,0,0,0,0,0],"floor_reached":24,"playtime":487,"items_purged":[],"score":368,"play_id":"7587ef74-765f-4f30-8a7e-bff61355420e","local_time":"20190308111841","is_ascension_mode":true,"campfire_choices":[{"data":"Searing Blow","floor":6.0,"key":"SMITH"},{"data":"Searing Blow+1","floor":10.0,"key":"SMITH"},{"data":"Searing Blow+3","floor":13.0,"key":"SMITH"},{"data":"Searing Blow+4","floor":15.0,"key":"SMITH"},{"data":"Searing Blow+5","floor":23,"key":"SMITH"}],"neow_cost":"NONE","seed_source_timestamp":704753418403,"circlet_count":0,"master_deck":["AscendersBane","Strike_R","Strike_R","Strike_R","Strike_R","Strike_R","Defend_R","Defend_R","Defend_R","Defend_R","Bash","Exhume","Searing Blow+6","Evolve","True Grit"],"special_seed":0,"relics":["Burning Blood","Pantograph","Runic Dome"],"potions_floor_usage":[],"damage_taken":[{"damage":19.0,"enemies":"Jaw Worm","floor":1.0,"turns":4.0},{"damage":7.0,"enemies":"Cultist","floor":4.0,"turns":4.0},{"damage":14.0,"enemies":"2 Louse","floor":5.0,"turns":3.0},{"damage":13.0,"enemies":"Red Slaver","floor":7.0,"turns":5.0},{"damage":26.0,"enemies":"Exordium Wildlife","floor":8.0,"turns":6.0},{"damage":7.0,"enemies":"3 Louse","floor":12.0,"turns":4.0},{"damage":26.0,"enemies":"Slime Boss","floor":16.0,"turns":7.0},{"damage":31.0,"enemies":"3 Byrds","floor":18.0,"turns":7.0},{"damage":0,"enemies":"Gremlin Leader","floor":24,"turns":2}],"seed_played":"259917283439304043","potions_obtained":[{"floor":1.0,"key":"Swift Potion"},{"floor":8.0,"key":"BloodPotion"},{"floor":12.0,"key":"AttackPotion"},{"floor":14.0,"key":"AttackPotion"}],"is_trial":false,"path_per_floor":["M","?","?","M","M","R","M","M","T","R","?","M","R","?","R","B",null,"M","T","?","?","$","R","E"],"character_chosen":"IRONCLAD","items_purchased":[],"campfire_rested":0,"item_purchase_floors":[],"current_hp_per_floor":[55,60,60,59,51,51,44,24,24,24,24,31,31,31,31,36,69,44,44,44,21,21,21,21],"gold":0,"neow_bonus":"ONE_RANDOM_RARE_CARD","is_prod":false,"is_daily":false,"chose_seed":false,"campfire_upgraded":5,"win_rate":0,"timestamp":1552015121,"path_taken":["M","?","?","M","M","R","M","?","T","R","?","?","R","?","R","BOSS","M","?","?","?","?","R","E"],"build_version":"2019-01-23","purchased_purges":0,"victory":false,"max_hp_per_floor":[75,80,80,80,80,80,80,80,80,80,80,80,80,80,80,80,80,80,80,80,85,85,85,85],"card_choices":[{"not_picked":["Shockwave","True Grit"],"picked":"Searing Blow","floor":1.0},{"not_picked":["Seeing Red","Thunderclap","Sever Soul"],"picked":"SKIP","floor":4.0},{"not_picked":["True Grit","Feel No Pain"],"picked":"Evolve","floor":5.0},{"not_picked":["Clash","Clothesline","Cleave"],"picked":"SKIP","floor":7.0},{"not_picked":["Hemokinesis","Sword Boomerang","Seeing Red"],"picked":"SKIP","floor":8.0},{"not_picked":["Perfected Strike","Evolve"],"picked":"True Grit","floor":12.0},{"not_picked":["Flex","Combust","Spot Weakness"],"picked":"SKIP","floor":18.0}],"player_experience":3397837,"relics_obtained":[{"floor":9.0,"key":"Pantograph"}],"event_choices":[{"damage_healed":0.0,"max_hp_gain":5.0,"max_hp_loss":0.0,"gold_gain":0.0,"event_name":"Big Fish","player_choice":"Donut","floor":2.0,"gold_loss":0.0,"damage_taken":0.0},{"damage_healed":0.0,"max_hp_gain":0.0,"max_hp_loss":0.0,"gold_gain":50.0,"event_name":"Golden Shrine","player_choice":"Pray","floor":3.0,"gold_loss":0.0,"damage_taken":0.0},{"damage_healed":0.0,"max_hp_gain":0.0,"max_hp_loss":0.0,"gold_gain":0.0,"event_name":"Upgrade Shrine","player_choice":"Upgraded","floor":11.0,"gold_loss":0.0,"damage_taken":0.0,"cards_upgraded":["Searing Blow"]},{"damage_healed":0.0,"max_hp_gain":0.0,"max_hp_loss":0.0,"gold_gain":0.0,"event_name":"Lab","player_choice":"Got Potions","floor":14.0,"gold_loss":0.0,"damage_taken":0.0},{"damage_healed":0,"gold_gain":0,"player_choice":"Paid Fearfully","damage_taken":0,"max_hp_gain":0,"max_hp_loss":0,"event_name":"Masked Bandits","floor":20,"gold_loss":351},{"damage_healed":0,"gold_gain":0,"player_choice":"Shed Blood","damage_taken":28,"max_hp_gain":5,"max_hp_loss":0,"event_name":"Forgotten Altar","floor":21,"gold_loss":0}],"is_beta":false,"boss_relics":[{"not_picked":["Black Star","Runic Cube"],"picked":"Runic Dome"}],"items_purged_floors":[],"is_endless":false,"potions_floor_spawned":[1,8,12],"killed_by":"Gremlin Leader","ascension_level":20}