{"gold_per_floor":[119,139,64,64,29,29,55,69,69,69,84,84,84,84,84,182,182,198,181,202,202,202,243,243,267,290,290],"floor_reached":27,"playtime":912,"items_purged":["Strike_G"],"score":512,"play_id":"d334443d-2191-4959-a44c-c94764b4f2ef","local_time":"20190315163125","is_ascension_mode":true,"campfire_choices":[{"data":"Bouncing Flask","floor":6.0,"key":"SMITH"},{"data":"Deadly Poison","floor":10.0,"key":"SMITH"},{"data":"Neutralize","floor":12.0,"key":"SMITH"},{"data":"Survivor","floor":15.0,"key":"SMITH"},{"data":"Burst","floor":24,"key":"SMITH"}],"neow_cost":"TEN_PERCENT_HP_LOSS","seed_source_timestamp":13935024599453,"circlet_count":0,"master_deck":["AscendersBane","Defend_G+1","Defend_G","Defend_G","Defend_G","Strike_G","Survivor+1","Neutralize+1","Calculated Gamble","Terror+1","Bouncing Flask+1","Deadly Poison+1","Venomology","Backflip","Ghostly","Ghostly","Ghostly","Burst+1"],"special_seed":0,"relics":["Ring of the Snake","Sundial","Golden Idol","Velvet Choker","Frozen Egg 2","Smiling Mask"],"potions_floor_usage":[23,23,27,27,27],"damage_taken":[{"damage":0.0,"enemies":"Small Slimes","floor":1.0,"turns":3.0},{"damage":0.0,"enemies":"2 Louse","floor":2.0,"turns":4.0},{"damage":26.0,"enemies":"Gremlin Nob","floor":7.0,"turns":4.0},{"damage":1.0,"enemies":"Jaw Worm","floor":8.0,"turns":3.0},{"damage":3.0,"enemies":"Looter","floor":11.0,"turns":3.0},{"damage":7.0,"enemies":"The Guardian","floor":16.0,"turns":9.0},{"damage":0.0,"enemies":"Spheric Guardian","floor":18.0,"turns":3.0},{"damage":8.0,"enemies":"2 Thieves","floor":19.0,"turns":4.0},{"damage":2.0,"enemies":"Sentry and Sphere","floor":20.0,"turns":5.0},{"damage":0,"enemies":"Book of Stabbing","floor":23,"turns":6},{"damage":0,"enemies":"Snake Plant","floor":25,"turns":4},{"damage":5,"enemies":"Cultist and Chosen","floor":27,"turns":7}],"seed_played":"6888638699138000528","potions_obtained":[{"floor":1.0,"key":"FearPotion"},{"floor":11.0,"key":"SpeedPotion"},{"floor":16.0,"key":"EssenceOfSteel"},{"floor":19.0,"key":"GamblersBrew"},{"floor":20.0,"key":"Poison Potion"},{"floor":25,"key":"SpeedPotion"}],"is_trial":false,"path_per_floor":["M","M","$","?","?","R","E","M","T","R","M","R","?","?","R","B",null,"M","M","M","?","?","E","R","M","T","M"],"character_chosen":"THE_SILENT","items_purchased":[],"campfire_rested":0,"item_purchase_floors":[],"current_hp_per_floor":[59,59,59,41,56,56,30,29,29,29,26,26,26,26,26,19,45,45,51,49,27,27,27,27,27,27,22],"gold":290,"neow_bonus":"TRANSFORM_TWO_CARDS","is_prod":false,"is_daily":false,"chose_seed":false,"campfire_upgraded":5,"win_rate":0,"timestamp":1552638685,"path_taken":["M","M","$","?","?","R","E","M","T","R","M","R","?","?","R","BOSS","M","M","M","?","?","E","R","M","T","M"],"build_version":"2019-01-23","purchased_purges":1,"victory":false,"max_hp_per_floor":[60,60,60,60,60,60,60,60,60,60,60,60,54,54,54,54,54,54,54,54,27,27,27,27,27,27,27],"card_choices":[{"not_picked":["Riddle With Holes","Slice"],"picked":"Bouncing Flask","floor":1.0},{"not_picked":["Prepared","Accuracy","Riddle With Holes"],"picked":"SKIP","floor":2.0},{"not_picked":["Riddle With Holes","Choke","Underhanded Strike"],"picked":"SKIP","floor":7.0},{"not_picked":["Sucker Punch","Cloak And Dagger"],"picked":"Deadly Poison","floor":8.0},{"not_picked":["Outmaneuver","Deadly Poison","Concentrate"],"picked":"SKIP","floor":11.0},{"not_picked":["Envenom","Night Terror"],"picked":"Venomology","floor":16.0},{"not_picked":["Escape Plan","Predator","Reflex"],"picked":"SKIP","floor":18.0},{"not_picked":["Sucker Punch","Predator+1"],"picked":"Backflip","floor":19.0},{"not_picked":["Tactician","Heel Hook","Dagger Throw"],"picked":"SKIP","floor":20.0},{"not_picked":["Bane","Masterful Stab"],"picked":"Burst","floor":23},{"not_picked":["Underhanded Strike","Dodge and Roll","Deadly Poison"],"picked":"SKIP","floor":25},{"not_picked":["Underhanded Strike","Dodge and Roll","Deadly Poison"],"picked":"SKIP","floor":25}],"player_experience":3611354,"relics_obtained":[{"floor":7.0,"key":"Sundial"},{"floor":23,"key":"Frozen Egg 2"},{"floor":26,"key":"Smiling Mask"}],"event_choices":[{"damage_healed":0.0,"max_hp_gain":0.0,"max_hp_loss":0.0,"gold_gain":0.0,"event_name":"Shining Light","player_choice":"Entered Light","floor":4.0,"gold_loss":0.0,"damage_taken":18.0,"cards_upgraded":["Terror","Defend_G"]},{"damage_healed":15.0,"max_hp_gain":0.0,"max_hp_loss":0.0,"gold_gain":0.0,"event_name":"The Cleric","player_choice":"Healed","floor":5.0,"gold_loss":35.0,"damage_taken":0.0},{"damage_healed":0.0,"max_hp_gain":0.0,"max_hp_loss":6.0,"gold_gain":0.0,"event_name":"Golden Idol","player_choice":"Lose Max HP","floor":13.0,"gold_loss":0.0,"damage_taken":0.0,"relics_obtained":["Golden Idol"]},{"cards_removed":["Strike_G"],"damage_healed":0.0,"max_hp_gain":0.0,"max_hp_loss":0.0,"gold_gain":0.0,"event_name":"Living Wall","player_choice":"Forget","floor":14.0,"gold_loss":0.0,"damage_taken":0.0},{"damage_healed":0.0,"max_hp_gain":0.0,"max_hp_loss":27.0,"gold_gain":0.0,"event_name":"Ghosts","player_choice":"Became a Ghost","floor":21.0,"gold_loss":0.0,"damage_taken":0.0,"cards_obtained":["Ghostly","Ghostly","Ghostly"]},{"cards_removed":["Strike_G"],"damage_healed":0,"gold_gain":0,"player_choice":"Offered Basic","damage_taken":0,"max_hp_gain":0,"max_hp_loss":0,"event_name":"Bonfire Elementals","floor":22,"gold_loss":0}],"is_beta":false,"boss_relics":[{"not_picked":["Snecko Eye","Sozu"],"picked":"Velvet Choker"}],"items_purged_floors":[3],"is_endless":false,"potions_floor_spawned":[1,11,16,19,20,25],"killed_by":"Cultist and Chosen","ascension_level":20}