{"gold_per_floor":[113,113,127,202,222,250,250,263,263,263,263,277,277,295,295,398,398,411,411,428,428,67,67,94,105,130,164,181,181,213,233,233,335,335,349,181,181,181,192,192,206,216,263,281,281,7,27,45,45,45],"floor_reached":51,"playtime":1489,"items_purged":["Defend_B","Defend_B"],"score":836,"play_id":"f33e90d8-f817-4287-861a-43e935da3d34","local_time":"20190614141620","is_ascension_mode":false,"campfire_choices":[{"data":"Storm","floor":7.0,"key":"SMITH"},{"data":"Dualcast","floor":10.0,"key":"SMITH"},{"data":"Defragment","floor":13.0,"key":"SMITH"},{"data":"Capacitor","floor":15.0,"key":"SMITH"},{"data":"Storm","floor":23,"key":"SMITH"},{"data":"Storm","floor":29,"key":"SMITH"},{"data":"Defragment","floor":32,"key":"SMITH"},{"data":"Buffer","floor":40,"key":"SMITH"},{"data":"White Noise","floor":45,"key":"SMITH"},{"data":"Capacitor","floor":49,"key":"SMITH"}],"neow_cost":"TEN_PERCENT_HP_LOSS","seed_source_timestamp":12898903075424,"circlet_count":0,"master_deck":["Defend_B","Zap","Dualcast+1","Hyperbeam","Electrodynamics","Storm+1","Coolheaded","Capacitor+1","Self Repair","Defragment+1","Skim","Buffer+1","Echo Form","Fusion","White Noise+1","White Noise+1","Storm+1","BootSequence+1","Electrodynamics","Storm+1","Defragment+1","Capacitor+1","Defragment+1","Storm+1","Static Discharge+1","White Noise+1"],"special_seed":0,"relics":["Cracked Core","Matryoshka","Sundial","Cables","Runic Dome","Runic Capacitor","Thread and Needle","Dream Catcher","Bag of Preparation","Pen Nib","Ancient Tea Set","Philosopher\u0027s Stone","Frozen Egg 2","Regal Pillow","DollysMirror"],"potions_floor_usage":[50],"damage_taken":[{"damage":6.0,"enemies":"Jaw Worm","floor":1.0,"turns":3.0},{"damage":0.0,"enemies":"Small Slimes","floor":3.0,"turns":1.0},{"damage":0.0,"enemies":"2 Louse","floor":5.0,"turns":1.0},{"damage":12.0,"enemies":"3 Sentries","floor":6.0,"turns":3.0},{"damage":0.0,"enemies":"Lots of Slimes","floor":8.0,"turns":1.0},{"damage":0.0,"enemies":"3 Louse","floor":12.0,"turns":2.0},{"damage":11.0,"enemies":"Exordium Wildlife","floor":14.0,"turns":3.0},{"damage":0.0,"enemies":"Slime Boss","floor":16.0,"turns":4.0},{"damage":6,"enemies":"Spheric Guardian","floor":18,"turns":3},{"damage":0,"enemies":"3 Byrds","floor":20,"turns":1},{"damage":40,"enemies":"Gremlin Leader","floor":24,"turns":3},{"damage":5,"enemies":"Sentry and Sphere","floor":25,"turns":3},{"damage":15,"enemies":"Slavers","floor":27,"turns":2},{"damage":3,"enemies":"Centurion and Healer","floor":28,"turns":2},{"damage":9,"enemies":"Book of Stabbing","floor":30,"turns":3},{"damage":0,"enemies":"Snake Plant","floor":31,"turns":2},{"damage":0,"enemies":"Automaton","floor":33,"turns":4},{"damage":0,"enemies":"3 Darklings","floor":35,"turns":2},{"damage":0,"enemies":"Orb Walker","floor":39,"turns":2},{"damage":0,"enemies":"Sphere and 2 Shapes","floor":41,"turns":2},{"damage":0,"enemies":"Maw","floor":42,"turns":3},{"damage":7,"enemies":"Writhing Mass","floor":44,"turns":2},{"damage":4,"enemies":"3 Darklings","floor":47,"turns":2},{"damage":0,"enemies":"Spire Growth","floor":48,"turns":2},{"damage":32,"enemies":"Time Eater","floor":50,"turns":4}],"seed_played":"-7284129253803651369","potions_obtained":[{"floor":1.0,"key":"Dexterity Potion"},{"floor":5.0,"key":"Fire Potion"},{"floor":12.0,"key":"SteroidPotion"},{"floor":16.0,"key":"Block Potion"},{"floor":30,"key":"SkillPotion"}],"is_trial":false,"path_per_floor":["M","?","M","?","M","E","R","M","T","R","?","M","R","M","R","B",null,"M","?","M","?","$","R","E","M","T","E","M","R","E","M","R","B",null,"M","$","?","T","M","R","M","M","T","M","R","$","M","M","R","B",null],"character_chosen":"DEFECT","items_purchased":["Storm","Runic Capacitor","Capacitor","DollysMirror","Static Discharge+1"],"campfire_rested":0,"item_purchase_floors":[22,22,36,46,46],"current_hp_per_floor":[62,67,67,56,56,44,44,44,44,44,44,51,51,40,40,47,73,73,73,73,73,73,73,47,49,49,41,45,45,43,43,43,50,73,73,73,73,73,73,73,73,73,73,73,73,73,73,73,73,41],"gold":45,"neow_bonus":"TRANSFORM_TWO_CARDS","is_prod":false,"is_daily":false,"chose_seed":false,"campfire_upgraded":10,"win_rate":0,"timestamp":1560492980,"path_taken":["M","?","M","?","M","E","R","M","T","R","?","M","R","?","R","BOSS","M","?","M","?","$","R","E","M","T","E","M","R","E","M","R","BOSS","M","$","?","?","?","R","M","M","T","M","R","$","?","M","R","BOSS"],"build_version":"2019-01-23","purchased_purges":2,"victory":true,"max_hp_per_floor":[68,73,73,73,73,73,73,73,73,73,73,73,73,73,73,73,73,73,73,73,73,73,73,73,73,73,73,73,73,73,73,73,73,73,73,73,73,73,73,73,73,73,73,73,73,73,73,73,73,73],"card_choices":[{"not_picked":["Self Repair","Melter"],"picked":"Storm","floor":1.0},{"not_picked":["Redo","Hologram"],"picked":"Coolheaded","floor":3.0},{"not_picked":["Double Energy","Go for the Eyes","Compile Driver"],"picked":"SKIP","floor":5.0},{"not_picked":["Stack","Chill"],"picked":"Capacitor","floor":6.0},{"not_picked":["Beam Cell","Redo"],"picked":"Self Repair","floor":8.0},{"not_picked":["Go for the Eyes","Cold Snap"],"picked":"Defragment","floor":12.0},{"not_picked":["Redo","Barrage"],"picked":"Skim","floor":14.0},{"not_picked":["Machine Learning","All For One"],"picked":"Buffer","floor":16.0},{"not_picked":["Leap","Beam Cell+1","Force Field+1"],"picked":"SKIP","floor":18},{"not_picked":["Turbo+1","Ball Lightning"],"picked":"White Noise+1","floor":20},{"not_picked":["Hologram","Cold Snap","Barrage"],"picked":"SKIP","floor":24},{"not_picked":["BootSequence+1","Auto Shields","Stack"],"picked":"SKIP","floor":25},{"not_picked":["Auto Shields","Stack"],"picked":"BootSequence+1","floor":25},{"not_picked":["Steam Power","Tempest"],"picked":"Electrodynamics","floor":27},{"not_picked":["Beam Cell","Glacier+1"],"picked":"Storm","floor":28},{"not_picked":["Conserve Battery","Multi-Cast"],"picked":"Defragment","floor":30},{"not_picked":["Hologram+1","Chill","Leap+1"],"picked":"SKIP","floor":31},{"not_picked":["Cold Snap","Reinforced Body","Go for the Eyes+1"],"picked":"SKIP","floor":35},{"not_picked":["Conserve Battery","Barrage+1","Turbo"],"picked":"SKIP","floor":39},{"not_picked":["Rebound","Streamline+1","Auto Shields"],"picked":"SKIP","floor":41},{"not_picked":["Steam","Heatsinks+1"],"picked":"Defragment+1","floor":42},{"not_picked":["Conserve Battery","Ball Lightning+1","Barrage"],"picked":"SKIP","floor":44},{"not_picked":["Sunder","Loop+1"],"picked":"White Noise+1","floor":47},{"not_picked":["Hologram+1","Ball Lightning+1","Beam Cell"],"picked":"SKIP","floor":48}],"player_experience":5191836,"relics_obtained":[{"floor":6.0,"key":"Matryoshka"},{"floor":9.0,"key":"Sundial"},{"floor":9.0,"key":"Cables"},{"floor":24,"key":"Thread and Needle"},{"floor":26,"key":"Dream Catcher"},{"floor":26,"key":"Bag of Preparation"},{"floor":27,"key":"Pen Nib"},{"floor":30,"key":"Ancient Tea Set"},{"floor":38,"key":"Frozen Egg 2"},{"floor":43,"key":"Regal Pillow"}],"event_choices":[{"damage_healed":0.0,"max_hp_gain":5.0,"max_hp_loss":0.0,"gold_gain":0.0,"event_name":"Big Fish","player_choice":"Donut","floor":2.0,"gold_loss":0.0,"damage_taken":0.0},{"damage_healed":0.0,"max_hp_gain":0.0,"max_hp_loss":0.0,"gold_gain":75.0,"event_name":"World of Goop","player_choice":"Gather Gold","floor":4.0,"gold_loss":0.0,"damage_taken":11.0},{"cards_removed":["Strike_B"],"damage_healed":0.0,"max_hp_gain":0.0,"max_hp_loss":0.0,"gold_gain":0.0,"event_name":"Bonfire Elementals","player_choice":"Offered Basic","floor":11.0,"gold_loss":0.0,"damage_taken":0.0},{"damage_healed":0,"gold_gain":0,"cards_transformed":["Strike_B","Defend_B"],"player_choice":"Became Test Subject","damage_taken":0,"max_hp_gain":0,"max_hp_loss":0,"event_name":"Drug Dealer","floor":19,"gold_loss":0,"cards_obtained":["Echo Form","Fusion"]},{"damage_healed":0,"gold_gain":0,"player_choice":"Read","damage_taken":0,"max_hp_gain":0,"max_hp_loss":0,"event_name":"The Library","floor":21,"gold_loss":0,"cards_obtained":["White Noise"]},{"damage_healed":0,"gold_gain":0,"player_choice":"Ignored","damage_taken":0,"max_hp_gain":0,"max_hp_loss":0,"event_name":"Tomb of Lord Red Mask","floor":37,"gold_loss":0}],"is_beta":false,"boss_relics":[{"not_picked":["Astrolabe","Cursed Key"],"picked":"Runic Dome"},{"not_picked":["Snecko Eye","Eternal Feather"],"picked":"Philosopher\u0027s Stone"}],"items_purged_floors":[22,36],"is_endless":false,"potions_floor_spawned":[1,5,12,16,20,24,30,31,35,41,42,47],"ascension_level":0}