{"gold_per_floor":[366,316,128,128,145,204,204,204,231,231,255,271,271,284,284,407,407,422,137,158,182,182,182,182,223,223,98,116,116,116,131,131,250,250,263,288,304,84,98,98,118,118,118,137,137,152,152,175,175,175],"floor_reached":51,"playtime":1521,"items_purged":["Strike_G","Strike_G","Strike_G","Strike_G"],"score":846,"play_id":"557a3bbf-8cca-447c-b48c-efa0906ebe31","local_time":"20181016084218","is_ascension_mode":false,"campfire_choices":[{"data":"Catalyst","floor":7.0,"key":"SMITH"},{"data":"Well Laid Plans","floor":10.0,"key":"SMITH"},{"data":"Bouncing Flask","floor":13.0,"key":"SMITH"},{"data":"Deadly Poison","floor":15.0,"key":"SMITH"},{"data":"Apotheosis","floor":23.0,"key":"SMITH"},{"data":"Noxious Fumes","floor":30.0,"key":"SMITH"},{"data":"Malaise","floor":32.0,"key":"SMITH"},{"data":"Crippling Poison","floor":40,"key":"SMITH"},{"data":"Ghostly","floor":42,"key":"SMITH"},{"data":"Ghostly","floor":45,"key":"SMITH"},{"data":"Ghostly","floor":47,"key":"SMITH"},{"data":"Ghostly","floor":49,"key":"SMITH"}],"neow_cost":"CURSE","seed_source_timestamp":2057904677544,"circlet_count":0,"master_deck":["Defend_G","Defend_G","Defend_G","Defend_G","Defend_G","Strike_G","Survivor","Neutralize","Bouncing Flask+1","Catalyst+1","Well Laid Plans+1","Deadly Poison+1","Noxious Fumes+1","Apotheosis+1","Malaise+1","Ghostly+1","Ghostly+1","Ghostly+1","Ghostly","Ghostly+1","Deadly Poison","Backflip","Corpse Explosion","Crippling Poison+1","Well Laid Plans+1","Corpse Explosion","Deadly Poison+1"],"special_seed":0,"relics":["Ring of the Snake","Tiny Chest","Golden Idol","Strawberry","Coffee Dripper","Letter Opener","Snake Skull","Question Card","Cursed Key"],"potions_floor_usage":[50],"damage_taken":[{"damage":0.0,"enemies":"2 Louse","floor":1.0,"turns":2.0},{"damage":1.0,"enemies":"Small Slimes","floor":5.0,"turns":3.0},{"damage":29.0,"enemies":"3 Sentries","floor":6.0,"turns":13.0},{"damage":0.0,"enemies":"Cultist","floor":11.0,"turns":4.0},{"damage":6.0,"enemies":"Large Slime","floor":12.0,"turns":7.0},{"damage":2.0,"enemies":"Looter","floor":14.0,"turns":2.0},{"damage":14.0,"enemies":"Hexaghost","floor":16.0,"turns":6.0},{"damage":5.0,"enemies":"2 Thieves","floor":18.0,"turns":4.0},{"damage":10.0,"enemies":"Shell Parasite","floor":20.0,"turns":4.0},{"damage":8.0,"enemies":"Cultist and Chosen","floor":21.0,"turns":7.0},{"damage":3.0,"enemies":"Slavers","floor":25.0,"turns":6.0},{"damage":0.0,"enemies":"Centurion and Healer","floor":28.0,"turns":6.0},{"damage":0.0,"enemies":"Snake Plant","floor":31.0,"turns":4.0},{"damage":0.0,"enemies":"Champ","floor":33.0,"turns":7.0},{"damage":1,"enemies":"Orb Walker","floor":35,"turns":4},{"damage":0,"enemies":"3 Shapes","floor":36,"turns":3},{"damage":0,"enemies":"3 Darklings","floor":37,"turns":2},{"damage":0,"enemies":"Transient","floor":39,"turns":5},{"damage":0,"enemies":"Reptomancer","floor":41,"turns":5},{"damage":0,"enemies":"Spire Growth","floor":44,"turns":5},{"damage":0,"enemies":"Transient","floor":46,"turns":5},{"damage":0,"enemies":"Maw","floor":48,"turns":4},{"damage":0,"enemies":"Time Eater","floor":50,"turns":7}],"seed_played":"7731794918685746807","potions_obtained":[{"floor":1.0,"key":"EssenceOfSteel"},{"floor":11.0,"key":"Fire Potion"},{"floor":16.0,"key":"EssenceOfSteel"},{"floor":21.0,"key":"Fire Potion"},{"floor":33.0,"key":"Ancient Potion"}],"is_trial":false,"path_per_floor":["M","?","$","?","M","E","R","?","T","R","M","M","R","M","R","B",null,"M","$","M","M","?","R","?","E","T","$","M","$","R","M","R","B",null,"M","M","M","$","M","R","M","R","T","M","R","M","R","M","R","B"],"character_chosen":"THE_SILENT","items_purchased":["Catalyst","Well Laid Plans","Apotheosis","Corpse Explosion"],"campfire_rested":0,"item_purchase_floors":[3,3,19,38],"current_hp_per_floor":[70,70,70,70,69,40,40,23,30,30,30,24,24,22,22,8,77,72,72,62,54,38,38,38,35,35,35,35,35,35,35,35,35,38,37,37,37,37,37,37,37,37,37,37,37,37,37,37,37,37],"gold":175,"neow_bonus":"TWO_FIFTY_GOLD","is_prod":false,"is_daily":false,"chose_seed":false,"campfire_upgraded":12,"win_rate":0,"timestamp":1539650538,"path_taken":["M","?","$","?","?","E","R","?","T","R","M","M","R","M","R","BOSS","M","$","M","M","?","R","?","E","T","$","?","?","R","M","R","BOSS","M","?","M","?","?","R","M","R","T","M","R","M","R","M","R","BOSS"],"build_version":"2018-10-11","purchased_purges":4,"victory":true,"max_hp_per_floor":[70,70,70,70,70,70,70,70,77,77,77,77,77,77,77,77,77,77,77,77,77,38,38,38,38,38,38,38,38,38,38,38,38,38,38,38,38,38,38,38,38,38,38,38,38,38,38,38,38,38],"card_choices":[{"not_picked":["Concentrate","Cloak And Dagger"],"picked":"Bouncing Flask","floor":1.0},{"not_picked":["Dagger Throw","Infinite Blades","Blade Dance"],"picked":"SKIP","floor":5.0},{"not_picked":["Deflect","Finisher","Heel Hook"],"picked":"SKIP","floor":6.0},{"not_picked":["Outmaneuver","Backstab","Quick Slash"],"picked":"SKIP","floor":11.0},{"not_picked":["Masterful Stab","Setup"],"picked":"Deadly Poison","floor":12.0},{"not_picked":["Blur","Expertise","Outmaneuver"],"picked":"SKIP","floor":14.0},{"not_picked":["Backstab","PiercingWail"],"picked":"Noxious Fumes","floor":18.0},{"not_picked":["Dagger Spray+1","Sucker Punch","Acrobatics"],"picked":"SKIP","floor":20.0},{"not_picked":["Acrobatics","Outmaneuver"],"picked":"Malaise","floor":21.0},{"not_picked":["Slice","Acrobatics+1","Bullet Time"],"picked":"SKIP","floor":25.0},{"not_picked":["Choke+1","Deflect","Cloak And Dagger"],"picked":"Deadly Poison","floor":28.0},{"not_picked":["Poisoned Stab","Quick Slash+1","Cloak And Dagger+1"],"picked":"Backflip","floor":31.0},{"not_picked":["Grand Finale","Wraith Form v2","Die Die Die"],"picked":"Corpse Explosion","floor":33.0},{"not_picked":["Deflect","Predator+1","Poisoned Stab","Dash"],"picked":"SKIP","floor":35},{"not_picked":["Infinite Blades","Acrobatics","Calculated Gamble"],"picked":"Crippling Poison","floor":36},{"not_picked":["Accuracy","All Out Attack","Masterful Stab"],"picked":"Well Laid Plans+1","floor":37},{"not_picked":["Predator","Flying Knee+1","Dagger Throw+1","Poisoned Stab"],"picked":"SKIP","floor":39},{"not_picked":["Prepared+1","Bane+1","Acrobatics","Slice+1"],"picked":"SKIP","floor":41},{"not_picked":["Outmaneuver+1","Backstab+1","Sucker Punch+1","Bane+1"],"picked":"SKIP","floor":44},{"not_picked":["Phantasmal Killer","Expertise+1","Heel Hook+1","PiercingWail+1"],"picked":"SKIP","floor":46},{"not_picked":["PiercingWail+1","Underhanded Strike","Flying Knee+1"],"picked":"Deadly Poison+1","floor":48}],"player_experience":239316,"relics_obtained":[{"floor":6.0,"key":"Tiny Chest"},{"floor":9.0,"key":"Strawberry"},{"floor":25.0,"key":"Snake Skull"},{"floor":26.0,"key":"Question Card"}],"event_choices":[{"event_name":"The Cleric","player_choice":"Card Removal","floor":2.0,"damage_taken":0.0},{"event_name":"Liars Game","player_choice":"disagreed","floor":4.0,"damage_taken":0.0},{"event_name":"Golden Idol","player_choice":"Take Damage","floor":8.0,"damage_taken":0.0},{"event_name":"Ghosts","player_choice":"Became a Ghost","floor":22.0,"damage_taken":0.0},{"event_name":"The Mausoleum","player_choice":"Yes","floor":24.0,"damage_taken":0.0}],"is_beta":false,"boss_relics":[{"not_picked":["Ectoplasm","Lizard Tail"],"picked":"Coffee Dripper"},{"not_picked":["HoveringKite","Pandora\u0027s Box"],"picked":"Cursed Key"}],"items_purged_floors":[3,19,27,38],"is_endless":false,"potions_floor_spawned":[1,11,16,21,25,28,33,36,37,39,46],"ascension_level":0}