{"gold_per_floor":[359,339,351,61,61,89,103,103,103,132,132,132,132,153,153,247,247,261,274,24,43,66,66,110,110,179,179,222,245,245,260,260,351,351,371,13,13,38,0,0,36,59,140,140,174,507,507,558,558,558,558,558,558,37,68,68],"floor_reached":57,"playtime":5752,"items_purged":["Phantasmal Killer"],"score":2862,"play_id":"d03e0c80-7b72-477b-bb78-38b03bae4e94","local_time":"20190724213745","is_ascension_mode":true,"campfire_choices":[{"floor":8.0,"key":"REST"},{"floor":12.0,"key":"REST"},{"floor":15.0,"key":"REST"},{"data":"Well Laid Plans","floor":23.0,"key":"SMITH"},{"floor":27.0,"key":"REST"},{"floor":32.0,"key":"REST"},{"data":"Outmaneuver","floor":40,"key":"SMITH"},{"floor":44,"key":"RECALL"},{"floor":49,"key":"REST"},{"data":"After Image","floor":53,"key":"SMITH"}],"neow_cost":"PERCENT_DAMAGE","seed_source_timestamp":0,"circlet_count":0,"master_deck":["AscendersBane","Survivor","Neutralize","Sucker Punch","Cloak And Dagger","Well Laid Plans+1","Predator","Heel Hook","Backflip","Unload","Deadly Poison","After Image+1","Outmaneuver+1","Finisher","Backflip","Grand Finale","Bane","Dagger Throw","Grand Finale","Backflip","Tactician","Noxious Fumes","Malaise","Leg Sweep+1","Calculated Gamble+1","PiercingWail+1","Burst+1","PiercingWail+1","Crippling Poison+1","Deflect+1","Corpse Explosion+1","Tactician+1","Parasite","Blade Dance+1","Blade Dance+1","Well Laid Plans","Thinking Ahead+1","After Image"],"special_seed":0,"relics":["Ring of the Snake","Vajra","Bottled Lightning","Gambling Chip","Dream Catcher","Bronze Scales","Pear","Pandora\u0027s Box","PreservedInsect","Matryoshka","Toxic Egg 2","Meat on the Bone","Oddly Smooth Stone","Dead Branch","Cursed Key","Bottled Tornado","Red Mask","Smiling Mask","Happy Flower","Gremlin Horn","Tingsha","Frozen Eye","Tough Bandages"],"potions_floor_usage":[48],"damage_taken":[{"damage":11.0,"enemies":"Cultist","floor":1.0,"turns":6.0},{"damage":0.0,"enemies":"2 Louse","floor":3.0,"turns":4.0},{"damage":27.0,"enemies":"Gremlin Nob","floor":6.0,"turns":5.0},{"damage":0.0,"enemies":"Small Slimes","floor":7.0,"turns":3.0},{"damage":22.0,"enemies":"Lagavulin","floor":10.0,"turns":5.0},{"damage":1.0,"enemies":"Blue Slaver","floor":14.0,"turns":3.0},{"damage":21.0,"enemies":"The Guardian","floor":16.0,"turns":10.0},{"damage":4.0,"enemies":"3 Byrds","floor":18.0,"turns":3.0},{"damage":7.0,"enemies":"Shell Parasite","floor":19.0,"turns":4.0},{"damage":13.0,"enemies":"Snecko","floor":21.0,"turns":4.0},{"damage":9.0,"enemies":"Snake Plant","floor":22.0,"turns":4.0},{"damage":0.0,"enemies":"Gremlin Leader","floor":24.0,"turns":3.0},{"damage":8.0,"enemies":"Book of Stabbing","floor":28.0,"turns":3.0},{"damage":29.0,"enemies":"3 Cultists","floor":29.0,"turns":5.0},{"damage":25.0,"enemies":"Shelled Parasite and Fungi","floor":31.0,"turns":4.0},{"damage":26.0,"enemies":"Automaton","floor":33.0,"turns":8.0},{"damage":0,"enemies":"3 Darklings","floor":35,"turns":2},{"damage":0,"enemies":"3 Shapes","floor":38,"turns":6},{"damage":27,"enemies":"Nemesis","floor":41,"turns":7},{"damage":2,"enemies":"Spire Growth","floor":42,"turns":4},{"damage":7,"enemies":"Giant Head","floor":45,"turns":6},{"damage":2,"enemies":"2 Orb Walkers","floor":48,"turns":5},{"damage":6,"enemies":"Time Eater","floor":50,"turns":13},{"damage":51,"enemies":"Donu and Deca","floor":51,"turns":7},{"damage":0,"enemies":"Shield and Spear","floor":55,"turns":3},{"damage":22,"enemies":"The Heart","floor":56,"turns":11}],"seed_played":"-2042552785724349607","potions_obtained":[{"floor":2.0,"key":"GhostInAJar"},{"floor":6.0,"key":"Explosive Potion"},{"floor":10.0,"key":"GhostInAJar"},{"floor":16.0,"key":"Regen Potion"},{"floor":18.0,"key":"AttackPotion"},{"floor":21.0,"key":"Energy Potion"},{"floor":29.0,"key":"Ancient Potion"},{"floor":33.0,"key":"Strength Potion"},{"floor":42,"key":"GhostInAJar"}],"is_trial":false,"path_per_floor":["M","?","M","$","T","E","M","R","T","E","?","R","?","M","R","B",null,"M","M","$","M","M","R","E","?","T","R","E","M","?","M","R","B",null,"M","$","?","M","?","R","E","M","T","R","E","?","T","?","R","B","B",null,"R","$","E","B",null],"character_chosen":"THE_SILENT","items_purchased":["Well Laid Plans","Predator","Vajra","PreservedInsect","Noxious Fumes","Bottled Tornado","Crippling Poison+1","Frozen Eye","Well Laid Plans","Thinking Ahead+1"],"campfire_rested":6,"item_purchase_floors":[4,4,4,20,20,36,36,54,54,54],"current_hp_per_floor":[33,33,33,33,33,6,6,25,25,3,3,21,26,25,46,25,59,60,53,53,40,31,31,31,31,31,52,44,27,27,14,35,21,58,58,58,58,58,58,58,43,41,41,41,46,46,46,44,65,59,20,58,58,58,58,36],"gold":68,"neow_bonus":"TWO_FIFTY_GOLD","is_prod":false,"is_daily":false,"chose_seed":false,"campfire_upgraded":3,"win_rate":0,"timestamp":1563997065,"path_taken":["M","?","M","$","?","E","M","R","T","E","?","R","?","M","R","BOSS","M","M","$","M","M","R","E","?","T","R","E","M","?","?","R","BOSS","M","$","?","M","?","R","E","M","T","R","E","?","?","?","R","BOSS","BOSS","R","$","E","BOSS"],"build_version":"2019-07-17","purchased_purges":1,"victory":true,"max_hp_per_floor":[66,66,66,66,66,66,66,66,66,66,60,60,70,70,70,70,70,70,70,70,70,70,70,70,70,70,70,70,70,70,70,70,70,70,70,70,70,70,70,70,70,70,70,70,70,70,70,70,70,70,70,70,70,70,70,70],"card_choices":[{"not_picked":["Underhanded Strike","Deflect"],"picked":"Sucker Punch","floor":1.0},{"not_picked":["Dodge and Roll","Outmaneuver"],"picked":"Cloak And Dagger","floor":3.0},{"not_picked":["Accuracy","Acrobatics"],"picked":"Heel Hook","floor":6.0},{"not_picked":["Riddle With Holes","Dodge and Roll"],"picked":"Backflip","floor":7.0},{"not_picked":["Quick Slash","Masterful Stab","Prepared"],"picked":"SKIP","floor":10.0},{"not_picked":["Reflex","Masterful Stab"],"picked":"Unload","floor":12.0},{"not_picked":["Reflex","Poisoned Stab"],"picked":"Deadly Poison","floor":14.0},{"not_picked":["Doppelganger","Grand Finale"],"picked":"After Image","floor":16.0},{"not_picked":["Poisoned Stab+1","Prepared"],"picked":"Tactician","floor":18.0},{"not_picked":["Dodge and Roll","Cloak And Dagger","Slice"],"picked":"SKIP","floor":19.0},{"not_picked":["Dodge and Roll","Cloak And Dagger","Blade Dance"],"picked":"SKIP","floor":21.0},{"not_picked":["Tactician","Backflip"],"picked":"Malaise","floor":22.0},{"not_picked":["Leg Sweep","Quick Slash","Finisher"],"picked":"SKIP","floor":24.0},{"not_picked":["Leg Sweep","Quick Slash","Finisher"],"picked":"SKIP","floor":24.0},{"not_picked":["Leg Sweep","Quick Slash","Finisher"],"picked":"SKIP","floor":24.0},{"not_picked":["Night Terror+1","Outmaneuver+1"],"picked":"Leg Sweep+1","floor":28.0},{"not_picked":["Quick Slash","Dagger Spray"],"picked":"Calculated Gamble+1","floor":29.0},{"not_picked":["Blade Dance+1","Accuracy","Poisoned Stab"],"picked":"SKIP","floor":31.0},{"not_picked":["Predator","Quick Slash"],"picked":"PiercingWail+1","floor":32.0},{"not_picked":["Venomology+1","A Thousand Cuts"],"picked":"Burst+1","floor":33.0},{"not_picked":["Outmaneuver+1","Cloak And Dagger+1"],"picked":"PiercingWail+1","floor":35},{"not_picked":["Slice","Unload"],"picked":"Deflect+1","floor":38},{"not_picked":["Dagger Spray","Eviscerate"],"picked":"Corpse Explosion+1","floor":41},{"not_picked":["Dagger Throw","Outmaneuver+1"],"picked":"Tactician+1","floor":42},{"not_picked":["Terror+1","Bane+1"],"picked":"Blade Dance+1","floor":45},{"not_picked":["Setup+1","Bane+1"],"picked":"Blade Dance+1","floor":48},{"not_picked":["All Out Attack","Crippling Poison+1"],"picked":"After Image","floor":55}],"player_experience":758974,"relics_obtained":[{"floor":5.0,"key":"Bottled Lightning"},{"floor":6.0,"key":"Gambling Chip"},{"floor":9.0,"key":"Dream Catcher"},{"floor":10.0,"key":"Bronze Scales"},{"floor":24.0,"key":"Matryoshka"},{"floor":26.0,"key":"Toxic Egg 2"},{"floor":26.0,"key":"Meat on the Bone"},{"floor":28.0,"key":"Oddly Smooth Stone"},{"floor":41,"key":"Smiling Mask"},{"floor":43,"key":"Happy Flower"},{"floor":45,"key":"Gremlin Horn"},{"floor":48,"key":"Tingsha"},{"floor":55,"key":"Tough Bandages"}],"event_choices":[{"damage_healed":0.0,"max_hp_gain":0.0,"max_hp_loss":0.0,"gold_gain":0.0,"event_name":"The Woman in Blue","player_choice":"Bought 1 Potion","floor":2.0,"gold_loss":0.0,"damage_taken":0.0},{"damage_healed":0.0,"max_hp_gain":0.0,"max_hp_loss":6.0,"gold_gain":0.0,"event_name":"Golden Idol","player_choice":"Lose Max HP","floor":11.0,"gold_loss":0.0,"damage_taken":0.0,"relics_obtained":["Golden Idol"]},{"damage_healed":0.0,"max_hp_gain":0.0,"max_hp_loss":0.0,"gold_gain":0.0,"event_name":"Scrap Ooze","player_choice":"Success","floor":13.0,"gold_loss":0.0,"damage_taken":5.0,"relics_obtained":["Pear"]},{"damage_healed":0.0,"max_hp_gain":0.0,"max_hp_loss":0.0,"gold_gain":0.0,"event_name":"Vampires","player_choice":"Ignored","floor":25.0,"gold_loss":0.0,"damage_taken":0.0},{"damage_healed":0.0,"max_hp_gain":0.0,"max_hp_loss":0.0,"gold_gain":0.0,"event_name":"WeMeetAgain","player_choice":"Gave Potion","floor":30.0,"gold_loss":0.0,"damage_taken":0.0,"relics_obtained":["Dead Branch"]},{"cards_removed":["Slice"],"damage_healed":0,"gold_gain":0,"player_choice":"Removed Attack","damage_taken":0,"max_hp_gain":0,"max_hp_loss":0,"event_name":"Falling","floor":37,"gold_loss":0},{"damage_healed":0,"gold_gain":0,"player_choice":"Paid","damage_taken":0,"relics_obtained":["Red Mask"],"max_hp_gain":0,"max_hp_loss":0,"event_name":"Tomb of Lord Red Mask","floor":39,"gold_loss":38},{"damage_healed":0,"gold_gain":333,"player_choice":"Gave Idol","damage_taken":0,"max_hp_gain":0,"max_hp_loss":0,"event_name":"The Moai Head","floor":46,"relics_lost":["Golden Idol"],"gold_loss":0},{"damage_healed":0,"gold_gain":0,"player_choice":"Fight","damage_taken":0,"max_hp_gain":0,"max_hp_loss":0,"event_name":"Mysterious Sphere","floor":48,"gold_loss":0}],"is_beta":false,"boss_relics":[{"not_picked":["Velvet Choker","Coffee Dripper"],"picked":"Pandora\u0027s Box"},{"not_picked":["Astrolabe","Lizard Tail"],"picked":"Cursed Key"}],"items_purged_floors":[54],"is_endless":false,"potions_floor_spawned":[6,10,16,18,21,29,33,41,42],"ascension_level":20}