{"gold_per_floor":[114,35,53,73,73,73,101,101,101,101,101,17,17,48,48,142,142,158,178,228,228,228,228],"floor_reached":23,"playtime":823,"items_purged":["Strike_G"],"score":390,"play_id":"d7955a95-b2c1-4e88-8904-38b11a36f7ea","local_time":"20190718214709","is_ascension_mode":true,"campfire_choices":[{"data":"Skewer","floor":6,"key":"SMITH"},{"data":"Crippling Poison","floor":8,"key":"SMITH"},{"data":"Well Laid Plans","floor":10,"key":"SMITH"},{"data":"Deadly Poison","floor":13,"key":"SMITH"},{"data":"Neutralize","floor":15,"key":"SMITH"}],"neow_cost":"NONE","seed_source_timestamp":130705738707652,"circlet_count":0,"master_deck":["AscendersBane","Strike_G","Strike_G","Strike_G","Strike_G","Defend_G","Defend_G","Defend_G","Defend_G","Defend_G","Survivor","Neutralize+1","Crippling Poison+1","Well Laid Plans+1","Skewer+1","Deadly Poison+1","Dagger Spray","Cloak And Dagger","Noxious Fumes","Adrenaline","Dagger Throw","Footwork"],"relics":["Ring of the Serpent","NeowsBlessing","The Courier","Juzu Bracelet","Golden Idol","Shuriken","Toxic Egg 2"],"potions_floor_usage":[7,14,16],"damage_taken":[{"damage":0,"enemies":"Cultist","floor":1,"turns":1},{"damage":0,"enemies":"Small Slimes","floor":3,"turns":1},{"damage":0,"enemies":"Jaw Worm","floor":4,"turns":1},{"damage":22,"enemies":"Lagavulin","floor":7,"turns":6},{"damage":11,"enemies":"3 Sentries","floor":14,"turns":6},{"damage":23,"enemies":"The Guardian","floor":16,"turns":8},{"damage":24,"enemies":"2 Thieves","floor":18,"turns":4},{"damage":4,"enemies":"Chosen","floor":19,"turns":5},{"damage":26,"enemies":"Gremlin Leader","floor":23,"turns":3}],"seed_played":"3744729281940521555","potions_obtained":[{"floor":1,"key":"Regen Potion"},{"floor":4,"key":"PowerPotion"},{"floor":7,"key":"Poison Potion"}],"is_trial":false,"path_per_floor":["M","$","M","M","?","R","E","R","T","R","?","$","R","E","R","B",null,"M","M","?","?","T","E"],"character_chosen":"THE_SILENT","items_purchased":["Well Laid Plans","Cloak And Dagger"],"campfire_rested":0,"item_purchase_floors":[2,12],"current_hp_per_floor":[59,59,59,59,59,59,49,49,49,49,49,49,49,38,38,15,49,25,21,21,12,12,0],"gold":228,"neow_bonus":"THREE_ENEMY_KILL","is_prod":false,"is_daily":false,"chose_seed":false,"campfire_upgraded":5,"win_rate":0,"timestamp":1563479229,"path_taken":["M","?","?","M","?","R","E","R","T","R","?","$","R","E","R","BOSS","M","M","?","?","?","E"],"build_version":"2019-07-17","purchased_purges":1,"victory":false,"max_hp_per_floor":[66,66,66,66,66,66,66,66,66,66,60,60,60,60,60,60,60,60,60,60,60,60,60],"card_choices":[{"not_picked":["Distraction","Bane"],"picked":"Crippling Poison","floor":1},{"not_picked":["Flying Knee","Backflip"],"picked":"Skewer","floor":3},{"not_picked":["Flechettes","Riddle With Holes"],"picked":"Deadly Poison","floor":4},{"not_picked":["Underhanded Strike","Concentrate"],"picked":"Dagger Spray","floor":7},{"not_picked":["Underhanded Strike","Acrobatics"],"picked":"Noxious Fumes","floor":14},{"not_picked":["Storm of Steel","Envenom"],"picked":"Adrenaline","floor":16},{"not_picked":["Deadly Poison","Underhanded Strike+1"],"picked":"Dagger Throw","floor":18},{"not_picked":["Infinite Blades","Skewer"],"picked":"Footwork","floor":19}],"player_experience":713991,"relics_obtained":[{"floor":7,"key":"The Courier"},{"floor":9,"key":"Juzu Bracelet"},{"floor":14,"key":"Shuriken"},{"floor":22,"key":"Toxic Egg 2"}],"event_choices":[{"damage_healed":0,"gold_gain":0,"player_choice":"Leave","damage_taken":0,"max_hp_gain":0,"max_hp_loss":0,"event_name":"The Cleric","floor":5,"gold_loss":0},{"damage_healed":0,"gold_gain":0,"player_choice":"Lose Max HP","damage_taken":0,"relics_obtained":["Golden Idol"],"max_hp_gain":0,"max_hp_loss":6,"event_name":"Golden Idol","floor":11,"gold_loss":0},{"damage_healed":0,"gold_gain":50,"player_choice":"Stole From Cult","damage_taken":0,"max_hp_gain":0,"max_hp_loss":0,"event_name":"Nest","floor":20,"gold_loss":0},{"damage_healed":0,"gold_gain":0,"player_choice":"Stopped","damage_taken":9,"max_hp_gain":0,"max_hp_loss":0,"event_name":"Cursed Tome","floor":21,"gold_loss":0}],"is_beta":false,"boss_relics":[{"not_picked":["Cursed Key","Tiny House"],"picked":"Ring of the Serpent"}],"items_purged_floors":[12],"is_endless":false,"potions_floor_spawned":[1,4,7],"killed_by":"Gremlin Leader","ascension_level":20}