{"gold_per_floor":[112,37,57,57,74,99,99,99,99,126,126,106,123,134,134,232,232,246,246,246,235,245,245,279,293,293,18,28,44,73,89,89,184,184,201,219,23,23,42,73,83,83,129,129,129,143,143,175,175,175],"floor_reached":51,"playtime":5683,"items_purged":["Strike_G","Strike_G+1"],"score":839,"play_id":"c35e7f58-7dd1-4284-91e0-f1cde8d99b1b","local_time":"20190809014950","is_ascension_mode":true,"campfire_choices":[{"data":"Footwork","floor":7,"key":"SMITH"},{"floor":11,"key":"REST"},{"data":"Backstab","floor":15,"key":"SMITH"},{"data":"Adrenaline","floor":23,"key":"SMITH"},{"floor":32,"key":"REST"},{"data":"Bouncing Flask","floor":42,"key":"SMITH"},{"data":"Corpse Explosion","floor":45,"key":"SMITH"},{"floor":49,"key":"REST"}],"neow_cost":"TEN_PERCENT_HP_LOSS","seed_source_timestamp":1592522968194328,"circlet_count":0,"master_deck":["Strike_G+1","Strike_G+1","Strike_G+1","Defend_G+1","Defend_G+1","Defend_G+1","Defend_G+1","Defend_G+1","Survivor+1","Catalyst","Footwork+1","Backstab","Deadly Poison","Backstab+1","Adrenaline+1","Catalyst+1","Poisoned Stab","Backstab","Bouncing Flask+1","Escape Plan","Poisoned Stab","Acrobatics+1","Backflip","Corpse Explosion+1","Expertise+1","Deadly Poison","Metamorphosis","Backflip+1","A Thousand Cuts+1","Acrobatics"],"relics":["Ring of the Snake","Calipers","Blue Candle","Vajra","Paper Crane","Odd Mushroom","Philosopher\u0027s Stone","Peace Pipe","Frozen Egg 2","War Paint","Snecko Eye","Art of War","Omamori","Potion Belt","Bag of Marbles"],"potions_floor_usage":[6,18,33,33,33,46,46,48,48,50],"damage_taken":[{"damage":5,"enemies":"Jaw Worm","floor":1,"turns":6},{"damage":0,"enemies":"Small Slimes","floor":3,"turns":5},{"damage":1,"enemies":"Cultist","floor":5,"turns":5},{"damage":31,"enemies":"Gremlin Nob","floor":6,"turns":7},{"damage":16,"enemies":"The Mushroom Lair","floor":10,"turns":7},{"damage":2,"enemies":"Blue Slaver","floor":13,"turns":4},{"damage":0,"enemies":"3 Louse","floor":14,"turns":4},{"damage":2,"enemies":"The Guardian","floor":16,"turns":12},{"damage":10,"enemies":"Spheric Guardian","floor":18,"turns":4},{"damage":0,"enemies":"2 Thieves","floor":21,"turns":4},{"damage":2,"enemies":"Snake Plant","floor":22,"turns":4},{"damage":0,"enemies":"Book of Stabbing","floor":24,"turns":5},{"damage":2,"enemies":"Centurion and Healer","floor":25,"turns":5},{"damage":0,"enemies":"Snecko","floor":28,"turns":3},{"damage":12,"enemies":"Cultist and Chosen","floor":29,"turns":4},{"damage":21,"enemies":"Slavers","floor":30,"turns":6},{"damage":2,"enemies":"Shelled Parasite and Fungi","floor":31,"turns":4},{"damage":0,"enemies":"Automaton","floor":33,"turns":7},{"damage":11,"enemies":"3 Darklings","floor":35,"turns":4},{"damage":1,"enemies":"3 Shapes","floor":36,"turns":4},{"damage":10,"enemies":"Writhing Mass","floor":39,"turns":4},{"damage":3,"enemies":"Giant Head","floor":40,"turns":5},{"damage":4,"enemies":"Spire Growth","floor":41,"turns":3},{"damage":2,"enemies":"4 Shapes","floor":46,"turns":3},{"damage":23,"enemies":"Nemesis","floor":48,"turns":5},{"damage":31,"enemies":"Donu and Deca","floor":50,"turns":6}],"seed_played":"-1425651512475632605","potions_obtained":[{"floor":1,"key":"Block Potion"},{"floor":12,"key":"FearPotion"},{"floor":14,"key":"Fire Potion"},{"floor":16,"key":"EssenceOfSteel"},{"floor":18,"key":"LiquidBronze"},{"floor":22,"key":"GhostInAJar"},{"floor":31,"key":"Dexterity Potion"},{"floor":33,"key":"SneckoOil"},{"floor":35,"key":"SneckoOil"},{"floor":41,"key":"Energy Potion"},{"floor":46,"key":"Block Potion"},{"floor":48,"key":"GhostInAJar"}],"is_trial":false,"path_per_floor":["M","$","M","?","M","E","R","?","T","?","R","?","M","M","R","B",null,"M","?","?","M","M","R","E","M","T","$","M","M","E","M","R","B",null,"M","M","$","?","M","E","M","R","T","?","R","M","?","E","R","B",null],"character_chosen":"THE_SILENT","items_purchased":["Bouncing Flask","Escape Plan","Poisoned Stab","Art of War","Deadly Poison"],"campfire_rested":3,"item_purchase_floors":[27,27,27,37,37],"current_hp_per_floor":[58,58,58,58,57,26,26,19,19,3,21,21,19,19,19,17,63,53,42,42,42,40,40,40,38,38,38,38,26,5,3,23,23,68,57,56,56,56,46,43,39,39,39,39,39,37,37,14,34,3],"gold":175,"neow_bonus":"ONE_RARE_RELIC","is_prod":false,"is_daily":false,"chose_seed":false,"campfire_upgraded":5,"win_rate":0,"timestamp":1565308190,"path_taken":["M","$","M","?","M","E","R","?","T","?","R","?","M","M","R","BOSS","M","?","?","M","M","R","E","M","T","$","M","M","E","M","R","BOSS","M","M","$","?","M","E","M","R","T","?","R","?","?","E","R","BOSS"],"build_version":"2019-07-17","purchased_purges":2,"victory":true,"max_hp_per_floor":[63,63,63,63,63,63,63,63,63,63,63,63,63,63,63,63,63,63,68,68,68,68,68,68,68,68,68,68,68,68,68,68,68,68,68,68,68,68,68,68,68,68,68,68,68,68,68,68,68,68],"card_choices":[{"not_picked":["Distraction","Underhanded Strike"],"picked":"Catalyst","floor":1},{"not_picked":["Choke","Quick Slash"],"picked":"Footwork","floor":3},{"not_picked":["Slice","Catalyst","Outmaneuver"],"picked":"SKIP","floor":5},{"not_picked":["All Out Attack","PiercingWail","Blade Dance"],"picked":"SKIP","floor":6},{"not_picked":["Unload","Bane"],"picked":"Backstab","floor":10},{"not_picked":["Eviscerate","Outmaneuver"],"picked":"Deadly Poison","floor":13},{"not_picked":["Choke","Infinite Blades"],"picked":"Backstab","floor":14},{"not_picked":["A Thousand Cuts","After Image"],"picked":"Adrenaline","floor":16},{"not_picked":["Prepared","Underhanded Strike+1","Leg Sweep"],"picked":"SKIP","floor":18},{"not_picked":["Choke+1","Sucker Punch"],"picked":"Catalyst","floor":21},{"not_picked":["Terror","Cloak And Dagger+1"],"picked":"Poisoned Stab","floor":22},{"not_picked":["Endless Agony+1","PiercingWail","Accuracy"],"picked":"SKIP","floor":24},{"not_picked":["Distraction","Cloak And Dagger"],"picked":"Backstab","floor":25},{"not_picked":["Poisoned Stab","Expertise"],"picked":"Acrobatics+1","floor":28},{"not_picked":["Venomology","Deflect"],"picked":"Backflip","floor":29},{"not_picked":["Prepared","Cloak And Dagger+1","Skewer"],"picked":"SKIP","floor":30},{"not_picked":["Tactician","Outmaneuver","Cloak And Dagger"],"picked":"SKIP","floor":31},{"not_picked":["Glass Knife","A Thousand Cuts+1"],"picked":"Corpse Explosion","floor":33},{"not_picked":["Underhanded Strike+1","Slice+1"],"picked":"Expertise+1","floor":35},{"not_picked":["Blade Dance","Cloak And Dagger","Eviscerate+1"],"picked":"SKIP","floor":36},{"not_picked":["Purity","Violence"],"picked":"Metamorphosis","floor":38},{"not_picked":["Underhanded Strike+1","Predator"],"picked":"Backflip+1","floor":39},{"not_picked":["PiercingWail+1","Dodge and Roll+1"],"picked":"A Thousand Cuts+1","floor":40},{"not_picked":["Underhanded Strike+1","Masterful Stab","Accuracy+1"],"picked":"SKIP","floor":41},{"not_picked":["Leg Sweep+1","Dagger Throw"],"picked":"Acrobatics","floor":46},{"not_picked":["Tactician+1","Deflect","Quick Slash+1"],"picked":"SKIP","floor":48}],"player_experience":181993,"relics_obtained":[{"floor":6,"key":"Vajra"},{"floor":9,"key":"Paper Crane"},{"floor":10,"key":"Odd Mushroom"},{"floor":24,"key":"Peace Pipe"},{"floor":26,"key":"Frozen Egg 2"},{"floor":30,"key":"War Paint"},{"floor":40,"key":"Omamori"},{"floor":43,"key":"Potion Belt"},{"floor":48,"key":"Bag of Marbles"}],"event_choices":[{"damage_healed":0,"gold_gain":0,"player_choice":"Box","damage_taken":0,"relics_obtained":["Blue Candle"],"max_hp_gain":0,"max_hp_loss":0,"event_name":"Big Fish","floor":4,"gold_loss":0,"cards_obtained":["Regret"]},{"cards_removed":["Regret"],"damage_healed":0,"gold_gain":0,"player_choice":"Card Removal","damage_taken":7,"max_hp_gain":0,"max_hp_loss":0,"event_name":"Golden Wing","floor":8,"gold_loss":0},{"damage_healed":0,"gold_gain":0,"player_choice":"Fought Mushrooms","damage_taken":0,"max_hp_gain":0,"max_hp_loss":0,"event_name":"Mushrooms","floor":10,"gold_loss":0},{"damage_healed":0,"gold_gain":0,"player_choice":"Bought 1 Potion","damage_taken":0,"max_hp_gain":0,"max_hp_loss":0,"event_name":"The Woman in Blue","floor":12,"gold_loss":0},{"damage_healed":0,"gold_gain":0,"player_choice":"Shed Blood","damage_taken":16,"max_hp_gain":5,"max_hp_loss":0,"event_name":"Forgotten Altar","floor":19,"gold_loss":0},{"damage_healed":0,"gold_gain":0,"player_choice":"Simplicity","damage_taken":0,"max_hp_gain":0,"max_hp_loss":0,"event_name":"Back to Basics","floor":20,"gold_loss":0,"cards_upgraded":["Strike_G","Strike_G","Strike_G","Strike_G","Defend_G","Defend_G","Defend_G","Defend_G","Defend_G"]},{"damage_healed":0,"gold_gain":0,"player_choice":"Memory 1","damage_taken":0,"max_hp_gain":0,"max_hp_loss":0,"event_name":"SensoryStone","floor":38,"gold_loss":0},{"damage_healed":0,"gold_gain":0,"player_choice":"Cursed","damage_taken":0,"max_hp_gain":0,"max_hp_loss":0,"event_name":"Wheel of Change","floor":44,"gold_loss":0,"cards_obtained":["Decay"]},{"cards_removed":["Neutralize"],"damage_healed":0,"gold_gain":0,"player_choice":"Removed Attack","damage_taken":0,"max_hp_gain":0,"max_hp_loss":0,"event_name":"Falling","floor":47,"gold_loss":0}],"is_beta":false,"boss_relics":[{"not_picked":["Empty Cage","Orrery"],"picked":"Philosopher\u0027s Stone"},{"not_picked":["Astrolabe","Eternal Feather"],"picked":"Snecko Eye"}],"items_purged_floors":[2,27],"is_endless":false,"potions_floor_spawned":[1,14,16,18,22,29,31,33,35,41,46,48],"ascension_level":1}