{"gold_per_floor":[112,112,112,127,147,147,1,1,1,1,1,1,1,19,19,123,123,140,156,156,47,247,247,266,266,266,282,300,400,223,239,239,339,339,353,367,384,384,1383,1383,1383,1400,1424,1424,1442,1442,1460,1490,1490,1490],"floor_reached":51,"playtime":1931,"items_purged":["Defend_B","Dualcast"],"score":692,"play_id":"9067bf61-c5f0-4211-b431-c4d182d64dec","local_time":"20190617154902","is_ascension_mode":false,"campfire_choices":[{"data":"Biased Cognition","floor":6.0,"key":"SMITH"},{"data":"Coolheaded","floor":8.0,"key":"SMITH"},{"data":"Strike_B","floor":10.0,"key":"PURGE"},{"data":"Defend_B","floor":12.0,"key":"PURGE"},{"data":"Defend_B","floor":15.0,"key":"PURGE"},{"data":"Consume","floor":23.0,"key":"SMITH"},{"data":"Zap","floor":25.0,"key":"SMITH"},{"data":"Capacitor","floor":32.0,"key":"SMITH"},{"data":"Normality","floor":40.0,"key":"PURGE"},{"data":"Normality","floor":44,"key":"PURGE"},{"data":"Capacitor","floor":46,"key":"SMITH"},{"data":"Self Repair","floor":49,"key":"PURGE"}],"neow_cost":"TEN_PERCENT_HP_LOSS","seed_source_timestamp":12259219490909,"circlet_count":0,"master_deck":["Zap+1","Coolheaded+1","Biased Cognition+1","Recycle","Capacitor+1","Consume+1","Capacitor+1","Capacitor+1","Coolheaded+1"],"special_seed":0,"relics":["Cracked Core","Pear","Peace Pipe","Coffee Dripper","Oddly Smooth Stone","Pandora\u0027s Box","Happy Flower","Centennial Puzzle"],"potions_floor_usage":[48,48],"damage_taken":[{"damage":1.0,"enemies":"Jaw Worm","floor":1.0,"turns":3.0},{"damage":0.0,"enemies":"Cultist","floor":4.0,"turns":3.0},{"damage":8.0,"enemies":"Small Slimes","floor":5.0,"turns":4.0},{"damage":1.0,"enemies":"Exordium Wildlife","floor":14.0,"turns":6.0},{"damage":32.0,"enemies":"Hexaghost","floor":16.0,"turns":7.0},{"damage":1.0,"enemies":"Spheric Guardian","floor":18.0,"turns":3.0},{"damage":8.0,"enemies":"3 Byrds","floor":19.0,"turns":4.0},{"damage":12.0,"enemies":"Snake Plant","floor":24.0,"turns":3.0},{"damage":14.0,"enemies":"3 Cultists","floor":27.0,"turns":5.0},{"damage":10.0,"enemies":"Cultist and Chosen","floor":28.0,"turns":4.0},{"damage":0.0,"enemies":"Snecko","floor":31.0,"turns":5.0},{"damage":12.0,"enemies":"Collector","floor":33.0,"turns":6.0},{"damage":0.0,"enemies":"3 Shapes","floor":35.0,"turns":4.0},{"damage":16.0,"enemies":"Orb Walker","floor":36.0,"turns":4.0},{"damage":0.0,"enemies":"Maw","floor":37.0,"turns":6.0},{"damage":8,"enemies":"Spire Growth","floor":42,"turns":4},{"damage":13,"enemies":"Sphere and 2 Shapes","floor":45,"turns":3},{"damage":0,"enemies":"Maw","floor":47,"turns":6},{"damage":22,"enemies":"Reptomancer","floor":48,"turns":6},{"damage":40,"enemies":"Awakened One","floor":50,"turns":9}],"seed_played":"-4515502627190247397","potions_obtained":[{"floor":1.0,"key":"AttackPotion"},{"floor":16.0,"key":"GamblersBrew"},{"floor":18.0,"key":"Block Potion"},{"floor":24.0,"key":"Poison Potion"},{"floor":48,"key":"Energy Potion"}],"is_trial":false,"path_per_floor":["M","?","?","M","M","R","$","R","T","R","?","R","$","M","R","B",null,"M","M","?","$","?","R","M","R","T","M","M","?","$","M","R","B",null,"M","M","M","?","?","R","?","M","T","R","M","R","M","E","R","B",null],"character_chosen":"DEFECT","items_purchased":["Core Surge","Self Repair","Capacitor"],"campfire_rested":0,"item_purchase_floors":[7,21,30],"current_hp_per_floor":[67,70,70,70,62,62,62,62,62,62,62,62,62,61,61,29,78,77,69,69,69,69,69,57,57,57,50,47,47,47,54,54,42,78,78,69,76,76,76,76,76,75,75,75,69,69,76,61,61,21],"gold":1490,"neow_bonus":"REMOVE_TWO","is_prod":false,"is_daily":false,"chose_seed":false,"campfire_upgraded":6,"win_rate":0,"timestamp":1560757742,"path_taken":["M","?","?","M","?","R","$","R","T","R","?","R","$","M","R","BOSS","M","M","?","$","?","R","M","R","T","M","?","?","$","?","R","BOSS","M","M","M","?","?","R","?","M","T","R","?","R","M","E","R","BOSS"],"build_version":"2019-01-23","purchased_purges":2,"victory":true,"max_hp_per_floor":[68,78,78,78,78,78,78,78,78,78,78,78,78,78,78,78,78,78,78,78,78,78,78,78,78,78,78,78,78,78,78,78,78,78,78,78,78,78,78,78,78,78,78,78,78,78,78,78,78,78],"card_choices":[{"not_picked":["FTL","Double Energy"],"picked":"Coolheaded","floor":1.0},{"not_picked":["Hologram","Beam Cell"],"picked":"Recycle","floor":4.0},{"not_picked":["Compile Driver","Sweeping Beam"],"picked":"Capacitor","floor":5.0},{"not_picked":["Sweeping Beam","Multi-Cast","Sunder"],"picked":"SKIP","floor":14.0},{"not_picked":["Barrage","Steam Power","Compile Driver"],"picked":"SKIP","floor":18.0},{"not_picked":["Melter","Rebound"],"picked":"Capacitor+1","floor":19.0},{"not_picked":["Redo","Storm","Leap"],"picked":"SKIP","floor":24.0},{"not_picked":["Sunder+1","Streamline","Compile Driver"],"picked":"SKIP","floor":27.0},{"not_picked":["Stack","Blizzard","Storm"],"picked":"SKIP","floor":28.0},{"not_picked":["Tempest","Reprogram"],"picked":"Coolheaded+1","floor":31.0},{"not_picked":["Compile Driver+1","Rebound+1","Barrage+1"],"picked":"SKIP","floor":35.0},{"not_picked":["Reprogram","Redo+1","Conserve Battery+1"],"picked":"SKIP","floor":36.0},{"not_picked":["Glacier+1","Sweeping Beam+1","Streamline"],"picked":"SKIP","floor":37.0},{"not_picked":["Genetic Algorithm+1","Skim+1","Melter+1"],"picked":"SKIP","floor":42},{"not_picked":["FTL+1","Fusion","BootSequence+1"],"picked":"SKIP","floor":45},{"not_picked":["Turbo","Rebound","Compile Driver+1"],"picked":"SKIP","floor":47},{"not_picked":["Leap+1","Sweeping Beam","Loop"],"picked":"SKIP","floor":48}],"player_experience":5347607,"relics_obtained":[{"floor":9.0,"key":"Peace Pipe"},{"floor":26.0,"key":"Oddly Smooth Stone"},{"floor":43,"key":"Happy Flower"},{"floor":48,"key":"Centennial Puzzle"}],"event_choices":[{"damage_healed":0.0,"max_hp_gain":0.0,"max_hp_loss":0.0,"gold_gain":0.0,"event_name":"Scrap Ooze","player_choice":"Success","floor":2.0,"gold_loss":0.0,"damage_taken":7.0,"relics_obtained":["Pear"]},{"damage_healed":0.0,"max_hp_gain":0.0,"max_hp_loss":0.0,"gold_gain":0.0,"cards_transformed":["Strike_B"],"event_name":"Transmorgrifier","player_choice":"Transformed","floor":3.0,"gold_loss":0.0,"damage_taken":0.0,"cards_obtained":["Biased Cognition"]},{"damage_healed":0.0,"max_hp_gain":0.0,"max_hp_loss":0.0,"gold_gain":0.0,"cards_transformed":["Strike_B"],"event_name":"Living Wall","player_choice":"Change","floor":11.0,"gold_loss":0.0,"damage_taken":0.0,"cards_obtained":["Consume"]},{"damage_healed":0.0,"max_hp_gain":0.0,"max_hp_loss":0.0,"gold_gain":0.0,"event_name":"Vampires","player_choice":"Ignored","floor":20.0,"gold_loss":0.0,"damage_taken":0.0},{"damage_healed":0.0,"max_hp_gain":0.0,"max_hp_loss":0.0,"gold_gain":200.0,"event_name":"Wheel of Change","player_choice":"Gold","floor":22.0,"gold_loss":0.0,"damage_taken":0.0},{"damage_healed":0.0,"max_hp_gain":0.0,"max_hp_loss":0.0,"gold_gain":100.0,"event_name":"Golden Shrine","player_choice":"Pray","floor":29.0,"gold_loss":0.0,"damage_taken":0.0},{"cards_removed":["Core Surge"],"damage_healed":0.0,"max_hp_gain":0.0,"max_hp_loss":0.0,"gold_gain":0.0,"event_name":"Falling","player_choice":"Removed Attack","floor":38.0,"gold_loss":0.0,"damage_taken":0.0},{"damage_healed":0.0,"max_hp_gain":0.0,"max_hp_loss":0.0,"gold_gain":999.0,"event_name":"MindBloom","player_choice":"Gold","floor":39.0,"gold_loss":0.0,"damage_taken":0.0,"cards_obtained":["Normality","Normality"]},{"damage_healed":0.0,"max_hp_gain":0.0,"max_hp_loss":0.0,"gold_gain":0.0,"event_name":"Mysterious Sphere","player_choice":"Ignored","floor":41.0,"gold_loss":0.0,"damage_taken":0.0}],"is_beta":false,"boss_relics":[{"not_picked":["Calling Bell","Runic Dome"],"picked":"Coffee Dripper"},{"not_picked":["Black Star","Astrolabe"],"picked":"Pandora\u0027s Box"}],"items_purged_floors":[21,30],"is_endless":false,"potions_floor_spawned":[1,16,18,24,28,36,37,47,48],"ascension_level":0}