{"gold_per_floor":[369,384,394,410,426,426,459,459,485,485,495,508,27,44,44,149,149,163,178,178,190,201,201,44,44,44,58,73,93,93,93,93,189,189,202,216,116,134,134,134,134,134,134,145,162,37,51,61,61,61],"floor_reached":51,"playtime":2346,"items_purged":["Strike_G","Strike_G","Strike_G"],"score":659,"play_id":"8e5f8056-753d-4b25-a826-4bd30d7ef5be","local_time":"20181015171609","is_ascension_mode":false,"campfire_choices":[{"data":"Deadly Poison","floor":6.0,"key":"SMITH"},{"data":"Poisoned Stab","floor":8.0,"key":"SMITH"},{"data":"Apotheosis","floor":15.0,"key":"SMITH"},{"data":"Noxious Fumes","floor":23.0,"key":"SMITH"},{"data":"Rainbow","floor":25.0,"key":"SMITH"},{"data":"Footwork","floor":32.0,"key":"SMITH"},{"data":"Malaise","floor":40.0,"key":"SMITH"},{"data":"Creative AI","floor":42.0,"key":"SMITH"},{"data":"Glass Knife","floor":49.0,"key":"SMITH"}],"neow_cost":"PERCENT_DAMAGE","seed_source_timestamp":23124240094636,"circlet_count":0,"master_deck":["Defend_G","Defend_G","Defend_G","Defend_G","Defend_G","Survivor","Neutralize","Poisoned Stab+1","Backflip","Deadly Poison+1","All Out Attack","Noxious Fumes+1","Apotheosis+1","Glass Knife+1","Beam Cell","Rainbow+1","Flechettes","Escape Plan","Deep Breath","Hello World+1","Footwork+1","Body Slam","Iron Wave+1","Darkness","Prepared","Malaise+1","Creative AI+1","Havoc+1","Headbutt+1","Prepared","Tactician","Limit Break","True Grit+1","Clothesline+1"],"special_seed":0,"relics":["Ring of the Snake","Happy Flower","Juzu Bracelet","PrismaticShard","Runic Pyramid","Ornamental Fan","Coffee Dripper","Blue Candle"],"potions_floor_usage":[50,50,50],"damage_taken":[{"damage":0.0,"enemies":"Small Slimes","floor":1.0,"turns":4.0},{"damage":0.0,"enemies":"2 Louse","floor":2.0,"turns":3.0},{"damage":0.0,"enemies":"Jaw Worm","floor":3.0,"turns":4.0},{"damage":0.0,"enemies":"Exordium Wildlife","floor":4.0,"turns":5.0},{"damage":0.0,"enemies":"Blue Slaver","floor":5.0,"turns":4.0},{"damage":18.0,"enemies":"Lagavulin","floor":7.0,"turns":6.0},{"damage":0.0,"enemies":"Large Slime","floor":11.0,"turns":4.0},{"damage":4.0,"enemies":"Gremlin Gang","floor":12.0,"turns":3.0},{"damage":0.0,"enemies":"3 Louse","floor":14.0,"turns":3.0},{"damage":7.0,"enemies":"Hexaghost","floor":16.0,"turns":8.0},{"damage":0.0,"enemies":"Shell Parasite","floor":18.0,"turns":4.0},{"damage":0.0,"enemies":"Chosen","floor":19.0,"turns":4.0},{"damage":0.0,"enemies":"Colosseum Slavers","floor":20.0,"turns":3.0},{"damage":0.0,"enemies":"Centurion and Healer","floor":21.0,"turns":6.0},{"damage":0.0,"enemies":"Cultist and Chosen","floor":22.0,"turns":6.0},{"damage":6.0,"enemies":"Snake Plant","floor":27.0,"turns":4.0},{"damage":0.0,"enemies":"Snecko","floor":28.0,"turns":5.0},{"damage":1.0,"enemies":"3 Cultists","floor":29.0,"turns":5.0},{"damage":47.0,"enemies":"Automaton","floor":33.0,"turns":12.0},{"damage":1.0,"enemies":"Orb Walker","floor":35.0,"turns":5.0},{"damage":5.0,"enemies":"3 Darklings","floor":36.0,"turns":6.0},{"damage":0.0,"enemies":"Spire Growth","floor":38.0,"turns":6.0},{"damage":0.0,"enemies":"Reptomancer","floor":44.0,"turns":7.0},{"damage":1.0,"enemies":"Transient","floor":45.0,"turns":5.0},{"damage":0.0,"enemies":"Maw","floor":47.0,"turns":7.0},{"damage":0.0,"enemies":"3 Darklings","floor":48.0,"turns":7.0},{"damage":17,"enemies":"Awakened One","floor":50,"turns":17}],"seed_played":"1537201805625535621","potions_obtained":[{"floor":1.0,"key":"AttackPotion"},{"floor":11.0,"key":"Explosive Potion"},{"floor":14.0,"key":"GhostInAJar"},{"floor":16.0,"key":"AttackPotion"},{"floor":18.0,"key":"Fire Potion"},{"floor":28.0,"key":"GhostInAJar"},{"floor":36.0,"key":"Ancient Potion"},{"floor":38.0,"key":"SpeedPotion"},{"floor":48.0,"key":"Weak Potion"}],"is_trial":false,"path_per_floor":["M","M","M","M","M","R","E","R","T","?","M","M","$","M","R","B",null,"M","M","?","M","M","R","$","R","T","M","M","M","$","?","R","B",null,"M","M","$","M","?","R","?","R","T","M","M","$","M","M","R","B"],"character_chosen":"THE_SILENT","items_purchased":["PrismaticShard","Apotheosis","Glass Knife","Footwork"],"campfire_rested":0,"item_purchase_floors":[13,13,13,24],"current_hp_per_floor":[49,49,49,49,49,49,31,31,31,36,36,32,32,32,32,25,75,75,75,75,75,75,75,75,75,75,69,69,68,68,68,68,21,75,74,69,69,69,69,69,69,69,69,69,68,68,68,68,68,51],"gold":61,"neow_bonus":"TWO_FIFTY_GOLD","is_prod":false,"is_daily":false,"chose_seed":false,"campfire_upgraded":9,"win_rate":0,"timestamp":1539594969,"path_taken":["M","M","M","M","M","R","E","R","T","?","M","M","$","M","R","BOSS","M","M","?","M","M","R","$","R","T","M","M","M","$","?","R","BOSS","M","M","$","M","?","R","?","R","T","M","M","$","M","M","R","BOSS"],"build_version":"2018-10-11","purchased_purges":3,"victory":true,"max_hp_per_floor":[70,70,70,70,70,70,70,70,70,75,75,75,75,75,75,75,75,75,75,75,75,75,75,75,75,75,75,75,75,75,75,75,75,75,75,75,75,75,75,75,75,75,75,75,75,75,75,75,75,75],"card_choices":[{"not_picked":["Terror","Quick Slash","Underhanded Strike"],"picked":"SKIP","floor":1.0},{"not_picked":["Slice","Escape Plan"],"picked":"Poisoned Stab","floor":2.0},{"not_picked":["Deflect","Setup"],"picked":"Backflip","floor":3.0},{"not_picked":["Flechettes","Caltrops","Infinite Blades"],"picked":"SKIP","floor":4.0},{"not_picked":["Prepared","Terror"],"picked":"Deadly Poison","floor":5.0},{"not_picked":["Bane","Setup"],"picked":"All Out Attack","floor":7.0},{"not_picked":["Slice","Endless Agony"],"picked":"Noxious Fumes","floor":11.0},{"not_picked":["Terror","Acrobatics","Calculated Gamble"],"picked":"SKIP","floor":12.0},{"not_picked":["Cloak And Dagger","Prepared"],"picked":"Beam Cell","floor":14.0},{"not_picked":["Reboot","Juggernaut"],"picked":"Rainbow","floor":16.0},{"not_picked":["Quick Slash","Quick Slash"],"picked":"Flechettes","floor":18.0},{"not_picked":["Stack","Reckless Charge"],"picked":"Escape Plan","floor":19.0},{"not_picked":["Anger+1","Cleave"],"picked":"Deep Breath","floor":21.0},{"not_picked":["Conserve Battery","PanicButton"],"picked":"Hello World+1","floor":22.0},{"not_picked":["Rip and Tear","Deflect"],"picked":"Body Slam","floor":27.0},{"not_picked":["Pummel","Anger+1"],"picked":"Iron Wave+1","floor":28.0},{"not_picked":["Aggregate+1","Steam Power+1"],"picked":"Darkness","floor":29.0},{"not_picked":["Panache","Dark Embrace"],"picked":"Creative AI","floor":33.0},{"not_picked":["Rampage+1","Body Slam"],"picked":"Havoc+1","floor":35.0},{"not_picked":["Pommel Strike+1","Sword Boomerang"],"picked":"Headbutt+1","floor":36.0},{"not_picked":["Acrobatics","Heavy Blade"],"picked":"Prepared","floor":38.0},{"not_picked":["Riddle With Holes+1","Accuracy"],"picked":"Tactician","floor":44.0},{"not_picked":["Outmaneuver","Heavy Blade+1"],"picked":"Limit Break","floor":45.0},{"not_picked":["Rampage","Redo"],"picked":"True Grit+1","floor":47.0},{"not_picked":["Sweeping Beam+1","Rebound+1"],"picked":"Clothesline+1","floor":48.0}],"player_experience":215269,"relics_obtained":[{"floor":7.0,"key":"Happy Flower"},{"floor":9.0,"key":"Juzu Bracelet"},{"floor":26.0,"key":"Ornamental Fan"},{"floor":43.0,"key":"Blue Candle"}],"event_choices":[{"event_name":"Big Fish","player_choice":"Donut","floor":10.0,"damage_taken":0.0},{"event_name":"Colosseum","player_choice":"Fight","floor":20.0,"damage_taken":0.0},{"event_name":"Colosseum","player_choice":"Fled From Nobs","floor":20.0,"damage_taken":0.0},{"event_name":"Drug Dealer","player_choice":"Became Test Subject","floor":31.0,"damage_taken":0.0},{"event_name":"Mysterious Sphere","player_choice":"Ignore","floor":39.0,"damage_taken":0.0},{"event_name":"Tomb of Lord Red Mask","player_choice":"Ignored","floor":41.0,"damage_taken":0.0}],"is_beta":false,"boss_relics":[{"not_picked":["Empty Cage","Black Star"],"picked":"Runic Pyramid"},{"not_picked":["Snecko Eye","Orrery"],"picked":"Coffee Dripper"}],"items_purged_floors":[24,37,46],"is_endless":false,"potions_floor_spawned":[1,11,14,16,18,20,28,33,36,38,48],"ascension_level":0}