{"gold_per_floor":[116,41,41,57,68,96,115,115,115,134,134,134,134,149,149,251,251,251,251,251,251,251,251,251,251,251,151,151,151,151,151,151,151],"floor_reached":33,"playtime":1647,"items_purged":["Defend_G","Strike_G"],"score":294,"play_id":"27ec7fa2-d2fc-42a2-a413-d97e87db2d78","local_time":"20190105011551","is_ascension_mode":false,"campfire_choices":[{"floor":13,"key":"REST"},{"floor":15,"key":"REST"},{"floor":23,"key":"REST"},{"floor":32,"key":"REST"}],"neow_cost":"NONE","seed_source_timestamp":15028126232223,"circlet_count":0,"master_deck":["Defend_G","Defend_G","Defend_G","Survivor","Neutralize","Blade Dance+1","Backstab","Backstab","Leg Sweep","Heel Hook","Envenom","Prepared","Riddle With Holes","Acrobatics+1","Flying Knee+1","Finisher","Bite","Bite","Bite","Bite","Bite"],"relics":["Empty Cage","FossilizedHelix","Tingsha","Ectoplasm","Calipers","Mercury Hourglass","Pantograph","Strawberry"],"potions_floor_usage":[6,25,29,30,33],"damage_taken":[{"damage":0,"enemies":"Jaw Worm","floor":1,"turns":4},{"damage":6,"enemies":"2 Louse","floor":4,"turns":3},{"damage":8,"enemies":"Small Slimes","floor":5,"turns":3},{"damage":42,"enemies":"Lagavulin","floor":6,"turns":8},{"damage":0,"enemies":"Looter","floor":7,"turns":2},{"damage":2,"enemies":"Exordium Wildlife","floor":10,"turns":6},{"damage":0,"enemies":"3 Louse","floor":14,"turns":1},{"damage":38,"enemies":"The Guardian","floor":16,"turns":18},{"damage":0,"enemies":"3 Byrds","floor":18,"turns":5},{"damage":0,"enemies":"Colosseum Slavers","floor":19,"turns":5},{"damage":42,"enemies":"Colosseum Nobs","floor":19,"turns":6},{"damage":0,"enemies":"Chosen","floor":20,"turns":5},{"damage":9,"enemies":"Snecko","floor":22,"turns":5},{"damage":21,"enemies":"Snake Plant","floor":24,"turns":4},{"damage":15,"enemies":"Book of Stabbing","floor":25,"turns":6},{"damage":0,"enemies":"Chosen and Byrds","floor":29,"turns":4},{"damage":0,"enemies":"Snecko","floor":30,"turns":4},{"damage":86,"enemies":"Champ","floor":33,"turns":10}],"seed_played":"-5896142139420137582","potions_obtained":[{"floor":4,"key":"SpeedPotion"},{"floor":5,"key":"Swift Potion"},{"floor":7,"key":"Block Potion"},{"floor":10,"key":"Explosive Potion"},{"floor":16,"key":"GamblersBrew"},{"floor":18,"key":"EssenceOfSteel"},{"floor":25,"key":"SkillPotion"},{"floor":30,"key":"Weak Potion"}],"is_trial":false,"path_per_floor":["M","$","?","M","M","E","M","?","T","M","?","?","R","M","R","B",null,"M","?","M","?","M","R","M","E","T","$","?","M","M","?","R","B"],"character_chosen":"THE_SILENT","items_purchased":[],"campfire_rested":4,"item_purchase_floors":[],"current_hp_per_floor":[70,70,75,69,61,19,19,19,19,17,2,2,24,24,46,8,75,75,33,33,33,24,46,25,10,10,10,17,17,17,17,34,0],"gold":151,"neow_bonus":"BOSS_RELIC","is_prod":false,"is_daily":false,"chose_seed":false,"campfire_upgraded":0,"win_rate":0,"timestamp":1546647351,"path_taken":["M","$","?","M","M","E","M","?","T","M","?","?","R","M","R","BOSS","M","?","M","?","M","R","M","E","T","$","?","?","M","?","R","BOSS"],"build_version":"2019-01-03v4","purchased_purges":2,"victory":false,"max_hp_per_floor":[70,70,75,75,75,75,75,75,75,75,75,75,75,75,75,75,75,75,75,75,75,75,75,75,75,75,75,82,82,82,57,57,57],"card_choices":[{"not_picked":["Deadly Poison","Bane"],"picked":"Blade Dance","floor":1},{"not_picked":["Blur","Blade Dance"],"picked":"Backstab","floor":4},{"not_picked":["Acrobatics","Backflip","Expertise"],"picked":"SKIP","floor":5},{"not_picked":["Heel Hook","Dagger Throw"],"picked":"Backstab","floor":6},{"not_picked":["Blur","Underhanded Strike"],"picked":"Leg Sweep","floor":7},{"not_picked":["Bane","Poisoned Stab","Dagger Spray"],"picked":"SKIP","floor":10},{"not_picked":["Well Laid Plans","Outmaneuver"],"picked":"Heel Hook","floor":14},{"not_picked":["Glass Knife","Venomology"],"picked":"Envenom","floor":16},{"not_picked":["Prepared","Dagger Spray","Underhanded Strike+1"],"picked":"SKIP","floor":18},{"not_picked":["All Out Attack","Backflip"],"picked":"Prepared","floor":19},{"not_picked":["Dagger Spray","Slice"],"picked":"Riddle With Holes","floor":20},{"not_picked":["Backflip","Skewer"],"picked":"Acrobatics+1","floor":22},{"not_picked":["Distraction","PiercingWail"],"picked":"Flying Knee+1","floor":24},{"not_picked":["Bullet Time","PiercingWail+1","Quick Slash"],"picked":"SKIP","floor":25},{"not_picked":["Infinite Blades+1","Reflex"],"picked":"Finisher","floor":29},{"not_picked":["Choke","Eviscerate","PiercingWail"],"picked":"SKIP","floor":30}],"player_experience":398044,"relics_obtained":[{"floor":6,"key":"FossilizedHelix"},{"floor":9,"key":"Tingsha"},{"floor":19,"key":"Calipers"},{"floor":19,"key":"Mercury Hourglass"},{"floor":25,"key":"Pantograph"}],"event_choices":[{"damage_healed":0,"gold_gain":0,"player_choice":"Donut","damage_taken":0,"max_hp_gain":5,"max_hp_loss":0,"event_name":"Big Fish","floor":3,"gold_loss":0},{"damage_healed":0,"gold_gain":0,"player_choice":"Searched \u00270\u0027 times","damage_taken":0,"max_hp_gain":0,"max_hp_loss":0,"event_name":"Dead Adventurer","floor":8,"gold_loss":0},{"damage_healed":0,"gold_gain":0,"player_choice":"Entered Light","damage_taken":15,"max_hp_gain":0,"max_hp_loss":0,"event_name":"Shining Light","floor":11,"gold_loss":0,"cards_upgraded":["Strike_G","Blade Dance"]},{"damage_healed":0,"gold_gain":0,"player_choice":"Fled","damage_taken":0,"max_hp_gain":0,"max_hp_loss":0,"event_name":"Scrap Ooze","floor":12,"gold_loss":0},{"damage_healed":0,"gold_gain":0,"player_choice":"Fight","damage_taken":0,"max_hp_gain":0,"max_hp_loss":0,"event_name":"Colosseum","floor":19,"gold_loss":0},{"damage_healed":0,"gold_gain":0,"player_choice":"Fought Nobs","damage_taken":0,"max_hp_gain":0,"max_hp_loss":0,"event_name":"Colosseum","floor":19,"gold_loss":0},{"damage_healed":0,"gold_gain":0,"player_choice":"Ignored","damage_taken":0,"max_hp_gain":0,"max_hp_loss":0,"event_name":"Ghosts","floor":21,"gold_loss":0},{"damage_healed":0,"gold_gain":0,"player_choice":"Gave Potion","damage_taken":0,"relics_obtained":["Strawberry"],"max_hp_gain":0,"max_hp_loss":0,"event_name":"WeMeetAgain","floor":28,"gold_loss":0},{"damage_healed":0,"gold_gain":0,"player_choice":"Became a vampire","damage_taken":0,"max_hp_gain":0,"max_hp_loss":25,"event_name":"Vampires","floor":31,"gold_loss":0,"cards_obtained":["Bite","Bite","Bite","Bite","Bite"]}],"is_beta":false,"boss_relics":[{"not_picked":["White Beast Statue","Runic Dome"],"picked":"Ectoplasm"}],"items_purged_floors":[2,27],"is_endless":false,"potions_floor_spawned":[4,5,7,10,16,18,20,25,30],"killed_by":"Champ","ascension_level":0}