{"gold_per_floor":[116,266,266,161,161,161,161,195,218,218,230,262,321,356,356,435,435,448,242,242,254,272,272],"floor_reached":23,"playtime":608,"items_purged":["Strike_B","Defend_B"],"score":510,"play_id":"d763b442-ebeb-405f-b75b-1d5fd005fbcc","local_time":"20181012154226","is_ascension_mode":true,"campfire_choices":[{"data":"Zap","floor":6,"key":"SMITH"},{"data":"Hologram","floor":10,"key":"SMITH"},{"data":"Go for the Eyes","floor":15,"key":"SMITH"}],"neow_cost":"NONE","seed_source_timestamp":143575170840940,"circlet_count":0,"master_deck":["Strike_B+1","Strike_B+1","Defend_B","Defend_B","Defend_B","Zap+1","Dualcast","AscendersBane","Conserve Battery","Cold Snap+1","Barrage+1","Hologram+1","Ball Lightning","Go for the Eyes+1","Self Repair","Creative AI","Blizzard","Loop","Leap","Beam Cell"],"relics":["Cracked Core","NeowsBlessing","Bag of Marbles","Whetstone","Centennial Puzzle","Blood Vial","Meat on the Bone","Runic Dome"],"potions_floor_usage":[14,16],"damage_taken":[{"damage":0,"enemies":"Small Slimes","floor":1,"turns":1},{"damage":0,"enemies":"3 Sentries","floor":8,"turns":2},{"damage":0,"enemies":"2 Louse","floor":11,"turns":1},{"damage":7,"enemies":"Lagavulin","floor":12,"turns":7},{"damage":0,"enemies":"Gremlin Nob","floor":13,"turns":2},{"damage":0,"enemies":"Gremlin Nob","floor":14,"turns":3},{"damage":36,"enemies":"Hexaghost","floor":16,"turns":10},{"damage":0,"enemies":"Spheric Guardian","floor":18,"turns":3},{"damage":24,"enemies":"Chosen","floor":21,"turns":5},{"damage":17,"enemies":"Snake Plant","floor":22,"turns":4},{"damage":62,"enemies":"Gremlin Leader","floor":23,"turns":3}],"seed_played":"-4734750211972125789","potions_obtained":[{"floor":11,"key":"LiquidBronze"},{"floor":13,"key":"SpeedPotion"},{"floor":13,"key":"Explosive Potion"}],"is_trial":false,"path_per_floor":["M","?","?","$","?","R","?","E","T","R","M","E","?","E","R","B",null,"M","$","?","M","M"],"character_chosen":"DEFECT","items_purchased":["Cold Snap","Loop","Leap"],"campfire_rested":0,"item_purchase_floors":[4,19,19],"current_hp_per_floor":[64,64,64,64,64,64,43,43,43,43,43,36,36,38,38,23,59,61,61,61,46,50,0],"gold":272,"neow_bonus":"THREE_ENEMY_KILL","is_prod":false,"is_daily":false,"chose_seed":false,"campfire_upgraded":3,"win_rate":0,"timestamp":1539330146,"path_taken":["M","?","?","$","?","R","?","E","T","R","M","E","?","E","R","BOSS","M","$","?","M","M","E"],"build_version":"2018-10-11","purchased_purges":2,"victory":false,"max_hp_per_floor":[71,71,71,71,71,71,71,71,71,71,71,71,71,71,71,71,71,71,71,71,71,71,71],"card_choices":[{"not_picked":["Steam","Scrape"],"picked":"Conserve Battery","floor":1},{"not_picked":["Meteor Strike","Genetic Algorithm"],"picked":"Hologram","floor":8},{"not_picked":["Beam Cell","Rip and Tear"],"picked":"Ball Lightning","floor":11},{"not_picked":["Steam Power","Cold Snap","Gash"],"picked":"SKIP","floor":12},{"not_picked":["Compile Driver","Force Field"],"picked":"Go for the Eyes","floor":13},{"not_picked":["Turbo","Storm"],"picked":"Self Repair","floor":14},{"not_picked":["All For One","Meteor Strike"],"picked":"Creative AI","floor":16},{"not_picked":["Coolheaded","FTL"],"picked":"Blizzard","floor":18},{"not_picked":["Leap","Steam"],"picked":"Beam Cell","floor":21},{"not_picked":["Reprogram","Cold Snap","Fusion"],"picked":"SKIP","floor":22}],"player_experience":310182,"relics_obtained":[{"floor":8,"key":"Bag of Marbles"},{"floor":9,"key":"Whetstone"},{"floor":12,"key":"Centennial Puzzle"},{"floor":13,"key":"Blood Vial"},{"floor":14,"key":"Meat on the Bone"}],"event_choices":[{"event_name":"Liars Game","player_choice":"agreed","floor":2,"damage_taken":0},{"event_name":"Wheel of Change","player_choice":"Card Removal","floor":3,"damage_taken":0},{"event_name":"Living Wall","player_choice":"Change","floor":5,"damage_taken":0},{"event_name":"Shining Light","player_choice":"Entered Light","floor":7,"damage_taken":0},{"event_name":"Dead Adventurer","player_choice":"Searched \u00271\u0027 times","floor":13,"damage_taken":0},{"event_name":"Match and Keep!","player_choice":"0 cards matched","floor":20,"damage_taken":0}],"is_beta":false,"boss_relics":[{"not_picked":["Snecko Eye","White Beast Statue"],"picked":"Runic Dome"}],"items_purged_floors":[4,19],"is_endless":false,"potions_floor_spawned":[11,13,13],"killed_by":"Gremlin Leader","ascension_level":20}