{"gold_per_floor":[112,130,3,3,20,20,51,51,51,51],"floor_reached":10,"playtime":227,"items_purged":["Writhe"],"score":132,"play_id":"d6413f19-f072-4d77-9a90-3c09d2d1b55e","local_time":"20190703185502","is_ascension_mode":true,"campfire_choices":[{"data":"Consume","floor":6.0,"key":"SMITH"},{"data":"Dualcast","floor":8,"key":"SMITH"}],"neow_cost":"CURSE","seed_source_timestamp":18221700807681,"circlet_count":0,"master_deck":["AscendersBane","Strike_B","Defend_B","Defend_B","Defend_B","Defend_B","Zap","Dualcast+1","All For One","Tempest","Gash","Consume+1","Coolheaded","Turbo","Tempest"],"special_seed":0,"relics":["Cracked Core","Darkstone Periapt"],"potions_floor_usage":[7,7],"damage_taken":[{"damage":7.0,"enemies":"Jaw Worm","floor":1.0,"turns":3.0},{"damage":7.0,"enemies":"Cultist","floor":2.0,"turns":4.0},{"damage":5.0,"enemies":"Small Slimes","floor":5.0,"turns":3.0},{"damage":14,"enemies":"Gremlin Nob","floor":7,"turns":3},{"damage":0,"enemies":"Gremlin Gang","floor":10,"turns":1}],"seed_played":"3136220058339958208","potions_obtained":[{"floor":1.0,"key":"AttackPotion"},{"floor":2.0,"key":"AttackPotion"},{"floor":5.0,"key":"Energy Potion"}],"is_trial":false,"path_per_floor":["M","M","$","?","M","R","E","R","T","M"],"character_chosen":"DEFECT","items_purchased":["Coolheaded"],"campfire_rested":0,"item_purchase_floors":[3],"current_hp_per_floor":[57,50,50,50,45,45,31,31,31,31],"gold":51,"neow_bonus":"TRANSFORM_TWO_CARDS","is_prod":false,"is_daily":false,"chose_seed":false,"campfire_upgraded":2,"win_rate":0,"timestamp":1562151302,"path_taken":["M","M","$","?","?","R","E","R","T","M"],"build_version":"2019-07-01","purchased_purges":1,"victory":false,"max_hp_per_floor":[71,71,71,71,71,71,71,71,71,71],"card_choices":[{"not_picked":["Compile Driver","Hello World"],"picked":"Gash","floor":1.0},{"not_picked":["Beam Cell","Reprogram"],"picked":"Consume","floor":2.0},{"not_picked":["Hello World","Melter"],"picked":"Turbo","floor":5.0},{"not_picked":["Aggregate","Steam"],"picked":"Tempest","floor":7}],"player_experience":5631778,"relics_obtained":[{"floor":7,"key":"Darkstone Periapt"}],"event_choices":[{"cards_removed":["Strike_B"],"damage_healed":0.0,"max_hp_gain":0.0,"max_hp_loss":0.0,"gold_gain":0.0,"event_name":"Bonfire Elementals","player_choice":"Offered Basic","floor":4.0,"gold_loss":0.0,"damage_taken":0.0}],"is_beta":false,"boss_relics":[],"items_purged_floors":[3],"is_endless":false,"potions_floor_spawned":[1,2,5],"killed_by":"Gremlin Gang","ascension_level":20}