{"gold_per_floor":[113,113,130,130,142,142,67,93,139,171,181,181,81,111,111,190,190,208,208,222,97,113,146,146,181,207,263,263,296,308,322,322,401,401,420,431,431,145,155,155,172,182,182,214,214,314,314,328,328,328,328],"floor_reached":52,"playtime":3181,"items_purged":["Strike_G","Strike_G","Strike_G","Defend_G"],"score":2365,"play_id":"133cbe7f-fdb7-4f66-acbd-2670f940026c","local_time":"20181117221356","is_ascension_mode":true,"campfire_choices":[{"data":"Neutralize","floor":6.0,"key":"SMITH"},{"data":"Well Laid Plans","floor":12.0,"key":"SMITH"},{"floor":15.0,"key":"REST"},{"data":"Wraith Form v2","floor":28.0,"key":"SMITH"},{"data":"Burst","floor":32.0,"key":"SMITH"},{"data":"Reflex","floor":40.0,"key":"SMITH"},{"data":"Tactician","floor":45.0,"key":"SMITH"},{"data":"Deadly Poison","floor":49.0,"key":"SMITH"}],"neow_cost":"NONE","seed_source_timestamp":0,"circlet_count":0,"master_deck":["AscendersBane","Defend_G","Defend_G","Defend_G+1","Defend_G","Survivor+1","Neutralize+1","Wraith Form v2+1","Acrobatics","Well Laid Plans+1","Deadly Poison+1","Reflex+1","Dagger Throw","Corpse Explosion","Backflip+1","Underhanded Strike+1","Burst+1","Tactician+1","Leg Sweep+1","Calculated Gamble+1","Expertise","Blur+1","Regret","Prepared"],"special_seed":0,"relics":["Ring of the Snake","War Paint","Ancient Tea Set","Happy Flower","Bag of Marbles","Oddly Smooth Stone","Philosopher\u0027s Stone","Potion Belt","Tingsha","Lantern","Tiny Chest","Mercury Hourglass","Cursed Key","Membership Card","Shuriken","Incense Burner"],"potions_floor_usage":[51,51],"damage_taken":[{"damage":4.0,"enemies":"Jaw Worm","floor":1.0,"turns":6.0},{"damage":0.0,"enemies":"2 Louse","floor":3.0,"turns":3.0},{"damage":4.0,"enemies":"Small Slimes","floor":5.0,"turns":6.0},{"damage":8.0,"enemies":"3 Sentries","floor":8.0,"turns":11.0},{"damage":13.0,"enemies":"Lagavulin","floor":10.0,"turns":9.0},{"damage":9.0,"enemies":"Exordium Wildlife","floor":11.0,"turns":4.0},{"damage":0.0,"enemies":"The Guardian","floor":16.0,"turns":11.0},{"damage":2.0,"enemies":"2 Thieves","floor":18.0,"turns":3.0},{"damage":5.0,"enemies":"Shell Parasite","floor":20.0,"turns":6.0},{"damage":0.0,"enemies":"3 Cultists","floor":22.0,"turns":3.0},{"damage":8.0,"enemies":"Slavers","floor":23.0,"turns":3.0},{"damage":10.0,"enemies":"Book of Stabbing","floor":25.0,"turns":6.0},{"damage":0.0,"enemies":"Gremlin Leader","floor":27.0,"turns":6.0},{"damage":2.0,"enemies":"Slavers","floor":29.0,"turns":3.0},{"damage":0.0,"enemies":"Cultist and Chosen","floor":30.0,"turns":4.0},{"damage":0.0,"enemies":"Snecko","floor":31.0,"turns":3.0},{"damage":4.0,"enemies":"Champ","floor":33.0,"turns":11.0},{"damage":0.0,"enemies":"3 Darklings","floor":35.0,"turns":2.0},{"damage":0.0,"enemies":"3 Shapes","floor":36.0,"turns":3.0},{"damage":0.0,"enemies":"3 Darklings","floor":39.0,"turns":1.0},{"damage":2.0,"enemies":"Maw","floor":41.0,"turns":4.0},{"damage":2.0,"enemies":"Jaw Worm Horde","floor":42.0,"turns":3.0},{"damage":0.0,"enemies":"Giant Head","floor":44.0,"turns":7.0},{"damage":0.0,"enemies":"Mind Bloom Boss Battle","floor":46.0,"turns":3.0},{"damage":0.0,"enemies":"3 Darklings","floor":48.0,"turns":3.0},{"damage":0.0,"enemies":"Donu and Deca","floor":50.0,"turns":8.0},{"damage":23,"enemies":"Time Eater","floor":51,"turns":15}],"seed_played":"-2973839171216827294","potions_obtained":[{"floor":1.0,"key":"Explosive Potion"},{"floor":3.0,"key":"Swift Potion"},{"floor":5.0,"key":"PowerPotion"},{"floor":11.0,"key":"Fire Potion"},{"floor":22.0,"key":"Strength Potion"},{"floor":23.0,"key":"SkillPotion"},{"floor":29.0,"key":"SkillPotion"},{"floor":30.0,"key":"EntropicBrew"},{"floor":31.0,"key":"Fire Potion"},{"floor":42.0,"key":"EssenceOfSteel"}],"is_trial":false,"path_per_floor":["M","?","M","?","M","R","$","E","T","E","M","R","$","?","R","B",null,"M","?","M","$","M","E","?","E","T","E","R","E","M","M","R","B",null,"M","M","?","$","M","R","M","M","T","E","R","?","?","M","R","B","B",null],"character_chosen":"THE_SILENT","items_purchased":["Membership Card"],"campfire_rested":1,"item_purchase_floors":[38],"current_hp_per_floor":[55,48,48,37,33,33,33,25,25,12,3,3,3,3,22,22,55,53,53,48,48,48,40,40,30,30,30,30,28,28,28,28,24,56,56,56,56,56,56,56,54,52,52,52,52,52,52,52,52,52,29],"gold":328,"neow_bonus":"ONE_RANDOM_RARE_CARD","is_prod":false,"is_daily":false,"chose_seed":false,"campfire_upgraded":7,"win_rate":0,"timestamp":1542464036,"path_taken":["M","?","M","?","M","R","$","E","T","E","M","R","$","?","R","BOSS","M","?","M","$","M","E","?","E","T","E","R","E","M","M","R","BOSS","M","M","?","$","?","R","M","M","T","E","R","?","?","M","R","BOSS","BOSS"],"build_version":"2018-11-15","purchased_purges":4,"victory":true,"max_hp_per_floor":[66,66,66,66,66,66,66,66,66,66,66,66,66,66,66,66,66,66,66,66,66,66,66,66,66,66,66,66,66,66,66,66,66,66,66,66,66,66,66,66,66,66,66,66,66,66,66,66,66,66,66],"card_choices":[{"not_picked":["Blur","Underhanded Strike"],"picked":"Acrobatics","floor":1.0},{"not_picked":["Underhanded Strike","Blade Dance"],"picked":"Well Laid Plans","floor":3.0},{"not_picked":["Sucker Punch","Dodge and Roll"],"picked":"Deadly Poison","floor":5.0},{"not_picked":["Bane","Riddle With Holes"],"picked":"Reflex","floor":8.0},{"not_picked":["Dagger Throw","Setup","Bane"],"picked":"SKIP","floor":10.0},{"not_picked":["Setup","Bane"],"picked":"Dagger Throw","floor":10.0},{"not_picked":["Underhanded Strike","PiercingWail","Dagger Throw"],"picked":"SKIP","floor":11.0},{"not_picked":["A Thousand Cuts","Storm of Steel"],"picked":"Corpse Explosion","floor":16.0},{"not_picked":["Flechettes","Skewer","Poisoned Stab"],"picked":"SKIP","floor":18.0},{"not_picked":["Outmaneuver","Noxious Fumes"],"picked":"Backflip+1","floor":20.0},{"not_picked":["Choke","Outmaneuver","Quick Slash"],"picked":"SKIP","floor":22.0},{"not_picked":["Deflect+1","Cloak And Dagger","Dodge and Roll+1"],"picked":"SKIP","floor":23.0},{"not_picked":["Dagger Throw+1","Acrobatics+1"],"picked":"Underhanded Strike+1","floor":25.0},{"not_picked":["Dagger Throw","Acrobatics"],"picked":"Burst","floor":27.0},{"not_picked":["Eviscerate","Acrobatics+1","Blur"],"picked":"SKIP","floor":29.0},{"not_picked":["Heel Hook","Sucker Punch","Underhanded Strike"],"picked":"SKIP","floor":30.0},{"not_picked":["Dagger Spray","Bane"],"picked":"Tactician","floor":31.0},{"not_picked":["Finisher+1","Dodge and Roll"],"picked":"Leg Sweep+1","floor":35.0},{"not_picked":["Setup","PiercingWail"],"picked":"Calculated Gamble+1","floor":36.0},{"not_picked":["Slice","Distraction"],"picked":"Expertise","floor":39.0},{"not_picked":["Bane","Dodge and Roll+1","Flying Knee"],"picked":"SKIP","floor":41.0},{"not_picked":["Skewer+1","Backflip"],"picked":"Blur+1","floor":42.0},{"not_picked":["Skewer","Deadly Poison+1","Heel Hook+1"],"picked":"SKIP","floor":44.0},{"not_picked":["Blade Dance+1","Tools of the Trade"],"picked":"Prepared","floor":46.0},{"not_picked":["Deadly Poison+1","Dodge and Roll","Bane"],"picked":"SKIP","floor":48.0}],"player_experience":512096,"relics_obtained":[{"floor":8.0,"key":"Ancient Tea Set"},{"floor":9.0,"key":"Happy Flower"},{"floor":10.0,"key":"Bag of Marbles"},{"floor":23.0,"key":"Potion Belt"},{"floor":25.0,"key":"Tingsha"},{"floor":26.0,"key":"Lantern"},{"floor":27.0,"key":"Tiny Chest"},{"floor":29.0,"key":"Mercury Hourglass"},{"floor":44.0,"key":"Shuriken"},{"floor":46.0,"key":"Incense Burner"}],"event_choices":[{"cards_removed":["Strike_G"],"damage_healed":0.0,"max_hp_gain":0.0,"max_hp_loss":0.0,"gold_gain":0.0,"event_name":"Golden Wing","player_choice":"Card Removal","floor":2.0,"gold_loss":0.0,"damage_taken":7.0},{"damage_healed":0.0,"max_hp_gain":0.0,"max_hp_loss":0.0,"gold_gain":0.0,"event_name":"Scrap Ooze","player_choice":"Success","floor":4.0,"gold_loss":0.0,"damage_taken":11.0,"relics_obtained":["War Paint"]},{"damage_healed":0.0,"max_hp_gain":0.0,"max_hp_loss":0.0,"gold_gain":30.0,"event_name":"Dead Adventurer","player_choice":"Searched \u00272\u0027 times","floor":14.0,"gold_loss":0.0,"damage_taken":0.0,"relics_obtained":["Oddly Smooth Stone"]},{"damage_healed":0.0,"max_hp_gain":0.0,"max_hp_loss":0.0,"gold_gain":0.0,"event_name":"Ghosts","player_choice":"Ignored","floor":19.0,"gold_loss":0.0,"damage_taken":0.0},{"damage_healed":0.0,"max_hp_gain":0.0,"max_hp_loss":0.0,"gold_gain":0.0,"event_name":"Vampires","player_choice":"Ignored","floor":24.0,"gold_loss":0.0,"damage_taken":0.0},{"cards_removed":["Strike_G"],"damage_healed":0.0,"max_hp_gain":0.0,"max_hp_loss":0.0,"gold_gain":0.0,"event_name":"Purifier","player_choice":"Purged","floor":37.0,"gold_loss":0.0,"damage_taken":0.0},{"damage_healed":0.0,"max_hp_gain":0.0,"max_hp_loss":0.0,"gold_gain":0.0,"event_name":"MindBloom","player_choice":"Fight","floor":46.0,"gold_loss":0.0,"damage_taken":0.0},{"damage_healed":0.0,"max_hp_gain":0.0,"max_hp_loss":0.0,"gold_gain":0.0,"event_name":"Tomb of Lord Red Mask","player_choice":"Ignored","floor":47.0,"gold_loss":0.0,"damage_taken":0.0}],"is_beta":true,"boss_relics":[{"not_picked":["Snecko Eye","Fusion Hammer"],"picked":"Philosopher\u0027s Stone"},{"not_picked":["Eternal Feather","Lizard Tail"],"picked":"Cursed Key"}],"items_purged_floors":[7,13,21,38],"is_endless":false,"potions_floor_spawned":[1,3,5,11,22,23,29,30,31,42,44,48],"ascension_level":20}