{"gold_per_floor":[109,122,139,149,162,162,162,237,260,98,108,121,121],"floor_reached":13,"playtime":341,"items_purged":["Strike_G"],"score":158,"play_id":"f7fdc03e-a13e-40eb-bfac-0cecc08b08fb","local_time":"20190805161709","is_ascension_mode":true,"campfire_choices":[{"data":"Neutralize","floor":6.0,"key":"SMITH"}],"neow_cost":"NONE","seed_source_timestamp":0,"circlet_count":0,"master_deck":["AscendersBane","Strike_G","Strike_G","Strike_G","Strike_G","Defend_G","Defend_G","Defend_G","Defend_G","Defend_G","Survivor","Neutralize+1","Calculated Gamble","Infinite Blades","Blur","Acrobatics","Noxious Fumes","Escape Plan"],"special_seed":0,"relics":["Ring of the Snake","NeowsBlessing","Happy Flower"],"potions_floor_usage":[12,12],"damage_taken":[{"damage":0.0,"enemies":"Cultist","floor":1.0,"turns":1.0},{"damage":0.0,"enemies":"2 Louse","floor":2.0,"turns":1.0},{"damage":0.0,"enemies":"Jaw Worm","floor":3.0,"turns":1.0},{"damage":37.0,"enemies":"Exordium Thugs","floor":4.0,"turns":10.0},{"damage":11.0,"enemies":"3 Louse","floor":5.0,"turns":7.0},{"damage":0.0,"enemies":"Red Slaver","floor":11.0,"turns":4.0},{"damage":18,"enemies":"Gremlin Gang","floor":12,"turns":4},{"damage":5,"enemies":"3 Louse","floor":13,"turns":1}],"seed_played":"5999170680397891089","potions_obtained":[{"floor":1.0,"key":"GamblersBrew"},{"floor":2.0,"key":"PowerPotion"},{"floor":3.0,"key":"FearPotion"}],"is_trial":false,"path_per_floor":["M","M","M","M","M","R","?","?","T","$","M","M","M"],"character_chosen":"THE_SILENT","items_purchased":["Noxious Fumes"],"campfire_rested":0,"item_purchase_floors":[10],"current_hp_per_floor":[59,59,59,22,11,11,33,22,22,22,22,4,0],"gold":121,"neow_bonus":"THREE_ENEMY_KILL","is_prod":false,"is_daily":false,"chose_seed":false,"campfire_upgraded":1,"win_rate":0,"timestamp":1564993029,"path_taken":["M","M","M","?","M","R","?","?","T","$","M","M","?"],"build_version":"2019-07-17","purchased_purges":1,"victory":false,"max_hp_per_floor":[66,66,66,66,66,66,66,66,66,66,66,66,66],"card_choices":[{"not_picked":["Finisher","Flying Knee"],"picked":"Calculated Gamble","floor":1.0},{"not_picked":["Cloak And Dagger","Dagger Throw","Deflect"],"picked":"SKIP","floor":2.0},{"not_picked":["Skewer","Dagger Throw"],"picked":"Infinite Blades","floor":3.0},{"not_picked":["Dagger Throw","Venomology"],"picked":"Blur","floor":4.0},{"not_picked":["Backflip","Dodge and Roll"],"picked":"Acrobatics","floor":5.0},{"not_picked":["Backflip","Sucker Punch"],"picked":"Escape Plan","floor":11.0},{"not_picked":["Eviscerate","Acrobatics","Backstab"],"picked":"SKIP","floor":12}],"player_experience":1732104,"relics_obtained":[{"floor":9.0,"key":"Happy Flower"}],"event_choices":[{"damage_healed":22.0,"max_hp_gain":0.0,"max_hp_loss":0.0,"gold_gain":0.0,"event_name":"Big Fish","player_choice":"Banana","floor":7.0,"gold_loss":0.0,"damage_taken":0.0},{"damage_healed":0.0,"max_hp_gain":0.0,"max_hp_loss":0.0,"gold_gain":75.0,"event_name":"World of Goop","player_choice":"Gather Gold","floor":8.0,"gold_loss":0.0,"damage_taken":11.0}],"is_beta":false,"boss_relics":[],"items_purged_floors":[10],"is_endless":false,"potions_floor_spawned":[1,2,3,11],"killed_by":"3 Louse","ascension_level":20}