{"gold_per_floor":[211,229,247,247,295,295,295,295,320,320,335,349,360,376,376,480,480,490,340,353,86,97,97,109,144,144,44,44,44],"floor_reached":29,"playtime":843,"items_purged":["Strike_R","Strike_R"],"score":367,"play_id":"5a8594e5-6370-40cb-a971-db029e205080","local_time":"20181010141207","is_ascension_mode":true,"campfire_choices":[{"data":"Rampage","floor":6,"key":"SMITH"},{"data":"Disarm","floor":8,"key":"SMITH"},{"floor":10,"key":"REST"},{"data":"Disarm","floor":15,"key":"SMITH"},{"floor":23,"key":"REST"},{"floor":28,"key":"REST"}],"neow_cost":"NONE","seed_source_timestamp":20859940875316,"circlet_count":0,"master_deck":["Strike_R","Strike_R","Strike_R","Defend_R","Defend_R","Defend_R","Defend_R","Bash","AscendersBane","Disarm+1","Rampage+1","Disarm+1","Shockwave","Double Tap","Evolve","Feed","Reaper","Double Tap"],"relics":["Burning Blood","Dream Catcher","PreservedInsect","Mark of Pain","ClockworkSouvenir","Du-Vu Doll","Ornamental Fan"],"potions_floor_usage":[16,20,24,25],"damage_taken":[{"damage":8,"enemies":"2 Louse","floor":1,"turns":3},{"damage":24,"enemies":"Jaw Worm","floor":2,"turns":6},{"damage":7,"enemies":"Small Slimes","floor":3,"turns":4},{"damage":12,"enemies":"Looter","floor":11,"turns":3},{"damage":1,"enemies":"Blue Slaver","floor":12,"turns":7},{"damage":19,"enemies":"Lots of Slimes","floor":13,"turns":6},{"damage":11,"enemies":"Red Slaver","floor":14,"turns":4},{"damage":27,"enemies":"The Guardian","floor":16,"turns":13},{"damage":12,"enemies":"Chosen","floor":18,"turns":6},{"damage":2,"enemies":"3 Byrds","floor":20,"turns":3},{"damage":30,"enemies":"Snecko","floor":22,"turns":5},{"damage":36,"enemies":"Cultist and Chosen","floor":24,"turns":8},{"damage":35,"enemies":"Book of Stabbing","floor":25,"turns":6},{"damage":68,"enemies":"3 Cultists","floor":29,"turns":7}],"seed_played":"-1723110014655421488","potions_obtained":[{"floor":1,"key":"SkillPotion"},{"floor":3,"key":"LiquidBronze"},{"floor":20,"key":"Poison Potion"},{"floor":22,"key":"AttackPotion"},{"floor":24,"key":"Swift Potion"}],"is_trial":false,"path_per_floor":["M","M","M","?","T","R","?","R","T","R","M","M","M","M","R","B",null,"M","$","M","$","M","R","M","E","T","$","R"],"character_chosen":"IRONCLAD","items_purchased":["Evolve","Reaper","ClockworkSouvenir"],"campfire_rested":3,"item_purchase_floors":[19,21,21],"current_hp_per_floor":[70,52,51,51,51,51,51,51,51,75,69,74,61,56,56,35,69,63,63,67,67,43,67,48,25,25,25,49,0],"gold":44,"neow_bonus":"HUNDRED_GOLD","is_prod":false,"is_daily":false,"chose_seed":false,"campfire_upgraded":3,"win_rate":0,"timestamp":1539151927,"path_taken":["M","M","M","?","?","R","?","R","T","R","M","M","?","M","R","BOSS","M","$","M","?","M","R","M","E","T","$","R","?"],"build_version":"2018-10-04v2","purchased_purges":2,"victory":false,"max_hp_per_floor":[80,80,80,80,80,80,80,80,80,80,80,80,80,80,80,80,80,80,80,80,80,80,80,83,83,83,83,83,83],"card_choices":[{"not_picked":["Reckless Charge","Sever Soul"],"picked":"Disarm","floor":1},{"not_picked":["Metallicize","Dual Wield"],"picked":"Rampage","floor":2},{"not_picked":["Clothesline","Evolve","Infernal Blade"],"picked":"SKIP","floor":3},{"not_picked":["Entrench","Sword Boomerang"],"picked":"Disarm","floor":11},{"not_picked":["Power Through","Combust","Perfected Strike"],"picked":"SKIP","floor":12},{"not_picked":["Heavy Blade","Iron Wave","Corruption"],"picked":"SKIP","floor":13},{"not_picked":["Wild Strike","Thunderclap"],"picked":"Shockwave","floor":14},{"not_picked":["Brutality","Fiend Fire"],"picked":"Double Tap","floor":16},{"not_picked":["Sword Boomerang+1","Shrug It Off","Armaments"],"picked":"SKIP","floor":18},{"not_picked":["Armaments","Anger"],"picked":"Feed","floor":20},{"not_picked":["Thunderclap+1","Fire Breathing","Armaments+1"],"picked":"SKIP","floor":22},{"not_picked":["Anger","Sword Boomerang","Havoc"],"picked":"SKIP","floor":24},{"not_picked":["Battle Trance+1","Rage","Armaments+1"],"picked":"SKIP","floor":25},{"not_picked":["Uppercut","Pommel Strike+1"],"picked":"Double Tap","floor":28}],"player_experience":87259,"relics_obtained":[{"floor":5,"key":"Dream Catcher"},{"floor":9,"key":"PreservedInsect"},{"floor":25,"key":"Du-Vu Doll"},{"floor":26,"key":"Ornamental Fan"}],"event_choices":[{"event_name":"Scrap Ooze","player_choice":"unsuccessful","floor":4,"damage_taken":0},{"event_name":"Dead Adventurer","player_choice":"Searched \u00270\u0027 times","floor":7,"damage_taken":0}],"is_beta":false,"boss_relics":[{"not_picked":["Black Star","Philosopher\u0027s Stone"],"picked":"Mark of Pain"}],"items_purged_floors":[19,27],"is_endless":false,"potions_floor_spawned":[1,3,14,20,22,24],"killed_by":"3 Cultists","ascension_level":11}