{"gold_per_floor":[112,37,37,37,47,47,79,79,106,50,61,76,76,88,88,163,163],"floor_reached":17,"playtime":358,"items_purged":[],"score":360,"play_id":"4925353a-abd0-4abd-adf2-3737212aa88b","local_time":"20190101195200","is_ascension_mode":true,"campfire_choices":[{"data":"Neutralize","floor":6,"key":"SMITH"},{"data":"Calculated Gamble","floor":8,"key":"SMITH"},{"data":"Footwork","floor":15,"key":"SMITH"}],"neow_cost":"NONE","seed_source_timestamp":29219954133741,"circlet_count":0,"master_deck":["AscendersBane","Defend_G","Defend_G","Defend_G","Strike_G","Strike_G","Strike_G","Strike_G","Survivor","Neutralize+1","Calculated Gamble+1","Deadly Poison+1","Footwork+1","Adrenaline"],"relics":["Ring of the Snake","NeowsBlessing","Regal Pillow","Vajra","Orrery"],"potions_floor_usage":[12],"damage_taken":[{"damage":0,"enemies":"Small Slimes","floor":1,"turns":1},{"damage":0,"enemies":"2 Louse","floor":5,"turns":1},{"damage":0,"enemies":"Gremlin Nob","floor":7,"turns":1},{"damage":0,"enemies":"Cultist","floor":11,"turns":3},{"damage":8,"enemies":"Lots of Slimes","floor":12,"turns":4},{"damage":14,"enemies":"2 Fungi Beasts","floor":14,"turns":3},{"damage":32,"enemies":"The Guardian","floor":16,"turns":10}],"seed_played":"-4924728992363785802","potions_obtained":[{"floor":1,"key":"PowerPotion"},{"floor":7,"key":"SteroidPotion"},{"floor":11,"key":"Poison Potion"},{"floor":16,"key":"SteroidPotion"}],"is_trial":false,"path_per_floor":["M","?","?","?","M","R","E","R","T","$","M","M","?","M","R","B",null],"character_chosen":"THE_SILENT","items_purchased":["Deadly Poison"],"campfire_rested":0,"item_purchase_floors":[10],"current_hp_per_floor":[59,59,59,59,59,59,59,59,59,59,59,51,51,37,37,5,5],"gold":163,"neow_bonus":"THREE_ENEMY_KILL","is_prod":false,"is_daily":false,"chose_seed":false,"campfire_upgraded":3,"win_rate":0,"timestamp":1546343520,"path_taken":["M","?","?","?","M","R","E","R","T","$","?","?","?","M","R","BOSS"],"build_version":"2018-12-20","purchased_purges":0,"victory":false,"max_hp_per_floor":[66,66,66,66,66,66,66,66,66,66,66,66,66,66,66,66,66],"card_choices":[{"not_picked":["Dagger Throw","Bane","Distraction"],"picked":"SKIP","floor":1},{"not_picked":["Bane","Underhanded Strike","Blade Dance"],"picked":"SKIP","floor":5},{"not_picked":["Quick Slash","Predator","A Thousand Cuts"],"picked":"SKIP","floor":7},{"not_picked":["Dagger Throw","Cloak And Dagger","Outmaneuver"],"picked":"SKIP","floor":11},{"not_picked":["Slice","Underhanded Strike","Prepared"],"picked":"SKIP","floor":12},{"not_picked":["Poisoned Stab","Blade Dance"],"picked":"Footwork","floor":14},{"not_picked":["Wraith Form v2","Venomology"],"picked":"Adrenaline","floor":16}],"player_experience":1655590,"relics_obtained":[{"floor":7,"key":"Regal Pillow"},{"floor":9,"key":"Vajra"}],"event_choices":[{"cards_removed":["Strike_G"],"damage_healed":0,"gold_gain":0,"player_choice":"Card Removal","damage_taken":0,"max_hp_gain":0,"max_hp_loss":0,"event_name":"The Cleric","floor":2,"gold_loss":75},{"damage_healed":0,"gold_gain":0,"cards_transformed":["Defend_G"],"player_choice":"Change","damage_taken":0,"max_hp_gain":0,"max_hp_loss":0,"event_name":"Living Wall","floor":3,"gold_loss":0,"cards_obtained":["Calculated Gamble"]},{"cards_removed":["Defend_G"],"damage_healed":0,"gold_gain":0,"player_choice":"Purged","damage_taken":0,"max_hp_gain":0,"max_hp_loss":0,"event_name":"Purifier","floor":4,"gold_loss":0},{"damage_healed":0,"gold_gain":0,"player_choice":"Forge","damage_taken":0,"max_hp_gain":0,"max_hp_loss":0,"event_name":"Accursed Blacksmith","floor":13,"gold_loss":0,"cards_upgraded":["Deadly Poison"]}],"is_beta":false,"boss_relics":[{"not_picked":["White Beast Statue","Busted Crown"],"picked":"Orrery"}],"items_purged_floors":[],"is_endless":false,"potions_floor_spawned":[1,7,11,16],"ascension_level":20}