{"gold_per_floor":[110,110,129,54,54,54,74,88,88,88,98,98,4,4],"floor_reached":14,"playtime":373,"items_purged":["Strike_G"],"score":152,"play_id":"27ed812f-5756-4767-9f1d-0c33ee751a1b","local_time":"20181114210552","is_ascension_mode":true,"campfire_choices":[{"data":"Neutralize","floor":6,"key":"SMITH"},{"data":"Reflex","floor":10,"key":"SMITH"}],"neow_cost":"PERCENT_DAMAGE","seed_source_timestamp":9062780730449,"circlet_count":0,"master_deck":["AscendersBane","Defend_G","Defend_G","Defend_G","Defend_G","Strike_G","Strike_G","Survivor","Neutralize+1","Heel Hook","PiercingWail","Reflex+1","Madness"],"relics":["Ring of the Snake","Mummified Hand","Pantograph"],"potions_floor_usage":[8,11,14],"damage_taken":[{"damage":0,"enemies":"2 Louse","floor":1,"turns":4},{"damage":0,"enemies":"Small Slimes","floor":3,"turns":5},{"damage":0,"enemies":"Cultist","floor":7,"turns":4},{"damage":11,"enemies":"Exordium Thugs","floor":8,"turns":8},{"damage":21,"enemies":"Large Slime","floor":11,"turns":12},{"damage":0,"enemies":"Gremlin Nob","floor":14,"turns":3}],"seed_played":"3433921627376593044","potions_obtained":[{"floor":3,"key":"FearPotion"},{"floor":8,"key":"Explosive Potion"},{"floor":11,"key":"EssenceOfSteel"}],"is_trial":false,"path_per_floor":["M","?","M","$","?","R","M","M","T","R","M","?","$","E"],"character_chosen":"THE_SILENT","items_purchased":["Madness"],"campfire_rested":0,"item_purchase_floors":[13],"current_hp_per_floor":[44,37,37,37,42,42,42,31,31,31,10,10,10,10],"gold":4,"neow_bonus":"REMOVE_TWO","is_prod":false,"is_daily":false,"chose_seed":false,"campfire_upgraded":2,"win_rate":0,"timestamp":1542200752,"path_taken":["M","?","M","$","?","R","M","M","T","R","M","?","$","E"],"build_version":"2018-11-13","purchased_purges":1,"victory":false,"max_hp_per_floor":[66,66,66,66,71,71,71,71,71,71,71,71,71,71],"card_choices":[{"not_picked":["Dagger Spray","Bane","Catalyst"],"picked":"SKIP","floor":1},{"not_picked":["Footwork","Quick Slash"],"picked":"Heel Hook","floor":3},{"not_picked":["Underhanded Strike","Deflect"],"picked":"PiercingWail","floor":7},{"not_picked":["Underhanded Strike","Noxious Fumes"],"picked":"Reflex","floor":8},{"not_picked":["Poisoned Stab","Crippling Poison","Expertise"],"picked":"SKIP","floor":11}],"player_experience":1055472,"relics_obtained":[{"floor":9,"key":"Mummified Hand"}],"event_choices":[{"cards_removed":["Strike_G"],"damage_healed":0,"gold_gain":0,"player_choice":"Card Removal","damage_taken":7,"max_hp_gain":0,"max_hp_loss":0,"event_name":"Golden Wing","floor":2,"gold_loss":0},{"damage_healed":0,"gold_gain":0,"player_choice":"Donut","damage_taken":0,"max_hp_gain":5,"max_hp_loss":0,"event_name":"Big Fish","floor":5,"gold_loss":0},{"damage_healed":0,"gold_gain":0,"player_choice":"Searched \u00271\u0027 times","damage_taken":0,"relics_obtained":["Pantograph"],"max_hp_gain":0,"max_hp_loss":0,"event_name":"Dead Adventurer","floor":12,"gold_loss":0}],"is_beta":true,"boss_relics":[],"items_purged_floors":[4],"is_endless":false,"potions_floor_spawned":[3,8,11],"killed_by":"Gremlin Nob","ascension_level":18}