{"gold_per_floor":[119,119,143,155,171,171,186,25,104,104,130,130,142,65,65,166,166,178,103,23,33,33,33,61,61,61,61,76,92,104,115,115,215,215,229,229,229,529,539,539,539,556,580,580,590,601,617,391,391,391],"floor_reached":51,"playtime":2032,"items_purged":["Decay"],"score":1048,"play_id":"d90dbd85-5adf-4591-95af-93f917ba8923","local_time":"20181010215825","is_ascension_mode":true,"campfire_choices":[{"data":"Well Laid Plans","floor":6,"key":"SMITH"},{"data":"Poisoned Stab","floor":10,"key":"SMITH"},{"data":"1","floor":12,"key":"LIFT"},{"data":"Catalyst","floor":15,"key":"SMITH"},{"data":"Wraith Form v2","floor":23,"key":"SMITH"},{"floor":25,"key":"REST"},{"floor":27,"key":"REST"},{"data":"Catalyst","floor":32,"key":"SMITH"},{"data":"Wraith Form v2","floor":40,"key":"SMITH"},{"data":"2","floor":44,"key":"LIFT"},{"data":"3","floor":49,"key":"LIFT"}],"neow_cost":"NONE","seed_source_timestamp":3201825608045,"circlet_count":0,"master_deck":["Defend_G+1","Defend_G+1","Defend_G+1","Defend_G+1","Defend_G+1","Strike_G+1","Strike_G+1","Strike_G+1","Survivor+1","Neutralize+1","AscendersBane","Catalyst+1","Well Laid Plans+1","Tools of the Trade+1","Poisoned Stab+1","Storm of Steel+1","Escape Plan+1","Bouncing Flask+1","Wraith Form v2+1","Well Laid Plans+1","Catalyst+1","Noxious Fumes+1","Wraith Form v2+1","Deadly Poison+1","Wraith Form v2+1","Noxious Fumes+1","PiercingWail+1"],"relics":["Ring of the Snake","NeowsBlessing","Whetstone","Shuriken","Girya","Sozu","Omamori","Question Card","Runic Pyramid","Mark of the Bloom","Dream Catcher","Bronze Scales"],"potions_floor_usage":[24,24],"damage_taken":[{"damage":0,"enemies":"Cultist","floor":1,"turns":1},{"damage":0,"enemies":"Small Slimes","floor":4,"turns":1},{"damage":0,"enemies":"2 Louse","floor":5,"turns":1},{"damage":2,"enemies":"Exordium Wildlife","floor":7,"turns":3},{"damage":17,"enemies":"3 Sentries","floor":11,"turns":10},{"damage":3,"enemies":"Gremlin Gang","floor":13,"turns":5},{"damage":24,"enemies":"Hexaghost","floor":16,"turns":6},{"damage":11,"enemies":"Spheric Guardian","floor":18,"turns":5},{"damage":17,"enemies":"2 Thieves","floor":21,"turns":4},{"damage":29,"enemies":"Slavers","floor":24,"turns":7},{"damage":9,"enemies":"3 Cultists","floor":28,"turns":6},{"damage":1,"enemies":"Cultist and Chosen","floor":29,"turns":6},{"damage":0,"enemies":"Snake Plant","floor":30,"turns":4},{"damage":19,"enemies":"Centurion and Healer","floor":31,"turns":6},{"damage":5,"enemies":"Collector","floor":33,"turns":6},{"damage":6,"enemies":"3 Darklings","floor":35,"turns":6},{"damage":2,"enemies":"3 Shapes","floor":39,"turns":5},{"damage":0,"enemies":"Sphere and 2 Shapes","floor":42,"turns":5},{"damage":0,"enemies":"3 Darklings","floor":45,"turns":5},{"damage":0,"enemies":"Reptomancer","floor":46,"turns":5},{"damage":18,"enemies":"4 Shapes","floor":47,"turns":4},{"damage":14,"enemies":"Awakened One","floor":50,"turns":10}],"seed_played":"6455402610933372004","potions_obtained":[{"floor":1,"key":"Fire Potion"},{"floor":4,"key":"Swift Potion"},{"floor":5,"key":"GamblersBrew"},{"floor":11,"key":"SteroidPotion"}],"is_trial":false,"path_per_floor":["M","?","T","M","M","R","M","$","T","R","E","R","M","$","R","B",null,"M","?","$","M","?","R","E","R","T","R","M","M","M","M","R","B",null,"M","?","?","?","M","R","?","M","T","R","M","M","M","$","R","B"],"character_chosen":"THE_SILENT","items_purchased":["Tools of the Trade","Poisoned Stab","Bouncing Flask","Catalyst","Bronze Scales"],"campfire_rested":2,"item_purchase_floors":[8,8,14,20,48],"current_hp_per_floor":[63,68,68,68,68,68,66,66,66,66,49,49,46,46,46,22,62,51,51,51,34,34,34,5,27,27,49,40,39,39,20,20,15,60,54,54,54,54,52,52,52,52,52,52,52,52,34,34,34,20],"gold":391,"neow_bonus":"THREE_ENEMY_KILL","is_prod":false,"is_daily":false,"chose_seed":false,"campfire_upgraded":6,"win_rate":0,"timestamp":1539179905,"path_taken":["M","?","?","?","?","R","M","$","T","R","E","R","M","$","R","BOSS","M","?","$","M","?","R","E","R","T","R","M","?","?","M","R","BOSS","M","?","?","?","?","R","?","?","T","R","M","M","M","$","R","BOSS"],"build_version":"2018-10-04v2","purchased_purges":1,"victory":true,"max_hp_per_floor":[70,75,75,75,75,75,75,75,75,75,75,75,75,75,75,75,75,75,75,75,75,75,75,75,75,75,75,75,75,75,75,75,75,75,75,75,75,75,75,75,75,75,75,75,75,75,75,75,75,75],"card_choices":[{"not_picked":["Expertise","Slice","Heel Hook"],"picked":"SKIP","floor":1},{"not_picked":["Slice","Blade Dance"],"picked":"Catalyst","floor":4},{"not_picked":["PiercingWail","Bane"],"picked":"Well Laid Plans","floor":5},{"not_picked":["Dagger Spray","Bane","Cloak And Dagger"],"picked":"SKIP","floor":7},{"not_picked":["Distraction","Flying Knee"],"picked":"Storm of Steel","floor":11},{"not_picked":["Dash","Prepared"],"picked":"Escape Plan","floor":13},{"not_picked":["Adrenaline","Venomology"],"picked":"Wraith Form v2","floor":16},{"not_picked":["Outmaneuver","Sucker Punch"],"picked":"Well Laid Plans+1","floor":18},{"not_picked":["Backflip+1","Underhanded Strike"],"picked":"Noxious Fumes","floor":21},{"not_picked":["Outmaneuver","Bane"],"picked":"Wraith Form v2","floor":24},{"not_picked":["Heel Hook","Bane+1","Dagger Spray","Cloak And Dagger"],"picked":"SKIP","floor":28},{"not_picked":["PiercingWail","Slice","Distraction"],"picked":"Deadly Poison","floor":29},{"not_picked":["Poisoned Stab+1","Phantasmal Killer","Skewer","Quick Slash"],"picked":"SKIP","floor":30},{"not_picked":["Prepared","Cloak And Dagger","Dagger Throw","Dodge and Roll"],"picked":"SKIP","floor":31},{"not_picked":["After Image","Malaise","Venomology"],"picked":"Wraith Form v2","floor":33},{"not_picked":["Well Laid Plans","Underhanded Strike+1","Deflect","Predator+1"],"picked":"SKIP","floor":35},{"not_picked":["Blade Dance+1","Quick Slash+1","Heel Hook+1","Dodge and Roll"],"picked":"SKIP","floor":39},{"not_picked":["Well Laid Plans+1","Distraction","Tactician+1"],"picked":"Noxious Fumes+1","floor":42},{"not_picked":["Bane","Slice+1","Skewer","Finisher+1"],"picked":"SKIP","floor":45},{"not_picked":["Sucker Punch+1","Caltrops+1","Prepared","Dodge and Roll+1"],"picked":"SKIP","floor":46},{"not_picked":["Glass Knife","Dagger Spray+1","Dodge and Roll"],"picked":"PiercingWail+1","floor":47}],"player_experience":91833,"relics_obtained":[{"floor":3,"key":"Whetstone"},{"floor":9,"key":"Shuriken"},{"floor":11,"key":"Girya"},{"floor":24,"key":"Omamori"},{"floor":26,"key":"Question Card"},{"floor":43,"key":"Dream Catcher"}],"event_choices":[{"event_name":"Big Fish","player_choice":"Donut","floor":2,"damage_taken":0},{"event_name":"Beggar","player_choice":"Gave Gold","floor":19,"damage_taken":0},{"event_name":"Forgotten Altar","player_choice":"Smashed Altar","floor":22,"damage_taken":0},{"event_name":"Falling","player_choice":"Removed Attack","floor":36,"damage_taken":0},{"event_name":"Tomb of Lord Red Mask","player_choice":"Ignored","floor":37,"damage_taken":0},{"event_name":"Wheel of Change","player_choice":"Gold","floor":38,"damage_taken":0},{"event_name":"MindBloom","player_choice":"Upgrade","floor":41,"damage_taken":0}],"is_beta":false,"boss_relics":[{"not_picked":["Philosopher\u0027s Stone","WristBlade"],"picked":"Sozu"},{"not_picked":["Velvet Choker","Cursed Key"],"picked":"Runic Pyramid"}],"items_purged_floors":[48],"is_endless":false,"potions_floor_spawned":[1,4,5,11,13,18,21,29,35,42],"ascension_level":11}