{"path_per_floor":["M","?","$","M","M","R","M","?","T","?","R","$","R","M","R","B",null,"M","?","?","M","M","R","?","M","T","$","M","R"],"character_chosen":"THE_SILENT","items_purchased":["Blur","Footwork","A Thousand Cuts","Deadly Poison","Infinite Blades","Strawberry"],"gold_per_floor":[117,117,12,28,46,46,58,133,159,159,159,35,35,55,55,185,185,205,205,205,219,240,240,240,258,258,31,41,41],"floor_reached":30,"campfire_rested":1,"playtime":8285,"current_hp_per_floor":[70,70,70,70,70,70,67,56,56,39,39,39,60,60,60,37,70,29,29,29,28,28,28,28,33,33,40,19,19],"items_purged":[],"gold":41,"score":246,"play_id":"c5f122d4-251f-419c-95f2-9b706b75e343","is_prod":false,"is_daily":false,"is_ascension_mode":false,"campfire_upgraded":5,"path_taken":["M","?","$","?","M","R","M","?","T","?","R","$","R","M","R","BOSS","M","?","?","?","M","R","?","M","T","$","M","R","M"],"build_version":"2018-02-15-PROD1","purchased_purges":0,"victory":false,"master_deck":["Defend_G","Defend_G","Defend_G","Defend_G","Strike_G","Strike_G","Strike_G","Strike_G","Strike_G","Survivor","Neutralize+1","Eviscerate+1","Blur","Footwork+1","Bouncing Flask+1","Masterful Stab","Deflect","A Thousand Cuts+1","Deadly Poison+1","Deadly Poison","Die Die Die","Deadly Poison","Deadly Poison","Infinite Blades","Burst"],"max_hp_per_floor":[70,70,70,70,70,70,70,70,70,70,70,70,70,70,70,70,70,70,70,70,70,70,70,70,70,70,77,77,77],"relics":["Ring of the Snake","Pen Nib","Bloody Idol","Runic Pyramid","Mercury Hourglass","Frozen Eye","Strawberry"],"card_choices":[{"not_picked":["Dagger Spray","Outmaneuver"],"picked":"Eviscerate"},{"not_picked":["Poisoned Stab","Prepared"],"picked":"Bouncing Flask"},{"not_picked":["Dagger Spray","Blur"],"picked":"Masterful Stab"},{"not_picked":["PiercingWail","Footwork"],"picked":"Deflect"},{"not_picked":["Dagger Throw","Flying Knee"],"picked":"Deadly Poison"},{"not_picked":["After Image","Bullet Time"],"picked":"Die Die Die"},{"not_picked":["Slice","Poisoned Stab"],"picked":"Deadly Poison"},{"not_picked":["Quick Slash","Flying Knee"],"picked":"Deadly Poison"},{"not_picked":["Outmaneuver","Dagger Throw"],"picked":"Burst"}],"player_experience":31975,"potions_floor_usage":[14,21],"damage_taken":[{"damage":0,"enemies":"Cultist","floor":1,"turns":3},{"damage":0,"enemies":"Jaw Worm","floor":4,"turns":6},{"damage":0,"enemies":"2 Louse","floor":5,"turns":4},{"damage":3,"enemies":"2 Fungi Beasts","floor":7,"turns":5},{"damage":0,"enemies":"Large Slime","floor":14,"turns":4},{"damage":23,"enemies":"Slime Boss","floor":16,"turns":12},{"damage":41,"enemies":"Chosen","floor":18,"turns":8},{"damage":1,"enemies":"Spheric Guardian","floor":21,"turns":3},{"damage":0,"enemies":"Chosen and Byrds","floor":22,"turns":7},{"damage":0,"enemies":"Snecko","floor":25,"turns":5},{"damage":26,"enemies":"3 Cultists","floor":28,"turns":5},{"damage":26,"enemies":"Sentry and Sphere","floor":30,"turns":5}],"event_choices":[{"event_name":"Living Wall","player_choice":"Grow","floor":2,"damage_taken":0},{"event_name":"World of Goop","player_choice":"Gather Gold","floor":8,"damage_taken":0},{"event_name":"Golden Idol","player_choice":"Take Damage","floor":10,"damage_taken":0},{"event_name":"The Mausoleum","player_choice":"Yes","floor":19,"damage_taken":0},{"event_name":"Back to Basics","player_choice":"Elegance","floor":20,"damage_taken":0},{"event_name":"Forgotten Altar","player_choice":"Gave Idol","floor":24,"damage_taken":0}],"boss_relics":[{"not_picked":["Runic Dome","Ectoplasm"],"picked":"Runic Pyramid"}],"potions_floor_spawned":[1,7,16,18,22,25],"seed_played":"6414828604471741181","killed_by":"Sentry and Sphere","ascension_level":0,"is_trial":false}