{"gold_per_floor":[109,126,51,66,82,99,99,99,149,169,169,94,124,137,137,214,214,226,34,46,79,96,96,110,110,110,110,110,126,126,19,19,95,95,110,110,128,128,146,173,173,192,192,192,204,214,232,232],"floor_reached":48,"playtime":3148,"items_purged":["Strike_B","Strike_B"],"score":1086,"play_id":"a93a0e0f-d72d-4c1a-9096-68bf7e1afc84","local_time":"20190108172627","is_ascension_mode":true,"campfire_choices":[{"data":"Apotheosis","floor":7.0,"key":"SMITH"},{"floor":11.0,"key":"REST"},{"floor":15.0,"key":"REST"},{"floor":23.0,"key":"REST"},{"floor":30.0,"key":"REST"},{"floor":32.0,"key":"REST"},{"floor":41.0,"key":"REST"},{"floor":44.0,"key":"RECALL"}],"neow_cost":"TEN_PERCENT_HP_LOSS","seed_source_timestamp":18343565508638,"circlet_count":0,"master_deck":["AscendersBane","Defend_B","Defend_B","Defend_B","Defend_B","Zap","Dualcast","Secret Weapon","Apotheosis+1","Genetic Algorithm","Coolheaded","Sunder","Core Surge","Coolheaded","Impatience","Capacitor","Defragment","Loop","Impatience","Seek","Finesse","Madness","Chrysalis","Biased Cognition","Clumsy","Coolheaded"],"special_seed":0,"relics":["Cracked Core","Vajra","Bottled Flame","Sozu","Red Mask","Symbiotic Virus","Nilry\u0027s Codex","Cursed Key","PreservedInsect"],"potions_floor_usage":[],"damage_taken":[{"damage":0.0,"enemies":"Cultist","floor":1.0,"turns":3.0},{"damage":19.0,"enemies":"2 Louse","floor":2.0,"turns":3.0},{"damage":0.0,"enemies":"Small Slimes","floor":4.0,"turns":4.0},{"damage":9.0,"enemies":"Looter","floor":5.0,"turns":3.0},{"damage":6.0,"enemies":"Blue Slaver","floor":6.0,"turns":5.0},{"damage":3.0,"enemies":"Exordium Wildlife","floor":10.0,"turns":4.0},{"damage":22.0,"enemies":"Gremlin Nob","floor":13.0,"turns":6.0},{"damage":0.0,"enemies":"Large Slime","floor":14.0,"turns":5.0},{"damage":16.0,"enemies":"Slime Boss","floor":16.0,"turns":11.0},{"damage":2.0,"enemies":"3 Byrds","floor":18.0,"turns":5.0},{"damage":0.0,"enemies":"Chosen","floor":20.0,"turns":4.0},{"damage":9.0,"enemies":"Masked Bandits","floor":21.0,"turns":4.0},{"damage":8.0,"enemies":"Sentry and Sphere","floor":22.0,"turns":8.0},{"damage":3.0,"enemies":"Centurion and Healer","floor":24.0,"turns":7.0},{"damage":0.0,"enemies":"Snake Plant","floor":29.0,"turns":5.0},{"damage":0.0,"enemies":"Champ","floor":33.0,"turns":8.0},{"damage":9.0,"enemies":"Orb Walker","floor":35.0,"turns":4.0},{"damage":3.0,"enemies":"3 Darklings","floor":37.0,"turns":7.0},{"damage":0.0,"enemies":"Sphere and 2 Shapes","floor":39.0,"turns":4.0},{"damage":23.0,"enemies":"Giant Head","floor":40.0,"turns":6.0},{"damage":0.0,"enemies":"Transient","floor":42.0,"turns":6.0},{"damage":6.0,"enemies":"4 Shapes","floor":45.0,"turns":8.0},{"damage":8,"enemies":"Jaw Worm Horde","floor":46,"turns":4},{"damage":5,"enemies":"Transient","floor":47,"turns":6},{"damage":22,"enemies":"Reptomancer","floor":48,"turns":3}],"seed_played":"7078645394035593562","potions_obtained":[{"floor":4.0,"key":"SmokeBomb"},{"floor":6.0,"key":"EssenceOfSteel"},{"floor":13.0,"key":"Energy Potion"},{"floor":16.0,"key":"SteroidPotion"}],"is_trial":false,"path_per_floor":["M","M","?","M","M","M","R","?","T","M","R","$","E","M","R","B",null,"M","$","M","?","M","R","M","?","T","?","?","M","R","$","R","B",null,"M","$","M","?","M","E","R","M","T","R","M","M","M","E"],"character_chosen":"DEFECT","items_purchased":["Impatience","Impatience"],"campfire_rested":6,"item_purchase_floors":[19,31],"current_hp_per_floor":[64,45,45,45,36,30,30,30,30,27,46,46,24,24,43,27,55,53,53,53,44,36,55,52,52,52,31,14,14,34,34,54,54,65,56,56,53,43,43,20,40,40,40,40,34,26,21,0],"gold":232,"neow_bonus":"RANDOM_COLORLESS_2","is_prod":false,"is_daily":false,"chose_seed":false,"campfire_upgraded":1,"win_rate":0,"timestamp":1546939587,"path_taken":["M","M","?","M","M","M","R","?","T","M","R","$","E","M","R","BOSS","M","$","M","?","M","R","M","?","T","?","?","M","R","?","R","BOSS","M","$","M","?","M","E","R","M","T","R","M","M","M","E"],"build_version":"2019-01-03v4","purchased_purges":2,"victory":false,"max_hp_per_floor":[64,64,64,64,64,64,64,64,64,64,64,64,64,64,64,64,64,64,64,64,64,64,64,64,64,64,64,69,69,69,69,69,69,69,69,69,69,69,69,69,69,69,69,69,69,69,69,69],"card_choices":[{"not_picked":["Melter","Redo"],"picked":"Genetic Algorithm","floor":1.0},{"not_picked":["Beam Cell","Cold Snap"],"picked":"Coolheaded","floor":2.0},{"not_picked":["Steam Power","Storm","Tempest"],"picked":"SKIP","floor":4.0},{"not_picked":["Scrape","Hologram"],"picked":"Sunder","floor":5.0},{"not_picked":["Capacitor","Coolheaded"],"picked":"Core Surge","floor":6.0},{"not_picked":["FTL","Streamline","Steam Power"],"picked":"SKIP","floor":10.0},{"not_picked":["Scrape","Compile Driver","Steam"],"picked":"SKIP","floor":13.0},{"not_picked":["Heatsinks","Leap","Sunder"],"picked":"SKIP","floor":14.0},{"not_picked":["Beam Cell","Leap"],"picked":"Coolheaded","floor":18.0},{"not_picked":["Barrage","Coolheaded"],"picked":"Capacitor","floor":20.0},{"not_picked":["Stack","Hyperbeam","Auto Shields"],"picked":"SKIP","floor":22.0},{"not_picked":["Conserve Battery","Recycle"],"picked":"Defragment","floor":24.0},{"not_picked":["Coolheaded","Chill"],"picked":"Loop","floor":29.0},{"not_picked":["All For One","Electrodynamics"],"picked":"Seek","floor":33.0},{"not_picked":["Double Energy","Compile Driver","Static Discharge"],"picked":"SKIP","floor":35.0},{"not_picked":["Storm","Rebound","Compile Driver"],"picked":"SKIP","floor":37.0},{"not_picked":["Good Instincts","Apotheosis"],"picked":"Finesse","floor":38.0},{"not_picked":["Purity","Jack Of All Trades"],"picked":"Madness","floor":38.0},{"not_picked":["Enlightenment","Secret Weapon"],"picked":"Chrysalis","floor":38.0},{"not_picked":["Turbo+1","Steam+1","Auto Shields+1"],"picked":"SKIP","floor":39.0},{"not_picked":["Reprogram","Undo"],"picked":"Biased Cognition","floor":40.0},{"not_picked":["Barrage+1","Darkness","Sweeping Beam"],"picked":"SKIP","floor":42.0},{"not_picked":["Conserve Battery","Aggregate","Streamline"],"picked":"SKIP","floor":45.0},{"not_picked":["Darkness","Rebound"],"picked":"Coolheaded","floor":46},{"not_picked":["Barrage+1","Cold Snap+1","Tempest+1"],"picked":"SKIP","floor":47}],"player_experience":1854837,"relics_obtained":[{"floor":9.0,"key":"Vajra"},{"floor":13.0,"key":"Bottled Flame"},{"floor":21.0,"key":"Red Mask"},{"floor":26.0,"key":"Symbiotic Virus"},{"floor":27.0,"key":"Nilry\u0027s Codex"},{"floor":40.0,"key":"PreservedInsect"}],"event_choices":[{"cards_removed":["Strike_B"],"damage_healed":0.0,"max_hp_gain":0.0,"max_hp_loss":0.0,"gold_gain":0.0,"event_name":"The Cleric","player_choice":"Card Removal","floor":3.0,"gold_loss":75.0,"damage_taken":0.0},{"cards_removed":["Strike_B"],"damage_healed":0.0,"max_hp_gain":0.0,"max_hp_loss":0.0,"gold_gain":0.0,"event_name":"Purifier","player_choice":"Purged","floor":8.0,"gold_loss":0.0,"damage_taken":0.0},{"damage_healed":0.0,"max_hp_gain":0.0,"max_hp_loss":0.0,"gold_gain":0.0,"event_name":"Masked Bandits","player_choice":"Fought Bandits","floor":21.0,"gold_loss":0.0,"damage_taken":0.0},{"damage_healed":0.0,"max_hp_gain":0.0,"max_hp_loss":0.0,"gold_gain":0.0,"event_name":"Vampires","player_choice":"Ignored","floor":25.0,"gold_loss":0.0,"damage_taken":0.0},{"damage_healed":0.0,"max_hp_gain":0.0,"max_hp_loss":0.0,"gold_gain":0.0,"event_name":"Cursed Tome","player_choice":"Obtained Book","floor":27.0,"gold_loss":0.0,"damage_taken":21.0},{"damage_healed":0.0,"max_hp_gain":5.0,"max_hp_loss":0.0,"gold_gain":0.0,"event_name":"Forgotten Altar","player_choice":"Shed Blood","floor":28.0,"gold_loss":0.0,"damage_taken":22.0},{"damage_healed":0.0,"max_hp_gain":0.0,"max_hp_loss":0.0,"gold_gain":0.0,"event_name":"SensoryStone","player_choice":"Memory 3","floor":38.0,"gold_loss":0.0,"damage_taken":10.0}],"is_beta":false,"boss_relics":[{"not_picked":["Orrery","Tiny House"],"picked":"Sozu"},{"not_picked":["Astrolabe","Inserter"],"picked":"Cursed Key"}],"items_purged_floors":[12,19],"is_endless":false,"potions_floor_spawned":[4,6,10,13,16,18,29,40,45,46],"killed_by":"Reptomancer","ascension_level":20}