{"gold_per_floor":[109,109,34,49,49,49,76,96,96,154,165,165,65,65],"floor_reached":14,"playtime":501,"items_purged":["Strike_G","Defend_G"],"score":145,"play_id":"23d38b56-9e51-4ca2-877c-010896f1adf3","local_time":"20181003232722","is_ascension_mode":true,"campfire_choices":[{"floor":6,"key":"REST"}],"neow_cost":"NONE","seed_source_timestamp":121085502134850,"circlet_count":0,"master_deck":["Defend_G","Defend_G+1","Defend_G","Strike_G+1","Strike_G","Strike_G","Survivor","Neutralize","AscendersBane","Backflip","Calculated Gamble","Backstab","Prepared"],"relics":["Empty Cage","Frozen Egg 2","Darkstone Periapt","Pen Nib"],"potions_floor_usage":[7,7],"damage_taken":[{"damage":23,"enemies":"Jaw Worm","floor":1,"turns":9},{"damage":1,"enemies":"2 Louse","floor":4,"turns":4},{"damage":9,"enemies":"3 Sentries","floor":7,"turns":16},{"damage":2,"enemies":"Small Slimes","floor":8,"turns":4},{"damage":21,"enemies":"Exordium Thugs","floor":11,"turns":8},{"damage":15,"enemies":"Gremlin Nob","floor":14,"turns":2}],"seed_played":"-9125535816606817502","potions_obtained":[{"floor":1,"key":"GamblersBrew"},{"floor":4,"key":"Dexterity Potion"}],"is_trial":false,"path_per_floor":["M","?","$","M","?","R","E","M","T","?","M","?","$"],"character_chosen":"THE_SILENT","items_purchased":[],"campfire_rested":1,"item_purchase_floors":[],"current_hp_per_floor":[40,28,28,27,13,34,25,23,23,23,2,2,2,0],"gold":65,"neow_bonus":"BOSS_RELIC","is_prod":false,"is_daily":false,"chose_seed":false,"campfire_upgraded":0,"win_rate":0,"timestamp":1538580442,"path_taken":["M","?","$","M","?","R","E","?","T","?","M","?","?","E"],"build_version":"2018-09-27","purchased_purges":2,"victory":false,"max_hp_per_floor":[70,70,70,70,70,70,70,70,70,70,70,70,70,70],"card_choices":[{"not_picked":["Choke","Dodge and Roll","Flechettes"],"picked":"SKIP","floor":1},{"not_picked":["Slice","Blade Dance"],"picked":"Backflip","floor":4},{"not_picked":["Burst","Flechettes"],"picked":"Calculated Gamble","floor":7},{"not_picked":["Caltrops+1","Eviscerate"],"picked":"Backstab","floor":8},{"not_picked":["Choke","Quick Slash"],"picked":"Prepared","floor":11}],"player_experience":181084,"relics_obtained":[{"floor":7,"key":"Darkstone Periapt"},{"floor":9,"key":"Pen Nib"}],"event_choices":[{"event_name":"Scrap Ooze","player_choice":"success","floor":2,"damage_taken":12},{"event_name":"Shining Light","player_choice":"Entered Light","floor":5,"damage_taken":0},{"event_name":"Golden Wing","player_choice":"Gained Gold","floor":10,"damage_taken":0},{"event_name":"Liars Game","player_choice":"disagreed","floor":12,"damage_taken":0}],"is_beta":false,"boss_relics":[],"items_purged_floors":[3,13],"is_endless":false,"potions_floor_spawned":[1,4],"killed_by":"Gremlin Nob","ascension_level":13}