{"gold_per_floor":[110,35,35,35,35,69,69,30,30,30,71,71,96,111,111,210,210],"floor_reached":17,"playtime":287,"items_purged":[],"score":522,"play_id":"b3cf3158-c9c7-453a-a7a3-cf2162b5cbb2","local_time":"20190103233356","is_ascension_mode":true,"campfire_choices":[{"data":"Well Laid Plans","floor":12,"key":"SMITH"},{"data":"Flechettes","floor":15,"key":"SMITH"}],"neow_cost":"NONE","seed_source_timestamp":41701224719880,"circlet_count":0,"master_deck":["AscendersBane","Defend_G","Defend_G","Defend_G","Defend_G+1","Strike_G","Strike_G","Strike_G","Strike_G","Survivor+1","Neutralize","Well Laid Plans+1","Flechettes+1","Doppelganger","Adrenaline"],"relics":["Ring of the Snake","NeowsBlessing","Mercury Hourglass","Golden Idol","The Courier","Bronze Scales","Orrery"],"potions_floor_usage":[16],"damage_taken":[{"damage":0,"enemies":"2 Louse","floor":1,"turns":1},{"damage":0,"enemies":"Gremlin Nob","floor":6,"turns":1},{"damage":0,"enemies":"Lagavulin","floor":11,"turns":1},{"damage":4,"enemies":"Jaw Worm","floor":13,"turns":3},{"damage":0,"enemies":"Small Slimes","floor":14,"turns":2},{"damage":0,"enemies":"The Guardian","floor":16,"turns":12}],"seed_played":"-4234659958370599435","potions_obtained":[{"floor":11,"key":"AttackPotion"},{"floor":13,"key":"Regen Potion"},{"floor":14,"key":"Fire Potion"}],"is_trial":false,"path_per_floor":["M","?","$","?","$","E","?","$","T","?","E","R","M","M","R","B",null],"character_chosen":"THE_SILENT","items_purchased":["Well Laid Plans"],"campfire_rested":0,"item_purchase_floors":[8],"current_hp_per_floor":[59,59,59,39,39,39,39,39,39,32,32,32,28,28,28,28,28],"gold":210,"neow_bonus":"THREE_ENEMY_KILL","is_prod":false,"is_daily":false,"chose_seed":false,"campfire_upgraded":2,"win_rate":0,"timestamp":1546529636,"path_taken":["M","?","$","?","$","E","?","$","T","?","E","R","M","M","R","BOSS"],"build_version":"2018-12-20","purchased_purges":0,"victory":false,"max_hp_per_floor":[66,66,66,66,66,66,60,60,60,60,60,60,60,60,60,60,60],"card_choices":[{"not_picked":["Flying Knee","Prepared","Blade Dance"],"picked":"SKIP","floor":1},{"not_picked":["Bullet Time","Blade Dance","Outmaneuver"],"picked":"SKIP","floor":6},{"not_picked":["Dagger Spray","Distraction","Quick Slash"],"picked":"SKIP","floor":11},{"not_picked":["Calculated Gamble","Slice"],"picked":"Flechettes","floor":13},{"not_picked":["Blade Dance","Deflect"],"picked":"Doppelganger","floor":14},{"not_picked":["Unload","Bullet Time"],"picked":"Adrenaline","floor":16}],"player_experience":1712866,"relics_obtained":[{"floor":6,"key":"Mercury Hourglass"},{"floor":9,"key":"The Courier"},{"floor":11,"key":"Bronze Scales"}],"event_choices":[{"cards_removed":["Strike_G"],"damage_healed":0,"gold_gain":0,"player_choice":"Card Removal","damage_taken":0,"max_hp_gain":0,"max_hp_loss":0,"event_name":"The Cleric","floor":2,"gold_loss":75},{"damage_healed":0,"gold_gain":0,"player_choice":"Entered Light","damage_taken":20,"max_hp_gain":0,"max_hp_loss":0,"event_name":"Shining Light","floor":4,"gold_loss":0,"cards_upgraded":["Defend_G","Survivor"]},{"damage_healed":0,"gold_gain":0,"player_choice":"Lose Max HP","damage_taken":0,"relics_obtained":["Golden Idol"],"max_hp_gain":0,"max_hp_loss":6,"event_name":"Golden Idol","floor":7,"gold_loss":0},{"cards_removed":["Defend_G"],"damage_healed":0,"gold_gain":0,"player_choice":"Card Removal","damage_taken":7,"max_hp_gain":0,"max_hp_loss":0,"event_name":"Golden Wing","floor":10,"gold_loss":0}],"is_beta":false,"boss_relics":[{"not_picked":["Snecko Eye","Eternal Feather"],"picked":"Orrery"}],"items_purged_floors":[],"is_endless":false,"potions_floor_spawned":[11,13,14],"ascension_level":20}