{"gold_per_floor":[111,111,36,36,50,50,75,75,126,126,199,18,36,36,36,114,114],"floor_reached":17,"playtime":328,"items_purged":["Defend_G","Strike_G"],"score":352,"play_id":"eefd307b-f49a-4ff0-a4ae-270334e3c6ec","local_time":"20190325161818","is_ascension_mode":true,"campfire_choices":[{"data":"Masterful Stab","floor":6.0,"key":"SMITH"},{"data":"Catalyst","floor":15,"key":"SMITH"}],"neow_cost":"NONE","seed_source_timestamp":18956263531050,"circlet_count":0,"master_deck":["AscendersBane","Survivor+1","Neutralize","Masterful Stab+1","Poisoned Stab","Catalyst+1","Grand Finale","Venomology","Masterful Stab","Doppelganger","Terror","Blur","Flechettes","Tools of the Trade"],"special_seed":0,"relics":["Ring of the Snake","NeowsBlessing","War Paint","Centennial Puzzle","Pandora\u0027s Box"],"potions_floor_usage":[16],"damage_taken":[{"damage":0.0,"enemies":"Small Slimes","floor":1.0,"turns":1.0},{"damage":0.0,"enemies":"2 Louse","floor":5.0,"turns":1.0},{"damage":0.0,"enemies":"Gremlin Nob","floor":7.0,"turns":1.0},{"damage":0,"enemies":"Jaw Worm","floor":13,"turns":4},{"damage":11,"enemies":"The Guardian","floor":16,"turns":13}],"seed_played":"-5969093028374007035","potions_obtained":[{"floor":13,"key":"GhostInAJar"}],"is_trial":false,"path_per_floor":["M","?","$","?","M","R","E","$","T","?","T","$","M","$","R","B",null],"character_chosen":"THE_SILENT","items_purchased":["Catalyst"],"campfire_rested":0,"item_purchase_floors":[12],"current_hp_per_floor":[59,59,59,39,39,39,39,39,39,39,39,39,39,39,39,28,57],"gold":114,"neow_bonus":"THREE_ENEMY_KILL","is_prod":false,"is_daily":false,"chose_seed":false,"campfire_upgraded":2,"win_rate":0,"timestamp":1553501898,"path_taken":["M","?","$","?","M","R","E","?","T","?","?","$","M","?","R","BOSS"],"build_version":"2019-01-23","purchased_purges":2,"victory":false,"max_hp_per_floor":[66,66,66,66,66,66,66,66,66,66,66,66,66,66,66,66,66],"card_choices":[{"not_picked":["Bane","Dodge and Roll","Choke"],"picked":"SKIP","floor":1.0},{"not_picked":["Underhanded Strike","Dagger Throw"],"picked":"Masterful Stab","floor":5.0},{"not_picked":["Masterful Stab","Outmaneuver"],"picked":"Poisoned Stab","floor":7.0},{"not_picked":["Flying Knee","Riddle With Holes","Quick Slash"],"picked":"SKIP","floor":13},{"not_picked":["Die Die Die","Glass Knife"],"picked":"Grand Finale","floor":16}],"player_experience":3866679,"relics_obtained":[{"floor":7.0,"key":"War Paint"},{"floor":9.0,"key":"Centennial Puzzle"}],"event_choices":[{"cards_removed":["Strike_G"],"damage_healed":0.0,"max_hp_gain":0.0,"max_hp_loss":0.0,"gold_gain":0.0,"event_name":"Living Wall","player_choice":"Forget","floor":2.0,"gold_loss":0.0,"damage_taken":0.0},{"damage_healed":0.0,"max_hp_gain":0.0,"max_hp_loss":0.0,"gold_gain":0.0,"event_name":"Shining Light","player_choice":"Entered Light","floor":4.0,"gold_loss":0.0,"damage_taken":20.0,"cards_upgraded":["Defend_G","Defend_G"]},{"damage_healed":0,"gold_gain":0,"player_choice":"Searched \u00270\u0027 times","damage_taken":0,"max_hp_gain":0,"max_hp_loss":0,"event_name":"Dead Adventurer","floor":10,"gold_loss":0}],"is_beta":false,"boss_relics":[{"not_picked":["Ectoplasm","Velvet Choker"],"picked":"Pandora\u0027s Box"}],"items_purged_floors":[3,12],"is_endless":false,"potions_floor_spawned":[13],"ascension_level":20}