{"gold_per_floor":[116,86,97,117,133,133,166,166,166,183,203,53,53],"floor_reached":13,"playtime":551,"items_purged":[],"score":174,"play_id":"77c0eda1-ded6-40ca-b5ef-dcd7545acc8a","local_time":"20190206122430","is_ascension_mode":true,"campfire_choices":[{"data":"Neutralize","floor":6,"key":"SMITH"},{"data":"Catalyst","floor":8,"key":"SMITH"}],"neow_cost":"NONE","seed_source_timestamp":90661561206256,"circlet_count":0,"master_deck":["AscendersBane","Defend_G","Defend_G","Defend_G","Defend_G","Defend_G","Strike_G","Strike_G","Strike_G","Strike_G","Strike_G","Survivor","Neutralize+1","Backstab","Catalyst+1","Grand Finale","Grand Finale"],"relics":["Ring of the Snake","NeowsBlessing","Darkstone Periapt","Paper Crane"],"potions_floor_usage":[7,7,13],"damage_taken":[{"damage":0,"enemies":"2 Louse","floor":1,"turns":1},{"damage":0,"enemies":"Cultist","floor":3,"turns":1},{"damage":0,"enemies":"Small Slimes","floor":4,"turns":1},{"damage":28,"enemies":"Exordium Thugs","floor":5,"turns":10},{"damage":12,"enemies":"3 Sentries","floor":7,"turns":8},{"damage":4,"enemies":"3 Louse","floor":10,"turns":4},{"damage":6,"enemies":"Looter","floor":11,"turns":4},{"damage":17,"enemies":"The Mushroom Lair","floor":13,"turns":5}],"seed_played":"5673322632566814432","potions_obtained":[{"floor":2,"key":"Regen Potion"},{"floor":2,"key":"Fire Potion"},{"floor":4,"key":"Fire Potion"},{"floor":7,"key":"GhostInAJar"}],"is_trial":false,"path_per_floor":["M","?","M","M","M","R","E","R","T","M","M","$","?"],"character_chosen":"THE_SILENT","items_purchased":["Grand Finale"],"campfire_rested":0,"item_purchase_floors":[12],"current_hp_per_floor":[59,59,59,59,31,31,19,19,19,15,9,9,0],"gold":53,"neow_bonus":"THREE_ENEMY_KILL","is_prod":false,"is_daily":false,"chose_seed":false,"campfire_upgraded":2,"win_rate":0,"timestamp":1549427070,"path_taken":["M","?","M","?","M","R","E","R","T","?","M","$","?"],"build_version":"2019-01-23","purchased_purges":0,"victory":false,"max_hp_per_floor":[66,66,66,66,66,66,66,66,66,66,66,66,66],"card_choices":[{"not_picked":["Dodge and Roll","Concentrate"],"picked":"Backstab","floor":3},{"not_picked":["Quick Slash","Poisoned Stab","Slice"],"picked":"SKIP","floor":4},{"not_picked":["Prepared","Distraction","Outmaneuver"],"picked":"SKIP","floor":5},{"not_picked":["PiercingWail","Dodge and Roll"],"picked":"Catalyst","floor":7},{"not_picked":["Blade Dance","Cloak And Dagger"],"picked":"Grand Finale","floor":10},{"not_picked":["Flying Knee","Leg Sweep","Bane"],"picked":"SKIP","floor":11}],"player_experience":1425069,"relics_obtained":[{"floor":7,"key":"Darkstone Periapt"},{"floor":9,"key":"Paper Crane"}],"event_choices":[{"damage_healed":0,"gold_gain":0,"player_choice":"Bought 2 Potions","damage_taken":0,"max_hp_gain":0,"max_hp_loss":0,"event_name":"The Woman in Blue","floor":2,"gold_loss":0},{"damage_healed":0,"gold_gain":0,"player_choice":"Fought Mushrooms","damage_taken":0,"max_hp_gain":0,"max_hp_loss":0,"event_name":"Mushrooms","floor":13,"gold_loss":0}],"is_beta":true,"boss_relics":[],"items_purged_floors":[],"is_endless":false,"potions_floor_spawned":[4,5,7],"killed_by":"The Mushroom Lair","ascension_level":20}