{"gold_per_floor":[115,265,279,25,25,25,52,52,52,63,63,28,62,82,82,181,181,194,212,25,46,96,96,137,151,151,177,177,177],"floor_reached":29,"playtime":856,"items_purged":["Doubt","Strike_B"],"score":502,"play_id":"b756f5ba-fa44-4244-8e04-32b2ac528c61","local_time":"20190417030655","is_ascension_mode":true,"campfire_choices":[{"data":"Sunder","floor":6.0,"key":"SMITH"},{"data":"Defragment","floor":8.0,"key":"SMITH"},{"data":"Dualcast","floor":15.0,"key":"SMITH"},{"data":"Turbo","floor":23.0,"key":"SMITH"},{"data":"Coolheaded","floor":28,"key":"SMITH"}],"neow_cost":"TEN_PERCENT_HP_LOSS","seed_source_timestamp":79041521167253,"circlet_count":0,"master_deck":["AscendersBane","Strike_B","Strike_B","Defend_B","Defend_B","Defend_B","Defend_B","Zap","Dualcast+1","Buffer","Genetic Algorithm","Genetic Algorithm","Defragment+1","Sunder+1","Coolheaded+1","Doom and Gloom","Core Surge","Undo","Seek","Turbo+1","Self Repair","Buffer"],"special_seed":0,"relics":["Cracked Core","Potion Belt","Golden Idol","Juzu Bracelet","Coffee Dripper","Molten Egg 2","Dodecahedron","Happy Flower"],"potions_floor_usage":[24,24],"damage_taken":[{"damage":0.0,"enemies":"2 Louse","floor":1.0,"turns":2.0},{"damage":12.0,"enemies":"Jaw Worm","floor":3.0,"turns":4.0},{"damage":10.0,"enemies":"3 Sentries","floor":7.0,"turns":8.0},{"damage":0.0,"enemies":"Cultist","floor":10.0,"turns":3.0},{"damage":6.0,"enemies":"Lagavulin","floor":13.0,"turns":7.0},{"damage":0.0,"enemies":"Large Slime","floor":14.0,"turns":5.0},{"damage":4.0,"enemies":"Slime Boss","floor":16.0,"turns":11.0},{"damage":6.0,"enemies":"Spheric Guardian","floor":18.0,"turns":7.0},{"damage":0.0,"enemies":"2 Thieves","floor":19.0,"turns":3.0},{"damage":9.0,"enemies":"Centurion and Healer","floor":21.0,"turns":6.0},{"damage":35,"enemies":"Slavers","floor":24,"turns":7},{"damage":16,"enemies":"Shelled Parasite and Fungi","floor":25,"turns":7},{"damage":0,"enemies":"Colosseum Slavers","floor":29,"turns":1}],"seed_played":"-4539559719992090032","potions_obtained":[{"floor":7.0,"key":"LiquidBronze"},{"floor":10.0,"key":"SteroidPotion"},{"floor":13.0,"key":"SteroidPotion"},{"floor":16.0,"key":"GamblersBrew"},{"floor":18.0,"key":"AttackPotion"},{"floor":25,"key":"FearPotion"}],"is_trial":false,"path_per_floor":["M","?","M","$","?","R","E","R","T","M","?","?","E","M","R","B",null,"M","M","$","M","?","R","E","M","T","T","R","?"],"character_chosen":"DEFECT","items_purchased":["Defragment","Sunder","Coolheaded","Self Repair"],"campfire_rested":0,"item_purchase_floors":[4,4,4,20],"current_hp_per_floor":[64,64,52,52,52,52,42,42,42,42,42,56,50,50,50,46,55,49,49,49,47,47,47,19,10,10,10,10,10],"gold":177,"neow_bonus":"THREE_RARE_CARDS","is_prod":false,"is_daily":false,"chose_seed":false,"campfire_upgraded":5,"win_rate":0,"timestamp":1555441615,"path_taken":["M","?","M","$","?","R","E","R","T","?","?","?","E","M","R","BOSS","M","M","$","M","?","R","E","M","T","?","R","?"],"build_version":"2019-01-23","purchased_purges":2,"victory":false,"max_hp_per_floor":[64,64,64,64,64,64,64,64,64,64,58,58,58,58,58,58,58,58,58,58,58,58,58,58,58,58,58,58,58],"card_choices":[{"not_picked":["Multi-Cast","All For One"],"picked":"Buffer","floor":0.0},{"not_picked":["Gash","Hologram"],"picked":"Genetic Algorithm","floor":1.0},{"not_picked":["Stack","Cold Snap"],"picked":"Genetic Algorithm","floor":3.0},{"not_picked":["Scrape","Rebound"],"picked":"Doom and Gloom","floor":7.0},{"not_picked":["Double Energy","Rebound"],"picked":"Core Surge","floor":10.0},{"not_picked":["Streamline","Go for the Eyes","Gash"],"picked":"SKIP","floor":13.0},{"not_picked":["Storm","Ball Lightning"],"picked":"Undo","floor":14.0},{"not_picked":["Thunder Strike","Reboot"],"picked":"Seek","floor":16.0},{"not_picked":["Leap","Redo"],"picked":"Turbo","floor":18.0},{"not_picked":["Ball Lightning","Blizzard","Go for the Eyes"],"picked":"SKIP","floor":19.0},{"not_picked":["FTL","Streamline","Stack"],"picked":"SKIP","floor":21.0},{"not_picked":["Sunder","Capacitor"],"picked":"Buffer","floor":24},{"not_picked":["Auto Shields","Gash+1","Ball Lightning+1"],"picked":"SKIP","floor":25}],"player_experience":4338114,"relics_obtained":[{"floor":7.0,"key":"Potion Belt"},{"floor":13.0,"key":"Juzu Bracelet"},{"floor":24,"key":"Molten Egg 2"},{"floor":26,"key":"Dodecahedron"},{"floor":27,"key":"Happy Flower"}],"event_choices":[{"damage_healed":0.0,"max_hp_gain":0.0,"max_hp_loss":0.0,"gold_gain":150.0,"event_name":"Liars Game","player_choice":"AGREE","floor":2.0,"gold_loss":0.0,"damage_taken":0.0,"cards_obtained":["Doubt"]},{"cards_removed":["Strike_B"],"damage_healed":0.0,"max_hp_gain":0.0,"max_hp_loss":0.0,"gold_gain":0.0,"event_name":"Bonfire Elementals","player_choice":"Offered Basic","floor":5.0,"gold_loss":0.0,"damage_taken":0.0},{"damage_healed":0.0,"max_hp_gain":0.0,"max_hp_loss":6.0,"gold_gain":0.0,"event_name":"Golden Idol","player_choice":"Lose Max HP","floor":11.0,"gold_loss":0.0,"damage_taken":0.0,"relics_obtained":["Golden Idol"]},{"damage_healed":14.0,"max_hp_gain":0.0,"max_hp_loss":0.0,"gold_gain":0.0,"event_name":"The Cleric","player_choice":"Healed","floor":12.0,"gold_loss":35.0,"damage_taken":0.0},{"damage_healed":0.0,"max_hp_gain":0.0,"max_hp_loss":0.0,"gold_gain":50.0,"event_name":"Nest","player_choice":"Stole From Cult","floor":22.0,"gold_loss":0.0,"damage_taken":0.0},{"damage_healed":0,"gold_gain":0,"player_choice":"Fight","damage_taken":0,"max_hp_gain":0,"max_hp_loss":0,"event_name":"Colosseum","floor":29,"gold_loss":0}],"is_beta":false,"boss_relics":[{"not_picked":["Orrery","Lizard Tail"],"picked":"Coffee Dripper"}],"items_purged_floors":[4,20],"is_endless":false,"potions_floor_spawned":[7,10,13,16,18,25],"killed_by":"Colosseum Slavers","ascension_level":20}