{"path_per_floor":["M","?","M","M","M","E","?","R","T","R","M","$","M","M","R","B",null,"M","?","M","M","?","R","M"],"character_chosen":"THE_SILENT","items_purchased":["Bronze Scales"],"gold_per_floor":[10,10,20,35,52,81,81,81,136,136,153,5,15,35,35,107,107,117,117,136,151,151,151,167,167],"floor_reached":25,"campfire_rested":1,"playtime":742,"item_purchase_floors":[12],"current_hp_per_floor":[52,45,44,44,41,16,10,10,10,29,28,28,28,21,21,2,54,54,54,47,23,23,23,3,0],"items_purged":[],"gold":167,"score":352,"play_id":"19fc1659-5858-486e-b105-02a5be7a62f1","local_time":"20180616165854","is_prod":false,"is_daily":false,"chose_seed":false,"is_ascension_mode":true,"campfire_upgraded":3,"win_rate":0,"timestamp":1529139534,"campfire_choices":[{"data":"Neutralize","floor":8,"key":"SMITH"},{"floor":10,"key":"REST"},{"data":"Backflip","floor":15,"key":"SMITH"},{"data":"Envenom","floor":23,"key":"SMITH"}],"path_taken":["M","?","M","M","M","E","?","R","T","R","M","$","M","M","R","BOSS","M","?","M","?","?","R","M","M"],"build_version":"2018-06-14v2","seed_source_timestamp":24954023104985,"purchased_purges":0,"victory":false,"master_deck":["Defend_G","Defend_G","Defend_G","Strike_G","Survivor","Neutralize+1","AscendersBane","Poisoned Stab","Slice","Poisoned Stab","Deflect","Deflect","Backflip+1","Envenom+1","Cloak And Dagger+1","Noxious Fumes"],"max_hp_per_floor":[66,66,66,66,66,66,66,66,66,66,66,66,66,66,66,71,71,71,71,71,71,71,71,71,71],"relics":["Ring of the Snake","Bag of Marbles","Tiny Chest","Bronze Scales","Empty Cage"],"card_choices":[{"not_picked":["Dagger Spray","Crippling Poison"],"picked":"Poisoned Stab","floor":1},{"not_picked":["Underhanded Strike","Acrobatics"],"picked":"Slice","floor":3},{"not_picked":["Quick Slash","Accuracy","Outmaneuver"],"picked":"SKIP","floor":4},{"not_picked":["Leg Sweep","Doppelganger"],"picked":"Poisoned Stab","floor":5},{"not_picked":["Flying Knee","Setup"],"picked":"Deflect","floor":6},{"not_picked":["Underhanded Strike","Backflip"],"picked":"Deflect","floor":11},{"not_picked":["Riddle With Holes","Distraction"],"picked":"Backflip","floor":13},{"not_picked":["Dash","PiercingWail","Dodge and Roll"],"picked":"SKIP","floor":14},{"not_picked":["Tactician","Corpse Explosion"],"picked":"Envenom","floor":16},{"not_picked":["Bane","Crippling Poison+1"],"picked":"Cloak And Dagger+1","floor":18},{"not_picked":["Backflip+1","Acrobatics+1","Dagger Spray"],"picked":"SKIP","floor":20},{"not_picked":["Underhanded Strike","Flechettes","Prepared"],"picked":"SKIP","floor":21},{"not_picked":["Acrobatics","Terror","All Out Attack"],"picked":"SKIP","floor":24}],"player_experience":622858,"potions_floor_usage":[6,16,16,21],"damage_taken":[{"damage":7,"enemies":"Jaw Worm","floor":1,"turns":6},{"damage":1,"enemies":"Cultist","floor":3,"turns":4},{"damage":0,"enemies":"2 Louse","floor":4,"turns":2},{"damage":3,"enemies":"Blue Slaver","floor":5,"turns":4},{"damage":25,"enemies":"Lagavulin","floor":6,"turns":5},{"damage":1,"enemies":"Red Slaver","floor":11,"turns":2},{"damage":0,"enemies":"Looter","floor":13,"turns":3},{"damage":7,"enemies":"Lots of Slimes","floor":14,"turns":4},{"damage":24,"enemies":"The Guardian","floor":16,"turns":11},{"damage":0,"enemies":"3 Byrds","floor":18,"turns":4},{"damage":7,"enemies":"Spheric Guardian","floor":20,"turns":5},{"damage":24,"enemies":"Snecko","floor":21,"turns":6},{"damage":20,"enemies":"Snake Plant","floor":24,"turns":5},{"damage":9,"enemies":"Centurion and Healer","floor":25,"turns":1}],"relics_obtained":[{"floor":6,"key":"Bag of Marbles"},{"floor":9,"key":"Tiny Chest"}],"event_choices":[{"event_name":"Golden Wing","player_choice":"Card Removal","floor":2,"damage_taken":0},{"event_name":"Wheel of Change","player_choice":"Damage","floor":7,"damage_taken":0},{"event_name":"Transmorgrifier","player_choice":"Transform","floor":19,"damage_taken":0},{"event_name":"Ghosts","player_choice":"Ignored","floor":22,"damage_taken":0}],"boss_relics":[{"not_picked":["Runic Dome","Coffee Dripper"],"picked":"Empty Cage"}],"items_purged_floors":[],"is_endless":false,"potions_floor_spawned":[3,4,13,14,18],"seed_played":"-303001012059661604","killed_by":"Centurion and Healer","ascension_level":14,"potions_obtained":[{"floor":3,"key":"LiquidBronze"},{"floor":4,"key":"Poison Potion"},{"floor":13,"key":"Energy Potion"},{"floor":14,"key":"Fruit Juice"},{"floor":18,"key":"Weak Potion"}],"is_trial":false}