{"gold_per_floor":[216,366,80,5,19,19,29,61,61,61,78,78,78,78,78,78],"floor_reached":16,"playtime":470,"items_purged":["Doubt"],"score":196,"play_id":"d59ef3c1-7af0-4c69-ae8d-004d01a8c0a6","local_time":"20190218001652","is_ascension_mode":true,"campfire_choices":[{"data":"Deadly Poison","floor":6,"key":"SMITH"},{"data":"The Bomb","floor":10,"key":"SMITH"},{"data":"Footwork","floor":12,"key":"SMITH"},{"data":"Neutralize","floor":15,"key":"SMITH"}],"neow_cost":"NONE","seed_source_timestamp":54688281563845,"circlet_count":0,"master_deck":["AscendersBane","Defend_G","Defend_G","Defend_G","Defend_G","Defend_G","Strike_G+1","Strike_G","Strike_G","Strike_G","Survivor+1","Neutralize+1","Footwork+1","The Bomb+1","Deadly Poison+1"],"special_seed":0,"relics":["Ring of the Snake","Gremlin Horn","Smiling Mask"],"potions_floor_usage":[5],"damage_taken":[{"damage":0.0,"enemies":"2 Louse","floor":1.0,"turns":3.0},{"damage":0,"enemies":"Jaw Worm","floor":5,"turns":9},{"damage":8,"enemies":"Small Slimes","floor":7,"turns":5},{"damage":8,"enemies":"3 Sentries","floor":8,"turns":6},{"damage":6,"enemies":"Looter","floor":11,"turns":3},{"damage":0,"enemies":"Slime Boss","floor":16,"turns":5}],"seed_played":"5101386049942932625","potions_obtained":[{"floor":1.0,"key":"SkillPotion"},{"floor":8,"key":"Explosive Potion"}],"is_trial":false,"path_per_floor":["M","?","$","?","M","R","M","E","T","R","M","R","?","T","R","B"],"character_chosen":"THE_SILENT","items_purchased":["The Bomb"],"campfire_rested":0,"item_purchase_floors":[3],"current_hp_per_floor":[59,59,59,59,59,59,51,43,43,43,37,37,17,17,17,17],"gold":78,"neow_bonus":"HUNDRED_GOLD","is_prod":false,"is_daily":false,"chose_seed":false,"campfire_upgraded":4,"win_rate":0,"timestamp":1550420212,"path_taken":["M","?","$","?","M","R","M","E","T","R","M","R","?","?","R","BOSS"],"build_version":"2019-01-23","purchased_purges":1,"victory":false,"max_hp_per_floor":[66,66,66,66,66,66,66,66,66,66,66,66,66,66,66,66],"card_choices":[{"not_picked":["Flechettes","Dagger Spray"],"picked":"Footwork","floor":1.0},{"not_picked":["Crippling Poison","Dagger Spray"],"picked":"Deadly Poison","floor":5},{"not_picked":["Choke","All Out Attack","Deadly Poison"],"picked":"SKIP","floor":7},{"not_picked":["Blade Dance","Outmaneuver","Sucker Punch"],"picked":"SKIP","floor":8},{"not_picked":["Backstab","Deadly Poison","Eviscerate"],"picked":"SKIP","floor":11}],"player_experience":2885417,"relics_obtained":[{"floor":8,"key":"Gremlin Horn"},{"floor":14,"key":"Smiling Mask"}],"event_choices":[{"damage_healed":0.0,"max_hp_gain":0.0,"max_hp_loss":0.0,"gold_gain":150.0,"event_name":"Liars Game","player_choice":"AGREE","floor":2.0,"gold_loss":0.0,"damage_taken":0.0,"cards_obtained":["Doubt"]},{"cards_removed":["Strike_G"],"damage_healed":0.0,"max_hp_gain":0.0,"max_hp_loss":0.0,"gold_gain":0.0,"event_name":"The Cleric","player_choice":"Card Removal","floor":4.0,"gold_loss":75.0,"damage_taken":0.0},{"damage_healed":0,"gold_gain":0,"player_choice":"Entered Light","damage_taken":20,"max_hp_gain":0,"max_hp_loss":0,"event_name":"Shining Light","floor":13,"gold_loss":0,"cards_upgraded":["Strike_G","Survivor"]}],"is_beta":false,"boss_relics":[],"items_purged_floors":[3],"is_endless":false,"potions_floor_spawned":[1,8],"killed_by":"Slime Boss","ascension_level":20}