{"gold_per_floor":[118,43,62,62,82,113,113,133,160,179,179,191,191,91,91,91],"floor_reached":16,"playtime":383,"items_purged":["Strike_G","Strike_G"],"score":204,"play_id":"b49b3124-9cfb-4f2f-89e9-f5f2631f5230","local_time":"20190204135044","is_ascension_mode":true,"campfire_choices":[{"data":"Acrobatics","floor":7,"key":"SMITH"},{"data":"Bane","floor":13,"key":"SMITH"},{"data":"Neutralize","floor":15,"key":"SMITH"}],"neow_cost":"NONE","seed_source_timestamp":7684870128089,"circlet_count":0,"master_deck":["AscendersBane","Defend_G","Defend_G","Defend_G","Defend_G","Defend_G","Strike_G","Strike_G+1","Strike_G","Survivor","Neutralize+1","Deadly Poison+1","Poisoned Stab","Poisoned Stab+1","Acrobatics+1","Bane+1"],"relics":["Ring of the Snake","NeowsBlessing","Orichalcum","Whetstone"],"potions_floor_usage":[16,16],"damage_taken":[{"damage":0,"enemies":"Cultist","floor":1,"turns":1},{"damage":0,"enemies":"Small Slimes","floor":3,"turns":1},{"damage":0,"enemies":"2 Louse","floor":5,"turns":1},{"damage":44,"enemies":"3 Sentries","floor":6,"turns":9},{"damage":5,"enemies":"Looter","floor":8,"turns":3},{"damage":3,"enemies":"Blue Slaver","floor":10,"turns":4},{"damage":6,"enemies":"3 Louse","floor":12,"turns":4},{"damage":3,"enemies":"Slime Boss","floor":16,"turns":6}],"seed_played":"-699085184061637575","potions_obtained":[{"floor":3,"key":"SmokeBomb"},{"floor":5,"key":"Swift Potion"},{"floor":12,"key":"PowerPotion"}],"is_trial":false,"path_per_floor":["M","$","M","?","M","E","R","M","T","M","?","M","R","$","R","B"],"character_chosen":"THE_SILENT","items_purchased":[],"campfire_rested":0,"item_purchase_floors":[],"current_hp_per_floor":[59,59,59,59,59,15,15,10,10,7,7,1,1,1,1,0],"gold":91,"neow_bonus":"THREE_ENEMY_KILL","is_prod":false,"is_daily":false,"chose_seed":false,"campfire_upgraded":3,"win_rate":0,"timestamp":1549259444,"path_taken":["M","$","?","?","M","E","R","M","T","?","?","M","R","$","R","BOSS"],"build_version":"2019-01-23","purchased_purges":2,"victory":false,"max_hp_per_floor":[66,66,66,66,66,66,66,66,66,66,66,66,66,66,66,66],"card_choices":[{"not_picked":["Slice","Sucker Punch"],"picked":"Deadly Poison","floor":1},{"not_picked":["Dodge and Roll","Masterful Stab"],"picked":"Poisoned Stab","floor":3},{"not_picked":["Leg Sweep","Accuracy"],"picked":"Poisoned Stab","floor":5},{"not_picked":["Eviscerate","Finisher"],"picked":"Acrobatics","floor":6},{"not_picked":["Deadly Poison","Slice","Expertise"],"picked":"SKIP","floor":8},{"not_picked":["Slice","Caltrops"],"picked":"Bane","floor":10},{"not_picked":["Sucker Punch","Underhanded Strike","Dagger Spray"],"picked":"SKIP","floor":12}],"player_experience":1412423,"relics_obtained":[{"floor":6,"key":"Orichalcum"},{"floor":9,"key":"Whetstone"}],"event_choices":[{"damage_healed":0,"gold_gain":0,"player_choice":"Upgraded","damage_taken":0,"max_hp_gain":0,"max_hp_loss":0,"event_name":"Upgrade Shrine","floor":4,"gold_loss":0,"cards_upgraded":["Deadly Poison"]},{"damage_healed":0,"gold_gain":0,"player_choice":"Ignored","damage_taken":0,"max_hp_gain":0,"max_hp_loss":0,"event_name":"Golden Wing","floor":11,"gold_loss":0}],"is_beta":true,"boss_relics":[],"items_purged_floors":[2,14],"is_endless":false,"potions_floor_spawned":[3,5,12],"killed_by":"Slime Boss","ascension_level":20}