{"gold_per_floor":[119,131,141,216,235,235,235,235,262,274,296,338,376,406,418,528,540,568,580,517,529,541,577,589,616,680,294,312,331,125,139,139,240,240,256,256,266,266,283,283,295,245,291,241,241,241,241,270,270,270],"floor_reached":51,"playtime":4334,"items_purged":["Bash","Strike_R","Defend_R","Defend_R"],"score":775,"play_id":"f032d4ce-c20c-4d80-b523-c431ec3e8495","local_time":"20190620194137","is_ascension_mode":false,"campfire_choices":[{"data":"Spot Weakness","floor":6.0,"key":"SMITH"},{"data":"Feel No Pain","floor":8.0,"key":"SMITH"},{"data":"Rage","floor":10.0,"key":"SMITH"},{"data":"Dark Embrace","floor":15.0,"key":"SMITH"},{"data":"Sword Boomerang","floor":24.0,"key":"SMITH"},{"data":"Body Slam","floor":32.0,"key":"SMITH"},{"data":"Second Wind","floor":40,"key":"SMITH"},{"data":"Battle Trance","floor":45,"key":"SMITH"},{"data":"Power Through","floor":47,"key":"SMITH"},{"data":"Feed","floor":49,"key":"SMITH"}],"neow_cost":"NONE","seed_source_timestamp":26344904534078,"circlet_count":0,"master_deck":["Defend_R","Defend_R","Feel No Pain+1","Seeing Red","Second Wind+1","Rage+1","Dark Embrace+1","Power Through+1","Feed+1","Battle Trance+1","Body Slam+1"],"special_seed":0,"relics":["Burning Blood","MawBank","Potion Belt","Smiling Mask","Busted Crown","Red Skull","Strawberry","Bronze Scales","Vajra","Lantern","Empty Cage","Oddly Smooth Stone","Dead Branch","Happy Flower"],"potions_floor_usage":[41,50,50,50,50],"damage_taken":[{"damage":2.0,"enemies":"Small Slimes","floor":1.0,"turns":4.0},{"damage":4.0,"enemies":"2 Louse","floor":2.0,"turns":4.0},{"damage":5.0,"enemies":"Cultist","floor":3.0,"turns":4.0},{"damage":11.0,"enemies":"Blue Slaver","floor":5.0,"turns":4.0},{"damage":0.0,"enemies":"3 Louse","floor":11.0,"turns":6.0},{"damage":18.0,"enemies":"3 Sentries","floor":13.0,"turns":8.0},{"damage":5.0,"enemies":"2 Fungi Beasts","floor":14.0,"turns":6.0},{"damage":39.0,"enemies":"The Guardian","floor":16.0,"turns":7.0},{"damage":0.0,"enemies":"Chosen","floor":18.0,"turns":5.0},{"damage":0.0,"enemies":"3 Byrds","floor":25.0,"turns":5.0},{"damage":0.0,"enemies":"Sentry and Sphere","floor":28.0,"turns":5.0},{"damage":4.0,"enemies":"Centurion and Healer","floor":29.0,"turns":6.0},{"damage":6.0,"enemies":"Snake Plant","floor":31.0,"turns":3.0},{"damage":14.0,"enemies":"Automaton","floor":33.0,"turns":8.0},{"damage":0,"enemies":"3 Darklings","floor":35,"turns":4},{"damage":4,"enemies":"3 Shapes","floor":37,"turns":5},{"damage":10,"enemies":"Writhing Mass","floor":39,"turns":5},{"damage":0,"enemies":"Sphere and 2 Shapes","floor":41,"turns":3},{"damage":12,"enemies":"Nemesis","floor":48,"turns":3},{"damage":42,"enemies":"Awakened One","floor":50,"turns":11}],"seed_played":"-226990886203818929","potions_obtained":[{"floor":1.0,"key":"Weak Potion"},{"floor":2.0,"key":"Poison Potion"},{"floor":11.0,"key":"Fire Potion"},{"floor":14.0,"key":"PowerPotion"},{"floor":16.0,"key":"EssenceOfSteel"},{"floor":33,"key":"Strength Potion"},{"floor":39,"key":"GamblersBrew"}],"is_trial":false,"path_per_floor":["M","M","M","?","M","R","?","R","T","R","M","?","E","M","R","B",null,"M","?","?","?","?","T","R","M","T","$","M","M","$","M","R","B",null,"M","?","M","?","M","R","M","$","T","$","R","T","R","E","R","B",null],"character_chosen":"IRONCLAD","items_purchased":["Body Slam","Bronze Scales","Vajra","Lantern"],"campfire_rested":0,"item_purchase_floors":[27,27,27,30],"current_hp_per_floor":[80,80,80,69,64,64,64,64,64,64,70,70,58,59,59,26,80,80,80,80,80,80,80,80,83,90,90,93,96,96,96,96,91,99,102,102,105,100,96,96,103,103,103,103,103,103,103,97,97,61],"gold":270,"neow_bonus":"REMOVE_CARD","is_prod":false,"is_daily":false,"chose_seed":false,"campfire_upgraded":10,"win_rate":0,"timestamp":1561030897,"path_taken":["M","M","M","?","M","R","?","R","T","R","?","?","E","M","R","BOSS","M","?","?","?","?","?","R","?","T","?","M","?","$","M","R","BOSS","BOSS","M","?","M","?","M","R","M","?","T","$","R","?","R","E","R","BOSS"],"build_version":"2019-01-23","purchased_purges":4,"victory":true,"max_hp_per_floor":[80,80,80,80,80,80,80,80,80,80,80,80,80,80,80,80,80,80,80,80,80,80,80,80,83,90,90,93,96,96,96,96,99,99,102,102,105,100,100,100,103,103,103,103,103,103,103,103,103,103],"card_choices":[{"not_picked":["Bloodletting","Anger"],"picked":"Feel No Pain","floor":1.0},{"not_picked":["Clash","Second Wind"],"picked":"Spot Weakness","floor":2.0},{"not_picked":["Dual Wield","Intimidate"],"picked":"Seeing Red","floor":3.0},{"not_picked":["Flex","Headbutt"],"picked":"Second Wind","floor":5.0},{"not_picked":["Body Slam","Heavy Blade"],"picked":"Dark Embrace","floor":11.0},{"not_picked":["Headbutt","Havoc"],"picked":"Power Through","floor":13.0},{"not_picked":["Armaments","Cleave"],"picked":"Sword Boomerang","floor":14.0},{"not_picked":["Brutality","Impervious"],"picked":"Feed","floor":16.0},{"not_picked":["Flex+1"],"picked":"SKIP","floor":18.0},{"not_picked":["Flame Barrier"],"picked":"SKIP","floor":25.0},{"not_picked":["Wild Strike"],"picked":"SKIP","floor":28.0},{"not_picked":["Flex"],"picked":"SKIP","floor":29.0},{"not_picked":["Anger"],"picked":"SKIP","floor":31.0},{"not_picked":["Heavy Blade+1"],"picked":"SKIP","floor":35},{"not_picked":["Pommel Strike"],"picked":"SKIP","floor":37},{"not_picked":["Twin Strike+1"],"picked":"SKIP","floor":39},{"not_picked":["Havoc"],"picked":"SKIP","floor":41},{"not_picked":["Berserk"],"picked":"SKIP","floor":48}],"player_experience":5492362,"relics_obtained":[{"floor":9.0,"key":"MawBank"},{"floor":13.0,"key":"Smiling Mask"},{"floor":23.0,"key":"Red Skull"},{"floor":26.0,"key":"Strawberry"},{"floor":43,"key":"Oddly Smooth Stone"},{"floor":46,"key":"Dead Branch"},{"floor":48,"key":"Happy Flower"}],"event_choices":[{"damage_healed":0.0,"max_hp_gain":0.0,"max_hp_loss":0.0,"gold_gain":75.0,"event_name":"World of Goop","player_choice":"Gather Gold","floor":4.0,"gold_loss":0.0,"damage_taken":11.0},{"damage_healed":0.0,"max_hp_gain":0.0,"max_hp_loss":0.0,"gold_gain":0.0,"cards_transformed":["Strike_R"],"event_name":"Transmorgrifier","player_choice":"Transformed","floor":7.0,"gold_loss":0.0,"damage_taken":0.0,"cards_obtained":["Rage"]},{"damage_healed":0.0,"max_hp_gain":0.0,"max_hp_loss":0.0,"gold_gain":30.0,"event_name":"Dead Adventurer","player_choice":"Searched \u00273\u0027 times","floor":12.0,"gold_loss":0.0,"damage_taken":0.0,"relics_obtained":["Potion Belt"]},{"damage_healed":0.0,"max_hp_gain":0.0,"max_hp_loss":0.0,"gold_gain":0.0,"event_name":"Vampires","player_choice":"Ignored","floor":19.0,"gold_loss":0.0,"damage_taken":0.0},{"cards_removed":["Strike_R"],"damage_healed":0.0,"max_hp_gain":0.0,"max_hp_loss":0.0,"gold_gain":0.0,"event_name":"Beggar","player_choice":"Gave Gold","floor":20.0,"gold_loss":75.0,"damage_taken":0.0},{"cards_removed":["Strike_R"],"damage_healed":0.0,"max_hp_gain":0.0,"max_hp_loss":0.0,"gold_gain":0.0,"event_name":"Back to Basics","player_choice":"Elegance","floor":21.0,"gold_loss":0.0,"damage_taken":0.0},{"damage_healed":0.0,"max_hp_gain":0.0,"max_hp_loss":0.0,"gold_gain":0.0,"event_name":"The Library","player_choice":"Read","floor":22.0,"gold_loss":0.0,"damage_taken":0.0,"cards_obtained":["Battle Trance"]},{"damage_healed":0,"gold_gain":0,"player_choice":"Memory 1","damage_taken":0,"max_hp_gain":0,"max_hp_loss":0,"event_name":"SensoryStone","floor":36,"gold_loss":0},{"damage_healed":0,"gold_gain":0,"player_choice":"Max HP","damage_taken":0,"max_hp_gain":0,"max_hp_loss":5,"event_name":"Winding Halls","floor":38,"gold_loss":0}],"is_beta":false,"boss_relics":[{"not_picked":["Runic Dome","Lizard Tail"],"picked":"Busted Crown"},{"not_picked":["Eternal Feather","Coffee Dripper"],"picked":"Empty Cage"}],"items_purged_floors":[27,30,42,44],"is_endless":false,"potions_floor_spawned":[1,2,11,14,16,25,31,33,39],"ascension_level":0}