{"gold_per_floor":[109,121,121,138,155,155,188,188,214,214],"floor_reached":10,"playtime":184,"items_purged":[],"score":136,"play_id":"25fbebbc-0f66-443a-92d5-9b4436818ccf","local_time":"20190317205029","is_ascension_mode":true,"campfire_choices":[{"data":"Deadly Poison","floor":6,"key":"SMITH"},{"data":"Neutralize","floor":8,"key":"SMITH"}],"neow_cost":"NONE","seed_source_timestamp":46677276684682,"circlet_count":0,"master_deck":["AscendersBane","Defend_G","Defend_G","Defend_G","Defend_G","Defend_G","Strike_G","Strike_G","Strike_G","Strike_G","Survivor","Neutralize+1","Concentrate","Dash","Deadly Poison+1","Backstab"],"relics":["Ring of the Snake","NeowsBlessing","Art of War","Juzu Bracelet"],"potions_floor_usage":[7,10,10,10],"damage_taken":[{"damage":0,"enemies":"Jaw Worm","floor":1,"turns":1},{"damage":0,"enemies":"2 Louse","floor":2,"turns":1},{"damage":0,"enemies":"Cultist","floor":4,"turns":1},{"damage":0,"enemies":"Red Slaver","floor":5,"turns":4},{"damage":30,"enemies":"Lagavulin","floor":7,"turns":8},{"damage":0,"enemies":"3 Sentries","floor":10,"turns":2}],"seed_played":"-4138927108823976666","potions_obtained":[{"floor":2,"key":"EntropicBrew"},{"floor":4,"key":"Strength Potion"},{"floor":7,"key":"LiquidBronze"}],"is_trial":false,"path_per_floor":["M","M","?","M","M","R","E","R","T","E"],"character_chosen":"THE_SILENT","items_purchased":[],"campfire_rested":0,"item_purchase_floors":[],"current_hp_per_floor":[59,59,59,59,59,59,29,29,29,29],"gold":214,"neow_bonus":"THREE_ENEMY_KILL","is_prod":false,"is_daily":false,"chose_seed":false,"campfire_upgraded":2,"win_rate":0,"timestamp":1552827029,"path_taken":["M","M","?","M","M","R","E","R","T","E"],"build_version":"2019-01-23","purchased_purges":0,"victory":false,"max_hp_per_floor":[66,66,66,66,66,66,66,66,66,66],"card_choices":[{"not_picked":["Deflect","Dagger Spray","Eviscerate"],"picked":"SKIP","floor":1},{"not_picked":["Dagger Throw","Outmaneuver"],"picked":"Concentrate","floor":2},{"not_picked":["Dash","Poisoned Stab"],"picked":"Deadly Poison","floor":4},{"not_picked":["Slice","Poisoned Stab","Underhanded Strike"],"picked":"SKIP","floor":5},{"not_picked":["Blade Dance","Dodge and Roll","Backstab"],"picked":"SKIP","floor":7},{"not_picked":["Blade Dance","Dodge and Roll"],"picked":"Backstab","floor":7}],"player_experience":3666351,"relics_obtained":[{"floor":7,"key":"Art of War"},{"floor":9,"key":"Juzu Bracelet"}],"event_choices":[{"damage_healed":0,"gold_gain":0,"cards_transformed":["Strike_G"],"player_choice":"Change","damage_taken":0,"max_hp_gain":0,"max_hp_loss":0,"event_name":"Living Wall","floor":3,"gold_loss":0,"cards_obtained":["Dash"]}],"is_beta":false,"boss_relics":[],"items_purged_floors":[],"is_endless":false,"potions_floor_spawned":[2,4,7],"killed_by":"3 Sentries","ascension_level":20}