{"gold_per_floor":[109,184,194,7,7,42,42,17,42,68,80,111,134,177,189,277,289,315,327,351,1,19,19,19],"floor_reached":24,"playtime":442,"items_purged":["Strike_B","Strike_B"],"score":478,"play_id":"9acc33af-ea6a-476d-89f6-12fdaef11db9","local_time":"20190604190412","is_ascension_mode":true,"campfire_choices":[{"data":"Turbo","floor":7.0,"key":"SMITH"},{"data":"Dualcast","floor":11.0,"key":"SMITH"},{"data":"Coolheaded","floor":15.0,"key":"SMITH"},{"floor":23.0,"key":"REST"}],"neow_cost":"NONE","seed_source_timestamp":0,"circlet_count":0,"master_deck":["AscendersBane","Strike_B","Defend_B","Defend_B","Defend_B","Defend_B","Zap","Dualcast+1","Coolheaded+1","Tempest+1","Turbo+1","Compile Driver","Reinforced Body","Conserve Battery","Loop","Biased Cognition","Turbo","Heatsinks","Turbo","Defragment","Finesse","Hologram+1"],"special_seed":0,"relics":["Cracked Core","NeowsBlessing","Orichalcum","Ancient Tea Set","MawBank","Centennial Puzzle","Runic Dome"],"potions_floor_usage":[],"damage_taken":[{"damage":0.0,"enemies":"Jaw Worm","floor":1.0,"turns":1.0},{"damage":0.0,"enemies":"Small Slimes","floor":3.0,"turns":1.0},{"damage":0.0,"enemies":"3 Sentries","floor":6.0,"turns":1.0},{"damage":8.0,"enemies":"Gremlin Nob","floor":10.0,"turns":3.0},{"damage":0.0,"enemies":"Cultist","floor":12.0,"turns":2.0},{"damage":0.0,"enemies":"Blue Slaver","floor":13.0,"turns":2.0},{"damage":25.0,"enemies":"Lagavulin","floor":14.0,"turns":5.0},{"damage":6.0,"enemies":"The Guardian","floor":16.0,"turns":12.0},{"damage":13.0,"enemies":"3 Byrds","floor":18.0,"turns":3.0},{"damage":0.0,"enemies":"Spheric Guardian","floor":20.0,"turns":3.0},{"damage":14.0,"enemies":"Snake Plant","floor":22.0,"turns":2.0},{"damage":0,"enemies":"Gremlin Leader","floor":24,"turns":1}],"seed_played":"1606165375615753136","potions_obtained":[{"floor":6.0,"key":"LiquidBronze"},{"floor":10.0,"key":"SteroidPotion"},{"floor":13.0,"key":"Poison Potion"},{"floor":16.0,"key":"Weak Potion"}],"is_trial":false,"path_per_floor":["M","?","M","$","?","E","R","$","T","E","R","M","M","E","R","B",null,"M","?","M","$","M","R","E"],"character_chosen":"DEFECT","items_purchased":["Turbo","Compile Driver","Conserve Battery","Turbo","Defragment","Block Potion","Finesse"],"campfire_rested":1,"item_purchase_floors":[4,4,8,21,21,21,21],"current_hp_per_floor":[64,53,53,53,53,53,53,53,53,45,45,45,45,20,20,14,57,44,44,44,44,30,51,51],"gold":19,"neow_bonus":"THREE_ENEMY_KILL","is_prod":false,"is_daily":false,"chose_seed":false,"campfire_upgraded":3,"win_rate":0,"timestamp":1559642652,"path_taken":["M","?","M","$","?","E","R","?","T","E","R","M","M","E","R","BOSS","M","?","?","$","M","R","E"],"build_version":"2019-01-23","purchased_purges":2,"victory":false,"max_hp_per_floor":[71,71,71,71,71,71,71,71,71,71,71,71,71,71,71,71,71,71,71,71,71,71,71,71],"card_choices":[{"not_picked":["Conserve Battery","Melter"],"picked":"Coolheaded","floor":1.0},{"not_picked":["Compile Driver","Rebound"],"picked":"Tempest","floor":3.0},{"not_picked":["Gash","Auto Shields"],"picked":"Reinforced Body","floor":6.0},{"not_picked":["Blizzard","Ball Lightning","Force Field"],"picked":"SKIP","floor":10.0},{"not_picked":["Loop","Gash","Leap"],"picked":"SKIP","floor":12.0},{"not_picked":["Tempest","Redo","Rebound"],"picked":"SKIP","floor":13.0},{"not_picked":["Doom and Gloom","Gash"],"picked":"Loop","floor":14.0},{"not_picked":["Electrodynamics","Buffer"],"picked":"Biased Cognition","floor":16.0},{"not_picked":["Hologram","Reinforced Body"],"picked":"Turbo","floor":18.0},{"not_picked":["Chaos","Hologram"],"picked":"Heatsinks","floor":20.0},{"not_picked":["Beam Cell+1","Loop"],"picked":"Hologram+1","floor":22.0}],"player_experience":549489,"relics_obtained":[{"floor":6.0,"key":"Orichalcum"},{"floor":9.0,"key":"Ancient Tea Set"},{"floor":10.0,"key":"MawBank"},{"floor":14.0,"key":"Centennial Puzzle"}],"event_choices":[{"damage_healed":0.0,"max_hp_gain":0.0,"max_hp_loss":0.0,"gold_gain":75.0,"event_name":"World of Goop","player_choice":"Gather Gold","floor":2.0,"gold_loss":0.0,"damage_taken":11.0},{"damage_healed":0.0,"max_hp_gain":0.0,"max_hp_loss":0.0,"gold_gain":0.0,"event_name":"Living Wall","player_choice":"Grow","floor":5.0,"gold_loss":0.0,"damage_taken":0.0,"cards_upgraded":["Tempest"]},{"cards_removed":["Strike_B"],"damage_healed":0.0,"max_hp_gain":0.0,"max_hp_loss":0.0,"gold_gain":0.0,"event_name":"Purifier","player_choice":"Purged","floor":19.0,"gold_loss":0.0,"damage_taken":0.0}],"is_beta":false,"boss_relics":[{"not_picked":["Black Star","White Beast Statue"],"picked":"Runic Dome"}],"items_purged_floors":[4,21],"is_endless":false,"potions_floor_spawned":[6,10,13,16,22],"killed_by":"Gremlin Leader","ascension_level":20}