{"gold_per_floor":[16,32,32,49,49,49,60,60,60,60,80,99,99,99,99,99],"floor_reached":16,"playtime":402,"items_purged":[],"score":184,"play_id":"8ac7e3fa-44b8-40af-ac28-4e1fc2a40de8","local_time":"20190121155653","is_ascension_mode":true,"campfire_choices":[{"data":"Noxious Fumes","floor":6,"key":"SMITH"},{"data":"Neutralize","floor":8,"key":"SMITH"},{"data":"Tools of the Trade","floor":10,"key":"SMITH"},{"data":"Flechettes","floor":13,"key":"SMITH"},{"data":"Calculated Gamble","floor":15,"key":"SMITH"}],"neow_cost":"NO_GOLD","seed_source_timestamp":18251959209062,"circlet_count":0,"master_deck":["AscendersBane","Defend_G","Defend_G","Defend_G","Defend_G","Strike_G","Strike_G","Strike_G","Survivor","Neutralize+1","Calculated Gamble+1","Noxious Fumes+1","Backflip","Tools of the Trade+1","Flechettes+1"],"relics":["Ring of the Snake","Frozen Egg 2"],"potions_floor_usage":[7],"damage_taken":[{"damage":9,"enemies":"Cultist","floor":1,"turns":6},{"damage":11,"enemies":"Jaw Worm","floor":2,"turns":7},{"damage":4,"enemies":"Small Slimes","floor":4,"turns":5},{"damage":0,"enemies":"Looter","floor":7,"turns":4},{"damage":0,"enemies":"Red Slaver","floor":11,"turns":5},{"damage":16,"enemies":"Large Slime","floor":12,"turns":7},{"damage":0,"enemies":"The Guardian","floor":16,"turns":2}],"seed_played":"-6518287034315202873","potions_obtained":[{"floor":2,"key":"AttackPotion"},{"floor":7,"key":"Ancient Potion"},{"floor":11,"key":"Energy Potion"}],"is_trial":false,"path_per_floor":["M","M","?","M","?","R","M","R","T","R","M","M","R","?","R","B"],"character_chosen":"THE_SILENT","items_purchased":[],"campfire_rested":0,"item_purchase_floors":[],"current_hp_per_floor":[50,39,39,35,35,35,35,35,35,35,35,19,19,12,12,12],"gold":99,"neow_bonus":"REMOVE_TWO","is_prod":false,"is_daily":false,"chose_seed":false,"campfire_upgraded":5,"win_rate":0,"timestamp":1548057413,"path_taken":["M","M","?","M","?","R","M","R","T","R","M","M","R","?","R","BOSS"],"build_version":"2019-01-17v2","purchased_purges":0,"victory":false,"max_hp_per_floor":[66,66,66,66,66,66,66,66,66,66,66,66,66,66,66,66],"card_choices":[{"not_picked":["PiercingWail","Terror"],"picked":"Calculated Gamble","floor":1},{"not_picked":["Backflip","Bouncing Flask"],"picked":"Noxious Fumes","floor":2},{"not_picked":["Slice","Finisher"],"picked":"Backflip","floor":4},{"not_picked":["Infinite Blades","Dodge and Roll"],"picked":"Tools of the Trade","floor":7},{"not_picked":["Backstab","Deflect"],"picked":"Flechettes","floor":11},{"not_picked":["Dagger Spray","Underhanded Strike","Blade Dance"],"picked":"SKIP","floor":12}],"player_experience":2105381,"relics_obtained":[{"floor":9,"key":"Frozen Egg 2"}],"event_choices":[{"damage_healed":0,"gold_gain":0,"player_choice":"Leave","damage_taken":0,"max_hp_gain":0,"max_hp_loss":0,"event_name":"The Cleric","floor":3,"gold_loss":0},{"damage_healed":0,"gold_gain":0,"player_choice":"Ignored","damage_taken":0,"max_hp_gain":0,"max_hp_loss":0,"event_name":"Liars Game","floor":5,"gold_loss":0},{"cards_removed":["Strike_G"],"damage_healed":0,"gold_gain":0,"player_choice":"Card Removal","damage_taken":7,"max_hp_gain":0,"max_hp_loss":0,"event_name":"Golden Wing","floor":14,"gold_loss":0}],"is_beta":false,"boss_relics":[],"items_purged_floors":[],"is_endless":false,"potions_floor_spawned":[2,7,11,12],"killed_by":"The Guardian","ascension_level":20}