{"gold_per_floor":[111,111,111,186,198,263,2,102,148,148,100,100,118,132,132,228,228,246,146,146,163,163,193,204,204],"floor_reached":25,"playtime":1371,"items_purged":["Strike_B","Defend_B"],"score":244,"play_id":"dd9e7e48-aa72-49f5-8d03-6565cd89ce13","local_time":"20190105194227","is_ascension_mode":false,"campfire_choices":[{"data":"Genetic Algorithm","floor":10,"key":"SMITH"},{"data":"Zap","floor":12,"key":"SMITH"},{"data":"Beam Cell","floor":15,"key":"SMITH"}],"neow_cost":"NONE","seed_source_timestamp":12403949545080,"circlet_count":0,"master_deck":["Strike_B","Defend_B","Zap+1","Dualcast","Genetic Algorithm+1","Conserve Battery","Coolheaded","Self Repair","Gash","Beam Cell+1","Creative AI","Go for the Eyes+1","Force Field+1","Fission+1","Melter","Double Energy+1"],"relics":["Cracked Core","NeowsBlessing","Tiny Chest","Vajra","Astrolabe","Pen Nib","Anchor"],"potions_floor_usage":[18],"damage_taken":[{"damage":0,"enemies":"Jaw Worm","floor":1,"turns":1},{"damage":0,"enemies":"Small Slimes","floor":5,"turns":1},{"damage":0,"enemies":"Lagavulin","floor":6,"turns":1},{"damage":2,"enemies":"2 Louse","floor":13,"turns":3},{"damage":6,"enemies":"2 Fungi Beasts","floor":14,"turns":3},{"damage":29,"enemies":"The Guardian","floor":16,"turns":11},{"damage":0,"enemies":"Chosen","floor":18,"turns":4},{"damage":15,"enemies":"Spheric Guardian","floor":21,"turns":4},{"damage":18,"enemies":"Gremlin Leader","floor":23,"turns":7},{"damage":7,"enemies":"Centurion and Healer","floor":24,"turns":6},{"damage":62,"enemies":"Slavers","floor":25,"turns":5}],"seed_played":"1276336314979626050","potions_obtained":[{"floor":1,"key":"SpeedPotion"},{"floor":6,"key":"Fire Potion"}],"is_trial":false,"path_per_floor":["M","?","?","?","M","E","$","?","T","R","$","R","M","M","R","B",null,"M","$","T","M","?","E","M","E"],"character_chosen":"DEFECT","items_purchased":["Vajra","Self Repair","Gash"],"campfire_rested":0,"item_purchase_floors":[7,7,11],"current_hp_per_floor":[75,80,73,62,62,62,62,62,62,62,62,62,67,68,68,46,80,80,80,80,72,72,61,61,0],"gold":204,"neow_bonus":"THREE_ENEMY_KILL","is_prod":false,"is_daily":false,"chose_seed":false,"campfire_upgraded":3,"win_rate":0,"timestamp":1546713747,"path_taken":["M","?","?","?","M","E","?","?","T","R","$","R","?","M","R","BOSS","M","$","?","M","?","E","M","E"],"build_version":"2019-01-03v4","purchased_purges":2,"victory":false,"max_hp_per_floor":[75,80,80,80,80,80,80,80,80,80,80,80,80,80,80,80,80,80,80,80,80,80,80,80,80],"card_choices":[{"not_picked":["Self Repair","Streamline"],"picked":"Genetic Algorithm","floor":1},{"not_picked":["Streamline","Genetic Algorithm"],"picked":"Conserve Battery","floor":5},{"not_picked":["Compile Driver","Go for the Eyes"],"picked":"Coolheaded","floor":6},{"not_picked":["Stack","Turbo"],"picked":"Beam Cell","floor":13},{"not_picked":["Storm","Reprogram","Compile Driver"],"picked":"SKIP","floor":14},{"not_picked":["Echo Form","Amplify"],"picked":"Creative AI","floor":16},{"not_picked":["Sunder","Redo","Loop+1"],"picked":"SKIP","floor":18},{"not_picked":["Hologram","Compile Driver","Gash"],"picked":"SKIP","floor":21},{"not_picked":["Cold Snap","Conserve Battery"],"picked":"Double Energy+1","floor":23},{"not_picked":["Rebound+1","Go for the Eyes","Ball Lightning+1"],"picked":"SKIP","floor":24}],"player_experience":399691,"relics_obtained":[{"floor":6,"key":"Tiny Chest"},{"floor":20,"key":"Pen Nib"},{"floor":23,"key":"Anchor"}],"event_choices":[{"damage_healed":0,"gold_gain":0,"player_choice":"Donut","damage_taken":0,"max_hp_gain":5,"max_hp_loss":0,"event_name":"Big Fish","floor":2,"gold_loss":0},{"cards_removed":["Defend_B"],"damage_healed":0,"gold_gain":0,"player_choice":"Card Removal","damage_taken":7,"max_hp_gain":0,"max_hp_loss":0,"event_name":"Golden Wing","floor":3,"gold_loss":0},{"damage_healed":0,"gold_gain":75,"player_choice":"Gather Gold","damage_taken":11,"max_hp_gain":0,"max_hp_loss":0,"event_name":"World of Goop","floor":4,"gold_loss":0},{"damage_healed":0,"gold_gain":100,"player_choice":"Pray","damage_taken":0,"max_hp_gain":0,"max_hp_loss":0,"event_name":"Golden Shrine","floor":8,"gold_loss":0},{"damage_healed":0,"gold_gain":0,"player_choice":"Read","damage_taken":0,"max_hp_gain":0,"max_hp_loss":0,"event_name":"The Library","floor":22,"gold_loss":0,"cards_obtained":["Melter"]}],"is_beta":false,"boss_relics":[{"not_picked":["Velvet Choker","Tiny House"],"picked":"Astrolabe"}],"items_purged_floors":[7,19],"is_endless":false,"potions_floor_spawned":[1,6],"killed_by":"Slavers","ascension_level":0}