{"gold_per_floor":[117,117,117,44,69,69,87,87,155,168,168,168,54,70,70,190,190,205,120,145,145,164,164,183,183,183,183,183,282,112,112,112,237,237,251,251,58,81,81,81,81,94,94,94,108,124,147,171,171,171],"floor_reached":51,"playtime":2256,"items_purged":["Strike_G","Strike_G"],"score":662,"play_id":"c6aa2b76-19c5-46bb-9f5e-df1254d17517","local_time":"20181015210642","is_ascension_mode":false,"campfire_choices":[{"data":"Noxious Fumes","floor":6.0,"key":"SMITH"},{"data":"Well Laid Plans","floor":8.0,"key":"SMITH"},{"data":"Burst","floor":11.0,"key":"SMITH"},{"data":"Bouncing Flask","floor":15.0,"key":"SMITH"},{"data":"Well Laid Plans","floor":23,"key":"SMITH"},{"data":"Corpse Explosion","floor":25,"key":"SMITH"},{"data":"Leg Sweep","floor":27,"key":"SMITH"},{"data":"Footwork","floor":32,"key":"SMITH"},{"data":"Apotheosis","floor":40,"key":"SMITH"},{"data":"Purity","floor":44,"key":"SMITH"},{"floor":49,"key":"REST"}],"neow_cost":"TEN_PERCENT_HP_LOSS","seed_source_timestamp":37059840536032,"circlet_count":0,"master_deck":["Defend_G","Defend_G","Defend_G","Defend_G","Defend_G","Strike_G","Survivor","Neutralize","Burst+1","Backflip","Noxious Fumes+1","Well Laid Plans+1","Bouncing Flask+1","Bullet Time","Corpse Explosion+1","Well Laid Plans+1","Leg Sweep+1","Enlightenment","Footwork+1","After Image","Purity+1","Apotheosis+1"],"special_seed":0,"relics":["Ring of the Serpent","Golden Idol","Happy Flower","Ornamental Fan","Enchiridion","Busted Crown","Shuriken"],"potions_floor_usage":[33,33,33,45,46],"damage_taken":[{"damage":0.0,"enemies":"Small Slimes","floor":1.0,"turns":5.0},{"damage":0.0,"enemies":"2 Louse","floor":5.0,"turns":4.0},{"damage":0.0,"enemies":"Jaw Worm","floor":7.0,"turns":5.0},{"damage":12.0,"enemies":"Gremlin Gang","floor":10.0,"turns":5.0},{"damage":2.0,"enemies":"Looter","floor":14.0,"turns":4.0},{"damage":20.0,"enemies":"The Guardian","floor":16.0,"turns":6.0},{"damage":0,"enemies":"Spheric Guardian","floor":18,"turns":3},{"damage":20,"enemies":"3 Byrds","floor":20,"turns":4},{"damage":0,"enemies":"Cultist and Chosen","floor":22,"turns":4},{"damage":10,"enemies":"Shelled Parasite and Fungi","floor":24,"turns":4},{"damage":16,"enemies":"Automaton","floor":33,"turns":11},{"damage":0,"enemies":"3 Darklings","floor":35,"turns":4},{"damage":2,"enemies":"Orb Walker","floor":38,"turns":4},{"damage":0,"enemies":"Sphere and 2 Shapes","floor":42,"turns":5},{"damage":3,"enemies":"Transient","floor":45,"turns":5},{"damage":3,"enemies":"Reptomancer","floor":46,"turns":6},{"damage":1,"enemies":"4 Shapes","floor":47,"turns":3},{"damage":0,"enemies":"Maw","floor":48,"turns":8},{"damage":29,"enemies":"Awakened One","floor":50,"turns":14}],"seed_played":"4285591839710168798","potions_obtained":[{"floor":10.0,"key":"Fruit Juice"},{"floor":14.0,"key":"SkillPotion"},{"floor":18,"key":"Weak Potion"},{"floor":24,"key":"SkillPotion"},{"floor":33,"key":"AttackPotion"},{"floor":38,"key":"Weak Potion"},{"floor":42,"key":"FearPotion"},{"floor":45,"key":"Explosive Potion"},{"floor":47,"key":"FearPotion"}],"is_trial":false,"path_per_floor":["M","?","?","$","M","R","M","R","T","M","R","?","$","M","R","B",null,"M","?","M","?","M","R","M","R","T","R","?","?","$","?","R","B",null,"M","?","$","M","?","R","?","M","T","R","M","M","M","M","R","B"],"character_chosen":"THE_SILENT","items_purchased":["Noxious Fumes","Bouncing Flask","Footwork","Apotheosis"],"campfire_rested":1,"item_purchase_floors":[4,13,30,37],"current_hp_per_floor":[63,58,63,63,63,63,63,63,63,51,51,51,51,54,54,34,68,68,68,48,48,48,48,38,38,38,38,38,38,38,22,22,6,68,68,68,68,66,65,65,65,65,65,65,62,59,58,58,65,36],"gold":171,"neow_bonus":"THREE_RARE_CARDS","is_prod":false,"is_daily":false,"chose_seed":false,"campfire_upgraded":10,"win_rate":0,"timestamp":1539608802,"path_taken":["M","?","?","$","M","R","M","R","T","M","R","?","?","M","R","BOSS","M","?","M","?","M","R","M","R","T","R","?","?","$","?","R","BOSS","M","?","$","M","?","R","?","M","T","R","M","M","?","?","R","BOSS"],"build_version":"2018-10-11","purchased_purges":2,"victory":true,"max_hp_per_floor":[63,58,63,63,63,63,63,63,63,63,63,63,63,68,68,68,68,68,68,68,68,68,68,68,68,68,68,68,68,68,68,68,68,68,68,68,68,68,65,65,65,65,65,65,65,65,65,65,65,65],"card_choices":[{"not_picked":["Bullet Time","Die Die Die"],"picked":"Burst","floor":0.0},{"not_picked":["PiercingWail","Flechettes"],"picked":"Backflip","floor":1.0},{"not_picked":["All Out Attack","Backstab"],"picked":"Well Laid Plans","floor":5.0},{"not_picked":["Flechettes","Accuracy","Setup"],"picked":"SKIP","floor":7.0},{"not_picked":["Outmaneuver","Dagger Spray","Cloak And Dagger"],"picked":"SKIP","floor":10.0},{"not_picked":["Riddle With Holes","Predator"],"picked":"Bullet Time","floor":14.0},{"not_picked":["Night Terror","Die Die Die"],"picked":"Corpse Explosion","floor":16.0},{"not_picked":["Bane+1","Dagger Spray"],"picked":"Well Laid Plans","floor":18},{"not_picked":["Deflect","Flechettes","Terror"],"picked":"SKIP","floor":20},{"not_picked":["Bane+1","Choke","Skewer+1"],"picked":"SKIP","floor":22},{"not_picked":["Bouncing Flask","Bane"],"picked":"Leg Sweep","floor":24},{"not_picked":["Die Die Die","Bullet Time"],"picked":"After Image","floor":33},{"not_picked":["Outmaneuver+1"],"picked":"SKIP","floor":35},{"not_picked":[],"picked":"Purity","floor":36},{"not_picked":["Blade Dance+1"],"picked":"SKIP","floor":38},{"not_picked":["Concentrate+1"],"picked":"SKIP","floor":42},{"not_picked":["Terror"],"picked":"SKIP","floor":45},{"not_picked":["Blade Dance"],"picked":"SKIP","floor":46},{"not_picked":["Prepared"],"picked":"SKIP","floor":47},{"not_picked":["Quick Slash"],"picked":"SKIP","floor":48}],"player_experience":228183,"relics_obtained":[{"floor":26,"key":"Ornamental Fan"},{"floor":31,"key":"Enchiridion"},{"floor":43,"key":"Shuriken"}],"event_choices":[{"event_name":"Golden Idol","player_choice":"Lose Max HP","floor":2.0,"damage_taken":0.0},{"event_name":"Big Fish","player_choice":"Donut","floor":3.0,"damage_taken":0.0},{"event_name":"Bonfire Elementals","player_choice":"BASIC","floor":12.0,"damage_taken":0.0},{"event_name":"Addict","player_choice":"Obtained Relic","floor":19,"damage_taken":0},{"event_name":"Vampires","player_choice":"Ignored","floor":21,"damage_taken":0},{"event_name":"Match and Keep!","player_choice":"1 cards matched","floor":28,"damage_taken":0},{"event_name":"Nest","player_choice":"Stole From Cult","floor":29,"damage_taken":0},{"event_name":"Cursed Tome","player_choice":"Obtained Book","floor":31,"damage_taken":0},{"event_name":"SensoryStone","player_choice":"Memory 1","floor":36,"damage_taken":0},{"event_name":"Winding Halls","player_choice":"Max HP","floor":39,"damage_taken":0},{"event_name":"Falling","player_choice":"Removed Attack","floor":41,"damage_taken":0}],"is_beta":false,"boss_relics":[{"not_picked":["Orrery","Calling Bell"],"picked":"Ring of the Serpent"},{"not_picked":["Empty Cage","Black Star"],"picked":"Busted Crown"}],"items_purged_floors":[13,30],"is_endless":false,"potions_floor_spawned":[10,14,18,24,33,38,42,45,47,48],"ascension_level":0}