{"gold_per_floor":[116,16,27,27,45,45,45,56,79,79,90,101,116,16,16,16],"floor_reached":16,"playtime":592,"items_purged":["Strike_G","Strike_G"],"score":188,"play_id":"b509d6f7-09ed-4d1d-9d5f-4824285dcc33","local_time":"20190123204131","is_ascension_mode":true,"campfire_choices":[{"data":"Acrobatics","floor":6.0,"key":"SMITH"},{"data":"Neutralize","floor":10.0,"key":"SMITH"},{"data":"Masterful Stab","floor":15.0,"key":"SMITH"}],"neow_cost":"PERCENT_DAMAGE","seed_source_timestamp":0,"circlet_count":0,"master_deck":["AscendersBane","Defend_G","Defend_G","Defend_G","Defend_G","Defend_G","Strike_G","Strike_G","Strike_G","Survivor","Neutralize+1","Backflip","Acrobatics+1","Escape Plan","Flying Knee","Poisoned Stab","Masterful Stab+1"],"special_seed":0,"relics":["Ring of the Snake","Torii","Bag of Marbles","Lantern"],"potions_floor_usage":[16,16],"damage_taken":[{"damage":1.0,"enemies":"Small Slimes","floor":1.0,"turns":6.0},{"damage":3.0,"enemies":"Jaw Worm","floor":3.0,"turns":8.0},{"damage":0.0,"enemies":"Cultist","floor":5.0,"turns":4.0},{"damage":1.0,"enemies":"3 Louse","floor":8.0,"turns":7.0},{"damage":2.0,"enemies":"Large Slime","floor":11.0,"turns":6.0},{"damage":9.0,"enemies":"Gremlin Gang","floor":12.0,"turns":5.0},{"damage":0.0,"enemies":"Red Slaver","floor":13.0,"turns":4.0},{"damage":14,"enemies":"Slime Boss","floor":16,"turns":6}],"seed_played":"7624726329131185242","potions_obtained":[{"floor":8.0,"key":"Dexterity Potion"},{"floor":11.0,"key":"SmokeBomb"},{"floor":13.0,"key":"SkillPotion"}],"is_trial":false,"path_per_floor":["?","?","M","$"],"character_chosen":"THE_SILENT","items_purchased":["Acrobatics"],"campfire_rested":0,"item_purchase_floors":[2],"current_hp_per_floor":[43,43,40,14,14,14,36,35,35,35,33,24,24,24,24,10],"gold":16,"neow_bonus":"ONE_RARE_RELIC","is_prod":false,"is_daily":false,"chose_seed":false,"campfire_upgraded":3,"win_rate":0,"timestamp":1548247291,"path_taken":["M","$","M","?","M","R","?","M","T","R","M","?","M","?","R","BOSS"],"build_version":"2019-01-22","purchased_purges":2,"victory":false,"max_hp_per_floor":[66,66,66,66,66,66,66,66,66,66,66,66,66,66,66,66],"card_choices":[{"not_picked":["Slice","Riddle With Holes"],"picked":"Backflip","floor":1.0},{"not_picked":["Blade Dance","Acrobatics","Dodge and Roll"],"picked":"SKIP","floor":3.0},{"not_picked":["Noxious Fumes","Acrobatics"],"picked":"Escape Plan","floor":5.0},{"not_picked":["Acrobatics","Accuracy"],"picked":"Flying Knee","floor":8.0},{"not_picked":["Backflip","PiercingWail","Deflect"],"picked":"SKIP","floor":11.0},{"not_picked":["Storm of Steel","Bane"],"picked":"Poisoned Stab","floor":12.0},{"not_picked":["Underhanded Strike","Quick Slash"],"picked":"Masterful Stab","floor":13.0}],"player_experience":1321754,"relics_obtained":[{"floor":9.0,"key":"Lantern"}],"event_choices":[{"damage_healed":0.0,"max_hp_gain":0.0,"max_hp_loss":0.0,"gold_gain":0.0,"event_name":"Scrap Ooze","player_choice":"Success","floor":4.0,"gold_loss":0.0,"damage_taken":26.0,"relics_obtained":["Bag of Marbles"]},{"damage_healed":22.0,"max_hp_gain":0.0,"max_hp_loss":0.0,"gold_gain":0.0,"event_name":"Big Fish","player_choice":"Banana","floor":7.0,"gold_loss":0.0,"damage_taken":0.0}],"is_beta":true,"boss_relics":[],"items_purged_floors":[2,14],"is_endless":false,"potions_floor_spawned":[8,11,12,13],"killed_by":"Slime Boss","ascension_level":20}