{"gold_per_floor":[109,109,109,34,46,46,64,76,76,76,90,90,90,109,109,184,184,198,216,131,181,181],"floor_reached":22,"playtime":430,"items_purged":["Strike_G"],"score":352,"play_id":"26d5c935-aba2-4d21-b7a4-802941e2a2e0","local_time":"20190408171224","is_ascension_mode":true,"campfire_choices":[{"data":"Bouncing Flask","floor":6,"key":"SMITH"},{"data":"Neutralize","floor":13,"key":"SMITH"},{"data":"Calculated Gamble","floor":15,"key":"SMITH"}],"neow_cost":"NONE","seed_source_timestamp":19232831236855,"circlet_count":0,"master_deck":["AscendersBane","Defend_G","Defend_G","Defend_G","Defend_G","Defend_G","Strike_G+1","Strike_G","Strike_G+1","Survivor","Neutralize+1","Bouncing Flask+1","Escape Plan","Calculated Gamble+1","Grand Finale+1"],"relics":["Ring of the Snake","NeowsBlessing","Molten Egg 2","Sozu","Question Card"],"potions_floor_usage":[],"damage_taken":[{"damage":0,"enemies":"Cultist","floor":1,"turns":1},{"damage":0,"enemies":"Jaw Worm","floor":5,"turns":1},{"damage":0,"enemies":"2 Louse","floor":7,"turns":1},{"damage":15,"enemies":"Exordium Wildlife","floor":8,"turns":6},{"damage":18,"enemies":"3 Louse","floor":11,"turns":4},{"damage":0,"enemies":"Red Slaver","floor":14,"turns":3},{"damage":2,"enemies":"The Guardian","floor":16,"turns":9},{"damage":0,"enemies":"Chosen","floor":18,"turns":2},{"damage":20,"enemies":"2 Thieves","floor":19,"turns":4},{"damage":12,"enemies":"Snake Plant","floor":22,"turns":3}],"seed_played":"-3646045067982505168","potions_obtained":[{"floor":7,"key":"GhostInAJar"},{"floor":8,"key":"Weak Potion"}],"is_trial":false,"path_per_floor":["M","?","?","$","M","R","M","M","T","$","M","?","R","M","R","B",null,"M","M","?","?","M"],"character_chosen":"THE_SILENT","items_purchased":[],"campfire_rested":0,"item_purchase_floors":[],"current_hp_per_floor":[59,39,44,44,44,44,44,29,29,29,11,4,4,4,4,2,54,54,34,34,34,22],"gold":181,"neow_bonus":"THREE_ENEMY_KILL","is_prod":false,"is_daily":false,"chose_seed":false,"campfire_upgraded":3,"win_rate":0,"timestamp":1554714744,"path_taken":["M","?","?","$","?","R","?","M","T","$","M","?","R","M","R","BOSS","M","M","?","?","M"],"build_version":"2019-01-23","purchased_purges":1,"victory":false,"max_hp_per_floor":[66,66,71,71,71,71,71,71,71,71,71,71,71,71,71,71,71,71,71,71,71,71],"card_choices":[{"not_picked":["Blade Dance","Outmaneuver"],"picked":"Bouncing Flask","floor":1},{"not_picked":["Flying Knee","Sucker Punch","Dodge and Roll"],"picked":"SKIP","floor":5},{"not_picked":["Poisoned Stab","Storm of Steel","Slice"],"picked":"SKIP","floor":7},{"not_picked":["Outmaneuver","Cloak And Dagger"],"picked":"Escape Plan","floor":8},{"not_picked":["Sucker Punch+1","Flechettes+1","Poisoned Stab+1"],"picked":"SKIP","floor":11},{"not_picked":["Quick Slash+1","Poisoned Stab+1"],"picked":"Calculated Gamble","floor":14},{"not_picked":["Corpse Explosion","Glass Knife+1"],"picked":"Grand Finale+1","floor":16},{"not_picked":["Bouncing Flask","Quick Slash+1","Deflect"],"picked":"SKIP","floor":18},{"not_picked":["Noxious Fumes","Deadly Poison","All Out Attack+1"],"picked":"SKIP","floor":19}],"player_experience":4158910,"relics_obtained":[{"floor":9,"key":"Molten Egg 2"}],"event_choices":[{"damage_healed":0,"gold_gain":0,"player_choice":"Entered Light","damage_taken":20,"max_hp_gain":0,"max_hp_loss":0,"event_name":"Shining Light","floor":2,"gold_loss":0,"cards_upgraded":["Strike_G","Strike_G"]},{"damage_healed":0,"gold_gain":0,"player_choice":"Donut","damage_taken":0,"max_hp_gain":5,"max_hp_loss":0,"event_name":"Big Fish","floor":3,"gold_loss":0},{"cards_removed":["Strike_G"],"damage_healed":0,"gold_gain":0,"player_choice":"Card Removal","damage_taken":7,"max_hp_gain":0,"max_hp_loss":0,"event_name":"Golden Wing","floor":12,"gold_loss":0},{"damage_healed":0,"gold_gain":0,"player_choice":"Obtained Relic","damage_taken":0,"relics_obtained":["Question Card"],"max_hp_gain":0,"max_hp_loss":0,"event_name":"Addict","floor":20,"gold_loss":85},{"damage_healed":0,"gold_gain":50,"player_choice":"Stole From Cult","damage_taken":0,"max_hp_gain":0,"max_hp_loss":0,"event_name":"Nest","floor":21,"gold_loss":0}],"is_beta":false,"boss_relics":[{"not_picked":["Ectoplasm","HoveringKite"],"picked":"Sozu"}],"items_purged_floors":[4],"is_endless":false,"potions_floor_spawned":[7,8,19],"killed_by":"Snake Plant","ascension_level":20}