{"gold_per_floor":[111,131,56,56,67,67,97,97,97,97,97,117,131,166,166,265,265,280,298,298,310,410,410,424,436,436,449,497,61,61,75,75,177,177,194,194,207,224,80,109,109,126,151,151,162,179,179,207,207,207],"floor_reached":51,"playtime":1913,"items_purged":["Strike_B","Strike_B"],"score":871,"play_id":"4020c347-8a3a-4905-901d-6f2c36b3ccb3","local_time":"20190618201544","is_ascension_mode":false,"campfire_choices":[{"data":"Recycle","floor":6.0,"key":"SMITH"},{"data":"Skim","floor":10.0,"key":"SMITH"},{"data":"Coolheaded","floor":15.0,"key":"SMITH"},{"data":"Coolheaded","floor":23.0,"key":"SMITH"},{"data":"Skim","floor":30.0,"key":"SMITH"},{"data":"Blizzard","floor":32.0,"key":"SMITH"},{"data":"Recycle","floor":41,"key":"SMITH"},{"data":"Recycle","floor":44,"key":"SMITH"},{"data":"Biased Cognition","floor":47,"key":"SMITH"},{"data":"Seek","floor":49,"key":"SMITH"}],"neow_cost":"NONE","seed_source_timestamp":35246537604350,"circlet_count":0,"master_deck":["Strike_B","Defend_B","Defend_B","Defend_B","Defend_B","Zap","Dualcast","Recycle+1","Skim+1","Ball Lightning","Blizzard+1","Recycle+1","Coolheaded+1","Coolheaded+1","Electrodynamics","Biased Cognition+1","Glacier","Recycle+1","Skim+1","Seek+1","Turbo+1","Doubt"],"special_seed":0,"relics":["Cracked Core","StoneCalendar","Pantograph","Symbiotic Virus","Pen Nib","Busted Crown","Nunchaku","Dodecahedron","Gremlin Horn","Ancient Tea Set","Bottled Lightning","Cursed Key","GremlinMask","Bag of Preparation","The Courier","DataDisk","Singing Bowl"],"potions_floor_usage":[50,50,50,50,50],"damage_taken":[{"damage":0.0,"enemies":"Cultist","floor":1.0,"turns":2.0},{"damage":6.0,"enemies":"Jaw Worm","floor":2.0,"turns":3.0},{"damage":0.0,"enemies":"Small Slimes","floor":5.0,"turns":2.0},{"damage":29.0,"enemies":"Gremlin Nob","floor":7.0,"turns":4.0},{"damage":12.0,"enemies":"3 Louse","floor":12.0,"turns":3.0},{"damage":7.0,"enemies":"Blue Slaver","floor":13.0,"turns":3.0},{"damage":4.0,"enemies":"Lagavulin","floor":14.0,"turns":7.0},{"damage":6.0,"enemies":"Hexaghost","floor":16.0,"turns":8.0},{"damage":0.0,"enemies":"3 Byrds","floor":18.0,"turns":2.0},{"damage":0.0,"enemies":"Shell Parasite","floor":19.0,"turns":7.0},{"damage":4.0,"enemies":"Snake Plant","floor":21.0,"turns":4.0},{"damage":19.0,"enemies":"Colosseum Slavers","floor":22.0,"turns":4.0},{"damage":15.0,"enemies":"Colosseum Nobs","floor":22.0,"turns":4.0},{"damage":5.0,"enemies":"Cultist and Chosen","floor":24.0,"turns":5.0},{"damage":6.0,"enemies":"Snecko","floor":25.0,"turns":5.0},{"damage":17.0,"enemies":"Chosen and Byrds","floor":27.0,"turns":5.0},{"damage":0.0,"enemies":"Centurion and Healer","floor":31.0,"turns":4.0},{"damage":7.0,"enemies":"Automaton","floor":33.0,"turns":5.0},{"damage":0,"enemies":"3 Darklings","floor":35,"turns":3},{"damage":0,"enemies":"3 Shapes","floor":37,"turns":1},{"damage":0,"enemies":"3 Darklings","floor":38,"turns":2},{"damage":0,"enemies":"Reptomancer","floor":40,"turns":4},{"damage":0,"enemies":"Spire Growth","floor":42,"turns":3},{"damage":0,"enemies":"Jaw Worm Horde","floor":45,"turns":1},{"damage":0,"enemies":"4 Shapes","floor":46,"turns":2},{"damage":0,"enemies":"Giant Head","floor":48,"turns":3},{"damage":0,"enemies":"Donu and Deca","floor":50,"turns":1}],"seed_played":"-2721812413368713927","potions_obtained":[{"floor":2.0,"key":"PowerPotion"},{"floor":7.0,"key":"FearPotion"},{"floor":12.0,"key":"SpeedPotion"},{"floor":16.0,"key":"Block Potion"},{"floor":21.0,"key":"EntropicBrew"},{"floor":24.0,"key":"GamblersBrew"},{"floor":27.0,"key":"GamblersBrew"}],"is_trial":false,"path_per_floor":["M","M","$","?","M","R","E","T","T","R","$","M","M","E","R","B",null,"M","M","?","M","?","R","M","M","T","M","T","$","R","M","R","B",null,"M","?","M","M","$","E","R","M","T","R","M","M","R","E","R","B",null],"character_chosen":"DEFECT","items_purchased":["Skim","Bottled Lightning","Bag of Preparation"],"campfire_rested":0,"item_purchase_floors":[29,29,39],"current_hp_per_floor":[75,69,69,62,62,62,33,33,33,33,33,21,14,10,10,29,75,75,75,75,71,37,37,32,26,26,9,9,9,9,9,9,27,75,75,75,75,75,75,75,75,75,75,75,75,75,75,77,77,77],"gold":207,"neow_bonus":"THREE_CARDS","is_prod":false,"is_daily":false,"chose_seed":false,"campfire_upgraded":10,"win_rate":0,"timestamp":1560860144,"path_taken":["M","M","$","?","M","R","E","?","T","R","?","?","M","E","R","BOSS","M","?","?","M","?","R","M","M","T","M","?","$","R","M","R","BOSS","M","?","?","M","$","E","R","M","T","R","?","M","R","E","R","BOSS"],"build_version":"2019-01-23","purchased_purges":2,"victory":true,"max_hp_per_floor":[75,75,75,75,75,75,75,75,75,75,75,75,75,75,75,75,75,75,75,75,75,75,75,75,75,75,75,75,75,75,75,75,75,75,75,75,75,75,75,75,75,75,75,75,75,75,75,77,77,77],"card_choices":[{"not_picked":["Streamline","Redo"],"picked":"Recycle","floor":0.0},{"not_picked":["Cold Snap","Sweeping Beam"],"picked":"Skim","floor":1.0},{"not_picked":["Conserve Battery","Beam Cell"],"picked":"Ball Lightning","floor":2.0},{"not_picked":["Stack","Ball Lightning"],"picked":"Blizzard","floor":5.0},{"not_picked":["Go for the Eyes","Heatsinks"],"picked":"Recycle","floor":7.0},{"not_picked":["Redo","FTL"],"picked":"Coolheaded","floor":12.0},{"not_picked":["White Noise","Conserve Battery"],"picked":"Coolheaded","floor":13.0},{"not_picked":["Hologram","Rebound"],"picked":"Electrodynamics","floor":14.0},{"not_picked":["Echo Form","Seek"],"picked":"Biased Cognition","floor":16.0},{"not_picked":["Streamline+1"],"picked":"SKIP","floor":18.0},{"not_picked":[],"picked":"Glacier","floor":19.0},{"not_picked":["Rebound"],"picked":"SKIP","floor":21.0},{"not_picked":[],"picked":"Recycle","floor":22.0},{"not_picked":["Leap"],"picked":"SKIP","floor":24.0},{"not_picked":["Self Repair"],"picked":"SKIP","floor":25.0},{"not_picked":["Ball Lightning+1"],"picked":"SKIP","floor":27.0},{"not_picked":["Leap"],"picked":"SKIP","floor":31.0},{"not_picked":[],"picked":"Seek","floor":33.0},{"not_picked":["Stack+1"],"picked":"SKIP","floor":35},{"not_picked":["Beam Cell"],"picked":"SKIP","floor":37},{"not_picked":[],"picked":"Turbo+1","floor":38},{"not_picked":["Barrage"],"picked":"SKIP","floor":40},{"not_picked":["Barrage+1"],"picked":"SKIP","floor":42},{"not_picked":["Streamline+1"],"picked":"SKIP","floor":45},{"not_picked":["Aggregate"],"picked":"SKIP","floor":46},{"not_picked":["Self Repair"],"picked":"Singing Bowl","floor":48}],"player_experience":5415228,"relics_obtained":[{"floor":7.0,"key":"StoneCalendar"},{"floor":8.0,"key":"Pantograph"},{"floor":9.0,"key":"Symbiotic Virus"},{"floor":14.0,"key":"Pen Nib"},{"floor":22.0,"key":"Nunchaku"},{"floor":22.0,"key":"Dodecahedron"},{"floor":26.0,"key":"Gremlin Horn"},{"floor":28.0,"key":"Ancient Tea Set"},{"floor":40,"key":"The Courier"},{"floor":43,"key":"DataDisk"},{"floor":48,"key":"Singing Bowl"}],"event_choices":[{"cards_removed":["Strike_B"],"damage_healed":0.0,"max_hp_gain":0.0,"max_hp_loss":0.0,"gold_gain":0.0,"event_name":"Golden Wing","player_choice":"Card Removal","floor":4.0,"gold_loss":0.0,"damage_taken":7.0},{"damage_healed":0.0,"max_hp_gain":0.0,"max_hp_loss":0.0,"gold_gain":0.0,"event_name":"Vampires","player_choice":"Ignored","floor":20.0,"gold_loss":0.0,"damage_taken":0.0},{"damage_healed":0.0,"max_hp_gain":0.0,"max_hp_loss":0.0,"gold_gain":0.0,"event_name":"Colosseum","player_choice":"Fight","floor":22.0,"gold_loss":0.0,"damage_taken":0.0},{"damage_healed":0.0,"max_hp_gain":0.0,"max_hp_loss":0.0,"gold_gain":0.0,"event_name":"Colosseum","player_choice":"Fought Nobs","floor":22.0,"gold_loss":0.0,"damage_taken":0.0},{"damage_healed":0,"gold_gain":0,"player_choice":"Trade","damage_taken":0,"relics_obtained":["GremlinMask"],"max_hp_gain":0,"max_hp_loss":0,"event_name":"FaceTrader","floor":36,"gold_loss":0}],"is_beta":false,"boss_relics":[{"not_picked":["White Beast Statue","Runic Dome"],"picked":"Busted Crown"},{"not_picked":["Astrolabe","Calling Bell"],"picked":"Cursed Key"}],"items_purged_floors":[3,29],"is_endless":false,"potions_floor_spawned":[2,7,12,16,21,22,24,27,33,38,45,46],"ascension_level":0}