{"gold_per_floor":[112,27,102,14,14,26,26,38,38,38,38],"floor_reached":11,"playtime":441,"items_purged":[],"score":122,"play_id":"66a12bd0-38ef-4885-a4a6-76fec1e111d8","local_time":"20190106130022","is_ascension_mode":true,"campfire_choices":[{"data":"Catalyst","floor":7,"key":"SMITH"},{"data":"Catalyst","floor":10,"key":"SMITH"}],"neow_cost":"NONE","seed_source_timestamp":5690302654487,"circlet_count":0,"master_deck":["AscendersBane","Defend_G","Defend_G","Defend_G","Defend_G","Defend_G","Strike_G","Strike_G","Strike_G","Strike_G","Survivor","Neutralize","Catalyst+1","Noxious Fumes","Catalyst+1","Noxious Fumes"],"special_seed":0,"relics":["Velvet Choker"],"potions_floor_usage":[11,11],"damage_taken":[{"damage":12.0,"enemies":"Jaw Worm","floor":1.0,"turns":6.0},{"damage":0,"enemies":"Small Slimes","floor":6,"turns":4},{"damage":4,"enemies":"Cultist","floor":8,"turns":4},{"damage":32,"enemies":"Gremlin Nob","floor":11,"turns":4}],"seed_played":"8976892113582368591","potions_obtained":[{"floor":1.0,"key":"GhostInAJar"},{"floor":6,"key":"SpeedPotion"}],"is_trial":false,"path_per_floor":["M","$","?","$","?","M","R","M","T","R","E"],"character_chosen":"THE_SILENT","items_purchased":["Noxious Fumes","Catalyst"],"campfire_rested":0,"item_purchase_floors":[2,4],"current_hp_per_floor":[47,47,36,36,36,36,36,32,32,32,0],"gold":38,"neow_bonus":"BOSS_RELIC","is_prod":false,"is_daily":false,"chose_seed":false,"campfire_upgraded":2,"win_rate":0,"timestamp":1546750822,"path_taken":["M","$","?","$","?","?","R","M","T","R","E"],"build_version":"2019-01-03v4","purchased_purges":0,"victory":false,"max_hp_per_floor":[66,66,66,66,66,66,66,66,66,66,66],"card_choices":[{"not_picked":["Deflect","Dodge and Roll"],"picked":"Catalyst","floor":1.0},{"not_picked":["Underhanded Strike","Dash","Flying Knee"],"picked":"SKIP","floor":6},{"not_picked":["Deflect","Outmaneuver","Dodge and Roll"],"picked":"SKIP","floor":8}],"player_experience":1772107,"relics_obtained":[],"event_choices":[{"damage_healed":0.0,"max_hp_gain":0.0,"max_hp_loss":0.0,"gold_gain":75.0,"event_name":"World of Goop","player_choice":"Gather Gold","floor":3.0,"gold_loss":0.0,"damage_taken":11.0},{"damage_healed":0,"gold_gain":0,"cards_transformed":["Strike_G"],"player_choice":"Transformed","damage_taken":0,"max_hp_gain":0,"max_hp_loss":0,"event_name":"Transmorgrifier","floor":5,"gold_loss":0,"cards_obtained":["Noxious Fumes"]}],"is_beta":false,"boss_relics":[],"items_purged_floors":[],"is_endless":false,"potions_floor_spawned":[1,6],"killed_by":"Gremlin Nob","ascension_level":20}