{"gold_per_floor":[213,213,288,305,230,230,230,283,283,283,315,345,355,366,366,438,438,458,474,163,78,96,96,113,563,614,614],"floor_reached":27,"playtime":737,"items_purged":["Strike_B","Strike_B"],"score":547,"play_id":"68ef6386-db48-4eed-9a3b-5190428c8432","local_time":"20190720224803","is_ascension_mode":true,"campfire_choices":[{"data":"Sunder","floor":6.0,"key":"SMITH"},{"data":"Dualcast","floor":10.0,"key":"SMITH"},{"data":"Consume","floor":15.0,"key":"SMITH"},{"data":"Coolheaded","floor":23.0,"key":"SMITH"}],"neow_cost":"NONE","seed_source_timestamp":22863990594577,"circlet_count":0,"master_deck":["AscendersBane","Strike_B","Defend_B","Defend_B","Defend_B","Defend_B","Zap","Dualcast+1","Sunder+1","Ball Lightning","Coolheaded+1","Undo","Consume+1","Meteor Strike+1","All For One+1"],"special_seed":0,"relics":["Cracked Core","Molten Egg 2","Orichalcum","Sundial","Question Card","Mercury Hourglass","Snecko Eye","PrismaticShard","Strawberry","Art of War"],"potions_floor_usage":[27],"damage_taken":[{"damage":3.0,"enemies":"Small Slimes","floor":1.0,"turns":3.0},{"damage":0.0,"enemies":"2 Louse","floor":4.0,"turns":2.0},{"damage":5.0,"enemies":"3 Sentries","floor":11.0,"turns":5.0},{"damage":0.0,"enemies":"Jaw Worm","floor":13.0,"turns":1.0},{"damage":0.0,"enemies":"Exordium Wildlife","floor":14.0,"turns":2.0},{"damage":0.0,"enemies":"Hexaghost","floor":16.0,"turns":9.0},{"damage":0.0,"enemies":"2 Thieves","floor":18.0,"turns":2.0},{"damage":0.0,"enemies":"Chosen","floor":19.0,"turns":3.0},{"damage":5.0,"enemies":"Centurion and Healer","floor":22.0,"turns":3.0},{"damage":0.0,"enemies":"Snake Plant","floor":24.0,"turns":2.0},{"damage":21,"enemies":"Slavers","floor":27,"turns":1}],"seed_played":"8547113298139012173","potions_obtained":[{"floor":1.0,"key":"FocusPotion"},{"floor":11.0,"key":"LiquidBronze"},{"floor":13.0,"key":"FocusPotion"},{"floor":16.0,"key":"Strength Potion"},{"floor":22.0,"key":"Fire Potion"},{"floor":24.0,"key":"PowerPotion"}],"is_trial":false,"path_per_floor":["M","?","?","M","$","R","?","T","T","R","E","?","M","M","R","B",null,"M","M","$","?","M","R","M","?","T","E"],"character_chosen":"DEFECT","items_purchased":["PrismaticShard"],"campfire_rested":0,"item_purchase_floors":[20],"current_hp_per_floor":[61,54,43,43,43,43,25,25,25,25,20,20,20,20,20,20,58,58,58,58,65,60,60,60,18,18,0],"gold":614,"neow_bonus":"HUNDRED_GOLD","is_prod":false,"is_daily":false,"chose_seed":false,"campfire_upgraded":4,"win_rate":0,"timestamp":1563634083,"path_taken":["M","?","?","M","$","R","?","?","T","R","E","?","M","M","R","BOSS","M","M","$","?","M","R","M","?","T","E"],"build_version":"2019-07-17","purchased_purges":2,"victory":false,"max_hp_per_floor":[71,71,71,71,71,71,71,71,71,71,71,71,71,71,71,71,71,71,71,71,78,78,78,78,78,78,78],"card_choices":[{"not_picked":["Ball Lightning","Rip and Tear"],"picked":"Sunder","floor":1.0},{"not_picked":["Beam Cell","Leap"],"picked":"Ball Lightning","floor":4.0},{"not_picked":["Lockon+1","Streamline+1"],"picked":"Coolheaded","floor":11.0},{"not_picked":["Streamline+1","Steam","Chill"],"picked":"Undo","floor":13.0},{"not_picked":["Turbo","Heatsinks","Go for the Eyes+1"],"picked":"Consume","floor":14.0},{"not_picked":["All For One+1","Seek","Thunder Strike+1"],"picked":"Meteor Strike+1","floor":16.0},{"not_picked":["Heatsinks","Ball Lightning+1","Conserve Battery","Cold Snap+1"],"picked":"SKIP","floor":18.0},{"not_picked":["Rip and Tear+1","Redo","Lockon+1"],"picked":"All For One+1","floor":19.0},{"not_picked":["Conserve Battery","Clash+1","Compile Driver+1","Flying Knee+1"],"picked":"SKIP","floor":22.0},{"not_picked":["Shrug It Off+1","Dodge and Roll","Prepared+1","Quick Slash+1"],"picked":"SKIP","floor":24.0}],"player_experience":5814985,"relics_obtained":[{"floor":8.0,"key":"Orichalcum"},{"floor":9.0,"key":"Sundial"},{"floor":11.0,"key":"Question Card"},{"floor":26.0,"key":"Art of War"}],"event_choices":[{"cards_removed":["Strike_B"],"damage_healed":0.0,"max_hp_gain":0.0,"max_hp_loss":0.0,"gold_gain":0.0,"event_name":"Golden Wing","player_choice":"Card Removal","floor":2.0,"gold_loss":0.0,"damage_taken":7.0},{"damage_healed":0.0,"max_hp_gain":0.0,"max_hp_loss":0.0,"gold_gain":75.0,"event_name":"World of Goop","player_choice":"Gather Gold","floor":3.0,"gold_loss":0.0,"damage_taken":11.0},{"damage_healed":0.0,"max_hp_gain":0.0,"max_hp_loss":0.0,"gold_gain":0.0,"event_name":"Scrap Ooze","player_choice":"Success","floor":7.0,"gold_loss":0.0,"damage_taken":18.0,"relics_obtained":["Molten Egg 2"]},{"damage_healed":0.0,"max_hp_gain":0.0,"max_hp_loss":0.0,"gold_gain":30.0,"event_name":"Dead Adventurer","player_choice":"Searched \u00272\u0027 times","floor":12.0,"gold_loss":0.0,"damage_taken":0.0,"relics_obtained":["Mercury Hourglass"]},{"damage_healed":0.0,"max_hp_gain":0.0,"max_hp_loss":0.0,"gold_gain":0.0,"event_name":"Addict","player_choice":"Obtained Relic","floor":21.0,"gold_loss":85.0,"damage_taken":0.0,"relics_obtained":["Strawberry"]},{"damage_healed":0.0,"max_hp_gain":0.0,"max_hp_loss":0.0,"gold_gain":450.0,"event_name":"Knowing Skull","player_choice":"GOLD GOLD GOLD GOLD GOLD ","floor":25.0,"potions_obtained":[],"gold_loss":0.0,"damage_taken":42.0,"cards_obtained":[]}],"is_beta":false,"boss_relics":[{"not_picked":["Inserter","Tiny House"],"picked":"Snecko Eye"}],"items_purged_floors":[5,20],"is_endless":false,"potions_floor_spawned":[1,11,13,16,22,24],"killed_by":"Slavers","ascension_level":20}