{"gold_per_floor":[117,137,137,30,47,47,77,77,102,102,116,116,141,66,66,138,138,148,8,8,8,8,8,43,43,43,43,63,63,77,96,96,173,173,185,85,100,100,117,117,143,143,167,0,13,13,63,83,83,83,83,83,83,37,37],"floor_reached":55,"playtime":3206,"items_purged":["Strike_B","Strike_B","Defend_B"],"score":1892,"play_id":"7f300a2c-a8dc-44c7-9336-e0f21bd031be","local_time":"20190123171813","is_ascension_mode":true,"campfire_choices":[{"data":"Defragment","floor":6.0,"key":"SMITH"},{"data":"Discovery","floor":8.0,"key":"SMITH"},{"data":"Recycle","floor":10.0,"key":"SMITH"},{"data":"Dualcast","floor":12.0,"key":"SMITH"},{"data":"Defragment","floor":15.0,"key":"SMITH"},{"data":"Creative AI","floor":23.0,"key":"SMITH"},{"data":"Rainbow","floor":25.0,"key":"SMITH"},{"data":"Reboot","floor":29.0,"key":"SMITH"},{"floor":32.0,"key":"RECALL"},{"data":"Glacier","floor":40.0,"key":"SMITH"},{"floor":42.0,"key":"REST"},{"floor":46.0,"key":"REST"},{"data":"Echo Form","floor":49.0,"key":"SMITH"},{"data":"Zap","floor":53.0,"key":"SMITH"}],"neow_cost":"NONE","seed_source_timestamp":11095348811127,"circlet_count":0,"master_deck":["AscendersBane","Defend_B","Defend_B","Zap+1","Dualcast+1","Defragment+1","Cold Snap","Reboot+1","Discovery+1","Recycle+1","Rainbow+1","Defragment+1","Creative AI+1","Glacier+1","Echo Form+1","Reinforced Body+1","Darkness+1","Echo Form+1","Chaos+1","Coolheaded+1","Parasite"],"special_seed":0,"relics":["Cracked Core","Juzu Bracelet","PreservedInsect","Omamori","Blue Candle","Busted Crown","Ancient Tea Set","The Courier","Calipers","Astrolabe","Thread and Needle","Red Mask"],"potions_floor_usage":[55],"damage_taken":[{"damage":1.0,"enemies":"Cultist","floor":1.0,"turns":3.0},{"damage":2.0,"enemies":"Jaw Worm","floor":2.0,"turns":4.0},{"damage":0.0,"enemies":"Small Slimes","floor":5.0,"turns":2.0},{"damage":14.0,"enemies":"Lagavulin","floor":7.0,"turns":8.0},{"damage":0.0,"enemies":"2 Fungi Beasts","floor":11.0,"turns":1.0},{"damage":0.0,"enemies":"Gremlin Nob","floor":13.0,"turns":2.0},{"damage":0.0,"enemies":"The Guardian","floor":16.0,"turns":9.0},{"damage":11.0,"enemies":"Shell Parasite","floor":18.0,"turns":7.0},{"damage":19.0,"enemies":"Gremlin Leader","floor":24.0,"turns":8.0},{"damage":9.0,"enemies":"Chosen","floor":28.0,"turns":5.0},{"damage":5.0,"enemies":"3 Cultists","floor":30.0,"turns":7.0},{"damage":0.0,"enemies":"Snecko","floor":31.0,"turns":6.0},{"damage":17.0,"enemies":"Collector","floor":33.0,"turns":13.0},{"damage":2.0,"enemies":"3 Shapes","floor":35.0,"turns":5.0},{"damage":12.0,"enemies":"Orb Walker","floor":37.0,"turns":3.0},{"damage":7.0,"enemies":"Sphere and 2 Shapes","floor":39.0,"turns":6.0},{"damage":25.0,"enemies":"Nemesis","floor":41.0,"turns":7.0},{"damage":0.0,"enemies":"Writhing Mass","floor":45.0,"turns":7.0},{"damage":1.0,"enemies":"Spire Growth","floor":48.0,"turns":7.0},{"damage":21.0,"enemies":"Time Eater","floor":50.0,"turns":20.0},{"damage":14.0,"enemies":"Awakened One","floor":51.0,"turns":14.0},{"damage":34,"enemies":"Shield and Spear","floor":55,"turns":5}],"seed_played":"6333923703698805043","potions_obtained":[{"floor":1.0,"key":"Explosive Potion"},{"floor":2.0,"key":"Energy Potion"},{"floor":13.0,"key":"Fire Potion"},{"floor":28.0,"key":"Ancient Potion"},{"floor":30.0,"key":"Regen Potion"},{"floor":35.0,"key":"Fire Potion"},{"floor":39.0,"key":"Ancient Potion"},{"floor":45.0,"key":"PowerPotion"}],"is_trial":false,"path_per_floor":["M","M","?","$","M","R","E","R","T","R","M","R","E","$","R","B",null,"M","$","?","?","?","R","E","R","T","$","M","R","M","M","R","B",null,"M","$","M","?","M","R","E","R","T","?","M","R","?","M","R","B","B",null,"R","$","E"],"character_chosen":"DEFECT","items_purchased":["Discovery","Glacier","Block Potion"],"campfire_rested":2,"item_purchase_floors":[4,19,54],"current_hp_per_floor":[63,61,61,61,61,61,47,47,47,47,47,47,47,47,47,47,65,54,54,54,54,54,54,35,35,35,35,26,26,21,21,21,19,58,56,56,44,58,51,51,26,47,47,47,47,68,68,67,67,46,32,61,61,61,27],"gold":37,"neow_bonus":"RANDOM_COMMON_RELIC","is_prod":false,"is_daily":false,"chose_seed":false,"campfire_upgraded":11,"win_rate":0,"timestamp":1548235093,"path_taken":["M","M","?","$","M","R","E","R","T","R","M","R","E","?","R","BOSS","M","$","?","?","?","R","E","R","T","$","M","R","M","M","R","BOSS","M","$","M","?","M","R","E","R","T","?","M","R","?","M","R","BOSS","BOSS","R","$","E"],"build_version":"2019-01-17v2","purchased_purges":3,"victory":false,"max_hp_per_floor":[71,71,71,71,71,71,71,71,71,71,71,71,71,71,71,71,71,71,71,71,71,71,71,71,71,71,71,71,71,71,71,71,71,71,71,71,71,71,71,71,71,71,71,71,71,71,71,71,71,71,71,71,71,71,71],"card_choices":[{"not_picked":["Redo","Steam"],"picked":"Defragment","floor":1.0},{"not_picked":["Streamline","Conserve Battery"],"picked":"Cold Snap","floor":2.0},{"not_picked":["Compile Driver","Gash","Cold Snap"],"picked":"SKIP","floor":5.0},{"not_picked":["Ball Lightning","Hologram"],"picked":"Recycle","floor":7.0},{"not_picked":["Turbo","Hologram"],"picked":"Rainbow","floor":11.0},{"not_picked":["Loop","Cold Snap"],"picked":"Defragment","floor":13.0},{"not_picked":["Hyperbeam","Seek"],"picked":"Creative AI","floor":16.0},{"not_picked":["Ball Lightning"],"picked":"SKIP","floor":18.0},{"not_picked":["Sweeping Beam"],"picked":"SKIP","floor":24.0},{"not_picked":["FTL"],"picked":"SKIP","floor":28.0},{"not_picked":["Reinforced Body"],"picked":"SKIP","floor":30.0},{"not_picked":["Force Field"],"picked":"SKIP","floor":31.0},{"not_picked":[],"picked":"Echo Form","floor":33.0},{"not_picked":[],"picked":"Chaos+1","floor":35.0},{"not_picked":["Storm"],"picked":"SKIP","floor":37.0},{"not_picked":["Defragment"],"picked":"SKIP","floor":39.0},{"not_picked":[],"picked":"Coolheaded+1","floor":41.0},{"not_picked":["Barrage"],"picked":"SKIP","floor":45.0},{"not_picked":["Aggregate"],"picked":"SKIP","floor":48.0}],"player_experience":2165275,"relics_obtained":[{"floor":7.0,"key":"PreservedInsect"},{"floor":9.0,"key":"Omamori"},{"floor":13.0,"key":"Blue Candle"},{"floor":24.0,"key":"The Courier"},{"floor":26.0,"key":"Calipers"},{"floor":41.0,"key":"Thread and Needle"}],"event_choices":[{"damage_healed":0.0,"max_hp_gain":0.0,"max_hp_loss":0.0,"gold_gain":0.0,"event_name":"Match and Keep!","player_choice":"1 cards matched","floor":3.0,"gold_loss":0.0,"damage_taken":0.0,"cards_obtained":["Reboot"]},{"damage_healed":0.0,"max_hp_gain":0.0,"max_hp_loss":0.0,"gold_gain":0.0,"event_name":"The Mausoleum","player_choice":"Opened","floor":20.0,"gold_loss":0.0,"damage_taken":0.0,"relics_obtained":["Ancient Tea Set"],"cards_obtained":["Writhe"]},{"damage_healed":0.0,"max_hp_gain":0.0,"max_hp_loss":0.0,"gold_gain":0.0,"event_name":"Vampires","player_choice":"Ignored","floor":21.0,"gold_loss":0.0,"damage_taken":0.0},{"damage_healed":0.0,"max_hp_gain":0.0,"max_hp_loss":0.0,"gold_gain":0.0,"event_name":"Beggar","player_choice":"Ignored","floor":22.0,"gold_loss":0.0,"damage_taken":0.0},{"damage_healed":14.0,"max_hp_gain":0.0,"max_hp_loss":0.0,"gold_gain":0.0,"event_name":"Winding Halls","player_choice":"Writhe","floor":38.0,"gold_loss":0.0,"damage_taken":0.0,"cards_obtained":["Writhe"]},{"damage_healed":0.0,"max_hp_gain":0.0,"max_hp_loss":0.0,"gold_gain":0.0,"event_name":"Tomb of Lord Red Mask","player_choice":"Paid","floor":44.0,"gold_loss":167.0,"damage_taken":0.0,"relics_obtained":["Red Mask"]},{"damage_healed":0.0,"max_hp_gain":0.0,"max_hp_loss":0.0,"gold_gain":50.0,"event_name":"Golden Shrine","player_choice":"Pray","floor":47.0,"gold_loss":0.0,"damage_taken":0.0}],"is_beta":false,"boss_relics":[{"not_picked":["Tiny House","Philosopher\u0027s Stone"],"picked":"Busted Crown"},{"not_picked":["Black Star","Snecko Eye"],"picked":"Astrolabe"}],"items_purged_floors":[14,19,36],"is_endless":false,"potions_floor_spawned":[1,2,13,28,30,35,39,45,48],"killed_by":"Shield and Spear","ascension_level":20}