{"gold_per_floor":[169,186,18,18,29,29,59,74,122,137,137,156,156,156,156,156],"floor_reached":16,"playtime":454,"items_purged":["Strike_G"],"score":203,"play_id":"972c0661-6ff4-4391-b42b-0b463415ff4b","local_time":"20181013163148","is_ascension_mode":true,"campfire_choices":[{"data":"Noxious Fumes","floor":6,"key":"SMITH"},{"data":"Footwork","floor":11,"key":"SMITH"},{"data":"Neutralize","floor":13,"key":"SMITH"},{"floor":15,"key":"REST"}],"neow_cost":"NONE","seed_source_timestamp":27366958805303,"circlet_count":0,"master_deck":["Defend_G","Defend_G","Defend_G","Defend_G","Defend_G","Strike_G","Strike_G","Strike_G+1","Strike_G","Survivor","Neutralize+1","AscendersBane","Infinite Blades","Footwork+1","Noxious Fumes+1"],"relics":["Tiny House","Singing Bowl","Pen Nib"],"potions_floor_usage":[7,14,16],"damage_taken":[{"damage":1,"enemies":"Small Slimes","floor":1,"turns":4},{"damage":0,"enemies":"Jaw Worm","floor":2,"turns":5},{"damage":0,"enemies":"Cultist","floor":5,"turns":5},{"damage":26,"enemies":"Gremlin Nob","floor":7,"turns":5},{"damage":3,"enemies":"Blue Slaver","floor":8,"turns":5},{"damage":1,"enemies":"2 Fungi Beasts","floor":10,"turns":5},{"damage":11,"enemies":"3 Louse","floor":12,"turns":4},{"damage":0,"enemies":"Large Slime","floor":14,"turns":2},{"damage":62,"enemies":"Slime Boss","floor":16,"turns":9}],"seed_played":"5960341367342552299","potions_obtained":[{"floor":0,"key":"SmokeBomb"},{"floor":2,"key":"AttackPotion"},{"floor":7,"key":"PowerPotion"}],"is_trial":false,"path_per_floor":["M","M","$","?","M","R","E","M","T","M","R","M","R","M","R"],"character_chosen":"THE_SILENT","items_purchased":["Noxious Fumes"],"campfire_rested":1,"item_purchase_floors":[3],"current_hp_per_floor":[63,63,63,63,63,63,39,38,38,39,39,30,30,30,53,0],"gold":156,"neow_bonus":"BOSS_RELIC","is_prod":false,"is_daily":false,"chose_seed":false,"campfire_upgraded":3,"win_rate":0,"timestamp":1539419508,"path_taken":["M","M","$","?","M","R","E","M","T","M","R","M","R","M","R","BOSS"],"build_version":"2018-10-11","purchased_purges":1,"victory":false,"max_hp_per_floor":[71,71,71,71,71,71,73,75,75,77,77,79,79,79,79,79],"card_choices":[{"not_picked":["Setup","Underhanded Strike"],"picked":"Infinite Blades","floor":1},{"not_picked":["Underhanded Strike","Caltrops"],"picked":"Footwork","floor":2},{"not_picked":["Concentrate","Caltrops","Reflex"],"picked":"SKIP","floor":5},{"not_picked":["Dash","PiercingWail","Distraction"],"picked":"Singing Bowl","floor":7},{"not_picked":["Skewer","Outmaneuver","Bouncing Flask"],"picked":"Singing Bowl","floor":8},{"not_picked":["Slice","Accuracy","PiercingWail"],"picked":"Singing Bowl","floor":10},{"not_picked":["Crippling Poison","Dodge and Roll","Sucker Punch"],"picked":"Singing Bowl","floor":12}],"player_experience":162942,"relics_obtained":[{"floor":7,"key":"Singing Bowl"},{"floor":9,"key":"Pen Nib"}],"event_choices":[{"event_name":"Liars Game","player_choice":"disagreed","floor":4,"damage_taken":0}],"is_beta":false,"boss_relics":[],"items_purged_floors":[3],"is_endless":false,"potions_floor_spawned":[2,5,7,10],"killed_by":"Slime Boss","ascension_level":19}