{"gold_per_floor":[218,17,32,42,56,56,56,56,56,56,69,69,83,100,100,172,172,184,99,99],"floor_reached":20,"playtime":624,"items_purged":["Strike_R"],"score":332,"play_id":"3af56846-24c5-4ff9-bb4a-c6c00ad85648","local_time":"20190531110156","is_ascension_mode":true,"campfire_choices":[{"data":"Searing Blow","floor":6.0,"key":"SMITH"},{"data":"Searing Blow+1","floor":8.0,"key":"SMITH"},{"data":"Searing Blow+2","floor":10.0,"key":"SMITH"},{"data":"Searing Blow+3","floor":15.0,"key":"SMITH"}],"neow_cost":"NONE","seed_source_timestamp":87098837750635,"circlet_count":0,"master_deck":["AscendersBane","Strike_R","Strike_R","Strike_R","Defend_R","Defend_R","Defend_R","Defend_R","Bash","Rampage","Searing Blow+4","Evolve","Shrug It Off"],"special_seed":0,"relics":["Burning Blood","The Courier","White Beast Statue","Blue Candle"],"potions_floor_usage":[20],"damage_taken":[{"damage":7.0,"enemies":"Cultist","floor":1.0,"turns":4.0},{"damage":3.0,"enemies":"Small Slimes","floor":3.0,"turns":4.0},{"damage":6.0,"enemies":"Jaw Worm","floor":4.0,"turns":5.0},{"damage":25.0,"enemies":"Lots of Slimes","floor":5.0,"turns":5.0},{"damage":9.0,"enemies":"Exordium Thugs","floor":11.0,"turns":5.0},{"damage":7.0,"enemies":"2 Fungi Beasts","floor":13.0,"turns":4.0},{"damage":15.0,"enemies":"Red Slaver","floor":14.0,"turns":5.0},{"damage":19.0,"enemies":"Slime Boss","floor":16.0,"turns":7.0},{"damage":25,"enemies":"2 Thieves","floor":18,"turns":4},{"damage":12,"enemies":"3 Byrds","floor":20,"turns":4}],"seed_played":"-1609201749563613523","potions_obtained":[{"floor":4.0,"key":"FearPotion"},{"floor":5.0,"key":"SpeedPotion"},{"floor":18,"key":"Block Potion"}],"is_trial":false,"path_per_floor":["M","$","M","M","M","R","?","R","T","R","M","?","M","M","R","B",null,"M","?","M"],"character_chosen":"IRONCLAD","items_purchased":["Searing Blow","Evolve"],"campfire_rested":0,"item_purchase_floors":[2,2],"current_hp_per_floor":[67,67,70,70,51,51,44,44,44,44,41,41,40,31,31,18,61,42,42,30],"gold":99,"neow_bonus":"HUNDRED_GOLD","is_prod":false,"is_daily":false,"chose_seed":false,"campfire_upgraded":4,"win_rate":0,"timestamp":1559271716,"path_taken":["M","$","M","?","M","R","?","R","T","R","M","?","M","?","R","BOSS","M","?","M"],"build_version":"2019-01-23","purchased_purges":1,"victory":false,"max_hp_per_floor":[75,75,75,75,75,75,75,75,75,75,75,75,75,75,75,75,75,75,75,75],"card_choices":[{"not_picked":["Iron Wave","Disarm"],"picked":"Rampage","floor":1.0},{"not_picked":["Anger","Heavy Blade","Disarm"],"picked":"SKIP","floor":3.0},{"not_picked":["Warcry","Bloodletting","Reaper"],"picked":"SKIP","floor":4.0},{"not_picked":["Ghostly Armor","Bloodletting"],"picked":"Shrug It Off","floor":5.0},{"not_picked":["Pommel Strike","Sword Boomerang","Metallicize"],"picked":"SKIP","floor":11.0},{"not_picked":["Warcry","Disarm","Wild Strike"],"picked":"SKIP","floor":13.0},{"not_picked":["Clothesline","Body Slam","Sword Boomerang"],"picked":"SKIP","floor":14.0},{"not_picked":["Disarm","Iron Wave","Pommel Strike"],"picked":"SKIP","floor":18}],"player_experience":4939353,"relics_obtained":[{"floor":9.0,"key":"The Courier"}],"event_choices":[{"cards_removed":["Strike_R"],"damage_healed":0.0,"max_hp_gain":0.0,"max_hp_loss":0.0,"gold_gain":0.0,"event_name":"Golden Wing","player_choice":"Card Removal","floor":7.0,"gold_loss":0.0,"damage_taken":7.0},{"damage_healed":0.0,"max_hp_gain":0.0,"max_hp_loss":0.0,"gold_gain":0.0,"event_name":"Match and Keep!","player_choice":"0 cards matched","floor":12.0,"gold_loss":0.0,"damage_taken":0.0,"cards_obtained":[]},{"damage_healed":0,"gold_gain":0,"player_choice":"Obtained Relic","damage_taken":0,"relics_obtained":["Blue Candle"],"max_hp_gain":0,"max_hp_loss":0,"event_name":"Addict","floor":19,"gold_loss":85}],"is_beta":false,"boss_relics":[{"not_picked":["Eternal Feather","Calling Bell"],"picked":"White Beast Statue"}],"items_purged_floors":[2],"is_endless":false,"potions_floor_spawned":[4,5,14,18],"killed_by":"3 Byrds","ascension_level":20}