{"gold_per_floor":[111,111,121,46,321,321,353,353,378,26,42,70,70,105,105,178,178,191,191,191,391,404,404,423,34,104,139,39,39,39,53,53,130,130,142,153,28,28,28,28,41,53,80,94,94,120,134,144,144,144,144,144,144,1,31,31],"floor_reached":57,"playtime":2562,"items_purged":["Defend_B","Regret","Strike_B"],"score":2821,"play_id":"cf3115c2-6e30-4560-af6d-63d8629e99ff","local_time":"20190101121531","is_ascension_mode":true,"campfire_choices":[{"data":"Defragment","floor":6.0,"key":"SMITH"},{"data":"Buffer","floor":8.0,"key":"SMITH"},{"data":"Apotheosis","floor":13.0,"key":"SMITH"},{"floor":15.0,"key":"RECALL"},{"floor":23.0,"key":"REST"},{"data":"Genetic Algorithm","floor":30.0,"key":"SMITH"},{"floor":32.0,"key":"REST"},{"data":"Biased Cognition","floor":40.0,"key":"SMITH"},{"floor":45.0,"key":"REST"},{"floor":49.0,"key":"REST"},{"floor":53.0,"key":"REST"}],"neow_cost":"NONE","seed_source_timestamp":0,"circlet_count":0,"master_deck":["AscendersBane","Strike_B+1","Strike_B","Defend_B","Defend_B","Defend_B","Zap","Dualcast","Conserve Battery","Defragment+1","Buffer+1","Apotheosis+1","Core Surge","Streamline+1","Reinforced Body","Recycle","Biased Cognition+1","Hologram+1","Genetic Algorithm+1","Darkness+1","Coolheaded+1","Gash","Reboot+1","Loop+1","Skim+1","White Noise+1","Coolheaded+1","Machine Learning+1","PanicButton+1","Loop+1","Undo+1"],"special_seed":0,"relics":["Cracked Core","NeowsBlessing","Symbiotic Virus","Anchor","Matryoshka","Meat on the Bone","Philosopher\u0027s Stone","ClockworkSouvenir","DataDisk","Whetstone","Frozen Egg 2","Toxic Egg 2","Orrery","Molten Egg 2","PreservedInsect","Calipers","Centennial Puzzle"],"potions_floor_usage":[56,56,56,56],"damage_taken":[{"damage":0.0,"enemies":"2 Louse","floor":1.0,"turns":1.0},{"damage":0.0,"enemies":"Cultist","floor":3.0,"turns":1.0},{"damage":0.0,"enemies":"Gremlin Nob","floor":7.0,"turns":1.0},{"damage":2.0,"enemies":"Jaw Worm","floor":11.0,"turns":2.0},{"damage":19.0,"enemies":"3 Sentries","floor":12.0,"turns":7.0},{"damage":3.0,"enemies":"Lagavulin","floor":14.0,"turns":6.0},{"damage":22.0,"enemies":"Hexaghost","floor":16.0,"turns":8.0},{"damage":12.0,"enemies":"Shell Parasite","floor":18.0,"turns":6.0},{"damage":12.0,"enemies":"2 Thieves","floor":22.0,"turns":5.0},{"damage":29.0,"enemies":"Snake Plant","floor":24.0,"turns":5.0},{"damage":9.0,"enemies":"Gremlin Leader","floor":27.0,"turns":4.0},{"damage":5.0,"enemies":"Cultist and Chosen","floor":31.0,"turns":9.0},{"damage":4.0,"enemies":"Champ","floor":33.0,"turns":11.0},{"damage":21.0,"enemies":"Orb Walker","floor":35.0,"turns":4.0},{"damage":0.0,"enemies":"3 Shapes","floor":36.0,"turns":4.0},{"damage":0.0,"enemies":"Writhing Mass","floor":41.0,"turns":3.0},{"damage":0.0,"enemies":"Transient","floor":42.0,"turns":6.0},{"damage":7.0,"enemies":"4 Shapes","floor":44.0,"turns":5.0},{"damage":14.0,"enemies":"Giant Head","floor":46.0,"turns":5.0},{"damage":35.0,"enemies":"Sphere and 2 Shapes","floor":47.0,"turns":4.0},{"damage":20.0,"enemies":"3 Darklings","floor":48.0,"turns":6.0},{"damage":16.0,"enemies":"Donu and Deca","floor":50.0,"turns":12.0},{"damage":34.0,"enemies":"Awakened One","floor":51.0,"turns":15.0},{"damage":16.0,"enemies":"Shield and Spear","floor":55.0,"turns":6.0},{"damage":62,"enemies":"The Heart","floor":56,"turns":12}],"seed_played":"-5065398598834886974","potions_obtained":[{"floor":7.0,"key":"Fire Potion"},{"floor":11.0,"key":"SteroidPotion"},{"floor":12.0,"key":"PowerPotion"},{"floor":24.0,"key":"Fruit Juice"},{"floor":31.0,"key":"EntropicBrew"},{"floor":33.0,"key":"EssenceOfSteel"},{"floor":35.0,"key":"Fruit Juice"},{"floor":36.0,"key":"Block Potion"},{"floor":44.0,"key":"Weak Potion"},{"floor":46.0,"key":"SkillPotion"},{"floor":55.0,"key":"EntropicBrew"}],"is_trial":false,"path_per_floor":["M","?","M","$","?","R","E","R","T","$","M","E","R","E","R","B",null,"M","?","?","?","M","R","M","$","T","E","$","?","R","M","R","B",null,"M","M","$","?","?","R","M","M","T","M","R","E","M","M","R","B","B",null,"R","$","E","B",null],"character_chosen":"DEFECT","items_purchased":["Apotheosis","Core Surge","ClockworkSouvenir","DataDisk","PanicButton+1","Loop+1"],"campfire_rested":5,"item_purchase_floors":[10,10,25,25,54,54],"current_hp_per_floor":[64,64,64,64,64,64,64,64,64,64,62,43,43,40,40,30,61,49,49,49,49,37,58,46,46,46,49,49,49,49,44,66,62,73,57,57,57,57,57,57,57,57,57,50,74,60,37,29,53,49,27,68,81,81,65,15],"gold":31,"neow_bonus":"THREE_ENEMY_KILL","is_prod":false,"is_daily":false,"chose_seed":false,"campfire_upgraded":5,"win_rate":0,"timestamp":1546316131,"path_taken":["M","?","?","?","?","R","E","R","T","$","?","E","R","E","R","BOSS","M","?","?","?","M","R","?","$","T","E","$","?","R","M","R","BOSS","M","M","$","?","?","R","M","M","T","M","R","E","?","M","R","BOSS","BOSS","R","$","E","BOSS"],"build_version":"2018-12-20","purchased_purges":3,"victory":true,"max_hp_per_floor":[71,71,71,71,71,71,71,71,71,71,71,71,71,71,71,71,71,71,71,71,71,71,71,76,76,76,76,76,76,76,76,76,76,76,81,81,81,81,81,81,81,81,81,81,81,81,81,81,81,81,81,81,81,81,81,81],"card_choices":[{"not_picked":["Rebound","Reprogram"],"picked":"Conserve Battery","floor":1.0},{"not_picked":["Barrage","Gash"],"picked":"Defragment","floor":3.0},{"not_picked":["Cold Snap","Barrage"],"picked":"Buffer","floor":7.0},{"not_picked":["Compile Driver","Steam"],"picked":"Streamline","floor":11.0},{"not_picked":["Chill","Conserve Battery"],"picked":"Reinforced Body","floor":12.0},{"not_picked":["Rebound","Undo"],"picked":"Recycle","floor":14.0},{"not_picked":["Amplify","Creative AI"],"picked":"Biased Cognition","floor":16.0},{"not_picked":["Fusion","Reinforced Body"],"picked":"Hologram+1","floor":18.0},{"not_picked":["Steam","Go for the Eyes"],"picked":"Genetic Algorithm","floor":22.0},{"not_picked":["Melter","Lockon","Ball Lightning"],"picked":"SKIP","floor":24.0},{"not_picked":["Conserve Battery","Stack"],"picked":"Darkness","floor":27.0},{"not_picked":["Stack+1","Turbo+1"],"picked":"Gash","floor":31.0},{"not_picked":["Rainbow+1","Electrodynamics+1"],"picked":"Reboot+1","floor":33.0},{"not_picked":["Storm+1","Glacier+1"],"picked":"Loop+1","floor":34.0},{"not_picked":["Genetic Algorithm+1","Rebound"],"picked":"Skim+1","floor":34.0},{"not_picked":["Ball Lightning+1","Sweeping Beam","Compile Driver+1"],"picked":"SKIP","floor":35.0},{"not_picked":["FTL","Undo+1"],"picked":"White Noise+1","floor":36.0},{"not_picked":["Stack+1","Lockon+1"],"picked":"Coolheaded+1","floor":41.0},{"not_picked":["Conserve Battery+1","Lockon+1","Compile Driver+1"],"picked":"SKIP","floor":42.0},{"not_picked":["Double Energy+1","Barrage+1","Cold Snap+1"],"picked":"SKIP","floor":44.0},{"not_picked":["Steam+1","Melter+1"],"picked":"Machine Learning+1","floor":46.0},{"not_picked":["Compile Driver+1","Rebound+1","Fusion+1"],"picked":"SKIP","floor":47.0},{"not_picked":["Stack+1","Beam Cell+1","Fusion+1"],"picked":"SKIP","floor":48.0},{"not_picked":["Compile Driver+1","Barrage+1"],"picked":"Undo+1","floor":55.0}],"player_experience":1631211,"relics_obtained":[{"floor":7.0,"key":"Symbiotic Virus"},{"floor":9.0,"key":"Anchor"},{"floor":12.0,"key":"Matryoshka"},{"floor":14.0,"key":"Meat on the Bone"},{"floor":26.0,"key":"Whetstone"},{"floor":26.0,"key":"Frozen Egg 2"},{"floor":27.0,"key":"Toxic Egg 2"},{"floor":43.0,"key":"PreservedInsect"},{"floor":46.0,"key":"Calipers"},{"floor":55.0,"key":"Centennial Puzzle"}],"event_choices":[{"cards_removed":["Strike_B"],"damage_healed":0.0,"max_hp_gain":0.0,"max_hp_loss":0.0,"gold_gain":0.0,"event_name":"Wheel of Change","player_choice":"Card Removal","floor":2.0,"gold_loss":0.0,"damage_taken":0.0},{"damage_healed":0.0,"max_hp_gain":0.0,"max_hp_loss":0.0,"gold_gain":275.0,"event_name":"Golden Shrine","player_choice":"Desecrate","floor":5.0,"gold_loss":0.0,"damage_taken":0.0,"cards_obtained":["Regret"]},{"damage_healed":0.0,"max_hp_gain":0.0,"max_hp_loss":0.0,"gold_gain":0.0,"event_name":"Vampires","player_choice":"Ignored","floor":19.0,"gold_loss":0.0,"damage_taken":0.0},{"damage_healed":0.0,"max_hp_gain":0.0,"max_hp_loss":0.0,"gold_gain":0.0,"event_name":"Ghosts","player_choice":"Ignored","floor":20.0,"gold_loss":0.0,"damage_taken":0.0},{"damage_healed":0.0,"max_hp_gain":0.0,"max_hp_loss":0.0,"gold_gain":200.0,"event_name":"Wheel of Change","player_choice":"Gold","floor":21.0,"gold_loss":0.0,"damage_taken":0.0},{"damage_healed":0.0,"max_hp_gain":0.0,"max_hp_loss":0.0,"gold_gain":0.0,"event_name":"The Library","player_choice":"Read","floor":29.0,"gold_loss":0.0,"damage_taken":0.0,"cards_obtained":["Coolheaded"]},{"damage_healed":0.0,"max_hp_gain":0.0,"max_hp_loss":0.0,"gold_gain":0.0,"event_name":"Mysterious Sphere","player_choice":"Ignored","floor":38.0,"gold_loss":0.0,"damage_taken":0.0},{"damage_healed":0.0,"max_hp_gain":0.0,"max_hp_loss":0.0,"gold_gain":0.0,"event_name":"WeMeetAgain","player_choice":"Gave Potion","floor":39.0,"gold_loss":0.0,"damage_taken":0.0,"relics_obtained":["Molten Egg 2"]}],"is_beta":false,"boss_relics":[{"not_picked":["Black Star","White Beast Statue"],"picked":"Philosopher\u0027s Stone"},{"not_picked":["Calling Bell","Snecko Eye"],"picked":"Orrery"}],"items_purged_floors":[4,28,37],"is_endless":false,"potions_floor_spawned":[7,11,12,24,31,33,35,36,44,46,48,55],"ascension_level":20}