{"gold_per_floor":[109,32,43,60,77,77,77,77,103,103,178,192,210,10,10,10],"floor_reached":16,"playtime":301,"items_purged":["Strike_G"],"score":92,"play_id":"f4db5ffb-dd59-44ee-aab1-1c24494ac80d","local_time":"20181014121040","is_ascension_mode":false,"campfire_choices":[{"data":"Deadly Poison","floor":6,"key":"SMITH"},{"data":"Well Laid Plans","floor":10,"key":"SMITH"},{"data":"Deadly Poison","floor":15,"key":"SMITH"}],"neow_cost":"NONE","seed_source_timestamp":2830945870057,"circlet_count":0,"master_deck":["Defend_G","Defend_G","Defend_G","Defend_G","Defend_G","Strike_G","Strike_G","Strike_G","Strike_G","Survivor+1","Neutralize","Deadly Poison+1","Well Laid Plans+1","Deadly Poison+1","Dash","Backflip+1","Footwork","Deadly Poison+1"],"special_seed":0,"relics":["Velvet Choker","War Paint"],"potions_floor_usage":[5],"damage_taken":[{"damage":0,"enemies":"Cultist","floor":1,"turns":4},{"damage":0,"enemies":"Jaw Worm","floor":3,"turns":4},{"damage":0,"enemies":"Small Slimes","floor":4,"turns":3},{"damage":0,"enemies":"Gremlin Gang","floor":5,"turns":5},{"damage":0,"enemies":"Large Slime","floor":12,"turns":4},{"damage":3,"enemies":"3 Louse","floor":13,"turns":3},{"damage":0,"enemies":"Slime Boss","floor":16,"turns":2}],"seed_played":"-655946773387701916","potions_obtained":[{"floor":3,"key":"Poison Potion"},{"floor":4,"key":"Weak Potion"}],"is_trial":false,"path_per_floor":["M","$","M","M","M","R","?","?","T","R","?","M","M","$","R"],"character_chosen":"THE_SILENT","items_purchased":["Well Laid Plans","Footwork","Deadly Poison"],"campfire_rested":0,"item_purchase_floors":[2,14,14],"current_hp_per_floor":[70,70,70,70,70,70,70,75,75,75,64,64,61,61,61,61],"gold":10,"neow_bonus":"BOSS_RELIC","is_prod":false,"is_daily":false,"chose_seed":false,"campfire_upgraded":3,"win_rate":0,"timestamp":1539490240,"path_taken":["M","$","M","M","M","R","?","?","T","R","?","M","M","$","R","BOSS"],"build_version":"2018-10-11","purchased_purges":1,"victory":false,"max_hp_per_floor":[70,70,70,70,70,70,70,75,75,75,75,75,75,75,75,75],"card_choices":[{"not_picked":["Backflip","Bane"],"picked":"Deadly Poison","floor":1},{"not_picked":["Quick Slash","Dodge and Roll"],"picked":"Deadly Poison","floor":3},{"not_picked":["Sucker Punch","Caltrops"],"picked":"Dash","floor":4},{"not_picked":["Tactician","PiercingWail"],"picked":"Backflip","floor":5},{"not_picked":["Reflex","Sucker Punch","Dagger Throw"],"picked":"SKIP","floor":12},{"not_picked":["Skewer","Distraction","Dodge and Roll"],"picked":"SKIP","floor":13}],"player_experience":182192,"relics_obtained":[{"floor":9,"key":"War Paint"}],"event_choices":[{"event_name":"Upgrade Shrine","player_choice":"Upgraded","floor":7,"damage_taken":0},{"event_name":"Big Fish","player_choice":"Donut","floor":8,"damage_taken":0},{"event_name":"World of Goop","player_choice":"Gather Gold","floor":11,"damage_taken":0}],"is_beta":false,"boss_relics":[],"items_purged_floors":[14],"is_endless":false,"potions_floor_spawned":[3,4],"killed_by":"Slime Boss","ascension_level":0}