{"gold_per_floor":[115,40,40,40,60,93,18,18,18,18],"floor_reached":10,"playtime":140,"items_purged":["Strike_G"],"score":178,"play_id":"c224aebe-358b-4ce3-b324-9e104dfce566","local_time":"20181120235430","is_ascension_mode":true,"campfire_choices":[],"neow_cost":"NONE","seed_source_timestamp":18619087458644,"circlet_count":0,"master_deck":["AscendersBane","Defend_G","Defend_G","Defend_G","Defend_G","Defend_G","Strike_G","Strike_G","Survivor","Neutralize","Acrobatics","Well Laid Plans","After Image","Grand Finale"],"relics":["Ring of the Snake","NeowsBlessing","Turnip","Regal Pillow"],"potions_floor_usage":[10],"damage_taken":[{"damage":0,"enemies":"Cultist","floor":1,"turns":1},{"damage":0,"enemies":"2 Louse","floor":5,"turns":1},{"damage":0,"enemies":"Lagavulin","floor":6,"turns":1},{"damage":22,"enemies":"3 Sentries","floor":10,"turns":5}],"seed_played":"-5808937954830744395","potions_obtained":[{"floor":3,"key":"Explosive Potion"},{"floor":3,"key":"Strength Potion"}],"is_trial":false,"path_per_floor":["M","?","?","$","M","E","$","?","T","E"],"character_chosen":"THE_SILENT","items_purchased":[],"campfire_rested":0,"item_purchase_floors":[],"current_hp_per_floor":[59,59,59,59,59,59,59,59,59,37],"gold":18,"neow_bonus":"THREE_ENEMY_KILL","is_prod":false,"is_daily":false,"chose_seed":false,"campfire_upgraded":0,"win_rate":0,"timestamp":1542729270,"path_taken":["M","?","?","$","?","E","$","?","T","E"],"build_version":"2018-11-15","purchased_purges":1,"victory":false,"max_hp_per_floor":[66,66,66,66,66,66,66,66,66,66],"card_choices":[{"not_picked":["Outmaneuver","Slice"],"picked":"Acrobatics","floor":1},{"not_picked":["Blade Dance","Acrobatics"],"picked":"Well Laid Plans","floor":5},{"not_picked":["Dodge and Roll","Skewer"],"picked":"After Image","floor":6}],"player_experience":1129311,"relics_obtained":[{"floor":6,"key":"Turnip"},{"floor":9,"key":"Regal Pillow"}],"event_choices":[{"cards_removed":["Strike_G"],"damage_healed":0,"gold_gain":0,"player_choice":"Card Removal","damage_taken":0,"max_hp_gain":0,"max_hp_loss":0,"event_name":"The Cleric","floor":2,"gold_loss":75},{"damage_healed":0,"gold_gain":0,"player_choice":"Got Potions","damage_taken":0,"max_hp_gain":0,"max_hp_loss":0,"event_name":"Lab","floor":3,"gold_loss":0},{"damage_healed":0,"gold_gain":0,"cards_transformed":["Strike_G"],"player_choice":"Change","damage_taken":0,"max_hp_gain":0,"max_hp_loss":0,"event_name":"Living Wall","floor":8,"gold_loss":0,"cards_obtained":["Grand Finale"]}],"is_beta":true,"boss_relics":[],"items_purged_floors":[7],"is_endless":false,"potions_floor_spawned":[5],"killed_by":"3 Sentries","ascension_level":20}