{"gold_per_floor":[116,41,58,69,69,69,100,100,145,145,145,145,157,172,172,243,243,263,263],"floor_reached":19,"playtime":444,"items_purged":["Strike_B"],"score":484,"play_id":"25b0fc84-448f-45dd-afaf-941e062d9165","local_time":"20190122135650","is_ascension_mode":true,"campfire_choices":[{"data":"Darkness","floor":6,"key":"SMITH"},{"data":"Darkness","floor":8,"key":"SMITH"},{"data":"Darkness","floor":10,"key":"SMITH"},{"data":"Buffer","floor":15,"key":"SMITH"}],"neow_cost":"PERCENT_DAMAGE","seed_source_timestamp":13001034328869,"circlet_count":0,"master_deck":["AscendersBane","Strike_B","Defend_B","Defend_B","Defend_B","Defend_B","Zap","Dualcast","Darkness+1","Darkness+1","Darkness+1","Decay","Buffer+1"],"relics":["Cracked Core","Orichalcum","Smiling Mask","Philosopher\u0027s Stone"],"potions_floor_usage":[7,7,18,19,19],"damage_taken":[{"damage":3,"enemies":"2 Louse","floor":1,"turns":3},{"damage":3,"enemies":"Small Slimes","floor":3,"turns":4},{"damage":1,"enemies":"Cultist","floor":4,"turns":3},{"damage":0,"enemies":"Lagavulin","floor":7,"turns":4},{"damage":10,"enemies":"Blue Slaver","floor":13,"turns":3},{"damage":0,"enemies":"Looter","floor":14,"turns":2},{"damage":0,"enemies":"Slime Boss","floor":16,"turns":5},{"damage":29,"enemies":"2 Thieves","floor":18,"turns":3},{"damage":38,"enemies":"3 Byrds","floor":19,"turns":2}],"seed_played":"-4900403120489507945","potions_obtained":[{"floor":1,"key":"Fire Potion"},{"floor":4,"key":"AttackPotion"},{"floor":13,"key":"Energy Potion"},{"floor":16,"key":"AttackPotion"},{"floor":18,"key":"Explosive Potion"}],"is_trial":false,"path_per_floor":["M","$","M","M","?","R","E","R","T","R","?","?","M","M","R","B",null,"M","M"],"character_chosen":"DEFECT","items_purchased":[],"campfire_rested":0,"item_purchase_floors":[],"current_hp_per_floor":[43,43,40,39,39,39,39,39,39,39,44,44,34,34,34,34,66,37,0],"gold":263,"neow_bonus":"REMOVE_TWO","is_prod":false,"is_daily":false,"chose_seed":false,"campfire_upgraded":4,"win_rate":0,"timestamp":1548136610,"path_taken":["M","$","M","M","?","R","E","R","T","R","?","?","?","M","R","BOSS","M","M"],"build_version":"2019-01-17v2","purchased_purges":1,"victory":false,"max_hp_per_floor":[71,71,71,71,71,71,71,71,71,71,76,76,76,76,76,76,76,76,76],"card_choices":[{"not_picked":["Steam Power","Leap"],"picked":"Darkness","floor":1},{"not_picked":["Gash","Stack"],"picked":"Darkness","floor":3},{"not_picked":["Barrage","Compile Driver","Heatsinks"],"picked":"SKIP","floor":4},{"not_picked":["Coolheaded","Conserve Battery"],"picked":"Darkness","floor":7},{"not_picked":["Barrage","BootSequence"],"picked":"Buffer","floor":13},{"not_picked":["Stack","Turbo","Beam Cell"],"picked":"SKIP","floor":14},{"not_picked":["Streamline","Hologram","Storm"],"picked":"SKIP","floor":18}],"player_experience":2131968,"relics_obtained":[{"floor":7,"key":"Orichalcum"},{"floor":9,"key":"Smiling Mask"}],"event_choices":[{"damage_healed":0,"gold_gain":0,"player_choice":"Ignored","damage_taken":0,"max_hp_gain":0,"max_hp_loss":0,"event_name":"Liars Game","floor":5,"gold_loss":0},{"damage_healed":0,"gold_gain":0,"player_choice":"Donut","damage_taken":0,"max_hp_gain":5,"max_hp_loss":0,"event_name":"Big Fish","floor":11,"gold_loss":0},{"damage_healed":0,"gold_gain":0,"player_choice":"Cursed","damage_taken":0,"max_hp_gain":0,"max_hp_loss":0,"event_name":"Wheel of Change","floor":12,"gold_loss":0,"cards_obtained":["Decay"]}],"is_beta":false,"boss_relics":[{"not_picked":["Snecko Eye","FrozenCore"],"picked":"Philosopher\u0027s Stone"}],"items_purged_floors":[2],"is_endless":false,"potions_floor_spawned":[1,4,13,16,18],"killed_by":"3 Byrds","ascension_level":20}