{"gold_per_floor":[368,368,368,385,405,433,433,358,358,57,57,57,57,70,70,163,163,177,177,196,71,71,71],"floor_reached":23,"playtime":691,"items_purged":["Strike_B","Strike_B","Force Field+1"],"score":474,"play_id":"ee8d293f-2aea-429c-8b70-d34a903bb9ae","local_time":"20190512063545","is_ascension_mode":true,"campfire_choices":[{"data":"Dualcast","floor":7,"key":"SMITH"},{"data":"Apotheosis","floor":12,"key":"SMITH"},{"floor":15,"key":"REST"}],"neow_cost":"PERCENT_DAMAGE","seed_source_timestamp":148351439218,"circlet_count":0,"master_deck":["AscendersBane","Zap","Dualcast+1","Coolheaded","All For One","Ball Lightning","Core Surge","Apotheosis+1","Chill","Core Surge","Reinforced Body+1","Echo Form+1","Loop"],"special_seed":0,"relics":["Cracked Core","Dodecahedron","Singing Bowl","Bloody Idol","Astrolabe"],"potions_floor_usage":[6],"damage_taken":[{"damage":4.0,"enemies":"2 Louse","floor":1.0,"turns":3.0},{"damage":0.0,"enemies":"Small Slimes","floor":4.0,"turns":3.0},{"damage":0.0,"enemies":"Cultist","floor":5.0,"turns":3.0},{"damage":18,"enemies":"Lagavulin","floor":6,"turns":6},{"damage":9,"enemies":"Exordium Wildlife","floor":14,"turns":3},{"damage":0,"enemies":"The Guardian","floor":16,"turns":11},{"damage":0,"enemies":"Chosen","floor":18,"turns":4},{"damage":10,"enemies":"3 Byrds","floor":20,"turns":4},{"damage":61,"enemies":"Slavers","floor":23,"turns":6}],"seed_played":"2018558055463029858","potions_obtained":[{"floor":1.0,"key":"Fire Potion"},{"floor":3.0,"key":"Fruit Juice"},{"floor":3.0,"key":"SneckoOil"},{"floor":14,"key":"SpeedPotion"}],"is_trial":false,"path_per_floor":["M","?","?","M","M","E","R","$","T","$","?","R","?","M","R","B",null,"M","?","M","$","?","E"],"character_chosen":"DEFECT","items_purchased":["Apotheosis"],"campfire_rested":1,"item_purchase_floors":[10],"current_hp_per_floor":[42,42,47,47,47,29,29,29,29,29,22,22,22,13,33,33,60,60,60,52,52,52,0],"gold":71,"neow_bonus":"TWO_FIFTY_GOLD","is_prod":false,"is_daily":false,"chose_seed":false,"campfire_upgraded":2,"win_rate":0,"timestamp":1557614145,"path_taken":["M","?","?","M","?","E","R","$","T","$","?","R","?","M","R","BOSS","M","?","M","$","?","E"],"build_version":"2019-01-23","purchased_purges":3,"victory":false,"max_hp_per_floor":[71,71,76,76,76,76,76,76,76,76,76,76,69,69,69,69,69,69,69,71,71,71,71],"card_choices":[{"not_picked":["Compile Driver","Conserve Battery"],"picked":"Coolheaded","floor":1.0},{"not_picked":["Coolheaded","Go for the Eyes"],"picked":"Ball Lightning","floor":4.0},{"not_picked":["Tempest","Rebound","FTL"],"picked":"SKIP","floor":5.0},{"not_picked":["Self Repair","Genetic Algorithm"],"picked":"Core Surge","floor":6},{"not_picked":["Steam Power","Coolheaded"],"picked":"Chill","floor":14},{"not_picked":["Hyperbeam","Rainbow"],"picked":"Core Surge","floor":16},{"not_picked":["Stack","Static Discharge"],"picked":"Loop","floor":18},{"not_picked":["Rebound","Leap","Multi-Cast"],"picked":"Singing Bowl","floor":20}],"player_experience":4706959,"relics_obtained":[{"floor":6,"key":"Dodecahedron"},{"floor":9,"key":"Singing Bowl"}],"event_choices":[{"damage_healed":0.0,"max_hp_gain":0.0,"max_hp_loss":0.0,"gold_gain":0.0,"cards_transformed":["Strike_B"],"event_name":"Living Wall","player_choice":"Change","floor":2.0,"gold_loss":0.0,"damage_taken":0.0,"cards_obtained":["All For One"]},{"damage_healed":0.0,"max_hp_gain":0.0,"max_hp_loss":0.0,"gold_gain":0.0,"event_name":"Lab","player_choice":"Got Potions","floor":3.0,"gold_loss":0.0,"damage_taken":0.0},{"cards_removed":["Defend_B"],"damage_healed":0,"gold_gain":0,"player_choice":"Card Removal","damage_taken":7,"max_hp_gain":0,"max_hp_loss":0,"event_name":"Golden Wing","floor":11,"gold_loss":0},{"damage_healed":0,"gold_gain":0,"player_choice":"Lose Max HP","damage_taken":0,"relics_obtained":["Golden Idol"],"max_hp_gain":0,"max_hp_loss":7,"event_name":"Golden Idol","floor":13,"gold_loss":0},{"cards_removed":["Defend_B"],"damage_healed":0,"gold_gain":0,"player_choice":"Elegance","damage_taken":0,"max_hp_gain":0,"max_hp_loss":0,"event_name":"Back to Basics","floor":19,"gold_loss":0},{"damage_healed":0,"gold_gain":0,"player_choice":"Gave Idol","damage_taken":0,"relics_obtained":["Bloody Idol"],"max_hp_gain":0,"max_hp_loss":0,"event_name":"Forgotten Altar","floor":22,"relics_lost":["Golden Idol"],"gold_loss":0}],"is_beta":false,"boss_relics":[{"not_picked":["Inserter","Nuclear Battery"],"picked":"Astrolabe"}],"items_purged_floors":[8,10,21],"is_endless":false,"potions_floor_spawned":[1,14],"killed_by":"Slavers","ascension_level":20}