{"gold_per_floor":[117,135,135,135,135,44,44,54,105,123,153,169,183,194,194,194],"floor_reached":16,"playtime":1241,"items_purged":[],"score":104,"play_id":"a8a70fae-fcf6-454f-98db-9aa3debd0eb9","local_time":"20190724095224","is_ascension_mode":false,"campfire_choices":[{"data":"Cloak And Dagger","floor":7,"key":"SMITH"},{"data":"Accuracy","floor":15,"key":"SMITH"}],"neow_cost":"PERCENT_DAMAGE","seed_source_timestamp":1235901383901758,"circlet_count":0,"master_deck":["Strike_G","Strike_G","Strike_G","Strike_G","Defend_G","Defend_G","Defend_G","Defend_G","Survivor","Neutralize+1","Heel Hook","Blur","Cloak And Dagger+1","Infinite Blades","Prepared","Accuracy+1","Prepared","Backstab"],"relics":["Ring of the Snake","Strawberry","Omamori"],"potions_floor_usage":[10,11,16,16],"damage_taken":[{"damage":0,"enemies":"Small Slimes","floor":1,"turns":5},{"damage":0,"enemies":"2 Louse","floor":2,"turns":3},{"damage":0,"enemies":"Jaw Worm","floor":8,"turns":4},{"damage":13,"enemies":"Gremlin Gang","floor":10,"turns":5},{"damage":3,"enemies":"Gremlin Nob","floor":11,"turns":4},{"damage":0,"enemies":"Looter","floor":12,"turns":4},{"damage":8,"enemies":"Large Slime","floor":13,"turns":6},{"damage":0,"enemies":"Exordium Wildlife","floor":14,"turns":3},{"damage":40,"enemies":"Slime Boss","floor":16,"turns":9}],"seed_played":"2905440893988970101","potions_obtained":[{"floor":1,"key":"Strength Potion"},{"floor":10,"key":"Strength Potion"},{"floor":11,"key":"Poison Potion"},{"floor":12,"key":"Poison Potion"}],"is_trial":false,"path_per_floor":["M","M","?","?","?","$","R","M","T","M","E","M","M","M","R","B"],"character_chosen":"THE_SILENT","items_purchased":["Cloak And Dagger","Infinite Blades"],"campfire_rested":0,"item_purchase_floors":[6,6],"current_hp_per_floor":[49,49,49,54,54,54,54,54,61,48,45,45,37,37,37,0],"gold":194,"neow_bonus":"REMOVE_TWO","is_prod":false,"is_daily":false,"chose_seed":false,"campfire_upgraded":2,"win_rate":0.0,"timestamp":1563951144,"path_taken":["M","M","?","?","?","?","R","M","T","M","E","?","M","M","R","BOSS"],"build_version":"2019-07-17","purchased_purges":0,"victory":false,"max_hp_per_floor":[70,70,70,75,75,75,75,75,82,82,82,82,82,82,82,82],"card_choices":[{"not_picked":["Finisher","Sucker Punch"],"picked":"Heel Hook","floor":1},{"not_picked":["Endless Agony","Masterful Stab"],"picked":"Blur","floor":2},{"not_picked":["Sucker Punch","All Out Attack"],"picked":"Prepared","floor":8},{"not_picked":["Skewer","Quick Slash"],"picked":"Accuracy","floor":10},{"not_picked":["Bullet Time","Predator","Underhanded Strike"],"picked":"SKIP","floor":11},{"not_picked":["Flechettes","Dagger Throw"],"picked":"Prepared","floor":12},{"not_picked":["Terror","Backflip"],"picked":"Backstab","floor":13},{"not_picked":["Deflect","Bane","Underhanded Strike"],"picked":"SKIP","floor":14}],"player_experience":92090,"relics_obtained":[{"floor":9,"key":"Strawberry"},{"floor":11,"key":"Omamori"}],"event_choices":[{"damage_healed":0,"gold_gain":0,"player_choice":"Grow","damage_taken":0,"max_hp_gain":0,"max_hp_loss":0,"event_name":"Living Wall","floor":3,"gold_loss":0,"cards_upgraded":["Neutralize"]},{"damage_healed":0,"gold_gain":0,"player_choice":"Donut","damage_taken":0,"max_hp_gain":5,"max_hp_loss":0,"event_name":"Big Fish","floor":4,"gold_loss":0},{"damage_healed":0,"gold_gain":0,"player_choice":"Ignored","damage_taken":0,"max_hp_gain":0,"max_hp_loss":0,"event_name":"Liars Game","floor":5,"gold_loss":0}],"is_beta":false,"boss_relics":[],"items_purged_floors":[],"is_endless":false,"potions_floor_spawned":[1,10,11,12],"killed_by":"Slime Boss","ascension_level":0}