{"gold_per_floor":[109,121,137,137,137,137,164,174,174,189,189,222,11,29,29,103,103,121,121,133,6,6,41,58,89,89,105,131,131,142,168,168,240,240,260,260,275,275,326,359,168,188,188,288,322,333,349,28,28,28,28,28,28,61,61],"floor_reached":56,"playtime":2936,"items_purged":["Rip and Tear","Ball Lightning","Self Repair"],"score":2151,"play_id":"e1b6a644-3b49-4ae2-bdf8-715d4a0b0de0","local_time":"20190323213223","is_ascension_mode":true,"campfire_choices":[{"data":"Zap","floor":6,"key":"SMITH"},{"data":"Coolheaded","floor":11,"key":"SMITH"},{"data":"Defragment","floor":15,"key":"SMITH"},{"floor":29,"key":"REST"},{"data":"Dualcast","floor":32,"key":"SMITH"},{"floor":49,"key":"RECALL"},{"data":"Heatsinks","floor":52,"key":"SMITH"}],"neow_cost":"NONE","seed_source_timestamp":0,"circlet_count":0,"master_deck":["AscendersBane","Zap+1","Dualcast+1","Coolheaded+1","Glacier","Reinforced Body","Heatsinks+1","Fusion+1","Multi-Cast+1","Defragment+1","Hologram+1","Biased Cognition","Echo Form","Chaos+1","All For One","Compile Driver","Coolheaded+1","Turbo+1","Conserve Battery+1","Reboot+1","Tempest+1","Fission+1","Thinking Ahead+1","BootSequence+1","Double Energy+1","Capacitor","Impatience+1","Redo+1","Consume+1"],"relics":["Cracked Core","NeowsBlessing","Art of War","Vajra","Toxic Egg 2","Pandora\u0027s Box","Centennial Puzzle","PreservedInsect","DataDisk","Singing Bowl","Inserter","Torii","Regal Pillow","Ornamental Fan","Peace Pipe","Blue Candle","Medical Kit","Strawberry"],"potions_floor_usage":[12,12,25,31,50,55],"damage_taken":[{"damage":0,"enemies":"2 Louse","floor":1,"turns":1},{"damage":0,"enemies":"Jaw Worm","floor":2,"turns":1},{"damage":0,"enemies":"Cultist","floor":3,"turns":1},{"damage":8,"enemies":"3 Sentries","floor":7,"turns":12},{"damage":0,"enemies":"Looter","floor":8,"turns":2},{"damage":8,"enemies":"Blue Slaver","floor":10,"turns":3},{"damage":17,"enemies":"Gremlin Nob","floor":12,"turns":4},{"damage":7,"enemies":"3 Louse","floor":14,"turns":3},{"damage":21,"enemies":"Hexaghost","floor":16,"turns":12},{"damage":0,"enemies":"Shell Parasite","floor":18,"turns":4},{"damage":0,"enemies":"Spheric Guardian","floor":20,"turns":3},{"damage":6,"enemies":"Book of Stabbing","floor":23,"turns":4},{"damage":23,"enemies":"Centurion and Healer","floor":24,"turns":6},{"damage":0,"enemies":"Gremlin Leader","floor":25,"turns":9},{"damage":16,"enemies":"Shelled Parasite and Fungi","floor":27,"turns":5},{"damage":34,"enemies":"Slavers","floor":28,"turns":4},{"damage":0,"enemies":"Snecko","floor":30,"turns":3},{"damage":0,"enemies":"Gremlin Leader","floor":31,"turns":5},{"damage":28,"enemies":"Collector","floor":33,"turns":9},{"damage":6,"enemies":"3 Shapes","floor":35,"turns":4},{"damage":0,"enemies":"Orb Walker","floor":37,"turns":3},{"damage":28,"enemies":"2 Orb Walkers","floor":39,"turns":5},{"damage":0,"enemies":"Giant Head","floor":40,"turns":3},{"damage":14,"enemies":"Jaw Worm Horde","floor":42,"turns":2},{"damage":0,"enemies":"Mind Bloom Boss Battle","floor":44,"turns":2},{"damage":1,"enemies":"Reptomancer","floor":45,"turns":2},{"damage":6,"enemies":"3 Darklings","floor":46,"turns":3},{"damage":1,"enemies":"Transient","floor":47,"turns":5},{"damage":27,"enemies":"Donu and Deca","floor":50,"turns":7},{"damage":6,"enemies":"Shield and Spear","floor":54,"turns":2},{"damage":32,"enemies":"The Heart","floor":55,"turns":11}],"seed_played":"1487514961949058463","potions_obtained":[{"floor":1,"key":"Explosive Potion"},{"floor":3,"key":"SteroidPotion"},{"floor":20,"key":"Block Potion"},{"floor":24,"key":"EssenceOfSteel"},{"floor":27,"key":"SteroidPotion"},{"floor":28,"key":"Swift Potion"},{"floor":40,"key":"Poison Potion"},{"floor":45,"key":"Block Potion"},{"floor":47,"key":"SkillPotion"}],"is_trial":false,"path_per_floor":["M","M","M","?","?","R","E","M","T","M","R","E","$","M","R","B",null,"M","?","M","$","?","E","M","E","T","M","E","R","M","E","R","B",null,"M","?","M","?","?","E","$","M","T","?","E","M","M","$","R","B",null,"R","$","E","B",null],"character_chosen":"DEFECT","items_purchased":["Multi-Cast+1","Defragment","Turbo+1","Impatience+1","Medical Kit"],"campfire_rested":1,"item_purchase_floors":[13,13,21,41,48],"current_hp_per_floor":[64,64,64,64,64,64,56,56,56,48,48,31,31,24,24,3,54,61,61,61,61,61,62,53,60,60,51,17,38,38,45,45,24,59,62,62,69,69,48,48,48,41,41,57,65,75,81,81,81,54,74,74,74,75,43],"gold":61,"neow_bonus":"THREE_ENEMY_KILL","is_prod":false,"is_daily":false,"chose_seed":true,"campfire_upgraded":5,"win_rate":0,"timestamp":1553347943,"path_taken":["M","M","M","?","?","R","E","M","T","M","R","E","$","?","R","BOSS","M","?","?","$","?","E","M","E","T","M","E","R","M","E","R","BOSS","M","?","M","?","?","E","$","M","T","?","E","M","?","$","R","BOSS","R","$","E","BOSS"],"build_version":"2019-01-23","purchased_purges":3,"victory":true,"max_hp_per_floor":[71,71,71,71,71,71,71,71,71,71,71,71,71,71,71,71,71,71,71,71,71,71,71,71,71,71,71,71,71,71,71,71,71,71,73,73,73,73,73,73,73,73,73,75,77,79,81,81,81,81,81,81,81,88,88],"card_choices":[{"not_picked":["Redo","Chaos"],"picked":"Cold Snap","floor":1},{"not_picked":["Scrape","Auto Shields"],"picked":"FTL","floor":2},{"not_picked":["Go for the Eyes","Heatsinks"],"picked":"Coolheaded","floor":3},{"not_picked":["Rebound","Undo"],"picked":"Ball Lightning","floor":7},{"not_picked":["Barrage","Stack"],"picked":"Reinforced Body","floor":8},{"not_picked":["Stack","Compile Driver"],"picked":"Heatsinks","floor":10},{"not_picked":["Heatsinks","Gash"],"picked":"Fusion","floor":12},{"not_picked":["Conserve Battery+1","Go for the Eyes"],"picked":"Hologram+1","floor":14},{"not_picked":["Buffer","Rainbow+1"],"picked":"Biased Cognition","floor":16},{"not_picked":["Darkness+1","Hologram+1"],"picked":"Coolheaded+1","floor":18},{"not_picked":["Compile Driver","Steam Power+1","Beam Cell"],"picked":"SKIP","floor":20},{"not_picked":["Darkness+1","Steam+1"],"picked":"Conserve Battery+1","floor":23},{"not_picked":["Self Repair+1","Cold Snap"],"picked":"Reboot+1","floor":24},{"not_picked":["Cold Snap","FTL","Steam+1"],"picked":"SKIP","floor":25},{"not_picked":["Turbo+1","Genetic Algorithm+1","Storm+1"],"picked":"SKIP","floor":27},{"not_picked":["Melter","Amplify+1","Rebound+1"],"picked":"SKIP","floor":28},{"not_picked":["Gash","Compile Driver+1","Lockon"],"picked":"SKIP","floor":30},{"not_picked":["Go for the Eyes+1","Chill+1"],"picked":"Tempest+1","floor":31},{"not_picked":["All For One","Machine Learning"],"picked":"Fission+1","floor":33},{"not_picked":["Conserve Battery+1","Sweeping Beam+1","Streamline"],"picked":"Singing Bowl","floor":35},{"not_picked":["Violence+1","Madness+1"],"picked":"Thinking Ahead+1","floor":36},{"not_picked":["Chaos+1","Sweeping Beam"],"picked":"BootSequence+1","floor":37},{"not_picked":["Self Repair+1","FTL+1"],"picked":"Double Energy+1","floor":39},{"not_picked":["Barrage","Compile Driver"],"picked":"Capacitor","floor":40},{"not_picked":["Streamline","Cold Snap"],"picked":"Redo+1","floor":42},{"not_picked":["Glacier+1","Go for the Eyes+1","Hologram+1"],"picked":"Singing Bowl","floor":44},{"not_picked":["Defragment","Streamline","BootSequence+1"],"picked":"Singing Bowl","floor":45},{"not_picked":["Gash","Sunder","Ball Lightning"],"picked":"Singing Bowl","floor":46},{"not_picked":["Go for the Eyes+1","Rip and Tear","Self Repair"],"picked":"Singing Bowl","floor":47},{"not_picked":["Static Discharge+1","Darkness+1"],"picked":"Consume+1","floor":54}],"player_experience":1248602,"relics_obtained":[{"floor":7,"key":"Art of War"},{"floor":9,"key":"Vajra"},{"floor":12,"key":"Toxic Egg 2"},{"floor":23,"key":"Centennial Puzzle"},{"floor":25,"key":"PreservedInsect"},{"floor":28,"key":"DataDisk"},{"floor":31,"key":"Singing Bowl"},{"floor":39,"key":"Torii"},{"floor":40,"key":"Regal Pillow"},{"floor":43,"key":"Ornamental Fan"},{"floor":44,"key":"Peace Pipe"},{"floor":45,"key":"Blue Candle"},{"floor":54,"key":"Strawberry"}],"event_choices":[{"damage_healed":0,"gold_gain":0,"player_choice":"Ignored","damage_taken":0,"max_hp_gain":0,"max_hp_loss":0,"event_name":"Liars Game","floor":4,"gold_loss":0},{"damage_healed":0,"gold_gain":0,"cards_transformed":["Strike_B"],"player_choice":"Change","damage_taken":0,"max_hp_gain":0,"max_hp_loss":0,"event_name":"Living Wall","floor":5,"gold_loss":0,"cards_obtained":["Glacier"]},{"cards_removed":["Rebound"],"damage_healed":0,"gold_gain":0,"player_choice":"Card Removal","damage_taken":0,"max_hp_gain":0,"max_hp_loss":0,"event_name":"Wheel of Change","floor":19,"gold_loss":0},{"cards_removed":["FTL"],"damage_healed":0,"gold_gain":0,"player_choice":"Elegance","damage_taken":0,"max_hp_gain":0,"max_hp_loss":0,"event_name":"Back to Basics","floor":22,"gold_loss":0},{"damage_healed":0,"gold_gain":0,"player_choice":"Memory 1","damage_taken":0,"max_hp_gain":0,"max_hp_loss":0,"event_name":"SensoryStone","floor":36,"gold_loss":0},{"cards_removed":["Cold Snap"],"damage_healed":0,"gold_gain":0,"player_choice":"Removed Attack","damage_taken":0,"max_hp_gain":0,"max_hp_loss":0,"event_name":"Falling","floor":38,"gold_loss":0},{"damage_healed":0,"gold_gain":0,"player_choice":"Fight","damage_taken":0,"max_hp_gain":0,"max_hp_loss":0,"event_name":"Mysterious Sphere","floor":39,"gold_loss":0},{"damage_healed":0,"gold_gain":0,"player_choice":"Fight","damage_taken":0,"max_hp_gain":0,"max_hp_loss":0,"event_name":"MindBloom","floor":44,"gold_loss":0}],"is_beta":false,"boss_relics":[{"not_picked":["Busted Crown","Black Star"],"picked":"Pandora\u0027s Box"},{"not_picked":["Velvet Choker","Astrolabe"],"picked":"Inserter"}],"items_purged_floors":[21,41,48],"is_endless":false,"potions_floor_spawned":[1,3,7,10,20,24,27,28,40,44,45,47],"ascension_level":15}