{"gold_per_floor":[113,123,48,48,48,48,107,121,147,172,72,85,97,97,97,175,175,189,167,178,225,235,235,235,254,254,254],"floor_reached":27,"playtime":686,"items_purged":["Strike_G","Strike_G"],"score":500,"play_id":"86b2387e-a813-453d-b1bc-3099bdcf5a2a","local_time":"20190807085727","is_ascension_mode":true,"campfire_choices":[{"data":"Neutralize","floor":6.0,"key":"SMITH"},{"floor":15.0,"key":"REST"},{"data":"Prepared","floor":23.0,"key":"SMITH"}],"neow_cost":"NONE","seed_source_timestamp":73745368752813,"circlet_count":0,"master_deck":["AscendersBane","Strike_G+1","Strike_G","Defend_G+1","Defend_G","Defend_G","Defend_G","Defend_G","Survivor","Neutralize+1","Acrobatics+1","Noxious Fumes","Flechettes","Grand Finale","Prepared+1","Concentrate+1"],"special_seed":0,"relics":["Ring of the Snake","NeowsBlessing","Tiny Chest","Singing Bowl","CultistMask","Runic Dome","Lantern","Torii"],"potions_floor_usage":[],"damage_taken":[{"damage":0.0,"enemies":"Cultist","floor":1.0,"turns":1.0},{"damage":0.0,"enemies":"2 Louse","floor":2.0,"turns":1.0},{"damage":0.0,"enemies":"Lagavulin","floor":7.0,"turns":1.0},{"damage":6.0,"enemies":"Jaw Worm","floor":8.0,"turns":6.0},{"damage":19.0,"enemies":"Gremlin Nob","floor":10.0,"turns":4.0},{"damage":13.0,"enemies":"Exordium Thugs","floor":12.0,"turns":6.0},{"damage":1.0,"enemies":"Large Slime","floor":13.0,"turns":6.0},{"damage":23.0,"enemies":"The Guardian","floor":16.0,"turns":14.0},{"damage":0.0,"enemies":"Spheric Guardian","floor":18.0,"turns":3.0},{"damage":4.0,"enemies":"2 Thieves","floor":19.0,"turns":4.0},{"damage":16.0,"enemies":"Snake Plant","floor":20.0,"turns":4.0},{"damage":10.0,"enemies":"Cultist and Chosen","floor":22.0,"turns":3.0},{"damage":0,"enemies":"Centurion and Healer","floor":25,"turns":10},{"damage":31,"enemies":"Snecko","floor":27,"turns":4}],"seed_played":"-3946130837759533084","potions_obtained":[{"floor":1.0,"key":"SkillPotion"},{"floor":2.0,"key":"Fire Potion"},{"floor":16.0,"key":"Fire Potion"},{"floor":18.0,"key":"SteroidPotion"}],"is_trial":false,"path_per_floor":["M","M","$","?","?","R","E","M","T","E","$","M","M","?","R","B",null,"M","M","M","T","M","R","?","M","T","M"],"character_chosen":"THE_SILENT","items_purchased":[],"campfire_rested":1,"item_purchase_floors":[],"current_hp_per_floor":[59,59,59,39,39,39,39,33,33,16,16,3,4,4,25,4,55,57,53,39,39,31,31,31,31,31,0],"gold":254,"neow_bonus":"THREE_ENEMY_KILL","is_prod":false,"is_daily":false,"chose_seed":false,"campfire_upgraded":2,"win_rate":0,"timestamp":1565135847,"path_taken":["M","M","$","?","?","R","E","M","T","E","$","?","M","?","R","BOSS","M","M","M","?","M","R","?","M","T","M"],"build_version":"2019-07-17","purchased_purges":2,"victory":false,"max_hp_per_floor":[66,66,66,66,66,66,66,66,66,68,68,68,70,70,70,72,72,74,74,76,76,78,78,78,78,78,78],"card_choices":[{"not_picked":["Sucker Punch","Quick Slash","Setup"],"picked":"SKIP","floor":1.0},{"not_picked":["Backstab","Dodge and Roll"],"picked":"Acrobatics","floor":2.0},{"not_picked":["Distraction","Underhanded Strike"],"picked":"Noxious Fumes","floor":7.0},{"not_picked":["Dagger Spray","Footwork"],"picked":"Flechettes","floor":8.0},{"not_picked":["Deadly Poison","Concentrate","Choke"],"picked":"Singing Bowl","floor":10.0},{"not_picked":["Expertise","Dagger Throw"],"picked":"Grand Finale","floor":12.0},{"not_picked":["Underhanded Strike","Setup","Cloak And Dagger"],"picked":"Singing Bowl","floor":13.0},{"not_picked":["Tools of the Trade","Venomology","Burst"],"picked":"Singing Bowl","floor":16.0},{"not_picked":["Dagger Throw","Underhanded Strike","PiercingWail+1"],"picked":"Singing Bowl","floor":18.0},{"not_picked":["Cloak And Dagger","Bullet Time"],"picked":"Prepared","floor":19.0},{"not_picked":["Underhanded Strike","PiercingWail+1","Outmaneuver"],"picked":"Singing Bowl","floor":20.0},{"not_picked":["Terror","Flechettes","Deadly Poison"],"picked":"Singing Bowl","floor":22.0},{"not_picked":["Underhanded Strike","Dodge and Roll"],"picked":"Concentrate+1","floor":25}],"player_experience":799613,"relics_obtained":[{"floor":7.0,"key":"Tiny Chest"},{"floor":10.0,"key":"Singing Bowl"},{"floor":21.0,"key":"Lantern"},{"floor":26,"key":"Torii"}],"event_choices":[{"damage_healed":0.0,"max_hp_gain":0.0,"max_hp_loss":0.0,"gold_gain":0.0,"event_name":"Shining Light","player_choice":"Entered Light","floor":4.0,"gold_loss":0.0,"damage_taken":20.0,"cards_upgraded":["Defend_G","Strike_G"]},{"damage_healed":0.0,"max_hp_gain":0.0,"max_hp_loss":0.0,"gold_gain":0.0,"event_name":"Upgrade Shrine","player_choice":"Upgraded","floor":5.0,"gold_loss":0.0,"damage_taken":0.0,"cards_upgraded":["Acrobatics"]},{"damage_healed":0.0,"max_hp_gain":0.0,"max_hp_loss":0.0,"gold_gain":0.0,"event_name":"FaceTrader","player_choice":"Trade","floor":14.0,"gold_loss":0.0,"damage_taken":0.0,"relics_obtained":["CultistMask"]},{"cards_removed":["Strike_G"],"damage_healed":0.0,"max_hp_gain":0.0,"max_hp_loss":0.0,"gold_gain":0.0,"event_name":"Back to Basics","player_choice":"Elegance","floor":24.0,"gold_loss":0.0,"damage_taken":0.0}],"is_beta":false,"boss_relics":[{"not_picked":["Philosopher\u0027s Stone","White Beast Statue"],"picked":"Runic Dome"}],"items_purged_floors":[3,11],"is_endless":false,"potions_floor_spawned":[1,2,7,16,18],"killed_by":"Snecko","ascension_level":20}