{"gold_per_floor":[116,116,128,53,53,53,53,53,101,137,137,173,191,209,209,302,302,318,318,318,318,298,331,331,331,379,399,60,60,123,147,147,240,240,256,280,613,36,50,50,81,97,97,129,4,32,32,51,51,51,51,51,51,51,80,80],"floor_reached":57,"playtime":2585,"items_purged":["Defend_B","Stack","Streamline+1"],"score":3097,"play_id":"c8e28e4b-3fc5-45ca-993f-183f18b1464d","local_time":"20190327213011","is_ascension_mode":true,"campfire_choices":[{"data":"Zap","floor":6.0,"key":"SMITH"},{"data":"Dualcast","floor":8.0,"key":"SMITH"},{"data":"Consume","floor":11.0,"key":"SMITH"},{"data":"Capacitor","floor":15.0,"key":"SMITH"},{"data":"Coolheaded","floor":24.0,"key":"SMITH"},{"data":"Coolheaded","floor":29.0,"key":"SMITH"},{"data":"Defragment","floor":32.0,"key":"SMITH"},{"data":"Creative AI","floor":40.0,"key":"SMITH"},{"floor":47.0,"key":"RECALL"},{"floor":49,"key":"REST"},{"data":"Echo Form","floor":53,"key":"SMITH"}],"neow_cost":"NONE","seed_source_timestamp":32415290847571,"circlet_count":0,"master_deck":["AscendersBane","Zap+1","Dualcast+1","All For One","Consume+1","Coolheaded+1","Capacitor+1","Coolheaded+1","Chill","Creative AI+1","Turbo+1","Defragment+1","Glacier+1","Echo Form+1","Seek+1","FTL+1","Capacitor+1","Fission+1"],"special_seed":0,"relics":["Cracked Core","NeowsBlessing","War Paint","PreservedInsect","Bronze Scales","Velvet Choker","Singing Bowl","Ancient Tea Set","Cables","Tiny Chest","Astrolabe","ClockworkSouvenir","Toxic Egg 2","Dream Catcher","Nunchaku","Dodecahedron"],"potions_floor_usage":[56,56],"damage_taken":[{"damage":0.0,"enemies":"Jaw Worm","floor":1.0,"turns":1.0},{"damage":0.0,"enemies":"2 Louse","floor":3.0,"turns":1.0},{"damage":0.0,"enemies":"3 Sentries","floor":10.0,"turns":1.0},{"damage":3.0,"enemies":"Gremlin Nob","floor":12.0,"turns":3.0},{"damage":3.0,"enemies":"Small Slimes","floor":13.0,"turns":3.0},{"damage":2.0,"enemies":"Exordium Thugs","floor":14.0,"turns":4.0},{"damage":25.0,"enemies":"Slime Boss","floor":16.0,"turns":9.0},{"damage":5.0,"enemies":"3 Byrds","floor":18.0,"turns":3.0},{"damage":9.0,"enemies":"2 Thieves","floor":22.0,"turns":4.0},{"damage":26.0,"enemies":"Slavers","floor":23.0,"turns":5.0},{"damage":0.0,"enemies":"3 Cultists","floor":27.0,"turns":3.0},{"damage":8.0,"enemies":"Book of Stabbing","floor":30.0,"turns":4.0},{"damage":17.0,"enemies":"Snake Plant","floor":31.0,"turns":3.0},{"damage":0.0,"enemies":"Champ","floor":33.0,"turns":10.0},{"damage":0.0,"enemies":"Orb Walker","floor":35.0,"turns":5.0},{"damage":3.0,"enemies":"3 Shapes","floor":36.0,"turns":6.0},{"damage":7.0,"enemies":"Transient","floor":39.0,"turns":6.0},{"damage":13.0,"enemies":"Giant Head","floor":41.0,"turns":6.0},{"damage":0.0,"enemies":"Maw","floor":42.0,"turns":7.0},{"damage":14.0,"enemies":"Reptomancer","floor":44.0,"turns":6.0},{"damage":0.0,"enemies":"Giant Head","floor":46.0,"turns":8.0},{"damage":0,"enemies":"4 Shapes","floor":48,"turns":6},{"damage":0,"enemies":"Donu and Deca","floor":50,"turns":8},{"damage":12,"enemies":"Awakened One","floor":51,"turns":10},{"damage":22,"enemies":"Shield and Spear","floor":55,"turns":12},{"damage":60,"enemies":"The Heart","floor":56,"turns":10}],"seed_played":"6170704101033922021","potions_obtained":[{"floor":12.0,"key":"LiquidBronze"},{"floor":13.0,"key":"SneckoOil"},{"floor":14.0,"key":"Poison Potion"},{"floor":16.0,"key":"Energy Potion"},{"floor":18.0,"key":"EntropicBrew"},{"floor":31.0,"key":"LiquidBronze"},{"floor":33.0,"key":"Explosive Potion"},{"floor":36.0,"key":"SteroidPotion"},{"floor":42.0,"key":"GamblersBrew"},{"floor":55,"key":"Weak Potion"}],"is_trial":false,"path_per_floor":["M","?","M","?","$","R","?","R","T","E","R","E","M","M","R","B",null,"M","?","?","?","M","E","R","?","T","M","$","R","E","M","R","B",null,"M","M","?","$","M","R","E","M","T","E","$","E","R","M","R","B","B",null,"R","$","E","B",null],"character_chosen":"DEFECT","items_purchased":["Cables","ClockworkSouvenir","Toxic Egg 2"],"campfire_rested":1,"item_purchase_floors":[28,38,38],"current_hp_per_floor":[64,64,64,64,64,64,64,64,64,64,64,61,58,56,56,31,56,51,51,51,51,42,18,18,76,76,76,76,76,68,51,51,51,70,72,71,71,71,66,66,55,57,57,45,45,45,45,47,76,76,64,85,85,85,65,5],"gold":80,"neow_bonus":"THREE_ENEMY_KILL","is_prod":false,"is_daily":false,"chose_seed":false,"campfire_upgraded":9,"win_rate":0,"timestamp":1553693411,"path_taken":["M","?","M","?","?","R","?","R","T","E","R","E","?","M","R","BOSS","M","?","?","?","?","E","R","?","T","?","$","R","E","M","R","BOSS","M","?","?","?","M","R","E","M","T","E","?","E","R","?","R","BOSS","BOSS","R","$","E","BOSS"],"build_version":"2019-01-23","purchased_purges":3,"victory":true,"max_hp_per_floor":[71,71,71,71,71,71,64,64,64,64,64,64,64,64,64,64,64,64,64,64,64,64,66,66,76,76,76,76,76,76,76,76,76,76,78,80,80,80,82,82,84,86,86,88,88,88,88,90,92,92,92,92,92,92,94,94],"card_choices":[{"not_picked":["Gash","Hologram"],"picked":"Streamline","floor":1.0},{"not_picked":["Ball Lightning","Turbo"],"picked":"All For One","floor":3.0},{"not_picked":["Heatsinks","Coolheaded"],"picked":"Consume","floor":10.0},{"not_picked":["Sunder","Blizzard"],"picked":"Coolheaded","floor":12.0},{"not_picked":["Undo","Sunder"],"picked":"Capacitor","floor":13.0},{"not_picked":["Redo","Go for the Eyes"],"picked":"Coolheaded","floor":14.0},{"not_picked":["Multi-Cast","All For One"],"picked":"Rainbow","floor":16.0},{"not_picked":["Force Field","Gash+1","Stack"],"picked":"SKIP","floor":18.0},{"not_picked":["Reprogram+1","Conserve Battery","Force Field"],"picked":"SKIP","floor":22.0},{"not_picked":["Go for the Eyes","Blizzard","Rebound"],"picked":"Singing Bowl","floor":23.0},{"not_picked":["Force Field+1","Heatsinks"],"picked":"Turbo+1","floor":27.0},{"not_picked":["BootSequence","Blizzard"],"picked":"Defragment","floor":30.0},{"not_picked":["Reboot","Coolheaded"],"picked":"Glacier+1","floor":31.0},{"not_picked":["Creative AI","Machine Learning"],"picked":"Echo Form","floor":33.0},{"not_picked":["Fusion+1","Stack+1","Coolheaded+1"],"picked":"Singing Bowl","floor":35.0},{"not_picked":["Tempest+1","Cold Snap+1","Sweeping Beam+1"],"picked":"Singing Bowl","floor":36.0},{"not_picked":["Streamline","Ball Lightning","Steam+1"],"picked":"Singing Bowl","floor":39.0},{"not_picked":["Steam+1","Ball Lightning+1","Double Energy+1"],"picked":"Singing Bowl","floor":41.0},{"not_picked":["Beam Cell","Steam+1","Stack+1"],"picked":"Singing Bowl","floor":42.0},{"not_picked":["Ball Lightning+1","Recycle+1","Static Discharge"],"picked":"Singing Bowl","floor":44.0},{"not_picked":["Stack+1","Cold Snap"],"picked":"Fission+1","floor":46.0},{"not_picked":["Reprogram+1","Storm+1","Steam+1"],"picked":"Singing Bowl","floor":48},{"not_picked":["Beam Cell","Go for the Eyes","Leap+1"],"picked":"Singing Bowl","floor":49},{"not_picked":["Beam Cell","Doom and Gloom","Conserve Battery+1"],"picked":"Singing Bowl","floor":55}],"player_experience":3907292,"relics_obtained":[{"floor":9.0,"key":"War Paint"},{"floor":10.0,"key":"PreservedInsect"},{"floor":12.0,"key":"Bronze Scales"},{"floor":23.0,"key":"Singing Bowl"},{"floor":26.0,"key":"Ancient Tea Set"},{"floor":30.0,"key":"Tiny Chest"},{"floor":44.0,"key":"Dream Catcher"},{"floor":46.0,"key":"Nunchaku"},{"floor":55,"key":"Dodecahedron"}],"event_choices":[{"damage_healed":0.0,"max_hp_gain":0.0,"max_hp_loss":0.0,"gold_gain":0.0,"event_name":"Living Wall","player_choice":"Grow","floor":2.0,"gold_loss":0.0,"damage_taken":0.0,"cards_upgraded":["Streamline"]},{"cards_removed":["Strike_B"],"damage_healed":0.0,"max_hp_gain":0.0,"max_hp_loss":0.0,"gold_gain":0.0,"event_name":"The Cleric","player_choice":"Card Removal","floor":4.0,"gold_loss":75.0,"damage_taken":0.0},{"damage_healed":0.0,"max_hp_gain":0.0,"max_hp_loss":7.0,"gold_gain":0.0,"event_name":"Golden Idol","player_choice":"Lose Max HP","floor":7.0,"gold_loss":0.0,"damage_taken":0.0,"relics_obtained":["Golden Idol"]},{"damage_healed":0.0,"max_hp_gain":0.0,"max_hp_loss":0.0,"gold_gain":0.0,"event_name":"The Library","player_choice":"Read","floor":19.0,"gold_loss":0.0,"damage_taken":0.0,"cards_obtained":["Chill"]},{"damage_healed":0.0,"max_hp_gain":0.0,"max_hp_loss":0.0,"gold_gain":0.0,"cards_transformed":["Strike_B","Strike_B"],"event_name":"Drug Dealer","player_choice":"Became Test Subject","floor":20.0,"gold_loss":0.0,"damage_taken":0.0,"cards_obtained":["Creative AI","Stack"]},{"cards_removed":["Strike_B"],"damage_healed":0.0,"max_hp_gain":0.0,"max_hp_loss":0.0,"gold_gain":0.0,"event_name":"Purifier","player_choice":"Purged","floor":21.0,"gold_loss":0.0,"damage_taken":0.0},{"cards_removed":["Rainbow"],"damage_healed":48.0,"max_hp_gain":10.0,"max_hp_loss":0.0,"gold_gain":0.0,"event_name":"Bonfire Elementals","player_choice":"Offered Rare","floor":25.0,"gold_loss":0.0,"damage_taken":0.0},{"damage_healed":0.0,"max_hp_gain":0.0,"max_hp_loss":0.0,"gold_gain":333.0,"event_name":"The Moai Head","player_choice":"Gave Idol","floor":37.0,"relics_lost":["Golden Idol"],"gold_loss":0.0,"damage_taken":0.0}],"is_beta":false,"boss_relics":[{"not_picked":["Tiny House","Empty Cage"],"picked":"Velvet Choker"},{"not_picked":["Runic Dome","Snecko Eye"],"picked":"Astrolabe"}],"items_purged_floors":[28,38,45],"is_endless":false,"potions_floor_spawned":[12,13,14,16,18,31,33,36,42,46,55],"ascension_level":20}