{"gold_per_floor":[117,192,192,117,127,127,139,139,164,124,140,140,59,59,59,59],"floor_reached":16,"playtime":331,"items_purged":["Strike_G"],"score":176,"play_id":"eccc850d-be74-44d1-82d2-ff9348dfcea3","local_time":"20190212183344","is_ascension_mode":true,"campfire_choices":[{"data":"Neutralize","floor":6,"key":"SMITH"},{"data":"Caltrops","floor":8,"key":"SMITH"},{"data":"Survivor","floor":12,"key":"SMITH"},{"data":"Malaise","floor":15,"key":"SMITH"}],"neow_cost":"NONE","seed_source_timestamp":31745074335443,"circlet_count":0,"master_deck":["AscendersBane","Defend_G","Defend_G","Defend_G","Defend_G","Defend_G","Strike_G","Strike_G","Strike_G+1","Strike_G+1","Survivor+1","Neutralize+1","Caltrops+1","Malaise+1"],"relics":["Velvet Choker","Art of War","Mummified Hand"],"potions_floor_usage":[],"damage_taken":[{"damage":0,"enemies":"2 Louse","floor":1,"turns":4},{"damage":0,"enemies":"Jaw Worm","floor":5,"turns":4},{"damage":0,"enemies":"Cultist","floor":7,"turns":4},{"damage":1,"enemies":"Looter","floor":10,"turns":4},{"damage":0,"enemies":"Blue Slaver","floor":11,"turns":4},{"damage":28,"enemies":"Hexaghost","floor":16,"turns":14}],"seed_played":"-8219349466845079431","potions_obtained":[{"floor":5,"key":"Weak Potion"}],"is_trial":false,"path_per_floor":["M","?","?","$","M","R","M","R","T","M","M","R","$","?","R","B"],"character_chosen":"THE_SILENT","items_purchased":["Malaise"],"campfire_rested":0,"item_purchase_floors":[13],"current_hp_per_floor":[59,48,28,28,28,28,28,28,28,27,27,27,27,27,27,0],"gold":59,"neow_bonus":"BOSS_RELIC","is_prod":false,"is_daily":false,"chose_seed":false,"campfire_upgraded":4,"win_rate":0,"timestamp":1549967624,"path_taken":["M","?","?","$","M","R","M","R","T","M","M","R","$","?","R","BOSS"],"build_version":"2019-01-23","purchased_purges":1,"victory":false,"max_hp_per_floor":[66,66,66,66,66,66,66,66,66,66,66,66,66,66,66,66],"card_choices":[{"not_picked":["Flying Knee","Dagger Throw","Dodge and Roll"],"picked":"SKIP","floor":1},{"not_picked":["Sucker Punch","Poisoned Stab","Cloak And Dagger"],"picked":"SKIP","floor":5},{"not_picked":["Riddle With Holes","Sucker Punch"],"picked":"Caltrops","floor":7},{"not_picked":["Accuracy","Dagger Throw","Prepared"],"picked":"SKIP","floor":10},{"not_picked":["Dagger Spray","Blade Dance","Prepared"],"picked":"SKIP","floor":11}],"player_experience":2653725,"relics_obtained":[{"floor":9,"key":"Art of War"}],"event_choices":[{"damage_healed":0,"gold_gain":75,"player_choice":"Gather Gold","damage_taken":11,"max_hp_gain":0,"max_hp_loss":0,"event_name":"World of Goop","floor":2,"gold_loss":0},{"damage_healed":0,"gold_gain":0,"player_choice":"Entered Light","damage_taken":20,"max_hp_gain":0,"max_hp_loss":0,"event_name":"Shining Light","floor":3,"gold_loss":0,"cards_upgraded":["Strike_G","Strike_G"]},{"damage_healed":0,"gold_gain":0,"player_choice":"Gave Potion","damage_taken":0,"relics_obtained":["Mummified Hand"],"max_hp_gain":0,"max_hp_loss":0,"event_name":"WeMeetAgain","floor":14,"gold_loss":0}],"is_beta":false,"boss_relics":[],"items_purged_floors":[4],"is_endless":false,"potions_floor_spawned":[5],"killed_by":"Hexaghost","ascension_level":20}