{"gold_per_floor":[14,14,14,32,48,48,62,62,108,108,68,78,78,97,97,199,199,216,229,7,31,43,55,67,106,118,55,84,96,120,144,156,269,281,309,421,448,460,488,500,531,554,566,595,707,719,731,488,488,488],"floor_reached":51,"playtime":4633,"items_purged":["Strike_R","Reaper+1"],"score":880,"play_id":"d27788cb-3ead-49ba-8146-ad2010062949","local_time":"20190725212511","is_ascension_mode":true,"campfire_choices":[{"data":"Body Slam","floor":6,"key":"SMITH"},{"data":"Shrug It Off","floor":8,"key":"SMITH"},{"data":"Reaper","floor":13,"key":"SMITH"},{"data":"Shrug It Off","floor":15,"key":"SMITH"},{"data":"Barricade","floor":23,"key":"SMITH"},{"data":"Demon Form","floor":29,"key":"SMITH"},{"data":"Seeing Red","floor":32,"key":"SMITH"},{"data":"Berserk","floor":40,"key":"SMITH"},{"data":"Pommel Strike","floor":46,"key":"SMITH"},{"floor":49,"key":"REST"}],"neow_cost":"NO_GOLD","seed_source_timestamp":459241654673989,"circlet_count":0,"master_deck":["Strike_R+1","Strike_R+1","Strike_R+1","Defend_R+1","Defend_R+1","Defend_R+1","Defend_R+1","Shrug It Off+1","Bludgeon+1","Shrug It Off+1","Body Slam+1","Headbutt","Battle Trance","Barricade+1","Pommel Strike+1","Headbutt+1","Demon Form+1","Seeing Red+1","Shockwave+1","Berserk+1","Madness","Madness","Body Slam+1","Whirlwind+1","Second Wind+1","Impervious"],"relics":["Burning Blood","Dead Branch","Red Skull","Mark of Pain","MawBank","Bag of Preparation","Ginger","Sozu","Question Card","FossilizedHelix","Dodecahedron"],"potions_floor_usage":[12,16,35,44],"damage_taken":[{"damage":7,"enemies":"Small Slimes","floor":1,"turns":3},{"damage":0,"enemies":"Cultist","floor":4,"turns":2},{"damage":0,"enemies":"Jaw Worm","floor":5,"turns":2},{"damage":20,"enemies":"Large Slime","floor":7,"turns":6},{"damage":10,"enemies":"Lots of Slimes","floor":12,"turns":3},{"damage":16,"enemies":"Exordium Thugs","floor":14,"turns":5},{"damage":28,"enemies":"The Guardian","floor":16,"turns":10},{"damage":21,"enemies":"Spheric Guardian","floor":18,"turns":5},{"damage":12,"enemies":"Chosen","floor":19,"turns":2},{"damage":8,"enemies":"Snake Plant","floor":28,"turns":5},{"damage":6,"enemies":"Sentry and Sphere","floor":30,"turns":6},{"damage":0,"enemies":"3 Cultists","floor":31,"turns":5},{"damage":49,"enemies":"Champ","floor":33,"turns":11},{"damage":0,"enemies":"Orb Walker","floor":35,"turns":3},{"damage":7,"enemies":"3 Darklings","floor":37,"turns":4},{"damage":23,"enemies":"Writhing Mass","floor":39,"turns":6},{"damage":9,"enemies":"Spire Growth","floor":41,"turns":3},{"damage":7,"enemies":"Transient","floor":42,"turns":5},{"damage":46,"enemies":"Maw","floor":44,"turns":5},{"damage":0,"enemies":"Mind Bloom Boss Battle","floor":45,"turns":7},{"damage":0,"enemies":"Time Eater","floor":50,"turns":9}],"seed_played":"2864849397298972834","potions_obtained":[{"floor":11,"key":"SneckoOil"},{"floor":11,"key":"PowerPotion"},{"floor":11,"key":"SneckoOil"},{"floor":12,"key":"LiquidBronze"},{"floor":14,"key":"EssenceOfSteel"},{"floor":18,"key":"Fire Potion"},{"floor":28,"key":"Swift Potion"},{"floor":31,"key":"BloodPotion"}],"is_trial":false,"path_per_floor":["M","?","?","M","M","R","M","R","T","?","?","M","R","M","R","B",null,"M","M","$","T","?","R","$","T","T","?","M","R","M","M","R","B",null,"M","?","M","?","M","R","M","M","T","M","?","R","T","$","R","B",null],"character_chosen":"IRONCLAD","items_purchased":["Demon Form","Seeing Red","Impervious"],"campfire_rested":1,"item_purchase_floors":[20,20,48],"current_hp_per_floor":[79,79,79,80,80,80,66,66,66,50,50,46,46,44,44,30,68,53,47,47,47,47,47,47,47,47,47,45,45,50,70,70,27,67,78,78,77,67,57,57,54,58,58,43,60,60,60,60,80,80],"gold":488,"neow_bonus":"ONE_RARE_RELIC","is_prod":false,"is_daily":false,"chose_seed":false,"campfire_upgraded":9,"win_rate":0,"timestamp":1564107911,"path_taken":["M","?","?","?","M","R","M","R","T","?","?","?","R","M","R","BOSS","M","?","?","?","?","R","$","?","T","?","?","R","M","M","R","BOSS","M","?","?","?","M","R","M","M","T","M","?","R","?","$","R","BOSS"],"build_version":"2019-07-17","purchased_purges":2,"victory":true,"max_hp_per_floor":[80,80,80,80,80,80,80,80,80,80,80,80,80,80,80,80,80,80,80,80,80,80,80,80,80,80,80,80,80,80,80,80,80,80,80,80,80,80,80,80,80,80,80,80,80,80,80,80,80,80],"card_choices":[{"not_picked":["Body Slam","Thunderclap"],"picked":"Shrug It Off","floor":1},{"not_picked":["Warcry","Blood for Blood"],"picked":"Shrug It Off","floor":4},{"not_picked":["Combust","Sword Boomerang"],"picked":"Body Slam","floor":5},{"not_picked":["Sword Boomerang","Clothesline"],"picked":"Headbutt","floor":7},{"not_picked":["Twin Strike","Intimidate"],"picked":"Reaper","floor":12},{"not_picked":["Body Slam","Wild Strike"],"picked":"Battle Trance","floor":14},{"not_picked":["Demon Form","Fiend Fire"],"picked":"Barricade","floor":16},{"not_picked":["Anger","Dropkick+1"],"picked":"Pommel Strike","floor":18},{"not_picked":["Pommel Strike","Armaments"],"picked":"Headbutt+1","floor":19},{"not_picked":["Heavy Blade","Anger+1","Cleave+1"],"picked":"SKIP","floor":28},{"not_picked":["Rampage","Uppercut+1"],"picked":"Shockwave+1","floor":30},{"not_picked":["Twin Strike","Carnage+1","Iron Wave"],"picked":"SKIP","floor":31},{"not_picked":["Bludgeon","Barricade"],"picked":"Berserk","floor":33},{"not_picked":["Wild Strike+1","Clash+1","Twin Strike"],"picked":"SKIP","floor":35},{"not_picked":["Havoc+1","Sword Boomerang","Cleave+1"],"picked":"SKIP","floor":37},{"not_picked":["Havoc+1","Reaper"],"picked":"Body Slam+1","floor":39},{"not_picked":["Corruption+1","Flex+1","Sword Boomerang+1"],"picked":"SKIP","floor":41},{"not_picked":["Cleave","Anger+1","Sword Boomerang"],"picked":"SKIP","floor":42},{"not_picked":["Armaments+1","Shrug It Off+1","Berserk"],"picked":"Whirlwind+1","floor":44},{"not_picked":["Flex+1","Heavy Blade+1","True Grit"],"picked":"Second Wind+1","floor":45}],"player_experience":305718,"relics_obtained":[{"floor":9,"key":"Red Skull"},{"floor":21,"key":"MawBank"},{"floor":25,"key":"Bag of Preparation"},{"floor":26,"key":"Ginger"},{"floor":43,"key":"Question Card"},{"floor":45,"key":"FossilizedHelix"},{"floor":47,"key":"Dodecahedron"}],"event_choices":[{"damage_healed":0,"gold_gain":0,"cards_transformed":["Strike_R"],"player_choice":"Change","damage_taken":0,"max_hp_gain":0,"max_hp_loss":0,"event_name":"Living Wall","floor":2,"gold_loss":0,"cards_obtained":["Bludgeon"]},{"damage_healed":0,"gold_gain":0,"player_choice":"Upgraded","damage_taken":0,"max_hp_gain":0,"max_hp_loss":0,"event_name":"Upgrade Shrine","floor":3,"gold_loss":0,"cards_upgraded":["Bludgeon"]},{"damage_healed":0,"gold_gain":0,"player_choice":"Entered Light","damage_taken":16,"max_hp_gain":0,"max_hp_loss":0,"event_name":"Shining Light","floor":10,"gold_loss":0,"cards_upgraded":["Defend_R","Strike_R"]},{"damage_healed":0,"gold_gain":0,"player_choice":"Bought 3 Potions","damage_taken":0,"max_hp_gain":0,"max_hp_loss":0,"event_name":"The Woman in Blue","floor":11,"gold_loss":0},{"damage_healed":0,"gold_gain":0,"player_choice":"Simplicity","damage_taken":0,"max_hp_gain":0,"max_hp_loss":0,"event_name":"Back to Basics","floor":22,"gold_loss":0,"cards_upgraded":["Strike_R","Strike_R","Defend_R","Defend_R","Defend_R"]},{"cards_removed":["Bash"],"damage_healed":0,"gold_gain":0,"player_choice":"Gave Gold","damage_taken":0,"max_hp_gain":0,"max_hp_loss":0,"event_name":"Beggar","floor":27,"gold_loss":75},{"damage_healed":0,"gold_gain":100,"player_choice":"Pray","damage_taken":0,"max_hp_gain":0,"max_hp_loss":0,"event_name":"Golden Shrine","floor":36,"gold_loss":0},{"damage_healed":0,"gold_gain":0,"player_choice":"Embrace Madness","damage_taken":10,"max_hp_gain":0,"max_hp_loss":0,"event_name":"Winding Halls","floor":38,"gold_loss":0,"cards_obtained":["Madness","Madness"]},{"damage_healed":0,"gold_gain":0,"player_choice":"Fight","damage_taken":0,"max_hp_gain":0,"max_hp_loss":0,"event_name":"MindBloom","floor":45,"gold_loss":0}],"is_beta":false,"boss_relics":[{"not_picked":["White Beast Statue","Coffee Dripper"],"picked":"Mark of Pain"},{"not_picked":["Black Blood","Lizard Tail"],"picked":"Sozu"}],"items_purged_floors":[20,48],"is_endless":false,"potions_floor_spawned":[12,14,18,28,31,37,39,45],"ascension_level":5}