{"gold_per_floor":[114,114,132,57,207,207,265,165,165,165,193,212,212,240,240,317,317,291,216,36,83,83,83,83,83,83,102,136,186,220,70,70,144,144,158,168,168,178,188,188,214,214,214,214,232,260,260,310,310,310,310,310,310,48,76,76],"floor_reached":57,"playtime":2369,"items_purged":["Strike_G","Doubt","Strike_G","Strike_G","Strike_G"],"score":3420,"play_id":"8c668031-6799-4620-9cf7-ba5543c6e84c","local_time":"20190225124148","is_ascension_mode":true,"campfire_choices":[{"data":"Deadly Poison","floor":6.0,"key":"SMITH"},{"data":"Footwork","floor":10.0,"key":"SMITH"},{"data":"Acrobatics","floor":13.0,"key":"SMITH"},{"data":"Grand Finale","floor":15.0,"key":"SMITH"},{"data":"Acrobatics","floor":23.0,"key":"SMITH"},{"data":"Backflip","floor":25.0,"key":"SMITH"},{"data":"Concentrate","floor":32.0,"key":"SMITH"},{"floor":40.0,"key":"RECALL"},{"data":"Survivor","floor":44,"key":"SMITH"},{"data":"Acrobatics","floor":47,"key":"SMITH"},{"data":"Defend_G","floor":49,"key":"SMITH"},{"data":"Defend_G","floor":53,"key":"SMITH"}],"neow_cost":"NONE","seed_source_timestamp":0,"circlet_count":0,"master_deck":["AscendersBane","Defend_G+1","Defend_G+1","Defend_G","Defend_G+1","Defend_G","Survivor+1","Neutralize+1","Deadly Poison+1","Footwork+1","Acrobatics+1","Grand Finale+1","Backflip+1","Acrobatics+1","Clumsy","Concentrate+1","Acrobatics+1","Prepared+1"],"special_seed":0,"relics":["Ring of the Snake","NeowsBlessing","Tiny Chest","Snake Skull","Gremlin Horn","Torii","Cursed Key","Bag of Marbles","Kunai","Runic Pyramid","Regal Pillow","Bronze Scales","Ornamental Fan"],"potions_floor_usage":[41,41,41,41,56,56],"damage_taken":[{"damage":0.0,"enemies":"Jaw Worm","floor":1.0,"turns":1.0},{"damage":0.0,"enemies":"2 Louse","floor":3.0,"turns":1.0},{"damage":0.0,"enemies":"Gremlin Nob","floor":7.0,"turns":1.0},{"damage":9.0,"enemies":"Lagavulin","floor":11.0,"turns":7.0},{"damage":0.0,"enemies":"Cultist","floor":12.0,"turns":4.0},{"damage":22.0,"enemies":"3 Sentries","floor":14.0,"turns":14.0},{"damage":4.0,"enemies":"Hexaghost","floor":16.0,"turns":10.0},{"damage":1.0,"enemies":"2 Thieves","floor":18.0,"turns":4.0},{"damage":3.0,"enemies":"Chosen","floor":27.0,"turns":7.0},{"damage":0.0,"enemies":"Gremlin Leader","floor":28.0,"turns":3.0},{"damage":0.0,"enemies":"Slavers","floor":30.0,"turns":2.0},{"damage":0.0,"enemies":"Collector","floor":33.0,"turns":5.0},{"damage":1.0,"enemies":"3 Shapes","floor":35.0,"turns":2.0},{"damage":0.0,"enemies":"3 Darklings","floor":36.0,"turns":2.0},{"damage":0.0,"enemies":"Sphere and 2 Shapes","floor":38.0,"turns":2.0},{"damage":1.0,"enemies":"Transient","floor":39.0,"turns":6.0},{"damage":19,"enemies":"Reptomancer","floor":41,"turns":5},{"damage":0,"enemies":"Spire Growth","floor":45,"turns":3},{"damage":0,"enemies":"Giant Head","floor":46,"turns":6},{"damage":0,"enemies":"Donu and Deca","floor":50,"turns":6},{"damage":0,"enemies":"Awakened One","floor":51,"turns":6},{"damage":0,"enemies":"Shield and Spear","floor":55,"turns":3},{"damage":23,"enemies":"The Heart","floor":56,"turns":8}],"seed_played":"-1542749664967925743","potions_obtained":[{"floor":11.0,"key":"EntropicBrew"},{"floor":12.0,"key":"EssenceOfSteel"},{"floor":18.0,"key":"Fire Potion"},{"floor":30.0,"key":"Weak Potion"},{"floor":35.0,"key":"EntropicBrew"},{"floor":45,"key":"Energy Potion"},{"floor":46,"key":"SpeedPotion"}],"is_trial":false,"path_per_floor":["M","?","M","$","?","R","E","$","T","R","E","M","R","E","R","B",null,"M","?","$","T","$","R","T","R","T","M","E","?","E","$","R","B",null,"M","M","$","M","M","R","E","?","T","R","M","E","R","?","R","B","B",null,"R","$","E","B",null],"character_chosen":"THE_SILENT","items_purchased":["Acrobatics","Ancient Potion"],"campfire_rested":0,"item_purchase_floors":[20,54],"current_hp_per_floor":[59,39,39,39,39,39,39,39,39,39,30,30,30,8,8,4,51,50,50,50,50,50,50,50,50,50,47,47,47,47,47,47,47,61,60,60,60,60,59,59,40,40,40,40,40,40,40,40,40,40,40,60,60,60,60,37],"gold":76,"neow_bonus":"THREE_ENEMY_KILL","is_prod":false,"is_daily":false,"chose_seed":false,"campfire_upgraded":11,"win_rate":0,"timestamp":1551069708,"path_taken":["M","?","M","$","?","R","E","$","T","R","E","M","R","E","R","BOSS","M","?","$","?","?","R","?","R","T","?","E","?","E","$","R","BOSS","M","M","$","M","M","R","E","?","T","R","M","E","R","?","R","BOSS","BOSS","R","$","E","BOSS"],"build_version":"2019-01-23","purchased_purges":5,"victory":true,"max_hp_per_floor":[66,66,66,66,66,66,66,66,66,66,66,66,66,66,66,66,66,66,66,66,66,66,66,66,66,66,66,66,66,66,66,66,66,66,66,66,66,66,66,66,66,66,66,66,66,66,66,66,66,66,66,66,66,66,66,66],"card_choices":[{"not_picked":["Flying Knee","Dodge and Roll"],"picked":"Deadly Poison","floor":1.0},{"not_picked":["Outmaneuver","Deflect"],"picked":"Footwork","floor":3.0},{"not_picked":["Dodge and Roll","Slice"],"picked":"Acrobatics","floor":7.0},{"not_picked":["Prepared","Dagger Spray"],"picked":"Grand Finale","floor":11.0},{"not_picked":["Dash","Dagger Spray","Poisoned Stab"],"picked":"SKIP","floor":12.0},{"not_picked":["Deadly Poison","Flying Knee","Cloak And Dagger"],"picked":"SKIP","floor":14.0},{"not_picked":["Prepared","Setup"],"picked":"Backflip","floor":18.0},{"not_picked":["Predator","Skewer","Eviscerate"],"picked":"SKIP","floor":27.0},{"not_picked":["Acrobatics","Prepared"],"picked":"Concentrate","floor":28.0},{"not_picked":["Bullet Time","Riddle With Holes","Dagger Throw"],"picked":"SKIP","floor":30.0},{"not_picked":["Flying Knee+1","Infinite Blades","Bouncing Flask+1"],"picked":"SKIP","floor":35.0},{"not_picked":["Deadly Poison","Poisoned Stab","Deflect"],"picked":"SKIP","floor":36.0},{"not_picked":["Sucker Punch","Backflip","Dagger Throw"],"picked":"SKIP","floor":38.0},{"not_picked":["Expertise","Finisher","Deadly Poison"],"picked":"SKIP","floor":39.0},{"not_picked":["Expertise","Finisher","Deadly Poison"],"picked":"SKIP","floor":39.0},{"not_picked":["Blade Dance","Skewer","Underhanded Strike"],"picked":"SKIP","floor":41},{"not_picked":["Flying Knee","Noxious Fumes","Riddle With Holes+1"],"picked":"SKIP","floor":45},{"not_picked":["Bane","PiercingWail+1"],"picked":"Acrobatics","floor":46},{"not_picked":["Terror","Backflip"],"picked":"Prepared+1","floor":55}],"player_experience":3116503,"relics_obtained":[{"floor":7.0,"key":"Tiny Chest"},{"floor":9.0,"key":"Snake Skull"},{"floor":11.0,"key":"Gremlin Horn"},{"floor":14.0,"key":"Torii"},{"floor":28.0,"key":"Bag of Marbles"},{"floor":30.0,"key":"Kunai"},{"floor":41,"key":"Regal Pillow"},{"floor":46,"key":"Bronze Scales"},{"floor":55,"key":"Ornamental Fan"}],"event_choices":[{"damage_healed":0.0,"max_hp_gain":0.0,"max_hp_loss":0.0,"gold_gain":0.0,"event_name":"Shining Light","player_choice":"Entered Light","floor":2.0,"gold_loss":0.0,"damage_taken":20.0,"cards_upgraded":["Defend_G","Neutralize"]},{"damage_healed":0.0,"max_hp_gain":0.0,"max_hp_loss":0.0,"gold_gain":150.0,"event_name":"Liars Game","player_choice":"AGREE","floor":5.0,"gold_loss":0.0,"damage_taken":0.0,"cards_obtained":["Doubt"]},{"cards_removed":["Strike_G"],"damage_healed":0.0,"max_hp_gain":0.0,"max_hp_loss":0.0,"gold_gain":0.0,"event_name":"Designer","player_choice":"Single Remove","floor":19.0,"gold_loss":75.0,"damage_taken":0.0},{"damage_healed":0.0,"max_hp_gain":0.0,"max_hp_loss":0.0,"gold_gain":50.0,"event_name":"Nest","player_choice":"Stole From Cult","floor":29.0,"gold_loss":0.0,"damage_taken":0.0},{"damage_healed":0,"gold_gain":0,"player_choice":"Ignored","damage_taken":0,"max_hp_gain":0,"max_hp_loss":0,"event_name":"Tomb of Lord Red Mask","floor":42,"gold_loss":0},{"damage_healed":0,"gold_gain":50,"player_choice":"Pray","damage_taken":0,"max_hp_gain":0,"max_hp_loss":0,"event_name":"Golden Shrine","floor":48,"gold_loss":0}],"is_beta":false,"boss_relics":[{"not_picked":["HoveringKite","Fusion Hammer"],"picked":"Cursed Key"},{"not_picked":["Philosopher\u0027s Stone","Tiny House"],"picked":"Runic Pyramid"}],"items_purged_floors":[4,8,20,31,54],"is_endless":false,"potions_floor_spawned":[11,12,14,18,30,35,45,46,55],"ascension_level":20}