{"gold_per_floor":[111,111,36,36,52,96,96,96,96,135,154,168,168,212,224,327,339,372,407,419,431,458,470,505,417,417,486,77,93,93],"floor_reached":30,"playtime":878,"items_purged":["Strike_B","Strike_B","Defend_B"],"score":586,"play_id":"9bcf26e3-7cbb-4399-ab26-32220cc62b76","local_time":"20181119161341","is_ascension_mode":true,"campfire_choices":[{"data":"Streamline","floor":8.0,"key":"SMITH"},{"data":"Zap","floor":13.0,"key":"SMITH"},{"data":"Blizzard","floor":15.0,"key":"SMITH"},{"data":"Coolheaded","floor":23,"key":"SMITH"}],"neow_cost":"NONE","seed_source_timestamp":1659368709974001,"circlet_count":0,"master_deck":["AscendersBane","Strike_B","Defend_B","Defend_B","Defend_B","Zap+1","Dualcast","Coolheaded+1","Blizzard+1","Meteor Strike","Doom and Gloom","Recycle","Force Field"],"special_seed":0,"relics":["Cracked Core","NeowsBlessing","Golden Idol","Potion Belt","Mercury Hourglass","Happy Flower","MawBank","Snecko Eye","Nilry\u0027s Codex","Dead Branch","Regal Pillow","Tiny Chest","Frozen Egg 2"],"potions_floor_usage":[22,29,30],"damage_taken":[{"damage":0.0,"enemies":"2 Louse","floor":1.0,"turns":1.0},{"damage":0.0,"enemies":"Jaw Worm","floor":5.0,"turns":1.0},{"damage":0.0,"enemies":"3 Sentries","floor":6.0,"turns":1.0},{"damage":11.0,"enemies":"Gremlin Nob","floor":10.0,"turns":3.0},{"damage":1.0,"enemies":"Cultist","floor":11.0,"turns":3.0},{"damage":9.0,"enemies":"Red Slaver","floor":12.0,"turns":3.0},{"damage":10.0,"enemies":"3 Sentries","floor":14.0,"turns":6.0},{"damage":23,"enemies":"The Guardian","floor":16,"turns":12},{"damage":0,"enemies":"Spheric Guardian","floor":18,"turns":3},{"damage":5,"enemies":"3 Byrds","floor":19,"turns":3},{"damage":23,"enemies":"Centurion and Healer","floor":22,"turns":4},{"damage":0,"enemies":"3 Cultists","floor":24,"turns":3},{"damage":10,"enemies":"Slavers","floor":27,"turns":3},{"damage":0,"enemies":"Snake Plant","floor":29,"turns":2},{"damage":10,"enemies":"Book of Stabbing","floor":30,"turns":1}],"seed_played":"-7998509531813536768","potions_obtained":[{"floor":5.0,"key":"Swift Potion"},{"floor":10.0,"key":"SteroidPotion"},{"floor":11.0,"key":"Regen Potion"},{"floor":12.0,"key":"Dexterity Potion"},{"floor":16,"key":"Regen Potion"},{"floor":22,"key":"PowerPotion"},{"floor":27,"key":"Fire Potion"}],"is_trial":false,"path_per_floor":["M","?","$","?","M","E","$","R","T","E","M","M","R","E","R","B",null,"M","M","?","?","M","R","M","$","T","E","$","M","E"],"character_chosen":"DEFECT","items_purchased":["Frozen Egg 2"],"campfire_rested":0,"item_purchase_floors":[28],"current_hp_per_floor":[64,57,57,57,57,57,57,57,57,46,45,36,36,41,41,18,53,53,48,27,27,16,16,16,16,16,6,6,6,0],"gold":93,"neow_bonus":"THREE_ENEMY_KILL","is_prod":false,"is_daily":false,"chose_seed":true,"campfire_upgraded":4,"win_rate":0,"timestamp":1542615221,"path_taken":["M","?","$","?","M","E","?","R","T","E","M","?","R","E","R","BOSS","M","M","?","?","M","R","?","$","T","E","$","M","E"],"build_version":"2018-11-15","purchased_purges":3,"victory":false,"max_hp_per_floor":[71,71,71,64,64,64,64,64,64,64,64,64,64,64,64,64,64,64,64,64,64,64,64,64,64,64,64,64,64,64],"card_choices":[{"not_picked":["Steam","Gash","Leap"],"picked":"SKIP","floor":1.0},{"not_picked":["Beam Cell","Go for the Eyes"],"picked":"Streamline","floor":5.0},{"not_picked":["Sweeping Beam","Steam","Streamline"],"picked":"SKIP","floor":6.0},{"not_picked":["Doom and Gloom","Multi-Cast","Steam"],"picked":"SKIP","floor":10.0},{"not_picked":["Sweeping Beam","Stack"],"picked":"Coolheaded","floor":11.0},{"not_picked":["Coolheaded","Aggregate","Streamline"],"picked":"SKIP","floor":12.0},{"not_picked":["Auto Shields","Hologram"],"picked":"Blizzard","floor":14.0},{"not_picked":["Seek","Multi-Cast"],"picked":"Meteor Strike","floor":16},{"not_picked":["Leap","Beam Cell+1"],"picked":"Doom and Gloom","floor":18},{"not_picked":["Redo+1","Sweeping Beam","Chill+1"],"picked":"SKIP","floor":19},{"not_picked":["Conserve Battery","Steam+1","Gash+1"],"picked":"SKIP","floor":22},{"not_picked":["Skim","Rebound"],"picked":"Recycle","floor":24},{"not_picked":["Aggregate","Chill+1"],"picked":"Force Field","floor":27},{"not_picked":["Steam Power","Melter","Steam"],"picked":"SKIP","floor":29}],"player_experience":552555,"relics_obtained":[{"floor":6.0,"key":"Potion Belt"},{"floor":9.0,"key":"Mercury Hourglass"},{"floor":10.0,"key":"Happy Flower"},{"floor":14.0,"key":"MawBank"},{"floor":20,"key":"Nilry\u0027s Codex"},{"floor":26,"key":"Regal Pillow"},{"floor":27,"key":"Tiny Chest"}],"event_choices":[{"cards_removed":["Strike_B"],"damage_healed":0.0,"max_hp_gain":0.0,"max_hp_loss":0.0,"gold_gain":0.0,"event_name":"Golden Wing","player_choice":"Card Removal","floor":2.0,"gold_loss":0.0,"damage_taken":7.0},{"damage_healed":0.0,"max_hp_gain":0.0,"max_hp_loss":7.0,"gold_gain":0.0,"event_name":"Golden Idol","player_choice":"Lose Max HP","floor":4.0,"gold_loss":0.0,"damage_taken":0.0,"relics_obtained":["Golden Idol"]},{"damage_healed":0,"gold_gain":0,"player_choice":"Obtained Book","damage_taken":21,"max_hp_gain":0,"max_hp_loss":0,"event_name":"Cursed Tome","floor":20,"gold_loss":0},{"cards_removed":["Streamline"],"damage_healed":0,"gold_gain":0,"player_choice":"Gave Card","damage_taken":0,"relics_obtained":["Dead Branch"],"max_hp_gain":0,"max_hp_loss":0,"event_name":"WeMeetAgain","floor":21,"gold_loss":0}],"is_beta":true,"boss_relics":[{"not_picked":["Runic Pyramid","Empty Cage"],"picked":"Snecko Eye"}],"items_purged_floors":[3,25,28],"is_endless":false,"potions_floor_spawned":[5,10,11,12,16,22,27],"killed_by":"Book of Stabbing","ascension_level":20}