{"path_per_floor":["M","?","M","?","$","R","$","E","T","R","M","E","?","E","R","B",null,"M","?","?","?","$","R"],"character_chosen":"THE_SILENT","items_purchased":["Catalyst"],"gold_per_floor":[11,11,21,21,21,21,21,48,48,48,59,93,93,123,123,223,223,235,385,385,385,229,229,229],"floor_reached":24,"campfire_rested":1,"playtime":646,"item_purchase_floors":[22],"current_hp_per_floor":[62,62,58,58,58,58,58,12,12,33,33,22,22,20,20,35,61,61,61,61,61,61,61,0],"items_purged":["Defend_G"],"gold":229,"score":387,"play_id":"2ed2559b-ccee-4ede-baa4-0968587eef84","local_time":"20180612194535","is_prod":false,"is_daily":false,"chose_seed":false,"is_ascension_mode":true,"campfire_upgraded":3,"win_rate":0,"timestamp":1528803935,"campfire_choices":[{"data":"Deadly Poison","floor":6,"key":"SMITH"},{"floor":10,"key":"REST"},{"data":"Neutralize","floor":15,"key":"SMITH"},{"data":"Footwork","floor":23,"key":"SMITH"}],"path_taken":["M","?","M","?","?","R","$","E","T","R","M","E","?","E","R","BOSS","M","?","?","?","$","R","E"],"build_version":"2018-06-11","seed_source_timestamp":37109752783697,"purchased_purges":1,"victory":false,"master_deck":["Defend_G","Defend_G","Defend_G","Strike_G","Strike_G","Survivor","Neutralize+1","AscendersBane","Bane","Swift Strike","Deadly Poison+1","Escape Plan","Deadly Poison","Calculated Gamble","Footwork+1","Deadly Poison","After Image+1","Glass Knife+1","Riddle With Holes+1","Night Terror+1","Poisoned Stab","Blur","Catalyst"],"max_hp_per_floor":[70,70,70,70,70,70,70,70,70,70,70,70,70,70,70,70,70,70,70,70,70,70,70,70],"special_seed":0,"relics":["Ring of the Snake","Gambling Chip","Question Card","Dream Catcher","Frozen Egg 2","Snake Skull","Astrolabe"],"card_choices":[{"not_picked":["Acrobatics","PiercingWail"],"picked":"Bane","floor":1},{"not_picked":["Quick Slash","Deflect"],"picked":"Escape Plan","floor":3},{"not_picked":["PiercingWail","Dodge and Roll"],"picked":"Deadly Poison","floor":8},{"not_picked":["Dagger Throw","Acrobatics","Glass Knife"],"picked":"Calculated Gamble","floor":10},{"not_picked":["Flying Knee","Backstab","PiercingWail"],"picked":"Footwork","floor":11},{"not_picked":["Flechettes","Underhanded Strike","Cloak And Dagger","Quick Slash"],"picked":"SKIP","floor":12},{"not_picked":["Doppelganger","Outmaneuver","PiercingWail"],"picked":"Deadly Poison","floor":14},{"not_picked":["Die Die Die","Storm of Steel","Bullet Time"],"picked":"After Image+1","floor":16},{"not_picked":["Dagger Throw+1","Predator+1","PiercingWail"],"picked":"Poisoned Stab","floor":18}],"player_experience":579176,"potions_floor_usage":[11,12,14,16,16,24],"damage_taken":[{"damage":1,"enemies":"Cultist","floor":1,"turns":4},{"damage":4,"enemies":"Jaw Worm","floor":3,"turns":2},{"damage":46,"enemies":"Gremlin Nob","floor":8,"turns":5},{"damage":0,"enemies":"2 Louse","floor":11,"turns":2},{"damage":11,"enemies":"Lagavulin","floor":12,"turns":5},{"damage":2,"enemies":"Gremlin Nob","floor":14,"turns":3},{"damage":0,"enemies":"The Guardian","floor":16,"turns":7},{"damage":0,"enemies":"Shell Parasite","floor":18,"turns":4},{"damage":66,"enemies":"Slavers","floor":24,"turns":5}],"relics_obtained":[{"floor":8,"key":"Question Card"},{"floor":9,"key":"Dream Catcher"},{"floor":12,"key":"Frozen Egg 2"},{"floor":14,"key":"Snake Skull"}],"event_choices":[{"event_name":"Match and Keep!","player_choice":"2 cards matched","floor":2,"damage_taken":0},{"event_name":"Bonfire Elementals","player_choice":"BASIC","floor":4,"damage_taken":0},{"event_name":"Liars Game","player_choice":"disagreed","floor":13,"damage_taken":0},{"event_name":"Nest","player_choice":"Stole From Cult","floor":19,"damage_taken":0},{"event_name":"N\u0027loth","player_choice":"Ignored","floor":20,"damage_taken":0},{"event_name":"The Library","player_choice":"Read","floor":21,"damage_taken":0}],"boss_relics":[{"not_picked":["White Beast Statue","Pandora\u0027s Box"],"picked":"Astrolabe"}],"items_purged_floors":[22],"potions_floor_spawned":[8,12,14,18],"seed_played":"2637350412316313138","killed_by":"Slavers","ascension_level":10,"potions_obtained":[{"floor":8,"key":"EntropicBrew"},{"floor":12,"key":"LiquidBronze"},{"floor":14,"key":"Regen Potion"},{"floor":18,"key":"AttackPotion"}],"is_trial":false}