{"gold_per_floor":[369,369,388,402,413,413,429,429],"floor_reached":8,"playtime":248,"items_purged":[],"score":100,"play_id":"5e2c2f7f-cd3d-408b-89e4-fa8b0669f949","local_time":"20190410064321","is_ascension_mode":true,"campfire_choices":[{"data":"Poisoned Stab","floor":6,"key":"SMITH"}],"neow_cost":"PERCENT_DAMAGE","seed_source_timestamp":8678746875344,"circlet_count":0,"master_deck":["AscendersBane","Defend_G","Defend_G","Defend_G","Defend_G","Defend_G","Strike_G","Strike_G","Strike_G","Strike_G","Survivor","Neutralize","Blade Dance","Poisoned Stab+1","Distraction"],"special_seed":0,"relics":["Ring of the Snake"],"potions_floor_usage":[5],"damage_taken":[{"damage":1.0,"enemies":"2 Louse","floor":1.0,"turns":3.0},{"damage":1.0,"enemies":"Cultist","floor":3.0,"turns":6.0},{"damage":1.0,"enemies":"Small Slimes","floor":4.0,"turns":4.0},{"damage":0,"enemies":"Looter","floor":5,"turns":2},{"damage":20,"enemies":"Large Slime","floor":7,"turns":10},{"damage":0,"enemies":"Lagavulin","floor":8,"turns":3}],"seed_played":"-5896356244758752738","potions_obtained":[{"floor":3.0,"key":"SteroidPotion"},{"floor":4.0,"key":"GhostInAJar"}],"is_trial":false,"path_per_floor":["M","?","M","M","M","R","M","E"],"character_chosen":"THE_SILENT","items_purchased":[],"campfire_rested":0,"item_purchase_floors":[],"current_hp_per_floor":[43,43,42,41,41,41,21,21],"gold":429,"neow_bonus":"TWO_FIFTY_GOLD","is_prod":false,"is_daily":false,"chose_seed":false,"campfire_upgraded":1,"win_rate":0,"timestamp":1554849801,"path_taken":["M","?","?","M","?","R","M","E"],"build_version":"2019-01-23","purchased_purges":0,"victory":false,"max_hp_per_floor":[66,66,66,66,66,66,66,66],"card_choices":[{"not_picked":["Slice","Dodge and Roll","Accuracy"],"picked":"SKIP","floor":1.0},{"not_picked":["Distraction","Blade Dance","Quick Slash"],"picked":"SKIP","floor":3.0},{"not_picked":["Distraction","Quick Slash"],"picked":"Blade Dance","floor":3.0},{"not_picked":["Deflect","Dodge and Roll","Sucker Punch"],"picked":"SKIP","floor":4.0},{"not_picked":["Prepared","Deflect"],"picked":"Poisoned Stab","floor":5},{"not_picked":["Dodge and Roll","Eviscerate"],"picked":"Distraction","floor":7}],"player_experience":4187408,"relics_obtained":[],"event_choices":[{"cards_removed":["Strike_G"],"damage_healed":0.0,"max_hp_gain":0.0,"max_hp_loss":0.0,"gold_gain":0.0,"event_name":"Bonfire Elementals","player_choice":"Offered Basic","floor":2.0,"gold_loss":0.0,"damage_taken":0.0}],"is_beta":false,"boss_relics":[],"items_purged_floors":[],"is_endless":false,"potions_floor_spawned":[3,4],"killed_by":"Lagavulin","ascension_level":20}