{"gold_per_floor":[110,126,126,136,61,61,61,61,61,86,98,98,112,131,131,207,207,221,221,252,65,65,83,101,101,128,128,128,228,243,270,270,347,347,357,370,270,288,71,71,84,117,117,117,117,117,165,184,184,184,184,184,184,59,89,89],"floor_reached":57,"playtime":6737,"items_purged":["Strike_G","Blade Dance","A Thousand Cuts"],"score":3250,"play_id":"aff0f682-d0a8-4a42-a158-a00aa531b575","local_time":"20190204190856","is_ascension_mode":true,"campfire_choices":[{"data":"Phantasmal Killer","floor":6.0,"key":"SMITH"},{"data":"Neutralize","floor":8.0,"key":"SMITH"},{"data":"Accuracy","floor":12.0,"key":"SMITH"},{"data":"Well Laid Plans","floor":15.0,"key":"SMITH"},{"data":"Reflex","floor":25.0,"key":"SMITH"},{"data":"Prepared","floor":28.0,"key":"SMITH"},{"data":"Tactician","floor":32.0,"key":"SMITH"},{"data":"Malaise","floor":40.0,"key":"SMITH"},{"floor":46.0,"key":"RECALL"},{"data":"Survivor","floor":49.0,"key":"SMITH"},{"data":"Master of Strategy","floor":53.0,"key":"SMITH"}],"neow_cost":"NONE","seed_source_timestamp":27083724810620,"circlet_count":0,"master_deck":["AscendersBane","Survivor+1","Neutralize+1","Infinite Blades","Accuracy+1","Adrenaline","Well Laid Plans+1","Malaise+1","Acrobatics+1","Catalyst","Backstab","Reflex+1","Prepared+1","Venomology","Tactician+1","Master of Strategy+1","After Image","Gash+1"],"special_seed":0,"relics":["Ring of the Snake","Vajra","Blue Candle","Pandora\u0027s Box","Red Mask","Anchor","Calipers","Singing Bowl","Incense Burner","Runic Pyramid","PrismaticShard","Art of War","Ginger","Bird Faced Urn"],"potions_floor_usage":[56],"damage_taken":[{"damage":2.0,"enemies":"Jaw Worm","floor":1.0,"turns":5.0},{"damage":1.0,"enemies":"Small Slimes","floor":2.0,"turns":4.0},{"damage":0.0,"enemies":"Cultist","floor":4.0,"turns":4.0},{"damage":26.0,"enemies":"Lagavulin","floor":10.0,"turns":8.0},{"damage":5.0,"enemies":"Blue Slaver","floor":11.0,"turns":4.0},{"damage":7.0,"enemies":"Exordium Wildlife","floor":13.0,"turns":4.0},{"damage":0.0,"enemies":"Large Slime","floor":14.0,"turns":3.0},{"damage":0.0,"enemies":"Slime Boss","floor":16.0,"turns":4.0},{"damage":10.0,"enemies":"3 Byrds","floor":18.0,"turns":4.0},{"damage":32.0,"enemies":"Masked Bandits","floor":20.0,"turns":4.0},{"damage":0.0,"enemies":"Spheric Guardian","floor":23.0,"turns":2.0},{"damage":0.0,"enemies":"Snecko","floor":24.0,"turns":4.0},{"damage":1.0,"enemies":"Colosseum Slavers","floor":29.0,"turns":2.0},{"damage":0.0,"enemies":"Colosseum Nobs","floor":29.0,"turns":2.0},{"damage":0.0,"enemies":"Snake Plant","floor":30.0,"turns":2.0},{"damage":0.0,"enemies":"Book of Stabbing","floor":31.0,"turns":2.0},{"damage":0.0,"enemies":"Collector","floor":33.0,"turns":2.0},{"damage":0.0,"enemies":"Orb Walker","floor":35.0,"turns":2.0},{"damage":0.0,"enemies":"3 Shapes","floor":36.0,"turns":3.0},{"damage":0.0,"enemies":"Spire Growth","floor":38.0,"turns":2.0},{"damage":0.0,"enemies":"Jaw Worm Horde","floor":41.0,"turns":2.0},{"damage":0.0,"enemies":"Giant Head","floor":42.0,"turns":2.0},{"damage":0.0,"enemies":"2 Orb Walkers","floor":47.0,"turns":2.0},{"damage":0.0,"enemies":"Sphere and 2 Shapes","floor":48.0,"turns":2.0},{"damage":0.0,"enemies":"Time Eater","floor":50.0,"turns":6.0},{"damage":0.0,"enemies":"Awakened One","floor":51.0,"turns":3.0},{"damage":0.0,"enemies":"Shield and Spear","floor":55.0,"turns":3.0},{"damage":1,"enemies":"The Heart","floor":56,"turns":4}],"seed_played":"8918565333837407533","potions_obtained":[{"floor":1.0,"key":"Weak Potion"},{"floor":10.0,"key":"Energy Potion"},{"floor":11.0,"key":"AttackPotion"},{"floor":14.0,"key":"Swift Potion"},{"floor":20.0,"key":"SteroidPotion"},{"floor":48.0,"key":"Swift Potion"},{"floor":55.0,"key":"SteroidPotion"}],"is_trial":false,"path_per_floor":["M","M","?","M","$","R","?","R","T","E","M","R","M","M","R","B",null,"M","?","?","$","?","M","M","R","T","?","R","?","M","E","R","B",null,"M","M","$","M","$","R","M","E","T","?","?","R","?","M","R","B","B",null,"R","$","E","B",null],"character_chosen":"THE_SILENT","items_purchased":["Master of Strategy","PrismaticShard"],"campfire_rested":0,"item_purchase_floors":[21,39],"current_hp_per_floor":[57,56,49,49,49,49,49,49,49,23,18,18,11,11,11,11,52,42,55,23,23,23,23,23,23,23,23,23,24,26,26,26,28,61,63,65,65,67,67,67,69,69,69,69,69,69,71,73,73,73,73,78,78,78,80,82],"gold":89,"neow_bonus":"ONE_RANDOM_RARE_CARD","is_prod":false,"is_daily":false,"chose_seed":false,"campfire_upgraded":10,"win_rate":0,"timestamp":1549278536,"path_taken":["M","M","?","M","$","R","?","R","T","E","M","R","?","M","R","BOSS","M","?","?","$","?","?","M","R","T","?","R","?","M","E","R","BOSS","M","M","$","M","$","R","M","E","T","?","?","R","?","M","R","BOSS","BOSS","R","$","E","BOSS"],"build_version":"2019-01-23","purchased_purges":3,"victory":true,"max_hp_per_floor":[66,66,66,66,66,66,66,66,66,66,66,66,66,66,66,66,66,66,66,66,66,66,66,66,66,66,66,66,68,70,70,70,72,72,74,76,76,78,78,78,80,80,80,80,76,76,78,80,80,80,80,80,80,80,82,82],"card_choices":[{"not_picked":["Caltrops","Crippling Poison","PiercingWail"],"picked":"SKIP","floor":1.0},{"not_picked":["Setup","Dagger Throw"],"picked":"Infinite Blades","floor":2.0},{"not_picked":["Quick Slash","Dodge and Roll","Poisoned Stab"],"picked":"SKIP","floor":4.0},{"not_picked":["Backflip","Concentrate"],"picked":"Accuracy","floor":10.0},{"not_picked":["Sucker Punch","Dodge and Roll"],"picked":"Blade Dance","floor":11.0},{"not_picked":["Backflip","Blade Dance"],"picked":"Adrenaline","floor":13.0},{"not_picked":["Finisher","Setup"],"picked":"Well Laid Plans","floor":14.0},{"not_picked":["Phantasmal Killer","A Thousand Cuts"],"picked":"Malaise","floor":16.0},{"not_picked":["Dagger Spray","Blade Dance"],"picked":"Tactician","floor":18.0},{"not_picked":["Expertise","Terror","Escape Plan"],"picked":"SKIP","floor":23.0},{"not_picked":["Finisher+1","Quick Slash","Infinite Blades"],"picked":"SKIP","floor":24.0},{"not_picked":["Caltrops","Footwork","Concentrate"],"picked":"Singing Bowl","floor":29.0},{"not_picked":["Deadly Poison","Prepared","Tactician+1"],"picked":"Singing Bowl","floor":30.0},{"not_picked":["Deflect","Outmaneuver"],"picked":"After Image","floor":31.0},{"not_picked":["Venomology","Phantasmal Killer","Grand Finale"],"picked":"Singing Bowl","floor":33.0},{"not_picked":["Cloak And Dagger+1","Endless Agony","Sucker Punch"],"picked":"Singing Bowl","floor":35.0},{"not_picked":["Dodge and Roll","Distraction","Dagger Spray+1"],"picked":"Singing Bowl","floor":36.0},{"not_picked":["Endless Agony","Flying Knee","Quick Slash"],"picked":"Singing Bowl","floor":38.0},{"not_picked":["Warcry","Cold Snap+1","Inflame"],"picked":"Singing Bowl","floor":41.0},{"not_picked":["Flame Barrier","Madness"],"picked":"Gash+1","floor":42.0},{"not_picked":["FTL","Aggregate","Terror"],"picked":"Singing Bowl","floor":47.0},{"not_picked":["Sunder","Chrysalis","Beam Cell"],"picked":"Singing Bowl","floor":48.0},{"not_picked":["Deep Breath","Rupture","Blur+1"],"picked":"Singing Bowl","floor":55.0}],"player_experience":2511820,"relics_obtained":[{"floor":9.0,"key":"Vajra"},{"floor":10.0,"key":"Blue Candle"},{"floor":20.0,"key":"Red Mask"},{"floor":26.0,"key":"Anchor"},{"floor":29.0,"key":"Calipers"},{"floor":29.0,"key":"Singing Bowl"},{"floor":31.0,"key":"Incense Burner"},{"floor":42.0,"key":"Art of War"},{"floor":47.0,"key":"Ginger"},{"floor":55.0,"key":"Bird Faced Urn"}],"event_choices":[{"cards_removed":["Strike_G"],"damage_healed":0.0,"max_hp_gain":0.0,"max_hp_loss":0.0,"gold_gain":0.0,"event_name":"Golden Wing","player_choice":"Card Removal","floor":3.0,"gold_loss":0.0,"damage_taken":7.0},{"cards_removed":["Defend_G"],"damage_healed":0.0,"max_hp_gain":0.0,"max_hp_loss":0.0,"gold_gain":0.0,"event_name":"Purifier","player_choice":"Purged","floor":7.0,"gold_loss":0.0,"damage_taken":0.0},{"damage_healed":13.0,"max_hp_gain":0.0,"max_hp_loss":0.0,"gold_gain":0.0,"event_name":"The Library","player_choice":"Heal","floor":19.0,"gold_loss":0.0,"damage_taken":0.0},{"damage_healed":0.0,"max_hp_gain":0.0,"max_hp_loss":0.0,"gold_gain":0.0,"event_name":"Masked Bandits","player_choice":"Fought Bandits","floor":20.0,"gold_loss":0.0,"damage_taken":0.0},{"damage_healed":0.0,"max_hp_gain":0.0,"max_hp_loss":0.0,"gold_gain":0.0,"event_name":"Upgrade Shrine","player_choice":"Upgraded","floor":22.0,"gold_loss":0.0,"damage_taken":0.0,"cards_upgraded":["Acrobatics"]},{"damage_healed":0.0,"max_hp_gain":0.0,"max_hp_loss":0.0,"gold_gain":0.0,"event_name":"Cursed Tome","player_choice":"Ignored","floor":27.0,"gold_loss":0.0,"damage_taken":0.0},{"damage_healed":0.0,"max_hp_gain":0.0,"max_hp_loss":0.0,"gold_gain":0.0,"event_name":"Colosseum","player_choice":"Fight","floor":29.0,"gold_loss":0.0,"damage_taken":0.0},{"damage_healed":0.0,"max_hp_gain":0.0,"max_hp_loss":0.0,"gold_gain":0.0,"event_name":"Colosseum","player_choice":"Fought Nobs","floor":29.0,"gold_loss":0.0,"damage_taken":0.0},{"cards_removed":["Phantasmal Killer"],"damage_healed":0.0,"max_hp_gain":0.0,"max_hp_loss":0.0,"gold_gain":0.0,"event_name":"Falling","player_choice":"Removed Skill","floor":44.0,"gold_loss":0.0,"damage_taken":0.0},{"damage_healed":0.0,"max_hp_gain":0.0,"max_hp_loss":4.0,"gold_gain":0.0,"event_name":"Winding Halls","player_choice":"Max HP","floor":45.0,"gold_loss":0.0,"damage_taken":0.0},{"damage_healed":0.0,"max_hp_gain":0.0,"max_hp_loss":0.0,"gold_gain":0.0,"event_name":"Mysterious Sphere","player_choice":"Fight","floor":47.0,"gold_loss":0.0,"damage_taken":0.0}],"is_beta":false,"boss_relics":[{"not_picked":["Lizard Tail","Black Star"],"picked":"Pandora\u0027s Box"},{"not_picked":["Runic Dome","Velvet Choker"],"picked":"Runic Pyramid"}],"items_purged_floors":[5,37,54],"is_endless":false,"potions_floor_spawned":[1,10,11,14,20,24,29,29,33,35,38,41,48,55],"ascension_level":20}