{"gold_per_floor":[12,29,29,41,60,60,60,60,60,60,70,97,97,107,107,179,179,189,189,189,202,218,218,246,171,171,200,100,135,158,190,202,288,300,323,1334,946,946,958,984,997,351,351,363,389,173,207,219,219,219,219,219,219,19,49,49],"floor_reached":57,"playtime":2949,"items_purged":["Strike_G+1","Strike_G+1","Strike_G+1","Ghostly","Defend_G+1","Ghostly"],"score":3404,"play_id":"f6922c75-32e8-49fc-8160-69178e331e67","local_time":"20190204000630","is_ascension_mode":true,"campfire_choices":[{"data":"Bouncing Flask","floor":6.0,"key":"SMITH"},{"data":"Neutralize","floor":8.0,"key":"SMITH"},{"data":"Catalyst","floor":13.0,"key":"SMITH"},{"data":"Footwork","floor":15.0,"key":"SMITH"},{"data":"Night Terror","floor":23.0,"key":"SMITH"},{"data":"Night Terror","floor":32.0,"key":"SMITH"},{"floor":49.0,"key":"RECALL"},{"floor":53.0,"key":"REST"}],"neow_cost":"NO_GOLD","seed_source_timestamp":43734778096088,"circlet_count":0,"master_deck":["AscendersBane","Defend_G+1","Defend_G+1","Defend_G+1","Survivor","Neutralize+1","Footwork+1","Blur","Bouncing Flask+1","Calculated Gamble","Catalyst+1","Night Terror+1","Footwork","Ghostly+1","Night Terror+1","Night Terror+1","Well Laid Plans"],"special_seed":0,"relics":["Ring of the Snake","Matryoshka","Mummified Hand","Velvet Choker","Singing Bowl","Strawberry","Omamori","Gambling Chip","MawBank","Fusion Hammer","Pear","Turnip","War Paint","The Specimen","Whetstone","Anchor","Blood Vial","Pantograph"],"potions_floor_usage":[],"damage_taken":[{"damage":0.0,"enemies":"Small Slimes","floor":1.0,"turns":6.0},{"damage":4.0,"enemies":"Cultist","floor":2.0,"turns":6.0},{"damage":0.0,"enemies":"Jaw Worm","floor":4.0,"turns":6.0},{"damage":0.0,"enemies":"Large Slime","floor":5.0,"turns":10.0},{"damage":4.0,"enemies":"2 Fungi Beasts","floor":11.0,"turns":4.0},{"damage":22.0,"enemies":"Gremlin Nob","floor":12.0,"turns":4.0},{"damage":0.0,"enemies":"Exordium Thugs","floor":14.0,"turns":5.0},{"damage":0.0,"enemies":"The Guardian","floor":16.0,"turns":5.0},{"damage":0.0,"enemies":"Chosen","floor":18.0,"turns":2.0},{"damage":0.0,"enemies":"Spheric Guardian","floor":21.0,"turns":3.0},{"damage":3.0,"enemies":"Shelled Parasite and Fungi","floor":22.0,"turns":5.0},{"damage":1.0,"enemies":"Gremlin Leader","floor":24.0,"turns":4.0},{"damage":4.0,"enemies":"Slavers","floor":27.0,"turns":9.0},{"damage":4.0,"enemies":"Gremlin Leader","floor":29.0,"turns":4.0},{"damage":0.0,"enemies":"Centurion and Healer","floor":30.0,"turns":9.0},{"damage":0.0,"enemies":"3 Cultists","floor":31.0,"turns":8.0},{"damage":0.0,"enemies":"Collector","floor":33.0,"turns":2.0},{"damage":0.0,"enemies":"Orb Walker","floor":35.0,"turns":2.0},{"damage":0.0,"enemies":"3 Darklings","floor":39.0,"turns":6.0},{"damage":0.0,"enemies":"Giant Head","floor":40.0,"turns":2.0},{"damage":0.0,"enemies":"Spire Growth","floor":41.0,"turns":3.0},{"damage":0.0,"enemies":"Maw","floor":44.0,"turns":2.0},{"damage":0.0,"enemies":"Nemesis","floor":45.0,"turns":3.0},{"damage":0.0,"enemies":"Reptomancer","floor":47.0,"turns":3.0},{"damage":4.0,"enemies":"Writhing Mass","floor":48.0,"turns":3.0},{"damage":9.0,"enemies":"Donu and Deca","floor":50.0,"turns":9.0},{"damage":0.0,"enemies":"Awakened One","floor":51.0,"turns":11.0},{"damage":0.0,"enemies":"Shield and Spear","floor":55.0,"turns":10.0},{"damage":30,"enemies":"The Heart","floor":56,"turns":6}],"seed_played":"-5241637019747268215","potions_obtained":[{"floor":1.0,"key":"PowerPotion"},{"floor":12.0,"key":"LiquidBronze"},{"floor":24.0,"key":"SpeedPotion"},{"floor":27.0,"key":"LiquidBronze"},{"floor":45.0,"key":"EntropicBrew"}],"is_trial":false,"path_per_floor":["M","M","?","M","M","R","$","R","T","?","M","E","R","M","R","B",null,"M","?","?","M","M","R","E","$","T","E","$","E","M","M","R","B",null,"M","?","$","?","M","E","M","$","T","M","E","$","E","M","R","B","B",null,"R","$","E","B",null],"character_chosen":"THE_SILENT","items_purchased":["Pear","War Paint","The Specimen","Well Laid Plans"],"campfire_rested":1,"item_purchase_floors":[37,42,42,46],"current_hp_per_floor":[59,55,55,55,55,55,55,55,55,35,31,9,9,9,9,9,52,52,52,33,33,30,30,31,31,38,36,36,34,36,36,36,36,45,47,47,57,57,59,61,63,63,63,65,67,67,69,67,67,60,62,69,71,71,73,43],"gold":49,"neow_bonus":"REMOVE_TWO","is_prod":false,"is_daily":false,"chose_seed":false,"campfire_upgraded":6,"win_rate":0,"timestamp":1549209990,"path_taken":["M","M","?","?","M","R","$","R","T","?","M","E","R","M","R","BOSS","M","?","?","?","M","R","E","?","T","E","$","E","M","M","R","BOSS","M","?","$","?","M","E","M","$","T","M","E","?","E","M","R","BOSS","BOSS","R","$","E","BOSS"],"build_version":"2019-01-23","purchased_purges":6,"victory":true,"max_hp_per_floor":[66,66,66,66,66,66,66,66,66,66,66,66,66,66,66,66,66,66,66,33,33,33,33,35,35,42,44,44,46,48,48,48,48,48,50,50,60,57,59,61,63,63,63,65,67,67,69,71,71,71,71,71,71,71,73,73],"card_choices":[{"not_picked":["Endless Agony","Outmaneuver"],"picked":"Footwork","floor":1.0},{"not_picked":["Concentrate","Dagger Throw"],"picked":"Blur","floor":2.0},{"not_picked":["Prepared","Dodge and Roll"],"picked":"Calculated Gamble","floor":4.0},{"not_picked":["Sucker Punch","Poisoned Stab","Dagger Throw"],"picked":"SKIP","floor":5.0},{"not_picked":["Endless Agony","Flechettes"],"picked":"Catalyst","floor":11.0},{"not_picked":["Expertise","Choke","Blade Dance"],"picked":"SKIP","floor":12.0},{"not_picked":["Deflect","Tactician","Endless Agony"],"picked":"SKIP","floor":14.0},{"not_picked":["Venomology","Phantasmal Killer"],"picked":"Night Terror","floor":16.0},{"not_picked":["Escape Plan","Bane"],"picked":"Footwork","floor":18.0},{"not_picked":["Quick Slash","Terror","Deflect+1"],"picked":"SKIP","floor":21.0},{"not_picked":["Quick Slash","All Out Attack","Slice+1"],"picked":"SKIP","floor":22.0},{"not_picked":["Backstab+1","Masterful Stab","Footwork"],"picked":"Singing Bowl","floor":24.0},{"not_picked":["Calculated Gamble","Eviscerate","Flechettes"],"picked":"Singing Bowl","floor":27.0},{"not_picked":["Tactician","Quick Slash","Cloak And Dagger"],"picked":"Singing Bowl","floor":29.0},{"not_picked":["Noxious Fumes","Tactician","Footwork"],"picked":"Singing Bowl","floor":30.0},{"not_picked":["Outmaneuver+1","Dagger Throw"],"picked":"Night Terror","floor":31.0},{"not_picked":["Doppelganger","Glass Knife"],"picked":"Night Terror","floor":33.0},{"not_picked":["Dagger Throw","Prepared","Choke+1"],"picked":"Singing Bowl","floor":35.0},{"not_picked":["Eviscerate","Predator","Deadly Poison"],"picked":"Singing Bowl","floor":39.0},{"not_picked":["Deflect","Infinite Blades","Dodge and Roll+1"],"picked":"Singing Bowl","floor":40.0},{"not_picked":["Blade Dance","Dodge and Roll","Flying Knee"],"picked":"Singing Bowl","floor":41.0},{"not_picked":["Bane","Quick Slash+1","Dodge and Roll+1"],"picked":"Singing Bowl","floor":44.0},{"not_picked":["Riddle With Holes","Corpse Explosion","Deadly Poison"],"picked":"Singing Bowl","floor":45.0},{"not_picked":["Outmaneuver+1","Deflect+1","Catalyst"],"picked":"Singing Bowl","floor":47.0},{"not_picked":["Dagger Throw","Backflip","Deflect"],"picked":"Singing Bowl","floor":48.0},{"not_picked":["Terror","Flying Knee","Blade Dance"],"picked":"Singing Bowl","floor":55.0}],"player_experience":2496963,"relics_obtained":[{"floor":9.0,"key":"Matryoshka"},{"floor":12.0,"key":"Mummified Hand"},{"floor":24.0,"key":"Singing Bowl"},{"floor":26.0,"key":"Strawberry"},{"floor":26.0,"key":"Omamori"},{"floor":27.0,"key":"Gambling Chip"},{"floor":29.0,"key":"MawBank"},{"floor":40.0,"key":"Turnip"},{"floor":43.0,"key":"Whetstone"},{"floor":45.0,"key":"Anchor"},{"floor":47.0,"key":"Blood Vial"},{"floor":55.0,"key":"Pantograph"}],"event_choices":[{"damage_healed":0.0,"max_hp_gain":0.0,"max_hp_loss":0.0,"gold_gain":0.0,"cards_transformed":["Strike_G"],"event_name":"Transmorgrifier","player_choice":"Transformed","floor":3.0,"gold_loss":0.0,"damage_taken":0.0,"cards_obtained":["Bouncing Flask"]},{"damage_healed":0.0,"max_hp_gain":0.0,"max_hp_loss":0.0,"gold_gain":0.0,"event_name":"Shining Light","player_choice":"Entered Light","floor":10.0,"gold_loss":0.0,"damage_taken":20.0,"cards_upgraded":["Defend_G","Strike_G"]},{"damage_healed":0.0,"max_hp_gain":0.0,"max_hp_loss":0.0,"gold_gain":0.0,"event_name":"Back to Basics","player_choice":"Simplicity","floor":19.0,"gold_loss":0.0,"damage_taken":0.0,"cards_upgraded":["Defend_G","Defend_G","Defend_G","Strike_G","Strike_G"]},{"damage_healed":0.0,"max_hp_gain":0.0,"max_hp_loss":33.0,"gold_gain":0.0,"event_name":"Ghosts","player_choice":"Became a Ghost","floor":20.0,"gold_loss":0.0,"damage_taken":0.0,"cards_obtained":["Ghostly","Ghostly","Ghostly"]},{"damage_healed":0.0,"max_hp_gain":0.0,"max_hp_loss":0.0,"gold_gain":999.0,"event_name":"MindBloom","player_choice":"Gold","floor":36.0,"gold_loss":0.0,"damage_taken":0.0,"cards_obtained":["Normality","Normality"]},{"damage_healed":0.0,"max_hp_gain":0.0,"max_hp_loss":3.0,"gold_gain":0.0,"event_name":"Winding Halls","player_choice":"Max HP","floor":38.0,"gold_loss":0.0,"damage_taken":0.0}],"is_beta":false,"boss_relics":[{"not_picked":["Runic Dome","Orrery"],"picked":"Velvet Choker"},{"not_picked":["Tiny House","WristBlade"],"picked":"Fusion Hammer"}],"items_purged_floors":[25,28,37,42,46,54],"is_endless":false,"potions_floor_spawned":[1,12,16,18,24,27,33,39,45,47],"ascension_level":20}