{"gold_per_floor":[18,33,43,43,43,43,75,75,75,91,118,131,159,179,179,252,252,265,276,276,294,219,253,253,253,253,253,253,283,183,217,217,291,291,306,361,361,372,49,74,92,92,117,129,4,23,23,37,37,37,37,37,37,37,68,68],"floor_reached":57,"playtime":7026,"items_purged":["Strike_G","Writhe","Defend_G"],"score":2730,"play_id":"1a978354-fc85-499c-8996-ae6b0f2c9818","local_time":"20190407163718","is_ascension_mode":true,"campfire_choices":[{"data":"Predator","floor":6.0,"key":"SMITH"},{"data":"Burst","floor":8.0,"key":"SMITH"},{"data":"Deadly Poison","floor":15.0,"key":"SMITH"},{"data":"Wraith Form v2","floor":25.0,"key":"SMITH"},{"data":"Neutralize","floor":28.0,"key":"SMITH"},{"floor":32.0,"key":"RECALL"},{"data":"Night Terror","floor":42.0,"key":"SMITH"},{"data":"Night Terror","floor":47.0,"key":"SMITH"},{"data":"Backflip","floor":49.0,"key":"SMITH"},{"data":"Backflip","floor":53,"key":"SMITH"}],"neow_cost":"NO_GOLD","seed_source_timestamp":6584772733182,"circlet_count":0,"master_deck":["AscendersBane","Defend_G+1","Defend_G","Defend_G","Survivor","Neutralize+1","Backflip+1","Predator+1","Backstab","Burst+1","Terror+1","Infinite Blades","Wraith Form v2+1","Escape Plan","Deadly Poison+1","After Image","Deflect+1","Night Terror+1","Dagger Throw+1","Distraction+1","Corpse Explosion+1","PiercingWail+1","Night Terror+1","Backflip+1","PiercingWail+1","Distraction+1"],"special_seed":0,"relics":["Ring of the Snake","Nunchaku","Meat on the Bone","War Paint","Mercury Hourglass","Runic Dome","Enchiridion","Pear","Kunai","Tiny Chest","Potion Belt","Astrolabe","Calipers","Pantograph","Dead Branch","Pen Nib","Bag of Preparation","Mummified Hand"],"potions_floor_usage":[56,56],"damage_taken":[{"damage":0.0,"enemies":"Cultist","floor":1.0,"turns":5.0},{"damage":0.0,"enemies":"Small Slimes","floor":2.0,"turns":3.0},{"damage":0.0,"enemies":"2 Louse","floor":3.0,"turns":1.0},{"damage":24.0,"enemies":"Gremlin Nob","floor":7.0,"turns":4.0},{"damage":2.0,"enemies":"Looter","floor":10.0,"turns":3.0},{"damage":12.0,"enemies":"Lagavulin","floor":11.0,"turns":5.0},{"damage":0.0,"enemies":"3 Louse","floor":12.0,"turns":2.0},{"damage":9.0,"enemies":"Gremlin Nob","floor":13.0,"turns":3.0},{"damage":7.0,"enemies":"Exordium Wildlife","floor":14.0,"turns":4.0},{"damage":4.0,"enemies":"The Guardian","floor":16.0,"turns":9.0},{"damage":12.0,"enemies":"3 Byrds","floor":18.0,"turns":5.0},{"damage":9.0,"enemies":"Shell Parasite","floor":19.0,"turns":4.0},{"damage":16.0,"enemies":"Cultist and Chosen","floor":21.0,"turns":5.0},{"damage":2.0,"enemies":"Gremlin Leader","floor":23.0,"turns":5.0},{"damage":6.0,"enemies":"Slavers","floor":31.0,"turns":6.0},{"damage":31.0,"enemies":"Collector","floor":33.0,"turns":8.0},{"damage":0.0,"enemies":"Orb Walker","floor":35.0,"turns":3.0},{"damage":34.0,"enemies":"2 Orb Walkers","floor":36.0,"turns":3.0},{"damage":0.0,"enemies":"3 Darklings","floor":38.0,"turns":2.0},{"damage":0.0,"enemies":"Giant Head","floor":40.0,"turns":10.0},{"damage":0.0,"enemies":"4 Shapes","floor":41.0,"turns":4.0},{"damage":4.0,"enemies":"Maw","floor":44.0,"turns":8.0},{"damage":0.0,"enemies":"Spire Growth","floor":46.0,"turns":4.0},{"damage":0.0,"enemies":"3 Darklings","floor":48.0,"turns":2.0},{"damage":57,"enemies":"Awakened One","floor":50,"turns":18},{"damage":16,"enemies":"Donu and Deca","floor":51,"turns":11},{"damage":20,"enemies":"Shield and Spear","floor":55,"turns":6},{"damage":17,"enemies":"The Heart","floor":56,"turns":8}],"seed_played":"5878561125473212888","potions_obtained":[{"floor":1.0,"key":"Energy Potion"},{"floor":3.0,"key":"SmokeBomb"},{"floor":10.0,"key":"Strength Potion"},{"floor":16.0,"key":"FearPotion"},{"floor":31.0,"key":"Fire Potion"},{"floor":33.0,"key":"Strength Potion"},{"floor":35.0,"key":"Strength Potion"},{"floor":41.0,"key":"Dexterity Potion"},{"floor":44.0,"key":"SpeedPotion"},{"floor":46.0,"key":"GhostInAJar"}],"is_trial":false,"path_per_floor":["M","M","M","$","?","R","E","R","T","M","E","M","E","M","R","B",null,"M","M","?","M","$","E","?","R","T","?","R","T","$","E","R","B",null,"M","?","T","M","$","E","M","R","T","M","$","M","R","M","R","B","B",null,"R","$","E","B",null],"character_chosen":"THE_SILENT","items_purchased":["Dead Branch"],"campfire_rested":0,"item_purchase_floors":[39],"current_hp_per_floor":[59,59,59,59,59,59,35,35,35,45,45,45,36,41,41,37,59,47,38,17,13,13,33,33,33,33,33,33,33,33,39,39,20,62,62,40,40,40,40,40,40,40,40,48,48,48,48,48,48,28,49,69,69,69,49,57],"gold":68,"neow_bonus":"TRANSFORM_TWO_CARDS","is_prod":false,"is_daily":false,"chose_seed":false,"campfire_upgraded":9,"win_rate":0,"timestamp":1554626238,"path_taken":["M","M","M","$","?","R","E","R","T","M","E","M","E","M","R","BOSS","M","M","?","M","$","E","?","R","T","?","R","?","$","E","R","BOSS","M","?","?","?","$","E","M","R","T","M","?","M","R","M","R","BOSS","BOSS","R","$","E","BOSS"],"build_version":"2019-01-23","purchased_purges":3,"victory":true,"max_hp_per_floor":[66,66,66,66,66,66,66,66,66,66,66,66,66,66,66,66,66,66,66,66,66,66,76,76,76,76,76,76,76,76,76,76,76,76,76,76,76,76,76,76,76,76,76,76,76,76,76,76,76,76,76,76,76,76,76,76],"card_choices":[{"not_picked":["Choke","Bane"],"picked":"Predator","floor":1.0},{"not_picked":["Dagger Spray","Backflip"],"picked":"Backstab","floor":2.0},{"not_picked":["Bane","Acrobatics","Slice"],"picked":"SKIP","floor":3.0},{"not_picked":["Bane","Expertise"],"picked":"Terror","floor":7.0},{"not_picked":["Slice","Poisoned Stab"],"picked":"Infinite Blades","floor":10.0},{"not_picked":["Crippling Poison","Bane"],"picked":"Wraith Form v2","floor":11.0},{"not_picked":["Terror","Blade Dance"],"picked":"Escape Plan","floor":12.0},{"not_picked":["Escape Plan","Dagger Spray","Sucker Punch"],"picked":"SKIP","floor":13.0},{"not_picked":["Cloak And Dagger","Slice"],"picked":"Deadly Poison","floor":14.0},{"not_picked":["Doppelganger","A Thousand Cuts"],"picked":"After Image","floor":16.0},{"not_picked":["Underhanded Strike+1","Bane","Slice"],"picked":"SKIP","floor":18.0},{"not_picked":["Slice","Backflip"],"picked":"Deflect+1","floor":19.0},{"not_picked":["Backflip","Accuracy","Slice"],"picked":"SKIP","floor":21.0},{"not_picked":["Glass Knife","All Out Attack+1","Escape Plan"],"picked":"SKIP","floor":23.0},{"not_picked":["Heel Hook","Caltrops","Dodge and Roll"],"picked":"SKIP","floor":31.0},{"not_picked":["Envenom","Unload"],"picked":"Night Terror","floor":33.0},{"not_picked":["Underhanded Strike","Distraction+1","Outmaneuver+1"],"picked":"SKIP","floor":35.0},{"not_picked":["Flechettes","Dagger Spray"],"picked":"PiercingWail+1","floor":36.0},{"not_picked":["Deflect","Prepared+1","PiercingWail+1"],"picked":"SKIP","floor":38.0},{"not_picked":["Outmaneuver+1","Cloak And Dagger+1"],"picked":"Night Terror","floor":40.0},{"not_picked":["Prepared","Deadly Poison"],"picked":"Backflip","floor":41.0},{"not_picked":["Sucker Punch+1","Dodge and Roll","Eviscerate+1"],"picked":"SKIP","floor":44.0},{"not_picked":["Blade Dance","Prepared+1"],"picked":"PiercingWail+1","floor":46.0},{"not_picked":["Accuracy","Dash","Underhanded Strike"],"picked":"SKIP","floor":48.0},{"not_picked":["Flechettes","Flying Knee+1"],"picked":"Distraction+1","floor":55}],"player_experience":4125453,"relics_obtained":[{"floor":7.0,"key":"Nunchaku"},{"floor":9.0,"key":"Meat on the Bone"},{"floor":11.0,"key":"War Paint"},{"floor":13.0,"key":"Mercury Hourglass"},{"floor":20.0,"key":"Enchiridion"},{"floor":23.0,"key":"Pear"},{"floor":29.0,"key":"Tiny Chest"},{"floor":31.0,"key":"Potion Belt"},{"floor":36.0,"key":"Calipers"},{"floor":37.0,"key":"Pantograph"},{"floor":40.0,"key":"Pen Nib"},{"floor":43.0,"key":"Bag of Preparation"},{"floor":55,"key":"Mummified Hand"}],"event_choices":[{"damage_healed":0.0,"max_hp_gain":0.0,"max_hp_loss":0.0,"gold_gain":0.0,"cards_transformed":["Strike_G"],"event_name":"Living Wall","player_choice":"Change","floor":5.0,"gold_loss":0.0,"damage_taken":0.0,"cards_obtained":["Burst"]},{"damage_healed":0.0,"max_hp_gain":0.0,"max_hp_loss":0.0,"gold_gain":0.0,"event_name":"Cursed Tome","player_choice":"Obtained Book","floor":20.0,"gold_loss":0.0,"damage_taken":21.0},{"damage_healed":0.0,"max_hp_gain":0.0,"max_hp_loss":0.0,"gold_gain":0.0,"event_name":"Vampires","player_choice":"Ignored","floor":24.0,"gold_loss":0.0,"damage_taken":0.0},{"damage_healed":0.0,"max_hp_gain":0.0,"max_hp_loss":0.0,"gold_gain":0.0,"event_name":"The Mausoleum","player_choice":"Opened","floor":27.0,"gold_loss":0.0,"damage_taken":0.0,"relics_obtained":["Kunai"],"cards_obtained":["Writhe"]},{"damage_healed":0.0,"max_hp_gain":0.0,"max_hp_loss":0.0,"gold_gain":0.0,"event_name":"Mysterious Sphere","player_choice":"Fight","floor":36.0,"gold_loss":0.0,"damage_taken":0.0}],"is_beta":false,"boss_relics":[{"not_picked":["Cursed Key","Lizard Tail"],"picked":"Runic Dome"},{"not_picked":["Empty Cage","Busted Crown"],"picked":"Astrolabe"}],"items_purged_floors":[22,30,45],"is_endless":false,"potions_floor_spawned":[1,3,10,16,19,31,33,35,41,44,46],"ascension_level":20}