{"gold_per_floor":[114,132,150,168,178,212,212,223,223,223,223,223,148,175,175,252,252,270,170,180,180,193,193,68,86,86,86,113,83,109,125,125,202,202,215,226,226,242,92,92,92,122,122,122,72,92,111,111,111,111,111,111,111,35,62,62],"floor_reached":57,"playtime":3051,"items_purged":["Parasite","Strike_G","Strike_G","Strike_G","Defend_G"],"score":3039,"play_id":"5952d292-1fbe-4fce-bfb3-f8aa4f1d117d","local_time":"20190414200201","is_ascension_mode":true,"campfire_choices":[{"data":"Well Laid Plans","floor":7.0,"key":"SMITH"},{"floor":12.0,"key":"REST"},{"data":"Deadly Poison","floor":15.0,"key":"SMITH"},{"data":"Grand Finale","floor":23.0,"key":"SMITH"},{"data":"Acrobatics","floor":27.0,"key":"SMITH"},{"data":"Neutralize","floor":32.0,"key":"SMITH"},{"data":"Acrobatics","floor":40.0,"key":"SMITH"},{"floor":44.0,"key":"RECALL"},{"data":"Survivor","floor":49.0,"key":"SMITH"},{"data":"Defend_G","floor":53.0,"key":"SMITH"}],"neow_cost":"NONE","seed_source_timestamp":112075148306940,"circlet_count":0,"master_deck":["AscendersBane","Defend_G","Defend_G","Defend_G","Defend_G+1","Survivor+1","Neutralize+1","Well Laid Plans+1","Deadly Poison+1","Grand Finale+1","Prepared+1","Acrobatics+1","Acrobatics+1","Concentrate"],"special_seed":0,"relics":["Ring of the Snake","NeowsBlessing","Bag of Preparation","Matryoshka","Oddly Smooth Stone","Empty Cage","Blue Candle","Potion Belt","Mercury Hourglass","Art of War","Coffee Dripper","Bronze Scales","Smiling Mask","Anchor"],"potions_floor_usage":[56,56],"damage_taken":[{"damage":0.0,"enemies":"Cultist","floor":1.0,"turns":1.0},{"damage":0.0,"enemies":"Small Slimes","floor":2.0,"turns":1.0},{"damage":0.0,"enemies":"2 Louse","floor":3.0,"turns":1.0},{"damage":2.0,"enemies":"2 Fungi Beasts","floor":4.0,"turns":7.0},{"damage":1.0,"enemies":"Red Slaver","floor":5.0,"turns":4.0},{"damage":48.0,"enemies":"Gremlin Nob","floor":6.0,"turns":5.0},{"damage":4.0,"enemies":"Large Slime","floor":8.0,"turns":5.0},{"damage":22.0,"enemies":"Lagavulin","floor":14.0,"turns":9.0},{"damage":4.0,"enemies":"Hexaghost","floor":16.0,"turns":9.0},{"damage":7.0,"enemies":"Shell Parasite","floor":18.0,"turns":6.0},{"damage":0.0,"enemies":"3 Byrds","floor":20.0,"turns":2.0},{"damage":13.0,"enemies":"Snecko","floor":22.0,"turns":4.0},{"damage":0.0,"enemies":"Snake Plant","floor":25.0,"turns":3.0},{"damage":17.0,"enemies":"Slavers","floor":28.0,"turns":5.0},{"damage":0.0,"enemies":"Book of Stabbing","floor":30.0,"turns":4.0},{"damage":0.0,"enemies":"3 Cultists","floor":31.0,"turns":1.0},{"damage":42.0,"enemies":"Collector","floor":33.0,"turns":7.0},{"damage":0.0,"enemies":"3 Darklings","floor":35.0,"turns":2.0},{"damage":0.0,"enemies":"Orb Walker","floor":36.0,"turns":3.0},{"damage":0.0,"enemies":"Sphere and 2 Shapes","floor":38.0,"turns":1.0},{"damage":0.0,"enemies":"Nemesis","floor":42.0,"turns":2.0},{"damage":1.0,"enemies":"Writhing Mass","floor":46.0,"turns":1.0},{"damage":0.0,"enemies":"Transient","floor":47.0,"turns":3.0},{"damage":1.0,"enemies":"Donu and Deca","floor":50.0,"turns":1.0},{"damage":1.0,"enemies":"Awakened One","floor":51.0,"turns":2.0},{"damage":0.0,"enemies":"Shield and Spear","floor":55.0,"turns":2.0},{"damage":33,"enemies":"The Heart","floor":56,"turns":3}],"seed_played":"-2205477211680213875","potions_obtained":[{"floor":1.0,"key":"LiquidBronze"},{"floor":5.0,"key":"EssenceOfSteel"},{"floor":8.0,"key":"FearPotion"},{"floor":14.0,"key":"SkillPotion"},{"floor":22.0,"key":"Poison Potion"},{"floor":28.0,"key":"Fire Potion"},{"floor":29.0,"key":"SpeedPotion"},{"floor":29.0,"key":"FairyPotion"},{"floor":30.0,"key":"LiquidBronze"},{"floor":42.0,"key":"Poison Potion"},{"floor":46.0,"key":"Fire Potion"}],"is_trial":false,"path_per_floor":["M","M","M","M","M","E","R","M","T","?","?","R","$","E","R","B",null,"M","$","M","?","M","R","$","M","T","R","E","?","E","M","R","B",null,"M","M","?","M","$","R","?","E","T","R","$","M","M","?","R","B","B",null,"R","$","E","B",null],"character_chosen":"THE_SILENT","items_purchased":["Concentrate"],"campfire_rested":1,"item_purchase_floors":[54],"current_hp_per_floor":[59,59,59,57,56,8,8,4,4,20,20,39,39,17,17,13,51,44,44,44,44,31,31,31,31,31,31,14,14,14,14,14,6,49,49,49,49,49,49,49,49,49,49,49,49,48,48,48,48,47,46,57,57,57,57,24],"gold":62,"neow_bonus":"THREE_ENEMY_KILL","is_prod":false,"is_daily":false,"chose_seed":false,"campfire_upgraded":8,"win_rate":0,"timestamp":1555243321,"path_taken":["M","?","M","M","M","E","R","M","T","?","?","R","$","E","R","BOSS","M","$","M","?","?","R","$","M","T","R","E","?","E","?","R","BOSS","M","M","?","M","$","R","?","E","T","R","$","M","M","?","R","BOSS","BOSS","R","$","E","BOSS"],"build_version":"2019-01-23","purchased_purges":5,"victory":true,"max_hp_per_floor":[66,66,66,66,66,66,66,66,66,66,66,66,63,63,63,63,63,63,63,63,63,63,63,63,63,63,63,63,63,63,63,63,63,63,63,63,63,63,63,63,60,60,60,60,60,60,60,60,60,60,60,60,60,60,60,60],"card_choices":[{"not_picked":["Setup","Underhanded Strike","Flying Knee"],"picked":"SKIP","floor":1.0},{"not_picked":["Infinite Blades","Finisher"],"picked":"Well Laid Plans","floor":2.0},{"not_picked":["Deflect","Acrobatics"],"picked":"Endless Agony","floor":3.0},{"not_picked":["Setup","PiercingWail"],"picked":"Deadly Poison","floor":4.0},{"not_picked":["Quick Slash","All Out Attack"],"picked":"Grand Finale","floor":5.0},{"not_picked":["Catalyst","Concentrate","Flying Knee"],"picked":"SKIP","floor":6.0},{"not_picked":["Underhanded Strike","Distraction","Deadly Poison"],"picked":"SKIP","floor":8.0},{"not_picked":["Distraction","Dodge and Roll","Deflect"],"picked":"SKIP","floor":14.0},{"not_picked":["Dodge and Roll","Blade Dance","Dagger Throw"],"picked":"SKIP","floor":18.0},{"not_picked":["Flying Knee","Underhanded Strike","Deadly Poison"],"picked":"SKIP","floor":20.0},{"not_picked":["Flying Knee","Cloak And Dagger"],"picked":"Prepared+1","floor":22.0},{"not_picked":["Underhanded Strike","Sucker Punch+1"],"picked":"Acrobatics","floor":25.0},{"not_picked":["Die Die Die","Caltrops","Masterful Stab+1"],"picked":"SKIP","floor":28.0},{"not_picked":["PiercingWail","Dagger Spray","Heel Hook"],"picked":"SKIP","floor":30.0},{"not_picked":["Caltrops","Dodge and Roll","Deadly Poison"],"picked":"SKIP","floor":31.0},{"not_picked":["Skewer","Noxious Fumes+1"],"picked":"Acrobatics","floor":35.0},{"not_picked":["Dagger Spray+1","Cloak And Dagger","Dash"],"picked":"SKIP","floor":36.0},{"not_picked":["Underhanded Strike+1","Cloak And Dagger","Calculated Gamble"],"picked":"SKIP","floor":38.0},{"not_picked":["Endless Agony","Outmaneuver","Venomology"],"picked":"SKIP","floor":42.0},{"not_picked":["Sucker Punch","Dagger Spray","PiercingWail"],"picked":"SKIP","floor":46.0},{"not_picked":["Dagger Spray","Outmaneuver","Flechettes"],"picked":"SKIP","floor":47.0},{"not_picked":["Dagger Spray","Outmaneuver","Flechettes"],"picked":"SKIP","floor":47.0},{"not_picked":["Crippling Poison","Accuracy","Eviscerate"],"picked":"SKIP","floor":55.0}],"player_experience":4289265,"relics_obtained":[{"floor":6.0,"key":"Bag of Preparation"},{"floor":9.0,"key":"Matryoshka"},{"floor":14.0,"key":"Oddly Smooth Stone"},{"floor":26.0,"key":"Blue Candle"},{"floor":26.0,"key":"Potion Belt"},{"floor":28.0,"key":"Mercury Hourglass"},{"floor":30.0,"key":"Art of War"},{"floor":42.0,"key":"Bronze Scales"},{"floor":43.0,"key":"Smiling Mask"},{"floor":55.0,"key":"Anchor"}],"event_choices":[{"damage_healed":16.0,"max_hp_gain":0.0,"max_hp_loss":0.0,"gold_gain":0.0,"event_name":"Mushrooms","player_choice":"Healed and dodged fight","floor":10.0,"gold_loss":0.0,"damage_taken":0.0,"cards_obtained":["Parasite"]},{"damage_healed":0.0,"max_hp_gain":0.0,"max_hp_loss":0.0,"gold_gain":0.0,"event_name":"Shining Light","player_choice":"Ignored","floor":11.0,"gold_loss":0.0,"damage_taken":0.0},{"damage_healed":0.0,"max_hp_gain":0.0,"max_hp_loss":0.0,"gold_gain":0.0,"event_name":"Match and Keep!","player_choice":"0 cards matched","floor":21.0,"gold_loss":0.0,"damage_taken":0.0,"cards_obtained":[]},{"damage_healed":0.0,"max_hp_gain":0.0,"max_hp_loss":0.0,"gold_gain":0.0,"event_name":"The Woman in Blue","player_choice":"Bought 2 Potions","floor":29.0,"gold_loss":0.0,"damage_taken":0.0},{"damage_healed":0.0,"max_hp_gain":0.0,"max_hp_loss":0.0,"gold_gain":0.0,"event_name":"Tomb of Lord Red Mask","player_choice":"Ignored","floor":37.0,"gold_loss":0.0,"damage_taken":0.0},{"damage_healed":0.0,"max_hp_gain":0.0,"max_hp_loss":3.0,"gold_gain":0.0,"event_name":"Winding Halls","player_choice":"Max HP","floor":41.0,"gold_loss":0.0,"damage_taken":0.0},{"cards_removed":["Endless Agony"],"damage_healed":0.0,"max_hp_gain":0.0,"max_hp_loss":0.0,"gold_gain":0.0,"event_name":"Falling","player_choice":"Removed Attack","floor":48.0,"gold_loss":0.0,"damage_taken":0.0}],"is_beta":false,"boss_relics":[{"not_picked":["Snecko Eye","Ectoplasm"],"picked":"Empty Cage"},{"not_picked":["Cursed Key","Lizard Tail"],"picked":"Coffee Dripper"}],"items_purged_floors":[13,19,24,39,45],"is_endless":false,"potions_floor_spawned":[1,5,8,14,22,28,30,42,46],"ascension_level":20}