{"gold_per_floor":[115,190,206,81,81,115,115,128,152,170,170,182,182,213,213,290,290,303,303,313,313,333,333,347,347,393,393,404,404,414,426,426,502,502,517,617,286,337,356,381,381,381,381,381,393,405,405,422,422,422,422,422,422,65,96,96],"floor_reached":57,"playtime":4489,"items_purged":["Strike_B","Defend_B","Zap"],"score":3088,"play_id":"5f90665b-b65f-43db-b5c7-dfe229b168e1","local_time":"20190426144419","is_ascension_mode":true,"campfire_choices":[{"data":"Skim","floor":7.0,"key":"SMITH"},{"data":"Dualcast","floor":11.0,"key":"SMITH"},{"data":"Defragment","floor":15.0,"key":"SMITH"},{"data":"Recycle","floor":23.0,"key":"SMITH"},{"data":"Turbo","floor":25.0,"key":"SMITH"},{"data":"Hologram","floor":27.0,"key":"SMITH"},{"data":"Buffer","floor":29.0,"key":"SMITH"},{"data":"Coolheaded","floor":32.0,"key":"SMITH"},{"data":"Skim","floor":41.0,"key":"SMITH"},{"data":"Defend_B","floor":47.0,"key":"PURGE"},{"floor":49.0,"key":"RECALL"},{"data":"Multi-Cast","floor":53,"key":"SMITH"}],"neow_cost":"NONE","seed_source_timestamp":2093776205791,"circlet_count":0,"master_deck":["AscendersBane","Defend_B+1","Defend_B+1","Dualcast+1","Darkness+1","Skim+1","Turbo+1","Electrodynamics","Recycle+1","Defragment+1","Core Surge","Seek","Hologram+1","Undo","Buffer+1","Coolheaded+1","Multi-Cast+1","Double Energy","Glacier+1","Shrug It Off+1","Meteor Strike","Skim+1","Expertise+1","Master of Strategy","Backflip"],"special_seed":0,"relics":["Cracked Core","NeowsBlessing","Bronze Scales","Lantern","Happy Flower","Empty Cage","Potion Belt","Nuclear Battery","Du-Vu Doll","PrismaticShard","Peace Pipe","Anchor","Strawberry"],"potions_floor_usage":[56,56,56],"damage_taken":[{"damage":0.0,"enemies":"Jaw Worm","floor":1.0,"turns":1.0},{"damage":0.0,"enemies":"Cultist","floor":3.0,"turns":1.0},{"damage":0.0,"enemies":"Lagavulin","floor":6.0,"turns":2.0},{"damage":0.0,"enemies":"2 Louse","floor":8.0,"turns":1.0},{"damage":7.0,"enemies":"2 Fungi Beasts","floor":10.0,"turns":4.0},{"damage":0.0,"enemies":"Large Slime","floor":12.0,"turns":3.0},{"damage":12.0,"enemies":"3 Sentries","floor":14.0,"turns":3.0},{"damage":11.0,"enemies":"Hexaghost","floor":16.0,"turns":8.0},{"damage":0.0,"enemies":"3 Byrds","floor":18.0,"turns":1.0},{"damage":0.0,"enemies":"2 Thieves","floor":20.0,"turns":2.0},{"damage":2.0,"enemies":"Snecko","floor":22.0,"turns":3.0},{"damage":1.0,"enemies":"Sentry and Sphere","floor":24.0,"turns":5.0},{"damage":16.0,"enemies":"Snake Plant","floor":28.0,"turns":3.0},{"damage":20.0,"enemies":"Shelled Parasite and Fungi","floor":30.0,"turns":5.0},{"damage":0.0,"enemies":"Cultist and Chosen","floor":31.0,"turns":4.0},{"damage":0.0,"enemies":"Collector","floor":33.0,"turns":7.0},{"damage":0.0,"enemies":"Orb Walker","floor":35.0,"turns":2.0},{"damage":0.0,"enemies":"Mind Bloom Boss Battle","floor":36.0,"turns":5.0},{"damage":0.0,"enemies":"2 Orb Walkers","floor":38.0,"turns":3.0},{"damage":0.0,"enemies":"3 Shapes","floor":39.0,"turns":4.0},{"damage":0.0,"enemies":"Nemesis","floor":40.0,"turns":3.0},{"damage":0.0,"enemies":"Sphere and 2 Shapes","floor":45.0,"turns":3.0},{"damage":0.0,"enemies":"4 Shapes","floor":46.0,"turns":4.0},{"damage":0.0,"enemies":"Transient","floor":48.0,"turns":4.0},{"damage":0.0,"enemies":"Donu and Deca","floor":50.0,"turns":4.0},{"damage":0,"enemies":"Time Eater","floor":51,"turns":7},{"damage":0,"enemies":"Shield and Spear","floor":55,"turns":1},{"damage":20,"enemies":"The Heart","floor":56,"turns":8}],"seed_played":"8396826186808725526","potions_obtained":[{"floor":1.0,"key":"SkillPotion"},{"floor":6.0,"key":"Explosive Potion"},{"floor":14.0,"key":"Ancient Potion"},{"floor":16.0,"key":"SpeedPotion"},{"floor":24.0,"key":"Ancient Potion"},{"floor":30.0,"key":"SteroidPotion"},{"floor":36.0,"key":"GamblersBrew"},{"floor":40.0,"key":"PowerPotion"},{"floor":45.0,"key":"Poison Potion"},{"floor":55,"key":"EssenceOfSteel"}],"is_trial":false,"path_per_floor":["M","?","M","$","?","E","R","M","T","M","R","M","?","E","R","B",null,"M","?","M","?","M","R","M","R","T","R","M","R","M","M","R","B",null,"M","?","$","?","M","E","R","?","T","?","M","M","R","M","R","B","B",null,"R","$","E","B",null],"character_chosen":"DEFECT","items_purchased":["Turbo","PrismaticShard","Master of Strategy","Dexterity Potion"],"campfire_rested":0,"item_purchase_floors":[4,37,54,54],"current_hp_per_floor":[64,53,53,53,53,53,53,53,53,46,46,46,25,13,13,2,54,54,54,54,54,52,52,51,51,51,51,35,35,15,15,15,15,57,57,57,57,57,57,57,57,57,57,57,57,57,57,57,57,57,57,65,65,65,72,52],"gold":96,"neow_bonus":"THREE_ENEMY_KILL","is_prod":false,"is_daily":false,"chose_seed":false,"campfire_upgraded":10,"win_rate":0,"timestamp":1556261059,"path_taken":["M","?","M","$","?","E","R","?","T","M","R","M","?","E","R","BOSS","M","?","M","?","?","R","M","R","T","R","M","R","M","M","R","BOSS","M","?","$","?","M","E","R","?","T","?","M","M","R","?","R","BOSS","BOSS","R","$","E","BOSS"],"build_version":"2019-01-23","purchased_purges":3,"victory":true,"max_hp_per_floor":[71,71,71,71,71,71,71,71,71,71,71,71,71,71,71,71,71,71,71,71,71,71,71,71,71,71,71,71,71,71,71,71,71,71,71,71,71,71,71,71,71,67,67,67,67,67,67,67,67,67,67,67,67,67,74,74],"card_choices":[{"not_picked":["Turbo","Sweeping Beam"],"picked":"Darkness","floor":1.0},{"not_picked":["Sweeping Beam","Fusion"],"picked":"Skim","floor":3.0},{"not_picked":["Scrape","Reprogram"],"picked":"Electrodynamics","floor":6.0},{"not_picked":["Gash","Go for the Eyes"],"picked":"Recycle","floor":8.0},{"not_picked":["Steam","Blizzard","Hello World"],"picked":"SKIP","floor":10.0},{"not_picked":["Static Discharge","Streamline"],"picked":"Defragment","floor":12.0},{"not_picked":["Redo","Skim"],"picked":"Core Surge","floor":14.0},{"not_picked":["Machine Learning","Core Surge"],"picked":"Seek","floor":16.0},{"not_picked":["Genetic Algorithm","Conserve Battery"],"picked":"Hologram","floor":18.0},{"not_picked":["Scrape","Barrage","Sunder"],"picked":"SKIP","floor":20.0},{"not_picked":["Hologram","Streamline"],"picked":"Undo","floor":22.0},{"not_picked":["Aggregate","FTL"],"picked":"Buffer","floor":24.0},{"not_picked":["Genetic Algorithm","Barrage","Hologram"],"picked":"SKIP","floor":28.0},{"not_picked":["FTL","Self Repair"],"picked":"Coolheaded","floor":30.0},{"not_picked":["Stack","Conserve Battery","Leap"],"picked":"SKIP","floor":31.0},{"not_picked":["Stack","Conserve Battery","Leap"],"picked":"SKIP","floor":31.0},{"not_picked":["Echo Form","Creative AI"],"picked":"Multi-Cast","floor":33.0},{"not_picked":["Doom and Gloom+1","Streamline+1"],"picked":"Double Energy","floor":35.0},{"not_picked":["Chill+1","Steam Power"],"picked":"Glacier+1","floor":36.0},{"not_picked":["Heavy Blade","Stack"],"picked":"Shrug It Off+1","floor":38.0},{"not_picked":["Warcry+1","Consume+1"],"picked":"Meteor Strike","floor":39.0},{"not_picked":["Clothesline","Disarm"],"picked":"Skim","floor":40.0},{"not_picked":["Deflect","Reprogram","Accuracy"],"picked":"SKIP","floor":45.0},{"not_picked":["Underhanded Strike","Setup"],"picked":"Expertise+1","floor":46.0},{"not_picked":["Prepared","Flash of Steel+1","Rupture"],"picked":"SKIP","floor":48.0},{"not_picked":["Underhanded Strike+1","Catalyst"],"picked":"Backflip","floor":55}],"player_experience":4525899,"relics_obtained":[{"floor":6.0,"key":"Bronze Scales"},{"floor":9.0,"key":"Lantern"},{"floor":14.0,"key":"Happy Flower"},{"floor":26.0,"key":"Potion Belt"},{"floor":36.0,"key":"Du-Vu Doll"},{"floor":38.0,"key":"Peace Pipe"},{"floor":40.0,"key":"Anchor"},{"floor":55,"key":"Strawberry"}],"event_choices":[{"damage_healed":0.0,"max_hp_gain":0.0,"max_hp_loss":0.0,"gold_gain":75.0,"event_name":"World of Goop","player_choice":"Gather Gold","floor":2.0,"gold_loss":0.0,"damage_taken":11.0},{"damage_healed":0.0,"max_hp_gain":0.0,"max_hp_loss":0.0,"gold_gain":0.0,"event_name":"Upgrade Shrine","player_choice":"Upgraded","floor":5.0,"gold_loss":0.0,"damage_taken":0.0,"cards_upgraded":["Darkness"]},{"damage_healed":0.0,"max_hp_gain":0.0,"max_hp_loss":0.0,"gold_gain":0.0,"event_name":"Shining Light","player_choice":"Entered Light","floor":13.0,"gold_loss":0.0,"damage_taken":21.0,"cards_upgraded":["Defend_B","Defend_B"]},{"cards_removed":["Strike_B"],"damage_healed":0.0,"max_hp_gain":0.0,"max_hp_loss":0.0,"gold_gain":0.0,"event_name":"Back to Basics","player_choice":"Elegance","floor":19.0,"gold_loss":0.0,"damage_taken":0.0},{"damage_healed":0.0,"max_hp_gain":0.0,"max_hp_loss":0.0,"gold_gain":0.0,"event_name":"Vampires","player_choice":"Ignored","floor":21.0,"gold_loss":0.0,"damage_taken":0.0},{"damage_healed":0.0,"max_hp_gain":0.0,"max_hp_loss":0.0,"gold_gain":0.0,"event_name":"MindBloom","player_choice":"Fight","floor":36.0,"gold_loss":0.0,"damage_taken":0.0},{"damage_healed":0.0,"max_hp_gain":0.0,"max_hp_loss":0.0,"gold_gain":0.0,"event_name":"Mysterious Sphere","player_choice":"Fight","floor":38.0,"gold_loss":0.0,"damage_taken":0.0},{"damage_healed":0.0,"max_hp_gain":0.0,"max_hp_loss":4.0,"gold_gain":0.0,"event_name":"Winding Halls","player_choice":"Max HP","floor":42.0,"gold_loss":0.0,"damage_taken":0.0},{"damage_healed":0.0,"max_hp_gain":0.0,"max_hp_loss":0.0,"gold_gain":0.0,"event_name":"Tomb of Lord Red Mask","player_choice":"Ignored","floor":44.0,"gold_loss":0.0,"damage_taken":0.0}],"is_beta":false,"boss_relics":[{"not_picked":["Philosopher\u0027s Stone","Calling Bell"],"picked":"Empty Cage"},{"not_picked":["Black Star","Runic Dome"],"picked":"Nuclear Battery"}],"items_purged_floors":[4,37,54],"is_endless":false,"potions_floor_spawned":[1,6,14,16,18,24,30,36,40,45,55],"ascension_level":20}