{"gold_per_floor":[118,45,59,78,5,5,40,58,58,73,73,101,101,25,25,125,125,135,234,234,262,262,294,294,310,333,333,348,359,359,284,284,389,389,402,422,177,187,198,198,198,198,253,122,122,122,122,140,140,140],"floor_reached":51,"playtime":1287,"items_purged":["Dualcast","Zap"],"score":698,"play_id":"4bc43d29-a363-4f7c-8053-239aaa99ab19","local_time":"20190615011641","is_ascension_mode":false,"campfire_choices":[{"data":"Amplify","floor":6.0,"key":"SMITH"},{"data":"Storm","floor":11.0,"key":"SMITH"},{"data":"Creative AI","floor":13.0,"key":"SMITH"},{"data":"Storm","floor":15.0,"key":"SMITH"},{"floor":24.0,"key":"REST"},{"floor":27.0,"key":"REST"},{"floor":30.0,"key":"REST"},{"data":"Creative AI","floor":32.0,"key":"SMITH"},{"data":"Biased Cognition","floor":40.0,"key":"SMITH"},{"data":"Buffer","floor":42.0,"key":"SMITH"},{"data":"Storm","floor":47,"key":"SMITH"},{"data":"Loop","floor":49,"key":"SMITH"}],"neow_cost":"PERCENT_DAMAGE","seed_source_timestamp":52584457193392,"circlet_count":0,"master_deck":["Storm+1","Storm+1","Capacitor","Amplify+1","Heatsinks","Creative AI+1","Heatsinks","Creative AI+1","Electrodynamics","Tempest","White Noise","Biased Cognition+1","Loop+1","Recycle","Buffer+1","Storm+1","Mayhem"],"special_seed":0,"relics":["Cracked Core","Dodecahedron","Pear","Busted Crown","Red Mask","Thread and Needle","Smiling Mask","Juzu Bracelet","Pandora\u0027s Box","Chemical X","Lantern"],"potions_floor_usage":[50,50,50],"damage_taken":[{"damage":1.0,"enemies":"Cultist","floor":1.0,"turns":3.0},{"damage":4.0,"enemies":"2 Louse","floor":3.0,"turns":3.0},{"damage":7.0,"enemies":"Small Slimes","floor":4.0,"turns":3.0},{"damage":6.0,"enemies":"Gremlin Nob","floor":7.0,"turns":3.0},{"damage":10.0,"enemies":"Looter","floor":8.0,"turns":3.0},{"damage":12.0,"enemies":"Exordium Wildlife","floor":10.0,"turns":3.0},{"damage":26.0,"enemies":"3 Sentries","floor":12.0,"turns":4.0},{"damage":8.0,"enemies":"Hexaghost","floor":16.0,"turns":7.0},{"damage":5.0,"enemies":"3 Byrds","floor":18.0,"turns":2.0},{"damage":34.0,"enemies":"Masked Bandits","floor":21.0,"turns":3.0},{"damage":40.0,"enemies":"Book of Stabbing","floor":23.0,"turns":4.0},{"damage":4.0,"enemies":"Shell Parasite","floor":25.0,"turns":2.0},{"damage":18.0,"enemies":"Centurion and Healer","floor":28.0,"turns":5.0},{"damage":17.0,"enemies":"Sentry and Sphere","floor":29.0,"turns":4.0},{"damage":23.0,"enemies":"Champ","floor":33.0,"turns":6.0},{"damage":0.0,"enemies":"3 Shapes","floor":35.0,"turns":2.0},{"damage":0.0,"enemies":"Orb Walker","floor":36.0,"turns":2.0},{"damage":7.0,"enemies":"Writhing Mass","floor":38.0,"turns":2.0},{"damage":6.0,"enemies":"Jaw Worm Horde","floor":39.0,"turns":2.0},{"damage":0,"enemies":"Sphere and 2 Shapes","floor":48,"turns":2},{"damage":15,"enemies":"Awakened One","floor":50,"turns":3}],"seed_played":"5373163805812560540","potions_obtained":[{"floor":1.0,"key":"Weak Potion"},{"floor":4.0,"key":"Fire Potion"},{"floor":12.0,"key":"FocusPotion"},{"floor":25.0,"key":"EssenceOfSteel"},{"floor":28.0,"key":"LiquidBronze"},{"floor":35.0,"key":"PowerPotion"},{"floor":36.0,"key":"SkillPotion"}],"is_trial":false,"path_per_floor":["M","$","M","M","$","R","E","M","T","M","R","E","R","$","R","B",null,"M","?","?","?","T","E","R","M","T","R","M","M","R","?","R","B",null,"M","M","$","M","M","R","?","R","T","$","?","?","R","M","R","B",null],"character_chosen":"DEFECT","items_purchased":["Storm","Heatsinks","Heatsinks","Chemical X","Storm"],"campfire_rested":3,"item_purchase_floors":[2,5,14,37,44],"current_hp_per_floor":[67,67,63,56,56,56,50,40,50,38,38,12,12,12,12,4,99,94,94,94,60,60,20,49,45,45,74,56,39,68,68,68,45,99,99,99,99,92,86,86,86,86,86,86,86,86,86,86,86,71],"gold":140,"neow_bonus":"TWENTY_PERCENT_HP_BONUS","is_prod":false,"is_daily":false,"chose_seed":false,"campfire_upgraded":9,"win_rate":0,"timestamp":1560532601,"path_taken":["M","$","M","M","$","R","E","M","T","M","R","E","R","$","R","BOSS","M","?","?","?","?","E","R","M","T","R","M","M","R","?","R","BOSS","M","M","$","M","M","R","?","R","T","$","?","?","R","M","R","BOSS"],"build_version":"2019-01-23","purchased_purges":2,"victory":true,"max_hp_per_floor":[89,89,89,89,89,89,89,89,99,99,99,99,99,99,99,99,99,99,99,99,99,99,99,99,99,99,99,99,99,99,99,99,99,99,99,99,99,99,99,99,94,94,94,94,94,94,94,94,94,94],"card_choices":[{"not_picked":["Melter","Turbo"],"picked":"Storm","floor":1.0},{"not_picked":["Sweeping Beam","Hello World"],"picked":"Capacitor","floor":3.0},{"not_picked":["Hologram","Barrage"],"picked":"Amplify","floor":4.0},{"not_picked":["Steam","Rebound","FTL"],"picked":"SKIP","floor":7.0},{"not_picked":["Go for the Eyes","Streamline","Cold Snap"],"picked":"SKIP","floor":8.0},{"not_picked":["Rip and Tear","Doom and Gloom","Reprogram"],"picked":"SKIP","floor":10.0},{"not_picked":["Auto Shields","Stack"],"picked":"Creative AI","floor":12.0},{"not_picked":["Buffer","Thunder Strike"],"picked":"Creative AI","floor":16.0},{"not_picked":["Ball Lightning"],"picked":"SKIP","floor":18.0},{"not_picked":["Meteor Strike"],"picked":"SKIP","floor":23.0},{"not_picked":["Ball Lightning+1"],"picked":"SKIP","floor":25.0},{"not_picked":["Hologram"],"picked":"SKIP","floor":28.0},{"not_picked":["Steam+1"],"picked":"SKIP","floor":29.0},{"not_picked":[],"picked":"Electrodynamics","floor":33.0},{"not_picked":["Blizzard"],"picked":"SKIP","floor":35.0},{"not_picked":["Barrage+1"],"picked":"SKIP","floor":36.0},{"not_picked":["Gash"],"picked":"SKIP","floor":38.0},{"not_picked":["Cold Snap"],"picked":"SKIP","floor":39.0},{"not_picked":[],"picked":"Mayhem","floor":45},{"not_picked":["Barrage+1"],"picked":"SKIP","floor":48}],"player_experience":5223562,"relics_obtained":[{"floor":7.0,"key":"Dodecahedron"},{"floor":9.0,"key":"Pear"},{"floor":21.0,"key":"Red Mask"},{"floor":22.0,"key":"Thread and Needle"},{"floor":23.0,"key":"Smiling Mask"},{"floor":26.0,"key":"Juzu Bracelet"},{"floor":43.0,"key":"Lantern"}],"event_choices":[{"damage_healed":0.0,"max_hp_gain":0.0,"max_hp_loss":0.0,"gold_gain":99.0,"event_name":"Nest","player_choice":"Stole From Cult","floor":19.0,"gold_loss":0.0,"damage_taken":0.0},{"damage_healed":0.0,"max_hp_gain":0.0,"max_hp_loss":0.0,"gold_gain":0.0,"event_name":"Vampires","player_choice":"Ignored","floor":20.0,"gold_loss":0.0,"damage_taken":0.0},{"damage_healed":0.0,"max_hp_gain":0.0,"max_hp_loss":0.0,"gold_gain":0.0,"event_name":"Masked Bandits","player_choice":"Fought Bandits","floor":21.0,"gold_loss":0.0,"damage_taken":0.0},{"cards_removed":["Strike_B"],"damage_healed":0.0,"max_hp_gain":0.0,"max_hp_loss":0.0,"gold_gain":0.0,"event_name":"Beggar","player_choice":"Gave Gold","floor":31.0,"gold_loss":75.0,"damage_taken":0.0},{"damage_healed":0.0,"max_hp_gain":0.0,"max_hp_loss":5.0,"gold_gain":0.0,"event_name":"Winding Halls","player_choice":"Max HP","floor":41.0,"gold_loss":0.0,"damage_taken":0.0},{"damage_healed":0,"gold_gain":0,"player_choice":"Memory 1","damage_taken":0,"max_hp_gain":0,"max_hp_loss":0,"event_name":"SensoryStone","floor":45,"gold_loss":0},{"cards_removed":["Ball Lightning"],"damage_healed":0,"gold_gain":0,"player_choice":"Removed Attack","damage_taken":0,"max_hp_gain":0,"max_hp_loss":0,"event_name":"Falling","floor":46,"gold_loss":0}],"is_beta":false,"boss_relics":[{"not_picked":["Fusion Hammer","Snecko Eye"],"picked":"Busted Crown"},{"not_picked":["Philosopher\u0027s Stone","Runic Pyramid"],"picked":"Pandora\u0027s Box"}],"items_purged_floors":[37,44],"is_endless":false,"potions_floor_spawned":[1,4,12,25,28,35,36,39],"ascension_level":0}