{"gold_per_floor":[110,54,69,69,83,83,111,111,135,170,185,242,20,20,20,92,92,108,158,83,8,19,19,19,19,19,39,39,39,54,54,54,131,131,146,146,156,156],"floor_reached":38,"playtime":976,"items_purged":["Strike_B"],"score":810,"play_id":"84c06ea4-71ee-4982-b604-488fb6e7e9f5","local_time":"20190305145748","is_ascension_mode":true,"campfire_choices":[{"data":"Streamline","floor":6,"key":"SMITH"},{"data":"Dualcast","floor":8,"key":"SMITH"},{"data":"Loop","floor":15,"key":"SMITH"},{"data":"White Noise","floor":23,"key":"SMITH"},{"data":"Zap","floor":25,"key":"SMITH"},{"data":"Echo Form","floor":29,"key":"SMITH"},{"floor":32,"key":"REST"}],"neow_cost":"NONE","seed_source_timestamp":12725128066262,"circlet_count":0,"master_deck":["AscendersBane","Strike_B+1","Defend_B","Defend_B","Defend_B","Defend_B","Zap+1","Dualcast+1","Cold Snap+1","Cold Snap","Streamline+1","White Noise+1","Loop+1","Echo Form+1","Hologram+1","Amplify","Reinforced Body","Capacitor","Loop+1","Self Repair"],"relics":["Cracked Core","Bronze Scales","DataDisk","Whetstone","Orichalcum","Runic Capacitor","Velvet Choker","Sundial","Orrery"],"potions_floor_usage":[33,33,33,35,38],"damage_taken":[{"damage":7,"enemies":"2 Louse","floor":1,"turns":3},{"damage":0,"enemies":"Cultist","floor":3,"turns":3},{"damage":10,"enemies":"Small Slimes","floor":5,"turns":3},{"damage":23,"enemies":"Gremlin Nob","floor":7,"turns":4},{"damage":0,"enemies":"Lagavulin","floor":10,"turns":7},{"damage":0,"enemies":"2 Fungi Beasts","floor":11,"turns":2},{"damage":3,"enemies":"Hexaghost","floor":16,"turns":8},{"damage":0,"enemies":"Chosen","floor":18,"turns":3},{"damage":6,"enemies":"3 Byrds","floor":22,"turns":3},{"damage":21,"enemies":"Cultist and Chosen","floor":27,"turns":6},{"damage":9,"enemies":"Snecko","floor":30,"turns":4},{"damage":46,"enemies":"Collector","floor":33,"turns":13},{"damage":24,"enemies":"3 Darklings","floor":35,"turns":6},{"damage":0,"enemies":"3 Shapes","floor":37,"turns":8},{"damage":34,"enemies":"Jaw Worm Horde","floor":38,"turns":3}],"seed_played":"-7760235520084944126","potions_obtained":[{"floor":3,"key":"EssenceOfSteel"},{"floor":10,"key":"SmokeBomb"},{"floor":11,"key":"EntropicBrew"},{"floor":33,"key":"SpeedPotion"},{"floor":35,"key":"FocusPotion"}],"is_trial":false,"path_per_floor":["M","$","M","$","M","R","E","R","T","E","M","?","$","?","R","B",null,"M","?","$","?","M","R","?","R","T","M","T","R","M","$","R","B",null,"M","?","M","M"],"character_chosen":"DEFECT","items_purchased":["Cold Snap","Runic Capacitor"],"campfire_rested":1,"item_purchase_floors":[2,13],"current_hp_per_floor":[57,57,57,57,47,47,24,24,24,24,24,24,24,24,24,21,59,59,59,59,59,53,53,53,53,53,32,32,32,23,23,44,13,57,33,33,33,0],"gold":156,"neow_bonus":"RANDOM_COMMON_RELIC","is_prod":false,"is_daily":false,"chose_seed":false,"campfire_upgraded":6,"win_rate":0,"timestamp":1551769068,"path_taken":["M","$","M","$","M","R","E","R","T","E","M","?","$","?","R","BOSS","M","?","$","?","M","R","?","R","T","?","?","R","M","$","R","BOSS","M","?","M","M"],"build_version":"2019-01-23","purchased_purges":1,"victory":false,"max_hp_per_floor":[71,71,71,71,71,71,71,71,71,71,71,71,71,71,71,71,71,71,71,71,71,71,71,71,71,71,71,71,71,71,71,71,71,71,71,67,67,67],"card_choices":[{"not_picked":["Skim","Streamline"],"picked":"Cold Snap","floor":1},{"not_picked":["Compile Driver","BootSequence"],"picked":"Streamline","floor":3},{"not_picked":["Steam","Redo","Beam Cell"],"picked":"SKIP","floor":5},{"not_picked":["All For One","Compile Driver"],"picked":"White Noise","floor":7},{"not_picked":["Beam Cell","Darkness","Streamline"],"picked":"SKIP","floor":10},{"not_picked":["Gash","Coolheaded"],"picked":"Loop","floor":11},{"not_picked":["Buffer","Electrodynamics"],"picked":"Echo Form","floor":16},{"not_picked":["Rebound","Rip and Tear","Redo+1"],"picked":"SKIP","floor":18},{"not_picked":["FTL+1","Storm"],"picked":"Hologram+1","floor":22},{"not_picked":["Hologram","Darkness+1","Storm+1"],"picked":"SKIP","floor":27},{"not_picked":["Streamline","Beam Cell+1","Barrage"],"picked":"SKIP","floor":30},{"not_picked":["Fission","Hyperbeam"],"picked":"Amplify","floor":33},{"not_picked":["Chaos","Rip and Tear"],"picked":"Reinforced Body","floor":34},{"not_picked":["Ball Lightning+1","Stack+1"],"picked":"Capacitor","floor":34},{"not_picked":["Sunder","Reinforced Body"],"picked":"Loop+1","floor":35},{"not_picked":["Chaos","Barrage+1"],"picked":"Self Repair","floor":37}],"player_experience":3326884,"relics_obtained":[{"floor":7,"key":"DataDisk"},{"floor":9,"key":"Whetstone"},{"floor":10,"key":"Orichalcum"},{"floor":26,"key":"Sundial"}],"event_choices":[{"damage_healed":0,"gold_gain":57,"player_choice":"Gained Gold","damage_taken":0,"max_hp_gain":0,"max_hp_loss":0,"event_name":"Golden Wing","floor":12,"gold_loss":0},{"cards_removed":["Strike_B"],"damage_healed":0,"gold_gain":0,"player_choice":"Purged","damage_taken":0,"max_hp_gain":0,"max_hp_loss":0,"event_name":"Purifier","floor":14,"gold_loss":0},{"damage_healed":0,"gold_gain":50,"player_choice":"Stole From Cult","damage_taken":0,"max_hp_gain":0,"max_hp_loss":0,"event_name":"Nest","floor":19,"gold_loss":0},{"cards_removed":["Strike_B"],"damage_healed":0,"gold_gain":0,"player_choice":"Gave Gold","damage_taken":0,"max_hp_gain":0,"max_hp_loss":0,"event_name":"Beggar","floor":21,"gold_loss":75},{"damage_healed":0,"gold_gain":0,"player_choice":"Ignored","damage_taken":0,"max_hp_gain":0,"max_hp_loss":0,"event_name":"Vampires","floor":24,"gold_loss":0},{"damage_healed":0,"gold_gain":0,"player_choice":"Max HP","damage_taken":0,"max_hp_gain":0,"max_hp_loss":4,"event_name":"Winding Halls","floor":36,"gold_loss":0}],"is_beta":false,"boss_relics":[{"not_picked":["Empty Cage","Lizard Tail"],"picked":"Velvet Choker"},{"not_picked":["Fusion Hammer","Nuclear Battery"],"picked":"Orrery"}],"items_purged_floors":[20],"is_endless":false,"potions_floor_spawned":[3,10,11,16,33,35,37],"killed_by":"Jaw Worm Horde","ascension_level":20}