{"gold_per_floor":[110,110,19,38,48,48,76,76,99,115,144,69,69,69,69,165,165,181,96,96,115,132,132,149,149,176,193,193,82,95,115,115,211,211,222,275,291,691,705,705,723,735,758,758,758,758,118,137,137,137],"floor_reached":51,"playtime":1840,"items_purged":["Strike_B","Defend_B"],"score":774,"play_id":"0eff43f1-8e54-48a2-ba3b-8217b43b0582","local_time":"20190612151657","is_ascension_mode":false,"campfire_choices":[{"data":"Loop","floor":6,"key":"SMITH"},{"data":"Dualcast","floor":8,"key":"SMITH"},{"data":"Zap","floor":13,"key":"SMITH"},{"data":"White Noise","floor":15,"key":"SMITH"},{"data":"Loop","floor":23,"key":"SMITH"},{"data":"Rainbow","floor":25,"key":"SMITH"},{"data":"Loop","floor":32,"key":"SMITH"},{"data":"Skim","floor":40,"key":"SMITH"},{"data":"Multi-Cast","floor":44,"key":"SMITH"},{"data":"Glacier","floor":46,"key":"SMITH"},{"floor":49,"key":"REST"}],"neow_cost":"NONE","seed_source_timestamp":16046764478896,"circlet_count":0,"master_deck":["Defend_B","Zap+1","Dualcast+1","Glacier+1","Ball Lightning","Loop+1","Core Surge","Double Energy+1","White Noise+1","Rainbow+1","Loop+1","Thunder Strike+1","Skim+1","Loop+1","Multi-Cast+1","Defragment+1","Cold Snap+1","Buffer+1","Coolheaded+1","Loop+1","Turbo+1"],"relics":["Cracked Core","NeowsBlessing","Art of War","Meat on the Bone","Dream Catcher","Odd Mushroom","Busted Crown","Molten Egg 2","Vajra","Astrolabe","Anchor","Old Coin","Bag of Preparation","Cables","ClockworkSouvenir"],"potions_floor_usage":[21,37,50,50,50],"damage_taken":[{"damage":0,"enemies":"2 Louse","floor":1,"turns":1},{"damage":0,"enemies":"Cultist","floor":4,"turns":1},{"damage":0,"enemies":"Jaw Worm","floor":5,"turns":1},{"damage":26,"enemies":"3 Sentries","floor":7,"turns":6},{"damage":19,"enemies":"Exordium Thugs","floor":10,"turns":4},{"damage":23,"enemies":"The Mushroom Lair","floor":11,"turns":3},{"damage":13,"enemies":"The Guardian","floor":16,"turns":11},{"damage":0,"enemies":"Spheric Guardian","floor":18,"turns":3},{"damage":1,"enemies":"Shell Parasite","floor":21,"turns":5},{"damage":0,"enemies":"Centurion and Healer","floor":22,"turns":6},{"damage":0,"enemies":"Snecko","floor":24,"turns":4},{"damage":0,"enemies":"Cultist and Chosen","floor":27,"turns":6},{"damage":8,"enemies":"Sentry and Sphere","floor":30,"turns":4},{"damage":3,"enemies":"Snecko","floor":31,"turns":4},{"damage":50,"enemies":"Automaton","floor":33,"turns":10},{"damage":0,"enemies":"3 Shapes","floor":35,"turns":4},{"damage":22,"enemies":"3 Darklings","floor":37,"turns":5},{"damage":6,"enemies":"Mind Bloom Boss Battle","floor":38,"turns":5},{"damage":0,"enemies":"Transient","floor":39,"turns":5},{"damage":0,"enemies":"Sphere and 2 Shapes","floor":41,"turns":6},{"damage":0,"enemies":"Writhing Mass","floor":42,"turns":5},{"damage":0,"enemies":"4 Shapes","floor":48,"turns":7},{"damage":0,"enemies":"Time Eater","floor":50,"turns":4}],"seed_played":"-1218705988645076683","potions_obtained":[{"floor":1,"key":"EssenceOfSteel"},{"floor":4,"key":"SpeedPotion"},{"floor":5,"key":"Regen Potion"},{"floor":7,"key":"Weak Potion"},{"floor":24,"key":"FearPotion"},{"floor":31,"key":"PowerPotion"},{"floor":37,"key":"AttackPotion"},{"floor":39,"key":"Swift Potion"}],"is_trial":false,"path_per_floor":["M","?","$","M","M","R","E","R","T","M","?","$","R","$","R","B",null,"M","?","?","M","M","R","M","R","T","M","?","$","M","M","R","B",null,"M","T","M","?","M","R","M","M","T","R","?","R","$","M","R","B",null],"character_chosen":"DEFECT","items_purchased":["Ball Lightning","Loop","Skim","Loop","Cables","ClockworkSouvenir","EntropicBrew"],"campfire_rested":1,"item_purchase_floors":[3,3,29,29,47,47,47],"current_hp_per_floor":[75,75,75,75,75,75,49,49,49,42,31,31,31,31,31,30,75,75,75,75,74,74,74,74,74,74,74,74,74,66,63,63,25,75,75,75,65,59,59,59,59,59,59,59,59,59,59,59,75,75],"gold":137,"neow_bonus":"THREE_ENEMY_KILL","is_prod":false,"is_daily":false,"chose_seed":false,"campfire_upgraded":10,"win_rate":0,"timestamp":1560323817,"path_taken":["M","?","$","M","?","R","E","R","T","M","?","$","R","$","R","BOSS","M","?","?","M","M","R","M","R","T","M","?","$","M","M","R","BOSS","M","?","M","?","M","R","M","M","T","R","?","R","?","M","R","BOSS"],"build_version":"2019-01-23","purchased_purges":2,"victory":true,"max_hp_per_floor":[75,75,75,75,75,75,75,75,75,75,75,75,75,75,75,75,75,75,75,75,75,75,75,75,75,75,75,75,75,75,75,75,75,75,75,75,75,75,75,75,75,75,75,75,75,75,75,75,75,75],"card_choices":[{"not_picked":["Hologram","Melter"],"picked":"Glacier","floor":1},{"not_picked":["Redo","Gash"],"picked":"Cold Snap","floor":4},{"not_picked":["Redo","Rebound"],"picked":"Core Surge","floor":5},{"not_picked":["Cold Snap","Glacier","Turbo"],"picked":"SKIP","floor":7},{"not_picked":["Ball Lightning","Streamline"],"picked":"Double Energy","floor":10},{"not_picked":["Stack","Gash"],"picked":"White Noise","floor":11},{"not_picked":["Thunder Strike","Multi-Cast"],"picked":"Rainbow","floor":16},{"not_picked":["Rebound"],"picked":"SKIP","floor":18},{"not_picked":["Rebound+1"],"picked":"SKIP","floor":21},{"not_picked":["Doom and Gloom+1"],"picked":"SKIP","floor":22},{"not_picked":["Cold Snap+1"],"picked":"SKIP","floor":24},{"not_picked":["Go for the Eyes+1"],"picked":"SKIP","floor":27},{"not_picked":["Double Energy"],"picked":"SKIP","floor":30},{"not_picked":["Cold Snap+1"],"picked":"SKIP","floor":31},{"not_picked":[],"picked":"Multi-Cast","floor":33},{"not_picked":["Static Discharge+1"],"picked":"SKIP","floor":35},{"not_picked":["Gash+1"],"picked":"SKIP","floor":37},{"not_picked":[],"picked":"Coolheaded+1","floor":39},{"not_picked":[],"picked":"Loop+1","floor":41},{"not_picked":["Hologram"],"picked":"SKIP","floor":42},{"not_picked":["Turbo+1"],"picked":"SKIP","floor":48},{"not_picked":[],"picked":"Turbo+1","floor":48}],"player_experience":5101796,"relics_obtained":[{"floor":7,"key":"Meat on the Bone"},{"floor":9,"key":"Dream Catcher"},{"floor":11,"key":"Odd Mushroom"},{"floor":26,"key":"Vajra"},{"floor":36,"key":"Anchor"},{"floor":38,"key":"Old Coin"},{"floor":43,"key":"Bag of Preparation"}],"event_choices":[{"damage_healed":0,"gold_gain":0,"player_choice":"Gave Potion","damage_taken":0,"relics_obtained":["Art of War"],"max_hp_gain":0,"max_hp_loss":0,"event_name":"WeMeetAgain","floor":2,"gold_loss":0},{"damage_healed":0,"gold_gain":0,"player_choice":"Fought Mushrooms","damage_taken":0,"max_hp_gain":0,"max_hp_loss":0,"event_name":"Mushrooms","floor":11,"gold_loss":0},{"damage_healed":0,"gold_gain":0,"player_choice":"Obtained Relic","damage_taken":0,"relics_obtained":["Molten Egg 2"],"max_hp_gain":0,"max_hp_loss":0,"event_name":"Addict","floor":19,"gold_loss":85},{"damage_healed":0,"gold_gain":0,"cards_transformed":["Strike_B","Strike_B"],"player_choice":"Became Test Subject","damage_taken":0,"max_hp_gain":0,"max_hp_loss":0,"event_name":"Drug Dealer","floor":20,"gold_loss":0,"cards_obtained":["Loop","Thunder Strike"]},{"damage_healed":0,"gold_gain":0,"player_choice":"Upgraded","damage_taken":0,"max_hp_gain":0,"max_hp_loss":0,"event_name":"Upgrade Shrine","floor":28,"gold_loss":0,"cards_upgraded":["Double Energy"]},{"damage_healed":0,"gold_gain":0,"player_choice":"Fight","damage_taken":0,"max_hp_gain":0,"max_hp_loss":0,"event_name":"MindBloom","floor":38,"gold_loss":0},{"cards_removed":["Cold Snap"],"damage_healed":0,"gold_gain":0,"player_choice":"Removed Attack","damage_taken":0,"max_hp_gain":0,"max_hp_loss":0,"event_name":"Falling","floor":45,"gold_loss":0}],"is_beta":false,"boss_relics":[{"not_picked":["FrozenCore","White Beast Statue"],"picked":"Busted Crown"},{"not_picked":["Philosopher\u0027s Stone","Snecko Eye"],"picked":"Astrolabe"}],"items_purged_floors":[12,47],"is_endless":false,"potions_floor_spawned":[1,4,5,7,18,24,31,37,39,42],"ascension_level":0}