{"path_per_floor":["M","$","?","?","M","R","?","M","T","E","R","E","R","M","R","B",null,"M","?","M","?","?","R","E","R","T","E","R","$","?","E","R","B",null,"M","?","?","$","M","E","M","E","T","E","R","E","M","$","R","B"],"character_chosen":"THE_SILENT","items_purchased":["Madness","Trip","Mango","Panache","Flash of Steel","Accuracy"],"gold_per_floor":[114,39,39,39,54,54,54,69,69,99,99,129,129,144,144,244,244,259,259,274,189,89,89,119,119,119,149,149,50,50,80,80,180,180,195,195,230,77,92,122,137,167,467,497,497,527,542,0,0,0],"floor_reached":51,"campfire_rested":0,"playtime":2045,"current_hp_per_floor":[65,65,65,65,65,65,65,65,71,62,62,42,42,42,42,38,82,80,80,70,70,70,78,58,66,72,58,66,66,56,40,60,45,128,130,130,120,120,121,120,115,123,129,141,151,151,153,167,167,97],"items_purged":["Defend_G","Normality"],"gold":0,"score":1075,"play_id":"96c50c4d-6317-46d3-bfd1-df3a13df1b61","local_time":"20180325115712","daily_mods":["Heirloom","Cursed Run","Elite Swarm"],"is_prod":false,"is_daily":true,"is_ascension_mode":false,"campfire_upgraded":0,"timestamp":1521950232,"path_taken":["M","$","?","?","M","R","?","?","T","E","R","E","R","M","R","BOSS","M","?","M","?","?","R","E","R","T","E","R","$","?","E","R","BOSS","M","?","?","$","M","E","M","E","T","E","R","E","M","$","R","BOSS"],"build_version":"2018-03-22v2","purchased_purges":2,"victory":true,"master_deck":["Defend_G","Defend_G","Defend_G","Defend_G","Strike_G+1","Strike_G","Strike_G","Strike_G","Strike_G+1","Survivor","Neutralize","Purity","Predator","Parasite","Acrobatics","Decay","Burst","Backflip","Footwork","J.A.X.","Grand Finale","Clumsy","Madness+1","Necronomicurse","After Image","Doubt","Venomology+1","Doubt","Doubt","Trip+1","Blade Dance+1","Tools of the Trade","Regret","Adrenaline+1","Panache","Flash of Steel","Accuracy","Parasite"],"max_hp_per_floor":[70,70,70,70,70,70,70,70,76,76,76,76,76,76,76,82,82,82,82,82,82,82,82,82,82,88,88,88,88,94,94,104,110,128,130,130,132,132,132,132,134,136,142,151,151,151,153,167,167,173],"relics":["Cursed Key","Darkstone Periapt","Du-Vu Doll","Girya","Bronze Scales","Dead Branch","Shovel","Orichalcum","Eternal Feather","Vajra","Dodecahedron","Oddly Smooth Stone","Whetstone","Bird Faced Urn","Toxic Egg 2","Singing Bowl","Necronomicon","Ancient Tea Set","Pear","Calling Bell","Bag of Preparation","The Courier","Dream Catcher","Blood Vial","Ginger","Kunai","Pantograph","Old Coin","Strawberry","Art of War","Torii","Mango","Lantern"],"card_choices":[{"not_picked":["Poisoned Stab","Prepared"],"picked":"Predator","floor":5},{"not_picked":["Malaise","Underhanded Strike"],"picked":"Acrobatics","floor":14},{"not_picked":["Wraith Form","Die Die Die"],"picked":"Burst","floor":16},{"not_picked":["Caltrops","PiercingWail"],"picked":"Footwork","floor":20},{"not_picked":["Burst","Die Die Die"],"picked":"Grand Finale","floor":24},{"not_picked":["Die Die Die","Grand Finale"],"picked":"After Image","floor":31},{"not_picked":["Corpse Explosion","After Image"],"picked":"Venomology","floor":33},{"not_picked":["Crippling Poison","Deadly Poison"],"picked":"Blade Dance","floor":39},{"not_picked":["Glass Knife","After Image"],"picked":"Tools of the Trade","floor":40},{"not_picked":["Burst","Tools of the Trade"],"picked":"Adrenaline","floor":46}],"player_experience":314076,"potions_floor_usage":[12,18,24,27,27,31,33,33,39,40,41,42,46,46,50,50,50],"damage_taken":[{"damage":5,"enemies":"Jaw Worm","floor":1,"turns":7},{"damage":0,"enemies":"Cultist","floor":5,"turns":5},{"damage":0,"enemies":"2 Louse","floor":8,"turns":2},{"damage":9,"enemies":"3 Sentries","floor":10,"turns":6},{"damage":20,"enemies":"Gremlin Nob","floor":12,"turns":4},{"damage":0,"enemies":"Blue Slaver","floor":14,"turns":3},{"damage":10,"enemies":"Slime Boss","floor":16,"turns":6},{"damage":2,"enemies":"Spheric Guardian","floor":18,"turns":3},{"damage":10,"enemies":"3 Byrds","floor":20,"turns":4},{"damage":20,"enemies":"Book of Stabbing","floor":24,"turns":4},{"damage":23,"enemies":"Slavers","floor":27,"turns":4},{"damage":16,"enemies":"Gremlin Leader","floor":31,"turns":4},{"damage":27,"enemies":"Collector","floor":33,"turns":7},{"damage":0,"enemies":"Orb Walker","floor":35,"turns":2},{"damage":18,"enemies":"…Ò√ÿ‘≤«Ú","floor":37,"turns":4},{"damage":1,"enemies":"3 Darklings","floor":39,"turns":3},{"damage":7,"enemies":"2 Orb Walkers","floor":40,"turns":2},{"damage":15,"enemies":"4 Shapes","floor":41,"turns":4},{"damage":6,"enemies":"Giant Head","floor":42,"turns":5},{"damage":3,"enemies":"2 Orb Walkers","floor":44,"turns":3},{"damage":4,"enemies":"Giant Head","floor":46,"turns":3},{"damage":0,"enemies":"Maw","floor":47,"turns":2},{"damage":86,"enemies":"Awakened One","floor":50,"turns":7}],"event_choices":[{"event_name":"Match and Keep!","player_choice":"1 cards matched","floor":3,"damage_taken":0},{"event_name":"The Cleric","player_choice":"Leave","floor":4,"damage_taken":0},{"event_name":"Liars Game","player_choice":"disagreed","floor":7,"damage_taken":0},{"event_name":"The Library","player_choice":"Read","floor":19,"damage_taken":0},{"event_name":"Addict","player_choice":"Obtained Relic","floor":21,"damage_taken":0},{"event_name":"Drug Dealer","player_choice":"Got JAXXED","floor":22,"damage_taken":0},{"event_name":"Cursed Tome","player_choice":"Obtained Book","floor":30,"damage_taken":0},{"event_name":"Wheel of Change","player_choice":"Relic","floor":36,"damage_taken":0},{"event_name":"Mysterious Sphere","player_choice":"Fight","floor":37,"damage_taken":0}],"boss_relics":[{"not_picked":["White Beast Statue","Lizard Tail"],"picked":"Eternal Feather"},{"not_picked":["Pandora\u0027s Box","Runic Dome"],"picked":"Calling Bell"}],"potions_floor_spawned":[1,10,12,16,20,24,31,35,40,41,42],"seed_played":"-458385073084776932","ascension_level":0,"is_trial":false}