{"gold_per_floor":[109,125,75,75,87,87,87,87,87,97,97,22,22,41,41,146,146,157,82,82,82,82,95,115,115,115,115,115,132,147,147,147,243,243,254,154,167,216,236,265,265,265,311,311,325,359,359,391,391,391],"floor_reached":51,"playtime":1339,"items_purged":["Strike_G","Defend_G"],"score":773,"play_id":"b2893be2-1813-434b-8deb-68b0c6be3c87","local_time":"20181024172030","is_ascension_mode":false,"campfire_choices":[{"data":"Corpse Explosion","floor":6.0,"key":"SMITH"},{"data":"Well Laid Plans","floor":8.0,"key":"SMITH"},{"data":"Glass Knife","floor":13.0,"key":"SMITH"},{"data":"Deadly Poison","floor":15.0,"key":"SMITH"},{"data":"Night Terror","floor":25,"key":"SMITH"},{"data":"Neutralize","floor":27,"key":"SMITH"},{"data":"Glass Knife","floor":32,"key":"SMITH"},{"data":"Wraith Form v2","floor":41,"key":"SMITH"},{"data":"Night Terror","floor":44,"key":"SMITH"},{"data":"Survivor","floor":47,"key":"SMITH"},{"data":"Ghostly","floor":49,"key":"SMITH"}],"neow_cost":"NONE","seed_source_timestamp":25277826478498,"circlet_count":0,"master_deck":["Defend_G","Defend_G","Strike_G","Strike_G","Survivor+1","Neutralize+1","Corpse Explosion+1","Well Laid Plans+1","Glass Knife+1","Deadly Poison+1","Night Terror+1","Ghostly","Ghostly","Ghostly","Ghostly","Ghostly+1","Glass Knife+1","Night Terror+1","Wraith Form v2+1"],"special_seed":0,"relics":["Ring of the Snake","Potion Belt","Lantern","Runic Pyramid","Calipers","Philosopher\u0027s Stone","Gambling Chip","Prayer Wheel","Bronze Scales","Paper Crane","Girya"],"potions_floor_usage":[23,40,50,50],"damage_taken":[{"damage":2.0,"enemies":"Cultist","floor":1.0,"turns":5.0},{"damage":3.0,"enemies":"Jaw Worm","floor":2.0,"turns":5.0},{"damage":2.0,"enemies":"Small Slimes","floor":5.0,"turns":3.0},{"damage":0.0,"enemies":"2 Fungi Beasts","floor":10.0,"turns":2.0},{"damage":4.0,"enemies":"Exordium Thugs","floor":14.0,"turns":4.0},{"damage":33.0,"enemies":"The Guardian","floor":16.0,"turns":7.0},{"damage":0.0,"enemies":"Shell Parasite","floor":18.0,"turns":6.0},{"damage":2,"enemies":"2 Thieves","floor":23,"turns":3},{"damage":5,"enemies":"Snake Plant","floor":24,"turns":3},{"damage":1,"enemies":"Snecko","floor":29,"turns":4},{"damage":0,"enemies":"Cultist and Chosen","floor":30,"turns":5},{"damage":17,"enemies":"Collector","floor":33,"turns":8},{"damage":1,"enemies":"3 Darklings","floor":35,"turns":2},{"damage":1,"enemies":"Orb Walker","floor":37,"turns":4},{"damage":3,"enemies":"2 Orb Walkers","floor":38,"turns":4},{"damage":0,"enemies":"Spire Growth","floor":39,"turns":5},{"damage":7,"enemies":"Nemesis","floor":40,"turns":5},{"damage":2,"enemies":"Transient","floor":45,"turns":5},{"damage":3,"enemies":"Reptomancer","floor":46,"turns":6},{"damage":8,"enemies":"Nemesis","floor":48,"turns":9},{"damage":4,"enemies":"Donu and Deca","floor":50,"turns":10}],"seed_played":"-8946763691603792441","potions_obtained":[{"floor":5.0,"key":"Fire Potion"},{"floor":16.0,"key":"Weak Potion"},{"floor":24,"key":"Dexterity Potion"},{"floor":29,"key":"SpeedPotion"},{"floor":33,"key":"Weak Potion"},{"floor":38,"key":"GhostInAJar"},{"floor":39,"key":"GamblersBrew"},{"floor":45,"key":"Dexterity Potion"}],"is_trial":false,"path_per_floor":["M","M","?","?","M","R","?","R","T","M","$","$","R","M","R","B",null,"M","?","?","$","?","M","M","R","T","R","?","M","M","?","R","B",null,"M","$","M","?","M","E","R","?","T","R","M","E","R","E","R","B"],"character_chosen":"THE_SILENT","items_purchased":[],"campfire_rested":0,"item_purchase_floors":[],"current_hp_per_floor":[68,65,65,65,63,63,63,63,63,63,63,63,63,59,59,26,70,70,70,70,70,57,55,50,50,50,50,37,36,36,36,36,19,37,36,36,35,32,32,25,25,25,25,25,23,20,20,12,12,8],"gold":391,"neow_bonus":"ONE_RANDOM_RARE_CARD","is_prod":false,"is_daily":false,"chose_seed":false,"campfire_upgraded":11,"win_rate":0,"timestamp":1540372830,"path_taken":["M","?","?","?","M","R","?","R","T","?","?","$","R","M","R","BOSS","M","?","?","$","?","M","?","R","T","R","?","M","M","?","R","BOSS","M","$","M","?","M","E","R","?","T","R","M","E","R","E","R","BOSS"],"build_version":"2018-10-18","purchased_purges":2,"victory":true,"max_hp_per_floor":[70,70,70,70,70,70,70,70,70,70,70,70,70,70,70,70,70,70,70,70,70,75,75,75,75,75,75,37,37,37,37,37,37,37,37,37,37,37,37,37,37,37,37,37,37,37,37,37,37,37],"card_choices":[{"not_picked":["Blade Dance","Dodge and Roll"],"picked":"Backflip","floor":1.0},{"not_picked":["Blade Dance","PiercingWail","Poisoned Stab"],"picked":"SKIP","floor":2.0},{"not_picked":["Endless Agony","Infinite Blades"],"picked":"Well Laid Plans","floor":5.0},{"not_picked":["Deadly Poison","Expertise"],"picked":"Glass Knife","floor":10.0},{"not_picked":["Flechettes","Underhanded Strike"],"picked":"Deadly Poison","floor":14.0},{"not_picked":["Tools of the Trade","Storm of Steel"],"picked":"Night Terror","floor":16.0},{"not_picked":["Dagger Throw","Dagger Spray","Poisoned Stab"],"picked":"SKIP","floor":18.0},{"not_picked":["Calculated Gamble","Sucker Punch","Deflect"],"picked":"SKIP","floor":23},{"not_picked":["Deadly Poison","Dagger Throw","Masterful Stab+1"],"picked":"SKIP","floor":24},{"not_picked":["Sucker Punch+1","Poisoned Stab"],"picked":"Glass Knife","floor":29},{"not_picked":["Dagger Throw","Quick Slash","Distraction"],"picked":"SKIP","floor":30},{"not_picked":["Tools of the Trade","Corpse Explosion"],"picked":"Night Terror","floor":33},{"not_picked":["Reflex","Sucker Punch","Blur"],"picked":"SKIP","floor":35},{"not_picked":["PiercingWail","Cloak And Dagger+1","Dagger Throw"],"picked":"SKIP","floor":37},{"not_picked":["Underhanded Strike+1","Riddle With Holes+1","Quick Slash+1"],"picked":"SKIP","floor":39},{"not_picked":["Flying Knee","PiercingWail+1"],"picked":"Wraith Form v2","floor":40},{"not_picked":["Underhanded Strike+1","Sucker Punch","Bane+1"],"picked":"SKIP","floor":45},{"not_picked":["Dodge and Roll","Bane","Cloak And Dagger+1"],"picked":"SKIP","floor":45},{"not_picked":["Dagger Throw+1","A Thousand Cuts","Riddle With Holes"],"picked":"SKIP","floor":46},{"not_picked":["Acrobatics","Riddle With Holes","Bane+1"],"picked":"SKIP","floor":48}],"player_experience":608295,"relics_obtained":[{"floor":9.0,"key":"Lantern"},{"floor":26,"key":"Calipers"},{"floor":38,"key":"Gambling Chip"},{"floor":40,"key":"Prayer Wheel"},{"floor":43,"key":"Bronze Scales"},{"floor":46,"key":"Paper Crane"},{"floor":48,"key":"Girya"}],"event_choices":[{"cards_removed":["Strike_G"],"damage_healed":0.0,"max_hp_gain":0.0,"max_hp_loss":0.0,"gold_gain":0.0,"event_name":"The Cleric","player_choice":"Card Removal","floor":3.0,"gold_loss":50.0,"damage_taken":0.0},{"cards_removed":["Defend_G"],"damage_healed":0.0,"max_hp_gain":0.0,"max_hp_loss":0.0,"gold_gain":0.0,"event_name":"Living Wall","player_choice":"Forget","floor":4.0,"gold_loss":0.0,"damage_taken":0.0},{"cards_removed":["Backflip"],"damage_healed":0.0,"max_hp_gain":0.0,"max_hp_loss":0.0,"gold_gain":0.0,"event_name":"WeMeetAgain","player_choice":"Gave Card","floor":7.0,"gold_loss":0.0,"damage_taken":0.0,"relics_obtained":["Potion Belt"]},{"cards_removed":["Strike_G"],"damage_healed":0.0,"max_hp_gain":0.0,"max_hp_loss":0.0,"gold_gain":0.0,"event_name":"Beggar","player_choice":"Gave Gold","floor":19.0,"gold_loss":75.0,"damage_taken":0.0},{"cards_removed":["Defend_G"],"damage_healed":0.0,"max_hp_gain":0.0,"max_hp_loss":0.0,"gold_gain":0.0,"event_name":"Back to Basics","player_choice":"Elegance","floor":20.0,"gold_loss":0.0,"damage_taken":0.0},{"damage_healed":0.0,"max_hp_gain":5.0,"max_hp_loss":0.0,"gold_gain":0.0,"event_name":"Forgotten Altar","player_choice":"Shed Blood","floor":22.0,"gold_loss":0.0,"damage_taken":18.0},{"damage_healed":0,"gold_gain":0,"player_choice":"Became a Ghost","damage_taken":0,"max_hp_gain":0,"max_hp_loss":38,"event_name":"Ghosts","floor":28,"gold_loss":0,"cards_obtained":["Ghostly","Ghostly","Ghostly","Ghostly","Ghostly"]},{"damage_healed":0,"gold_gain":0,"player_choice":"Read","damage_taken":0,"max_hp_gain":0,"max_hp_loss":0,"event_name":"The Library","floor":31,"gold_loss":0,"cards_obtained":["Noxious Fumes"]},{"damage_healed":0,"gold_gain":0,"player_choice":"Fight","damage_taken":0,"max_hp_gain":0,"max_hp_loss":0,"event_name":"Mysterious Sphere","floor":38,"gold_loss":0},{"cards_removed":["Noxious Fumes"],"damage_healed":0,"gold_gain":0,"player_choice":"Removed Power","damage_taken":0,"max_hp_gain":0,"max_hp_loss":0,"event_name":"Falling","floor":42,"gold_loss":0}],"is_beta":false,"boss_relics":[{"not_picked":["Calling Bell","Orrery"],"picked":"Runic Pyramid"},{"not_picked":["White Beast Statue","Empty Cage"],"picked":"Philosopher\u0027s Stone"}],"items_purged_floors":[12,36],"is_endless":false,"potions_floor_spawned":[5,16,24,29,33,38,39,45,48],"ascension_level":0}