{"gold_per_floor":[111,61,61,79,11,11,29,55,55,66,66,66,76,87,87,190,190,207,207,221,235,235,235,160,160,186,186,212,226,226,226,226,322,322,340,240,250,250,260,260,272,272,295,295,330,348,348,366,366,366],"floor_reached":51,"playtime":1493,"items_purged":["Strike_B","Defend_B"],"score":687,"play_id":"967e12af-d40b-4c67-a35f-87af583fb20c","local_time":"20190612165724","is_ascension_mode":false,"campfire_choices":[{"data":"Consume","floor":6,"key":"SMITH"},{"data":"Dualcast","floor":12,"key":"SMITH"},{"data":"Buffer","floor":15,"key":"SMITH"},{"data":"Multi-Cast","floor":23,"key":"SMITH"},{"data":"Capacitor","floor":25,"key":"SMITH"},{"floor":27,"key":"REST"},{"data":"Zap","floor":32,"key":"SMITH"},{"data":"Reboot","floor":40,"key":"SMITH"},{"data":"Defend_B","floor":44,"key":"SMITH"},{"data":"Defend_B","floor":47,"key":"SMITH"},{"floor":49,"key":"REST"}],"neow_cost":"NONE","seed_source_timestamp":22418374152757,"circlet_count":0,"master_deck":["Defend_B+1","Defend_B+1","Zap+1","Dualcast+1","Buffer+1","Ball Lightning+1","Chill","Ball Lightning+1","Consume+1","Darkness+1","Multi-Cast+1","Coolheaded+1","Capacitor+1","Reboot+1","Parasite","Redo+1","Parasite"],"relics":["Cracked Core","Whetstone","Sozu","Oddly Smooth Stone","Bag of Marbles","Sundial","DataDisk","Empty Cage","Juzu Bracelet","Symbiotic Virus"],"potions_floor_usage":[7,37],"damage_taken":[{"damage":3,"enemies":"Jaw Worm","floor":1,"turns":5},{"damage":0,"enemies":"Small Slimes","floor":4,"turns":3},{"damage":0,"enemies":"Cultist","floor":7,"turns":3},{"damage":8,"enemies":"Red Slaver","floor":10,"turns":3},{"damage":6,"enemies":"Large Slime","floor":13,"turns":3},{"damage":0,"enemies":"Exordium Thugs","floor":14,"turns":4},{"damage":36,"enemies":"Hexaghost","floor":16,"turns":6},{"damage":0,"enemies":"3 Byrds","floor":18,"turns":3},{"damage":8,"enemies":"Shell Parasite","floor":20,"turns":4},{"damage":16,"enemies":"Snake Plant","floor":21,"turns":2},{"damage":7,"enemies":"Book of Stabbing","floor":28,"turns":3},{"damage":2,"enemies":"Centurion and Healer","floor":29,"turns":5},{"damage":26,"enemies":"Collector","floor":33,"turns":9},{"damage":0,"enemies":"3 Shapes","floor":35,"turns":3},{"damage":22,"enemies":"3 Darklings","floor":37,"turns":3},{"damage":0,"enemies":"Writhing Mass","floor":39,"turns":4},{"damage":0,"enemies":"Sphere and 2 Shapes","floor":41,"turns":5},{"damage":6,"enemies":"Nemesis","floor":45,"turns":3},{"damage":0,"enemies":"Transient","floor":46,"turns":5},{"damage":7,"enemies":"Writhing Mass","floor":48,"turns":4},{"damage":4,"enemies":"Donu and Deca","floor":50,"turns":7}],"seed_played":"-8251117334362224320","potions_obtained":[{"floor":4,"key":"EssenceOfSteel"},{"floor":7,"key":"Fruit Juice"},{"floor":10,"key":"Explosive Potion"},{"floor":13,"key":"SteroidPotion"}],"is_trial":false,"path_per_floor":["M","?","?","M","$","R","M","T","T","M","?","R","M","M","R","B",null,"M","?","M","M","?","R","$","R","T","R","E","M","T","?","R","B",null,"M","$","M","?","M","R","M","?","T","R","E","M","R","M","R","B",null],"character_chosen":"DEFECT","items_purchased":["Consume"],"campfire_rested":2,"item_purchase_floors":[5],"current_hp_per_floor":[72,72,72,72,72,72,77,77,77,69,69,69,63,63,63,27,80,80,65,57,41,41,41,41,41,41,66,59,57,57,57,57,31,85,85,85,63,63,63,63,63,63,63,63,57,57,57,50,74,70],"gold":366,"neow_bonus":"ONE_RANDOM_RARE_CARD","is_prod":false,"is_daily":false,"chose_seed":false,"campfire_upgraded":9,"win_rate":0,"timestamp":1560329844,"path_taken":["M","?","?","M","?","R","?","?","T","M","?","R","?","M","R","BOSS","M","?","M","M","?","R","$","R","T","R","E","M","?","?","R","BOSS","M","$","M","?","?","R","M","?","T","R","E","M","R","M","R","BOSS"],"build_version":"2019-01-23","purchased_purges":2,"victory":true,"max_hp_per_floor":[75,75,75,75,75,75,80,80,80,80,80,80,80,80,80,80,80,80,85,85,85,85,85,85,85,85,85,85,85,85,85,85,85,85,85,85,85,85,85,85,85,81,81,81,81,81,81,81,81,81],"card_choices":[{"not_picked":["Rebound","BootSequence"],"picked":"Ball Lightning","floor":1},{"not_picked":["Cold Snap","Barrage"],"picked":"Ball Lightning","floor":4},{"not_picked":["FTL","Leap","Scrape"],"picked":"SKIP","floor":7},{"not_picked":["Beam Cell","Sweeping Beam"],"picked":"Darkness","floor":10},{"not_picked":["Rebound","Streamline","Storm"],"picked":"SKIP","floor":13},{"not_picked":["Compile Driver","Static Discharge","Rebound"],"picked":"SKIP","floor":14},{"not_picked":["All For One","Reboot"],"picked":"Multi-Cast","floor":16},{"not_picked":["Tempest","Cold Snap","Leap+1"],"picked":"SKIP","floor":18},{"not_picked":["Capacitor","Leap"],"picked":"Coolheaded+1","floor":20},{"not_picked":["Seek","Chaos"],"picked":"Capacitor","floor":21},{"not_picked":["Redo","Coolheaded","Ball Lightning+1"],"picked":"SKIP","floor":28},{"not_picked":["Conserve Battery","Sweeping Beam+1","Lockon"],"picked":"SKIP","floor":29},{"not_picked":["Meteor Strike","Amplify"],"picked":"Reboot","floor":33},{"not_picked":["Conserve Battery+1","Cold Snap+1","Capacitor+1"],"picked":"SKIP","floor":35},{"not_picked":["Stack","Beam Cell","Sweeping Beam"],"picked":"SKIP","floor":37},{"not_picked":["FTL+1","Doom and Gloom+1","Go for the Eyes"],"picked":"SKIP","floor":39},{"not_picked":["Compile Driver","Rebound+1","Stack+1"],"picked":"SKIP","floor":41},{"not_picked":["Rainbow","Steam"],"picked":"Redo+1","floor":45},{"not_picked":["Stack","Leap","Streamline"],"picked":"SKIP","floor":46},{"not_picked":["Echo Form","Conserve Battery","Auto Shields+1"],"picked":"SKIP","floor":48}],"player_experience":5107750,"relics_obtained":[{"floor":8,"key":"Whetstone"},{"floor":26,"key":"Bag of Marbles"},{"floor":28,"key":"Sundial"},{"floor":30,"key":"DataDisk"},{"floor":43,"key":"Juzu Bracelet"},{"floor":45,"key":"Symbiotic Virus"}],"event_choices":[{"cards_removed":["Strike_B"],"damage_healed":0,"gold_gain":0,"player_choice":"Card Removal","damage_taken":0,"max_hp_gain":0,"max_hp_loss":0,"event_name":"The Cleric","floor":2,"gold_loss":50},{"damage_healed":0,"gold_gain":0,"cards_transformed":["Strike_B"],"player_choice":"Change","damage_taken":0,"max_hp_gain":0,"max_hp_loss":0,"event_name":"Living Wall","floor":3,"gold_loss":0,"cards_obtained":["Chill"]},{"damage_healed":0,"gold_gain":0,"player_choice":"Upgraded","damage_taken":0,"max_hp_gain":0,"max_hp_loss":0,"event_name":"Upgrade Shrine","floor":11,"gold_loss":0,"cards_upgraded":["Darkness"]},{"damage_healed":0,"gold_gain":0,"player_choice":"Shed Blood","damage_taken":20,"max_hp_gain":5,"max_hp_loss":0,"event_name":"Forgotten Altar","floor":19,"gold_loss":0},{"damage_healed":0,"gold_gain":0,"player_choice":"Opened","damage_taken":0,"relics_obtained":["Oddly Smooth Stone"],"max_hp_gain":0,"max_hp_loss":0,"event_name":"The Mausoleum","floor":22,"gold_loss":0},{"damage_healed":0,"gold_gain":0,"player_choice":"Ignored","damage_taken":0,"max_hp_gain":0,"max_hp_loss":0,"event_name":"Cursed Tome","floor":31,"gold_loss":0},{"damage_healed":0,"gold_gain":0,"player_choice":"Got Potions","damage_taken":0,"max_hp_gain":0,"max_hp_loss":0,"event_name":"Lab","floor":38,"gold_loss":0},{"damage_healed":0,"gold_gain":0,"player_choice":"Max HP","damage_taken":0,"max_hp_gain":0,"max_hp_loss":4,"event_name":"Winding Halls","floor":42,"gold_loss":0}],"is_beta":false,"boss_relics":[{"not_picked":["Snecko Eye","Black Star"],"picked":"Sozu"},{"not_picked":["Coffee Dripper","FrozenCore"],"picked":"Empty Cage"}],"items_purged_floors":[24,36],"is_endless":false,"potions_floor_spawned":[4,7,10,13,18,20,28,29,35,37,41,48],"ascension_level":0}