{"path_per_floor":["M","M","M","?","M","E","M","$","T","R","E","R","M","E","R"],"character_chosen":"THE_SILENT","items_purchased":["Dagger Throw"],"gold_per_floor":[13,27,46,46,58,92,112,63,63,63,98,98,117,145,145,145],"floor_reached":16,"campfire_rested":1,"playtime":680,"item_purchase_floors":[8],"current_hp_per_floor":[61,61,60,60,58,28,20,20,20,20,7,28,27,10,10,0],"items_purged":[],"gold":145,"score":171,"play_id":"4195fc69-ba1c-4cea-a717-f9ff022d14e3","local_time":"20180529174002","is_prod":false,"is_daily":false,"chose_seed":false,"is_ascension_mode":true,"campfire_upgraded":2,"win_rate":0,"timestamp":1527586802,"campfire_choices":[{"data":"Prepared","floor":10,"key":"SMITH"},{"floor":12,"key":"REST"},{"data":"Poisoned Stab","floor":15,"key":"SMITH"}],"path_taken":["M","M","M","?","?","E","M","$","T","R","E","R","M","E","R","BOSS"],"build_version":"2018-05-28","seed_source_timestamp":29280052400713,"purchased_purges":0,"victory":false,"master_deck":["Defend_G","Defend_G","Defend_G","Defend_G","Defend_G","Strike_G","Strike_G","Strike_G","Strike_G","Strike_G","Survivor","Neutralize+1","Poisoned Stab+1","Die Die Die","Deflect","Masterful Stab","Prepared+1","Dagger Throw","Slice"],"max_hp_per_floor":[70,70,70,70,70,70,70,70,70,70,70,70,70,70,70,70],"relics":["Ring of the Snake","Torii","Bag of Marbles","Ornamental Fan","Centennial Puzzle","Letter Opener"],"card_choices":[{"not_picked":["Acrobatics","Poisoned Stab","Deadly Poison"],"picked":"SKIP","floor":1},{"not_picked":["Acrobatics","Deadly Poison"],"picked":"Poisoned Stab","floor":1},{"not_picked":["Dagger Spray","Sucker Punch"],"picked":"Die Die Die","floor":2},{"not_picked":["Dodge and Roll","Deadly Poison","Flying Knee"],"picked":"SKIP","floor":3},{"not_picked":["Poisoned Stab","Acrobatics"],"picked":"Deflect","floor":5},{"not_picked":["Quick Slash","PiercingWail"],"picked":"Masterful Stab","floor":6},{"not_picked":["PiercingWail","Reflex"],"picked":"Prepared","floor":7},{"not_picked":["Wraith Form v2","Outmaneuver","Eviscerate"],"picked":"SKIP","floor":11},{"not_picked":["Outmaneuver","PiercingWail"],"picked":"Slice","floor":13},{"not_picked":["Glass Knife","Reflex","Catalyst"],"picked":"SKIP","floor":14}],"player_experience":510900,"potions_floor_usage":[6,11,14,16],"damage_taken":[{"damage":2,"enemies":"Jaw Worm","floor":1,"turns":6},{"damage":0,"enemies":"Cultist","floor":2,"turns":3},{"damage":1,"enemies":"2 Louse","floor":3,"turns":2},{"damage":2,"enemies":"Blue Slaver","floor":5,"turns":3},{"damage":30,"enemies":"Gremlin Nob","floor":6,"turns":5},{"damage":8,"enemies":"Large Slime","floor":7,"turns":7},{"damage":13,"enemies":"Lagavulin","floor":11,"turns":7},{"damage":1,"enemies":"Exordium Thugs","floor":13,"turns":3},{"damage":17,"enemies":"Gremlin Nob","floor":14,"turns":4},{"damage":14,"enemies":"The Guardian","floor":16,"turns":9}],"relics_obtained":[{"floor":6,"key":"Bag of Marbles"},{"floor":9,"key":"Ornamental Fan"},{"floor":11,"key":"Centennial Puzzle"},{"floor":14,"key":"Letter Opener"}],"event_choices":[{"event_name":"Living Wall","player_choice":"Grow","floor":4,"damage_taken":0}],"boss_relics":[],"items_purged_floors":[],"potions_floor_spawned":[2,5,7,14],"seed_played":"5648100847556130732","killed_by":"The Guardian","ascension_level":8,"potions_obtained":[{"floor":2,"key":"SkillPotion"},{"floor":5,"key":"Weak Potion"},{"floor":7,"key":"EssenceOfSteel"},{"floor":14,"key":"PowerPotion"}],"is_trial":false}