{"gold_per_floor":[360,360,376,376,389,389,402,412,486,504,504,515,515,528,528,633,633,644,664,139,155,175,175,175,175,227,246,263,273,183,12,12,108,108,128,128,142,142,17,17,30,30,30,43,61,77,77,77,77,77],"floor_reached":51,"playtime":2049,"items_purged":["Strike_G","Strike_G","Strike_G"],"score":672,"play_id":"dba7409a-f3cb-4194-8f78-c8e941144285","local_time":"20181014223509","is_ascension_mode":false,"campfire_choices":[{"data":"Cloak And Dagger","floor":6,"key":"SMITH"},{"data":"Cloak And Dagger","floor":11,"key":"SMITH"},{"data":"Catalyst","floor":13,"key":"SMITH"},{"data":"Noxious Fumes","floor":15,"key":"SMITH"},{"data":"Envenom","floor":23,"key":"SMITH"},{"data":"Deadly Poison","floor":25,"key":"SMITH"},{"data":"Well Laid Plans","floor":32,"key":"SMITH"},{"data":"Burst","floor":40,"key":"SMITH"},{"data":"Thinking Ahead","floor":42,"key":"SMITH"},{"floor":47,"key":"REST"},{"data":"Neutralize","floor":49,"key":"SMITH"}],"neow_cost":"PERCENT_DAMAGE","seed_source_timestamp":379869723565,"circlet_count":0,"master_deck":["Defend_G","Defend_G","Defend_G","Defend_G","Strike_G+1","Survivor","Neutralize+1","Blade Dance+1","Cloak And Dagger+1","Backflip","Cloak And Dagger+1","Catalyst+1","Dagger Throw","Noxious Fumes+1","Deadly Poison+1","Envenom+1","Blade Dance+1","Blade Dance+1","Calculated Gamble+1","Well Laid Plans+1","Burst+1","Noxious Fumes+1","Catalyst+1","Thinking Ahead+1","Crippling Poison+1","PiercingWail+1","Catalyst+1"],"special_seed":0,"relics":["Ring of the Snake","Question Card","Busted Crown","ClockworkSouvenir","Pear","Happy Flower","Cursed Key"],"potions_floor_usage":[19,22,22,22,33,33,41,50,50],"damage_taken":[{"damage":0.0,"enemies":"2 Louse","floor":1.0,"turns":4.0},{"damage":0,"enemies":"Jaw Worm","floor":3,"turns":6},{"damage":0,"enemies":"Small Slimes","floor":5,"turns":3},{"damage":0,"enemies":"Blue Slaver","floor":7,"turns":5},{"damage":0,"enemies":"Exordium Wildlife","floor":8,"turns":5},{"damage":4,"enemies":"Large Slime","floor":10,"turns":8},{"damage":1,"enemies":"Red Slaver","floor":12,"turns":4},{"damage":2,"enemies":"3 Louse","floor":14,"turns":4},{"damage":17,"enemies":"Hexaghost","floor":16,"turns":7},{"damage":0,"enemies":"Chosen","floor":18,"turns":4},{"damage":0,"enemies":"3 Byrds","floor":19,"turns":6},{"damage":0,"enemies":"Cultist and Chosen","floor":21,"turns":6},{"damage":0,"enemies":"Snake Plant","floor":22,"turns":4},{"damage":15,"enemies":"Shelled Parasite and Fungi","floor":27,"turns":6},{"damage":0,"enemies":"Centurion and Healer","floor":28,"turns":5},{"damage":10,"enemies":"Snake Plant","floor":29,"turns":2},{"damage":53,"enemies":"Collector","floor":33,"turns":6},{"damage":5,"enemies":"3 Darklings","floor":35,"turns":5},{"damage":2,"enemies":"3 Shapes","floor":37,"turns":5},{"damage":10,"enemies":"Sphere and 2 Shapes","floor":41,"turns":6},{"damage":0,"enemies":"4 Shapes","floor":44,"turns":2},{"damage":1,"enemies":"Spire Growth","floor":45,"turns":3},{"damage":15,"enemies":"Maw","floor":46,"turns":4},{"damage":16,"enemies":"Donu and Deca","floor":50,"turns":6}],"seed_played":"3357681002623023029","potions_obtained":[{"floor":3,"key":"SpeedPotion"},{"floor":7,"key":"Block Potion"},{"floor":10,"key":"GamblersBrew"},{"floor":21,"key":"Explosive Potion"},{"floor":22,"key":"Poison Potion"},{"floor":27,"key":"Weak Potion"},{"floor":28,"key":"Weak Potion"},{"floor":33,"key":"Swift Potion"},{"floor":44,"key":"LiquidBronze"},{"floor":45,"key":"SpeedPotion"}],"is_trial":false,"path_per_floor":["M","?","M","?","M","R","M","M","T","M","R","M","R","M","R","B",null,"M","M","$","M","M","R","?","R","T","M","M","M","?","$","R","B",null,"M","?","M","?","$","R","M","R","T","M","M","M","R","?","R","B"],"character_chosen":"THE_SILENT","items_purchased":["ClockworkSouvenir","Pear","Well Laid Plans"],"campfire_rested":1,"item_purchase_floors":[20,20,31],"current_hp_per_floor":[49,49,49,49,49,49,49,49,49,45,45,44,44,42,42,25,70,70,70,80,80,80,80,80,80,80,65,65,55,55,55,55,2,80,75,75,73,73,73,73,63,63,63,63,62,47,71,71,71,55],"gold":77,"neow_bonus":"TWO_FIFTY_GOLD","is_prod":false,"is_daily":false,"chose_seed":false,"campfire_upgraded":10,"win_rate":0,"timestamp":1539527709,"path_taken":["M","?","M","?","M","R","M","M","T","M","R","M","R","M","R","BOSS","M","M","$","M","M","R","?","R","T","M","M","M","?","?","R","BOSS","M","?","M","?","$","R","M","R","T","M","M","M","R","?","R","BOSS"],"build_version":"2018-10-11","purchased_purges":3,"victory":true,"max_hp_per_floor":[70,70,70,70,70,70,70,70,70,70,70,70,70,70,70,70,70,70,70,80,80,80,80,80,80,80,80,80,80,80,80,80,80,80,80,80,80,80,80,80,80,80,80,80,80,80,80,80,80,80],"card_choices":[{"not_picked":["Poisoned Stab","Bane"],"picked":"Blade Dance","floor":1.0},{"not_picked":["PiercingWail","Dagger Spray"],"picked":"Cloak And Dagger","floor":3},{"not_picked":["Flying Knee","Concentrate"],"picked":"Backflip","floor":5},{"not_picked":["Reflex","Underhanded Strike"],"picked":"Cloak And Dagger","floor":7},{"not_picked":["Burst","Bane"],"picked":"Catalyst","floor":8},{"not_picked":["Reflex","Terror","Deflect"],"picked":"Dagger Throw","floor":10},{"not_picked":["Catalyst","Endless Agony","Poisoned Stab"],"picked":"Noxious Fumes","floor":12},{"not_picked":["Dodge and Roll","PiercingWail","Quick Slash"],"picked":"Deadly Poison","floor":14},{"not_picked":["Phantasmal Killer","Unload","Tools of the Trade"],"picked":"Envenom","floor":16},{"not_picked":["Sucker Punch","Flying Knee"],"picked":"SKIP","floor":18},{"not_picked":["Flying Knee","Slice+1"],"picked":"SKIP","floor":19},{"not_picked":["Bouncing Flask"],"picked":"Blade Dance+1","floor":21},{"not_picked":["Burst"],"picked":"Blade Dance+1","floor":22},{"not_picked":["Underhanded Strike+1","Caltrops+1"],"picked":"SKIP","floor":27},{"not_picked":["Bane","Acrobatics"],"picked":"SKIP","floor":28},{"not_picked":["Prepared"],"picked":"Calculated Gamble+1","floor":29},{"not_picked":["Storm of Steel"],"picked":"Burst","floor":33},{"not_picked":["Distraction"],"picked":"Noxious Fumes+1","floor":35},{"not_picked":["Outmaneuver+1","Poisoned Stab"],"picked":"SKIP","floor":37},{"not_picked":["Good Instincts"],"picked":"Thinking Ahead","floor":38},{"not_picked":["Predator+1"],"picked":"Crippling Poison+1","floor":41},{"not_picked":["Terror+1","Deflect"],"picked":"SKIP","floor":44},{"not_picked":["PiercingWail+1","Setup+1"],"picked":"SKIP","floor":45},{"not_picked":["Setup+1"],"picked":"PiercingWail+1","floor":45},{"not_picked":["Dodge and Roll+1"],"picked":"Catalyst+1","floor":46}],"player_experience":188142,"relics_obtained":[{"floor":9,"key":"Question Card"},{"floor":26,"key":"Happy Flower"}],"event_choices":[{"event_name":"Living Wall","player_choice":"Grow","floor":2,"damage_taken":0},{"event_name":"Liars Game","player_choice":"disagreed","floor":4,"damage_taken":0},{"event_name":"Vampires","player_choice":"Ignored","floor":24,"damage_taken":0},{"event_name":"Designer","player_choice":"Full Service","floor":30,"damage_taken":0},{"event_name":"Duplicator","player_choice":"One dupe","floor":36,"damage_taken":0},{"event_name":"SensoryStone","player_choice":"Memory 1","floor":38,"damage_taken":0},{"event_name":"Purifier","player_choice":"One Purge","floor":48,"damage_taken":0}],"is_beta":false,"boss_relics":[{"not_picked":["Velvet Choker","Runic Dome"],"picked":"Busted Crown"},{"not_picked":["Sozu","Eternal Feather"],"picked":"Cursed Key"}],"items_purged_floors":[20,31,39],"is_endless":false,"potions_floor_spawned":[3,7,10,21,22,27,28,33,44,45,46],"ascension_level":0}