{"path_per_floor":["M","?","?","T","M","R","M","E","T","?","M","M","M","M","R"],"character_chosen":"THE_SILENT","items_purchased":[],"gold_per_floor":[114,114,114,139,150,150,164,189,189,189,200,185,195,215,215,215],"floor_reached":16,"campfire_rested":0,"playtime":447,"item_purchase_floors":[],"current_hp_per_floor":[59,56,56,56,50,50,50,24,24,17,11,6,6,6,6,0],"items_purged":[],"gold":215,"score":177,"play_id":"37eb71e3-7b79-46f7-a1c5-cf7478d311e6","local_time":"20180615141338","is_prod":false,"is_daily":false,"chose_seed":false,"is_ascension_mode":true,"campfire_upgraded":2,"win_rate":0,"timestamp":1529043218,"campfire_choices":[{"data":"Cloak And Dagger","floor":6.0,"key":"SMITH"},{"data":"Neutralize","floor":15,"key":"SMITH"}],"path_taken":["M","?","?","?","M","R","M","E","T","?","M","M","M","M","R","BOSS"],"build_version":"2018-06-14","seed_source_timestamp":0,"purchased_purges":0,"victory":false,"master_deck":["Defend_G","Defend_G","Defend_G","Defend_G","Defend_G","Strike_G","Strike_G","Strike_G","Survivor","Neutralize+1","AscendersBane","Flying Knee","Finisher","Cloak And Dagger+1","Noxious Fumes"],"max_hp_per_floor":[66,66,66,66,66,66,66,66,66,66,66,66,66,66,66,66],"special_seed":0,"relics":["Ring of the Snake","Darkstone Periapt","Potion Belt","Juzu Bracelet","Girya"],"card_choices":[{"not_picked":["Blade Dance","Eviscerate"],"picked":"Flying Knee","floor":0.0},{"not_picked":["Quick Slash","Cloak And Dagger","Deflect"],"picked":"SKIP","floor":1.0},{"not_picked":["All Out Attack","Reflex"],"picked":"Cloak And Dagger","floor":5.0},{"not_picked":["Terror","Eviscerate"],"picked":"Noxious Fumes","floor":7.0},{"not_picked":["Dagger Spray","Deadly Poison","Outmaneuver"],"picked":"SKIP","floor":8.0},{"not_picked":["Flying Knee","Bouncing Flask","Sucker Punch"],"picked":"SKIP","floor":11.0},{"not_picked":["Prepared","Bullet Time","Flying Knee"],"picked":"SKIP","floor":12.0},{"not_picked":["Deadly Poison","Sucker Punch","Accuracy"],"picked":"SKIP","floor":13.0},{"not_picked":["Flying Knee","Deadly Poison","Bane"],"picked":"SKIP","floor":14}],"player_experience":610140,"potions_floor_usage":[16,16],"damage_taken":[{"damage":0.0,"enemies":"Small Slimes","floor":1.0,"turns":3.0},{"damage":6.0,"enemies":"Jaw Worm","floor":5.0,"turns":4.0},{"damage":0.0,"enemies":"2 Louse","floor":7.0,"turns":2.0},{"damage":26.0,"enemies":"Lagavulin","floor":8.0,"turns":9.0},{"damage":6.0,"enemies":"Large Slime","floor":11.0,"turns":5.0},{"damage":5.0,"enemies":"Exordium Thugs","floor":12.0,"turns":4.0},{"damage":0.0,"enemies":"Blue Slaver","floor":13.0,"turns":4.0},{"damage":0,"enemies":"Gremlin Gang","floor":14,"turns":5},{"damage":12,"enemies":"The Guardian","floor":16,"turns":2}],"relics_obtained":[{"floor":4.0,"key":"Potion Belt"},{"floor":8.0,"key":"Juzu Bracelet"},{"floor":9.0,"key":"Girya"}],"event_choices":[{"event_name":"Scrap Ooze","player_choice":"success","floor":2.0,"damage_taken":3.0},{"event_name":"Living Wall","player_choice":"Change","floor":3.0,"damage_taken":0.0},{"event_name":"Golden Wing","player_choice":"Card Removal","floor":10.0,"damage_taken":0.0}],"boss_relics":[],"items_purged_floors":[],"is_endless":false,"potions_floor_spawned":[5,11,13,14],"seed_played":"5801289871228112960","killed_by":"The Guardian","ascension_level":14,"potions_obtained":[{"floor":5.0,"key":"SkillPotion"},{"floor":11.0,"key":"SkillPotion"},{"floor":13.0,"key":"FearPotion"},{"floor":14,"key":"LiquidBronze"}],"is_trial":false}