{"gold_per_floor":[218,237,237,88,108,108,132,132,213,236,236,259,277,295,295,420,420,434,334,334,357,393,413,428,441,441,441,461,461,481,500,500,623,623,636,659,677,698,746,746,769,782,782,801,801,801,108,108,108,108],"floor_reached":51,"playtime":2292,"items_purged":["Strike_G","Strike_G","Defend_G"],"score":776,"play_id":"7c3679c3-9307-404f-ae2e-81e571cadfb0","local_time":"20181017111514","is_ascension_mode":false,"campfire_choices":[{"data":"Footwork","floor":6.0,"key":"SMITH"},{"data":"Neutralize","floor":8.0,"key":"SMITH"},{"data":"Cloak And Dagger","floor":11.0,"key":"SMITH"},{"data":"Well Laid Plans","floor":15.0,"key":"SMITH"},{"data":"Noxious Fumes","floor":27.0,"key":"SMITH"},{"data":"Catalyst","floor":29.0,"key":"SMITH"},{"data":"Burst","floor":32.0,"key":"SMITH"},{"data":"Burst","floor":40.0,"key":"SMITH"},{"floor":45,"key":"REST"},{"floor":49,"key":"REST"}],"neow_cost":"NONE","seed_source_timestamp":2092636627237,"circlet_count":0,"master_deck":["Defend_G","Defend_G","Strike_G+1","Survivor","Neutralize+1","Cloak And Dagger+1","Footwork+1","All Out Attack+1","Backstab","Well Laid Plans+1","Catalyst+1","Glass Knife","Deadly Poison","Escape Plan","Terror+1","Tools of the Trade","Poisoned Stab","Bouncing Flask","Noxious Fumes+1","Burst+1","Crippling Poison+1","Blur+1","Burst+1","Venomology","PiercingWail+1","Backstab+1","Corpse Explosion","Mayhem","Violence"],"special_seed":0,"relics":["Ring of the Snake","Golden Idol","Bottled Tornado","Orrery","Red Mask","Whetstone","Empty Cage","Happy Flower","Pen Nib","Snake Skull","Bag of Preparation","Membership Card"],"potions_floor_usage":[42,44,44,50,50,50,50],"damage_taken":[{"damage":0.0,"enemies":"Jaw Worm","floor":1.0,"turns":3.0},{"damage":0.0,"enemies":"2 Louse","floor":2.0,"turns":2.0},{"damage":0.0,"enemies":"Cultist","floor":5.0,"turns":6.0},{"damage":0.0,"enemies":"Blue Slaver","floor":7.0,"turns":6.0},{"damage":0.0,"enemies":"2 Fungi Beasts","floor":10.0,"turns":3.0},{"damage":0.0,"enemies":"Looter","floor":12.0,"turns":2.0},{"damage":0.0,"enemies":"3 Louse","floor":13.0,"turns":1.0},{"damage":0.0,"enemies":"Exordium Thugs","floor":14.0,"turns":4.0},{"damage":0.0,"enemies":"The Guardian","floor":16.0,"turns":16.0},{"damage":0.0,"enemies":"3 Byrds","floor":18.0,"turns":6.0},{"damage":2.0,"enemies":"2 Thieves","floor":21.0,"turns":4.0},{"damage":3.0,"enemies":"Masked Bandits","floor":22.0,"turns":3.0},{"damage":13.0,"enemies":"Sentry and Sphere","floor":23.0,"turns":4.0},{"damage":10.0,"enemies":"Centurion and Healer","floor":24.0,"turns":7.0},{"damage":3.0,"enemies":"Snecko","floor":25.0,"turns":7.0},{"damage":3.0,"enemies":"Sentry and Sphere","floor":28.0,"turns":4.0},{"damage":14.0,"enemies":"3 Cultists","floor":30.0,"turns":5.0},{"damage":3.0,"enemies":"Snake Plant","floor":31.0,"turns":4.0},{"damage":11.0,"enemies":"Automaton","floor":33.0,"turns":7.0},{"damage":0.0,"enemies":"Orb Walker","floor":35.0,"turns":4.0},{"damage":0.0,"enemies":"3 Darklings","floor":36.0,"turns":6.0},{"damage":0.0,"enemies":"Maw","floor":37.0,"turns":7.0},{"damage":0.0,"enemies":"Reptomancer","floor":38.0,"turns":7.0},{"damage":10.0,"enemies":"3 Darklings","floor":41.0,"turns":5.0},{"damage":35,"enemies":"Spire Growth","floor":42,"turns":4},{"damage":0,"enemies":"Transient","floor":44,"turns":5},{"damage":0,"enemies":"Donu and Deca","floor":50,"turns":4}],"seed_played":"1080787537725066120","potions_obtained":[{"floor":10.0,"key":"Fire Potion"},{"floor":12.0,"key":"FearPotion"},{"floor":16.0,"key":"Energy Potion"},{"floor":18.0,"key":"Fire Potion"},{"floor":23.0,"key":"SneckoOil"},{"floor":25.0,"key":"SteroidPotion"},{"floor":28.0,"key":"GhostInAJar"},{"floor":31.0,"key":"Energy Potion"},{"floor":33.0,"key":"Fire Potion"},{"floor":42,"key":"Fire Potion"}],"is_trial":false,"path_per_floor":["M","M","?","$","M","R","M","R","T","M","R","M","M","M","R","B",null,"M","$","?","M","?","M","M","M","T","R","M","R","M","M","R","B",null,"M","M","M","M","T","R","M","M","T","M","R","?","$","?","R","B"],"character_chosen":"THE_SILENT","items_purchased":["Footwork","Snake Skull","Bag of Preparation","Membership Card","Mayhem","SkillPotion","AttackPotion"],"campfire_rested":2,"item_purchase_floors":[4,47,47,47,47,47,47],"current_hp_per_floor":[70,70,53,53,53,53,53,53,53,53,53,53,53,53,53,53,70,70,70,70,68,65,52,42,39,39,39,36,36,22,19,19,8,70,70,70,70,70,70,70,60,25,25,25,46,46,46,46,67,67],"gold":108,"neow_bonus":"HUNDRED_GOLD","is_prod":false,"is_daily":false,"chose_seed":false,"campfire_upgraded":8,"win_rate":0,"timestamp":1539746114,"path_taken":["M","M","?","$","M","R","M","R","T","?","R","M","M","M","R","BOSS","M","$","?","M","?","M","M","?","T","R","M","R","M","M","R","BOSS","M","M","?","M","?","R","M","M","T","?","R","?","$","?","R","BOSS"],"build_version":"2018-10-11","purchased_purges":3,"victory":true,"max_hp_per_floor":[70,70,70,70,70,70,70,70,70,70,70,70,70,70,70,70,70,70,70,70,70,70,70,70,70,70,70,70,70,70,70,70,70,70,70,70,70,70,70,70,70,70,70,70,70,70,70,70,70,70],"card_choices":[{"not_picked":["Dodge and Roll","Slice"],"picked":"Cloak And Dagger","floor":1.0},{"not_picked":["Expertise","Setup","Blade Dance"],"picked":"SKIP","floor":2.0},{"not_picked":["Prepared","Calculated Gamble"],"picked":"All Out Attack","floor":5.0},{"not_picked":["Deflect","Slice"],"picked":"Backstab","floor":7.0},{"not_picked":["Deflect","Blur"],"picked":"Backstab","floor":10.0},{"not_picked":["Footwork","Poisoned Stab"],"picked":"Well Laid Plans","floor":12.0},{"not_picked":["Deflect","Skewer","Endless Agony"],"picked":"SKIP","floor":13.0},{"not_picked":["Outmaneuver","Reflex"],"picked":"Catalyst","floor":14.0},{"not_picked":["After Image","Doppelganger"],"picked":"Glass Knife","floor":16.0},{"not_picked":["PiercingWail","Dagger Spray"],"picked":"Deadly Poison","floor":17.0},{"not_picked":["Bane","Choke"],"picked":"Escape Plan","floor":17.0},{"not_picked":["Concentrate","Setup"],"picked":"Terror+1","floor":18.0},{"not_picked":["Setup","Endless Agony","PiercingWail"],"picked":"SKIP","floor":21.0},{"not_picked":["Heel Hook","All Out Attack"],"picked":"Bouncing Flask","floor":23.0},{"not_picked":["Calculated Gamble","Slice+1","Quick Slash"],"picked":"SKIP","floor":24.0},{"not_picked":["Poisoned Stab","Riddle With Holes"],"picked":"Noxious Fumes","floor":25.0},{"not_picked":["Accuracy","Flying Knee"],"picked":"Burst","floor":28.0},{"not_picked":["Terror","Dagger Throw"],"picked":"Crippling Poison+1","floor":30.0},{"not_picked":["Slice","Acrobatics"],"picked":"Blur+1","floor":31.0},{"not_picked":["Die Die Die","Wraith Form v2"],"picked":"Burst","floor":33.0},{"not_picked":["Endless Agony","Caltrops+1","Blade Dance"],"picked":"SKIP","floor":35.0},{"not_picked":["Cloak And Dagger+1","Dagger Throw"],"picked":"Venomology","floor":36.0},{"not_picked":["Underhanded Strike","Dagger Throw"],"picked":"PiercingWail+1","floor":37.0},{"not_picked":["Tactician+1","Eviscerate","Backstab+1"],"picked":"SKIP","floor":38.0},{"not_picked":["Tactician+1","Eviscerate"],"picked":"Backstab+1","floor":38.0},{"not_picked":["Dodge and Roll","Blade Dance+1","Cloak And Dagger"],"picked":"SKIP","floor":41.0},{"not_picked":["Tactician+1","Poisoned Stab","Slice+1"],"picked":"SKIP","floor":42},{"not_picked":["Underhanded Strike+1","Backflip"],"picked":"Corpse Explosion","floor":44},{"not_picked":["Thinking Ahead","PanicButton"],"picked":"Violence","floor":48}],"player_experience":276410,"relics_obtained":[{"floor":9.0,"key":"Bottled Tornado"},{"floor":22.0,"key":"Red Mask"},{"floor":26.0,"key":"Whetstone"},{"floor":39.0,"key":"Happy Flower"},{"floor":43,"key":"Pen Nib"}],"event_choices":[{"event_name":"Golden Idol","player_choice":"Take Damage","floor":3.0,"damage_taken":0.0},{"event_name":"Drug Dealer","player_choice":"Became Test Subject","floor":20.0,"damage_taken":0.0},{"event_name":"Masked Bandits","player_choice":"Fought Bandits","floor":22.0,"damage_taken":0.0},{"event_name":"Falling","player_choice":"Removed Attack","floor":46,"damage_taken":0},{"event_name":"SensoryStone","player_choice":"Memory 1","floor":48,"damage_taken":0}],"is_beta":false,"boss_relics":[{"not_picked":["WristBlade","Philosopher\u0027s Stone"],"picked":"Orrery"},{"not_picked":["Calling Bell","Black Star"],"picked":"Empty Cage"}],"items_purged_floors":[4,19,47],"is_endless":false,"potions_floor_spawned":[10,12,16,18,23,25,28,31,33,38,42],"ascension_level":0}