{"gold_per_floor":[117,117,132,132,143,143,160,160,160,170,0,0,11,43,43,146,146,160,160,160,175,190,190,90,90,90,116,116,133,163,163,163,268,268,286,316,416,416,416,416,416,488,488,506,143,143,159,170,170,170],"floor_reached":51,"playtime":1376,"items_purged":["Defend_B","Defend_B","Defend_B"],"score":683,"play_id":"fabeaed6-d10a-4f9c-938f-f9f8a5f6aa39","local_time":"20190618024123","is_ascension_mode":false,"campfire_choices":[{"data":"Dualcast","floor":6.0,"key":"SMITH"},{"data":"Self Repair","floor":8.0,"key":"SMITH"},{"data":"White Noise","floor":12.0,"key":"SMITH"},{"data":"Chaos","floor":15.0,"key":"SMITH"},{"data":"Redo","floor":23.0,"key":"SMITH"},{"data":"Creative AI","floor":25.0,"key":"SMITH"},{"data":"Capacitor","floor":28.0,"key":"SMITH"},{"data":"Storm","floor":32.0,"key":"SMITH"},{"data":"Biased Cognition","floor":40.0,"key":"SMITH"},{"data":"Panacea","floor":46,"key":"SMITH"},{"data":"Undo","floor":49,"key":"SMITH"}],"neow_cost":"NONE","seed_source_timestamp":51892595081646,"circlet_count":0,"master_deck":["Zap+1","Dualcast+1","Ball Lightning","Self Repair+1","Cold Snap","White Noise+1","Panacea+1","Chaos+1","Creative AI+1","Defragment+1","Leap+1","Darkness+1","Redo+1","Auto Shields+1","Capacitor+1","Storm+1","Glacier","Biased Cognition+1","Undo+1","Reinforced Body+1","Glacier+1","Creative AI","Conserve Battery+1","Parasite"],"special_seed":0,"relics":["Cracked Core","Pen Nib","Astrolabe","Potion Belt","Juzu Bracelet","Girya","Coffee Dripper","Tiny Chest","Ice Cream","Gremlin Horn","Kunai"],"potions_floor_usage":[47,47,50,50,50,50],"damage_taken":[{"damage":1.0,"enemies":"Cultist","floor":1.0,"turns":3.0},{"damage":3.0,"enemies":"Jaw Worm","floor":3.0,"turns":3.0},{"damage":2.0,"enemies":"2 Louse","floor":5.0,"turns":2.0},{"damage":9.0,"enemies":"Exordium Thugs","floor":7.0,"turns":4.0},{"damage":10.0,"enemies":"Gremlin Gang","floor":10.0,"turns":3.0},{"damage":12.0,"enemies":"Blue Slaver","floor":13.0,"turns":2.0},{"damage":14.0,"enemies":"Lagavulin","floor":14.0,"turns":6.0},{"damage":44.0,"enemies":"Hexaghost","floor":16.0,"turns":10.0},{"damage":3.0,"enemies":"2 Thieves","floor":18.0,"turns":3.0},{"damage":5.0,"enemies":"Chosen","floor":21.0,"turns":3.0},{"damage":3.0,"enemies":"Centurion and Healer","floor":22.0,"turns":6.0},{"damage":15.0,"enemies":"Book of Stabbing","floor":27.0,"turns":6.0},{"damage":14.0,"enemies":"3 Cultists","floor":29.0,"turns":5.0},{"damage":54.0,"enemies":"Gremlin Leader","floor":30.0,"turns":6.0},{"damage":23.0,"enemies":"Automaton","floor":33.0,"turns":9.0},{"damage":2.0,"enemies":"3 Shapes","floor":35.0,"turns":3.0},{"damage":18.0,"enemies":"Mind Bloom Boss Battle","floor":37.0,"turns":4.0},{"damage":20,"enemies":"3 Darklings","floor":44,"turns":3},{"damage":4,"enemies":"4 Shapes","floor":47,"turns":4},{"damage":0,"enemies":"Writhing Mass","floor":48,"turns":4},{"damage":49,"enemies":"Awakened One","floor":50,"turns":8}],"seed_played":"-4156573171681048742","potions_obtained":[{"floor":3.0,"key":"FocusPotion"},{"floor":7.0,"key":"AttackPotion"},{"floor":14.0,"key":"Fire Potion"},{"floor":21.0,"key":"SpeedPotion"},{"floor":22.0,"key":"Swift Potion"},{"floor":35.0,"key":"LiquidBronze"},{"floor":44,"key":"Explosive Potion"},{"floor":47,"key":"Swift Potion"}],"is_trial":false,"path_per_floor":["M","?","M","?","M","R","M","R","T","M","$","R","M","E","R","B",null,"M","?","?","M","M","R","$","R","T","E","R","M","E","?","R","B",null,"M","?","?","?","?","R","?","T","T","M","$","R","M","M","R","B",null],"character_chosen":"DEFECT","items_purchased":["Panacea","Creative AI","GamblersBrew"],"campfire_rested":0,"item_purchase_floors":[11,45,45],"current_hp_per_floor":[74,74,71,64,62,62,60,60,60,60,60,60,58,54,54,20,75,75,75,75,75,75,75,75,75,75,75,75,71,27,27,27,14,75,73,73,65,65,65,65,65,65,65,55,55,55,61,71,71,22],"gold":170,"neow_bonus":"UPGRADE_CARD","is_prod":false,"is_daily":false,"chose_seed":false,"campfire_upgraded":11,"win_rate":0,"timestamp":1560796883,"path_taken":["M","?","M","?","M","R","M","R","T","M","?","R","M","E","R","BOSS","M","?","?","M","M","R","$","R","T","E","R","M","E","?","R","BOSS","M","?","?","?","?","R","?","?","T","M","$","R","M","M","R","BOSS"],"build_version":"2019-01-23","purchased_purges":3,"victory":true,"max_hp_per_floor":[75,75,75,75,75,75,75,75,75,75,75,75,75,75,75,75,75,75,75,75,75,75,75,75,75,75,75,75,75,75,75,75,75,75,75,75,75,75,71,71,71,71,71,71,71,71,71,71,71,71],"card_choices":[{"not_picked":["Hologram","Compile Driver"],"picked":"Ball Lightning","floor":1.0},{"not_picked":["Fusion","Ball Lightning","Streamline"],"picked":"SKIP","floor":3.0},{"not_picked":["Chaos","Redo"],"picked":"Self Repair","floor":5.0},{"not_picked":["Rebound","Genetic Algorithm"],"picked":"Cold Snap","floor":7.0},{"not_picked":["Beam Cell","Hologram"],"picked":"White Noise","floor":10.0},{"not_picked":["Reprogram","Barrage","BootSequence"],"picked":"SKIP","floor":13.0},{"not_picked":["Machine Learning","Steam Power"],"picked":"Chaos","floor":14.0},{"not_picked":["Fission","Amplify"],"picked":"Creative AI","floor":16.0},{"not_picked":["Sweeping Beam","Gash"],"picked":"Redo","floor":18.0},{"not_picked":["Streamline","Cold Snap"],"picked":"Auto Shields+1","floor":21.0},{"not_picked":["Sweeping Beam","Steam","Stack"],"picked":"SKIP","floor":22.0},{"not_picked":["Amplify","Hologram"],"picked":"Capacitor","floor":27.0},{"not_picked":["Darkness","Streamline+1"],"picked":"Storm","floor":29.0},{"not_picked":["Streamline","All For One"],"picked":"Glacier","floor":30.0},{"not_picked":["Echo Form","Core Surge"],"picked":"Biased Cognition","floor":33.0},{"not_picked":["Steam+1","Streamline"],"picked":"Undo","floor":35.0},{"not_picked":["Ball Lightning+1","Beam Cell+1"],"picked":"Reinforced Body+1","floor":37.0},{"not_picked":["Stack","Redo+1"],"picked":"Glacier+1","floor":44},{"not_picked":["Reprogram+1","Force Field"],"picked":"Conserve Battery+1","floor":47},{"not_picked":["Redo","Fusion","Gash+1"],"picked":"SKIP","floor":48}],"player_experience":5378797,"relics_obtained":[{"floor":14.0,"key":"Pen Nib"},{"floor":26.0,"key":"Potion Belt"},{"floor":27.0,"key":"Juzu Bracelet"},{"floor":30.0,"key":"Girya"},{"floor":36.0,"key":"Tiny Chest"},{"floor":37.0,"key":"Ice Cream"},{"floor":42,"key":"Gremlin Horn"},{"floor":43,"key":"Kunai"}],"event_choices":[{"damage_healed":0.0,"max_hp_gain":0.0,"max_hp_loss":0.0,"gold_gain":0.0,"event_name":"Liars Game","player_choice":"Ignored","floor":2.0,"gold_loss":0.0,"damage_taken":0.0},{"cards_removed":["Strike_B"],"damage_healed":0.0,"max_hp_gain":0.0,"max_hp_loss":0.0,"gold_gain":0.0,"event_name":"Golden Wing","player_choice":"Card Removal","floor":4.0,"gold_loss":0.0,"damage_taken":7.0},{"damage_healed":0.0,"max_hp_gain":0.0,"max_hp_loss":0.0,"gold_gain":0.0,"event_name":"Vampires","player_choice":"Ignored","floor":19.0,"gold_loss":0.0,"damage_taken":0.0},{"damage_healed":0.0,"max_hp_gain":0.0,"max_hp_loss":0.0,"gold_gain":0.0,"event_name":"Cursed Tome","player_choice":"Ignored","floor":20.0,"gold_loss":0.0,"damage_taken":0.0},{"cards_removed":["Defend_B"],"damage_healed":0.0,"max_hp_gain":0.0,"max_hp_loss":0.0,"gold_gain":0.0,"event_name":"Back to Basics","player_choice":"Elegance","floor":31.0,"gold_loss":0.0,"damage_taken":0.0},{"damage_healed":0.0,"max_hp_gain":0.0,"max_hp_loss":0.0,"gold_gain":0.0,"event_name":"Wheel of Change","player_choice":"Relic","floor":36.0,"gold_loss":0.0,"damage_taken":0.0},{"damage_healed":0.0,"max_hp_gain":0.0,"max_hp_loss":0.0,"gold_gain":0.0,"event_name":"MindBloom","player_choice":"Fight","floor":37.0,"gold_loss":0.0,"damage_taken":0.0},{"damage_healed":0.0,"max_hp_gain":0.0,"max_hp_loss":0.0,"gold_gain":0.0,"event_name":"Tomb of Lord Red Mask","player_choice":"Ignored","floor":38.0,"gold_loss":0.0,"damage_taken":0.0},{"damage_healed":0.0,"max_hp_gain":0.0,"max_hp_loss":4.0,"gold_gain":0.0,"event_name":"Winding Halls","player_choice":"Max HP","floor":39.0,"gold_loss":0.0,"damage_taken":0.0},{"damage_healed":0,"gold_gain":0,"player_choice":"Ignored","damage_taken":0,"max_hp_gain":0,"max_hp_loss":0,"event_name":"Mysterious Sphere","floor":41,"gold_loss":0}],"is_beta":false,"boss_relics":[{"not_picked":["FrozenCore","Tiny House"],"picked":"Astrolabe"},{"not_picked":["Cursed Key","Lizard Tail"],"picked":"Coffee Dripper"}],"items_purged_floors":[11,24,45],"is_endless":false,"potions_floor_spawned":[3,7,14,16,21,22,35,44,47],"ascension_level":0}