{"gold_per_floor":[109,109,109,8,23,53,63,83,83,96,131,131,150,175,175,247,247,266,83,94,7,21,21,31,31],"floor_reached":25,"playtime":1039,"items_purged":["Strike_B","Strike_B"],"score":500,"play_id":"2c5bc4e2-7bcd-42b8-be8f-9521f22529e9","local_time":"20190614161721","is_ascension_mode":true,"campfire_choices":[{"data":"Redo","floor":12.0,"key":"SMITH"},{"data":"Dualcast","floor":15.0,"key":"SMITH"},{"data":"Defragment","floor":23.0,"key":"SMITH"}],"neow_cost":"NONE","seed_source_timestamp":24434535836247,"circlet_count":0,"master_deck":["AscendersBane","Strike_B","Defend_B","Defend_B","Defend_B","Defend_B","Zap","Dualcast+1","Rainbow","Conserve Battery","Cold Snap","Redo+1","Recycle","White Noise","FTL+1","All For One+1","Defragment+1","White Noise","Hologram"],"special_seed":0,"relics":["Cracked Core","NeowsBlessing","Mummified Hand","Molten Egg 2","Letter Opener","Boot","Coffee Dripper","Blood Vial"],"potions_floor_usage":[25,25],"damage_taken":[{"damage":0.0,"enemies":"Cultist","floor":1.0,"turns":1.0},{"damage":0.0,"enemies":"Small Slimes","floor":5.0,"turns":1.0},{"damage":0.0,"enemies":"3 Sentries","floor":6.0,"turns":1.0},{"damage":0.0,"enemies":"Jaw Worm","floor":7.0,"turns":3.0},{"damage":6.0,"enemies":"Exordium Wildlife","floor":8.0,"turns":4.0},{"damage":9.0,"enemies":"Gremlin Gang","floor":10.0,"turns":7.0},{"damage":11.0,"enemies":"Lagavulin","floor":11.0,"turns":8.0},{"damage":8.0,"enemies":"Exordium Thugs","floor":13.0,"turns":3.0},{"damage":8.0,"enemies":"3 Sentries","floor":14.0,"turns":4.0},{"damage":33.0,"enemies":"Hexaghost","floor":16.0,"turns":8.0},{"damage":12.0,"enemies":"Shell Parasite","floor":18.0,"turns":5.0},{"damage":11.0,"enemies":"Spheric Guardian","floor":20.0,"turns":4.0},{"damage":14.0,"enemies":"Snake Plant","floor":22.0,"turns":3.0},{"damage":10.0,"enemies":"Sentry and Sphere","floor":24.0,"turns":4.0},{"damage":20,"enemies":"Slavers","floor":25,"turns":2}],"seed_played":"-4766527174232942753","potions_obtained":[{"floor":1.0,"key":"SpeedPotion"},{"floor":7.0,"key":"Regen Potion"},{"floor":18.0,"key":"SkillPotion"},{"floor":24.0,"key":"Ancient Potion"}],"is_trial":false,"path_per_floor":["M","?","?","$","M","E","M","M","T","M","E","R","M","E","R","B",null,"M","$","M","?","M","R","M","E"],"character_chosen":"DEFECT","items_purchased":["Conserve Battery","Defragment"],"campfire_rested":0,"item_purchase_floors":[4,19],"current_hp_per_floor":[64,64,64,64,64,64,64,58,58,49,38,38,30,22,22,4,54,42,42,31,31,19,19,11,0],"gold":31,"neow_bonus":"THREE_ENEMY_KILL","is_prod":false,"is_daily":false,"chose_seed":false,"campfire_upgraded":3,"win_rate":0,"timestamp":1560496641,"path_taken":["M","?","?","?","?","E","?","M","T","M","E","R","M","E","R","BOSS","M","$","M","?","M","R","M","E"],"build_version":"2019-01-23","purchased_purges":2,"victory":false,"max_hp_per_floor":[71,71,71,71,71,71,71,71,71,71,71,71,71,71,71,71,71,71,71,71,71,71,71,71,71],"card_choices":[{"not_picked":["Force Field","Redo","Beam Cell"],"picked":"SKIP","floor":1.0},{"not_picked":["Leap","Auto Shields"],"picked":"Cold Snap","floor":5.0},{"not_picked":["Cold Snap","Scrape"],"picked":"Redo","floor":6.0},{"not_picked":["Conserve Battery","Stack","Sweeping Beam"],"picked":"SKIP","floor":7.0},{"not_picked":["Conserve Battery","Stack","Sweeping Beam"],"picked":"SKIP","floor":7.0},{"not_picked":["Genetic Algorithm","Barrage"],"picked":"Recycle","floor":8.0},{"not_picked":["Steam","Gash+1"],"picked":"White Noise","floor":10.0},{"not_picked":["Reprogram","Redo","Chill"],"picked":"SKIP","floor":11.0},{"not_picked":["Fusion","Fission"],"picked":"FTL+1","floor":13.0},{"not_picked":["Hyperbeam+1","Steam Power","Sweeping Beam+1"],"picked":"SKIP","floor":14.0},{"not_picked":["Thunder Strike+1","Amplify"],"picked":"All For One+1","floor":16.0},{"not_picked":["Auto Shields","Stack","Scrape+1"],"picked":"SKIP","floor":18.0},{"not_picked":["Gash+1","FTL+1"],"picked":"White Noise","floor":20.0},{"not_picked":["Rebound+1","Beam Cell+1","Cold Snap+1"],"picked":"SKIP","floor":22.0},{"not_picked":["Cold Snap+1","Scrape+1"],"picked":"Hologram","floor":24.0}],"player_experience":595600,"relics_obtained":[{"floor":6.0,"key":"Mummified Hand"},{"floor":9.0,"key":"Molten Egg 2"},{"floor":11.0,"key":"Letter Opener"},{"floor":14.0,"key":"Boot"}],"event_choices":[{"damage_healed":0.0,"max_hp_gain":0.0,"max_hp_loss":0.0,"gold_gain":0.0,"event_name":"Liars Game","player_choice":"Ignored","floor":2.0,"gold_loss":0.0,"damage_taken":0.0},{"damage_healed":0.0,"max_hp_gain":0.0,"max_hp_loss":0.0,"gold_gain":0.0,"cards_transformed":["Strike_B"],"event_name":"Living Wall","player_choice":"Change","floor":3.0,"gold_loss":0.0,"damage_taken":0.0,"cards_obtained":["Rainbow"]},{"damage_healed":0.0,"max_hp_gain":0.0,"max_hp_loss":0.0,"gold_gain":0.0,"event_name":"WeMeetAgain","player_choice":"Paid Gold","floor":21.0,"gold_loss":87.0,"damage_taken":0.0,"relics_obtained":["Blood Vial"]}],"is_beta":false,"boss_relics":[{"not_picked":["Inserter","Sozu"],"picked":"Coffee Dripper"}],"items_purged_floors":[4,19],"is_endless":false,"potions_floor_spawned":[1,7,10,13,18,20,22,24],"killed_by":"Slavers","ascension_level":20}