{"gold_per_floor":[367,387,401,446,466,466,500,500,527,537,234,234,262,337,337,413,413,423,323,337,337,355,355,381,381,450,468,499,513,513,547,547,624,624,643,654,669,544,544,544,555,555,581,595,605,605,229,255,255,255,255,255,255,8,37,37],"floor_reached":57,"playtime":1664,"items_purged":["Strike_R","Cleave","Bludgeon","Bash"],"score":2889,"play_id":"867cf299-5887-4de9-b719-e157f6e6edb3","local_time":"20190602133202","is_ascension_mode":true,"campfire_choices":[{"data":"Searing Blow","floor":6.0,"key":"SMITH"},{"data":"Searing Blow+1","floor":8.0,"key":"SMITH"},{"data":"Searing Blow+2","floor":12.0,"key":"SMITH"},{"data":"Searing Blow+3","floor":15.0,"key":"SMITH"},{"data":"Searing Blow+4","floor":23.0,"key":"SMITH"},{"data":"Searing Blow+5","floor":25.0,"key":"SMITH"},{"data":"Searing Blow+6","floor":30.0,"key":"SMITH"},{"data":"Searing Blow+7","floor":32.0,"key":"SMITH"},{"data":"Searing Blow+9","floor":40.0,"key":"SMITH"},{"data":"Searing Blow+10","floor":42.0,"key":"SMITH"},{"data":"Searing Blow+11","floor":46.0,"key":"SMITH"},{"floor":49.0,"key":"RECALL"},{"data":"Searing Blow+12","floor":53.0,"key":"SMITH"}],"neow_cost":"PERCENT_DAMAGE","seed_source_timestamp":73342264368309,"circlet_count":0,"master_deck":["AscendersBane","Searing Blow+13","Power Through+1","Impervious","Evolve","Carnage","Fiend Fire","Infernal Blade","Combust","Offering","Battle Trance"],"special_seed":0,"relics":["Burning Blood","Bronze Scales","Pen Nib","War Paint","Lantern","Strawberry","Pandora\u0027s Box","Dream Catcher","Blood Vial","Red Mask","Busted Crown","Red Skull","PrismaticShard","Ancient Tea Set","Orichalcum","Self Forming Clay"],"potions_floor_usage":[56,56],"damage_taken":[{"damage":1.0,"enemies":"Cultist","floor":1.0,"turns":3.0},{"damage":3.0,"enemies":"2 Louse","floor":2.0,"turns":3.0},{"damage":8.0,"enemies":"Small Slimes","floor":3.0,"turns":4.0},{"damage":2.0,"enemies":"Looter","floor":5.0,"turns":4.0},{"damage":35.0,"enemies":"3 Sentries","floor":7.0,"turns":10.0},{"damage":10.0,"enemies":"Gremlin Gang","floor":10.0,"turns":6.0},{"damage":9.0,"enemies":"Gremlin Nob","floor":13.0,"turns":4.0},{"damage":5.0,"enemies":"The Guardian","floor":16.0,"turns":12.0},{"damage":6.0,"enemies":"2 Thieves","floor":18.0,"turns":2.0},{"damage":0.0,"enemies":"Shell Parasite","floor":20.0,"turns":3.0},{"damage":12.0,"enemies":"Cultist and Chosen","floor":22.0,"turns":3.0},{"damage":9.0,"enemies":"Book of Stabbing","floor":24.0,"turns":3.0},{"damage":0.0,"enemies":"Snake Plant","floor":27.0,"turns":2.0},{"damage":16.0,"enemies":"Slavers","floor":28.0,"turns":4.0},{"damage":6.0,"enemies":"Sentry and Sphere","floor":29.0,"turns":2.0},{"damage":31.0,"enemies":"Masked Bandits","floor":31.0,"turns":3.0},{"damage":16.0,"enemies":"Champ","floor":33.0,"turns":4.0},{"damage":6.0,"enemies":"3 Shapes","floor":35.0,"turns":2.0},{"damage":6.0,"enemies":"3 Darklings","floor":36.0,"turns":2.0},{"damage":6.0,"enemies":"Jaw Worm Horde","floor":37.0,"turns":2.0},{"damage":0.0,"enemies":"Transient","floor":41.0,"turns":5.0},{"damage":6.0,"enemies":"4 Shapes","floor":44.0,"turns":4.0},{"damage":6.0,"enemies":"Spire Growth","floor":45.0,"turns":1.0},{"damage":6.0,"enemies":"Giant Head","floor":48.0,"turns":2.0},{"damage":24.0,"enemies":"Awakened One","floor":50.0,"turns":3.0},{"damage":36.0,"enemies":"Time Eater","floor":51.0,"turns":4.0},{"damage":6,"enemies":"Shield and Spear","floor":55,"turns":3},{"damage":38,"enemies":"The Heart","floor":56,"turns":5}],"seed_played":"-5414038004398150144","potions_obtained":[{"floor":1.0,"key":"Block Potion"},{"floor":2.0,"key":"Strength Potion"},{"floor":3.0,"key":"SteroidPotion"},{"floor":16.0,"key":"Dexterity Potion"},{"floor":20.0,"key":"Fire Potion"},{"floor":27.0,"key":"Block Potion"},{"floor":28.0,"key":"PowerPotion"}],"is_trial":false,"path_per_floor":["M","M","M","T","M","R","E","R","T","M","$","R","E","?","R","B",null,"M","$","M","?","M","R","E","R","T","M","E","M","R","?","R","B",null,"M","M","M","$","?","R","M","R","T","M","M","R","$","E","R","B","B",null,"R","$","E","B",null],"character_chosen":"IRONCLAD","items_purchased":["Lantern","Block Potion","PrismaticShard","Ancient Potion","Orichalcum"],"campfire_rested":0,"item_purchase_floors":[11,11,47,54,54],"current_hp_per_floor":[55,58,56,56,60,60,31,31,31,27,27,27,31,20,20,21,67,67,67,73,73,67,67,64,64,64,70,60,62,62,39,39,31,69,71,73,75,75,75,75,82,82,82,82,82,82,82,82,82,64,36,71,71,71,73,43],"gold":37,"neow_bonus":"TWO_FIFTY_GOLD","is_prod":false,"is_daily":false,"chose_seed":false,"campfire_upgraded":12,"win_rate":0,"timestamp":1559453522,"path_taken":["M","M","M","?","M","R","E","R","T","M","$","R","E","?","R","BOSS","M","$","M","?","M","R","E","R","T","M","E","M","R","?","R","BOSS","M","M","M","$","?","R","M","R","T","?","M","R","$","E","R","BOSS","BOSS","R","$","E","BOSS"],"build_version":"2019-01-23","purchased_purges":4,"victory":true,"max_hp_per_floor":[75,75,75,75,75,75,75,75,75,75,75,75,82,82,82,82,82,82,82,82,82,82,82,82,82,82,82,82,82,82,82,82,82,82,82,82,82,82,82,82,82,82,82,82,82,82,82,82,82,82,82,82,82,82,82,82],"card_choices":[{"not_picked":["Headbutt","Dropkick"],"picked":"Searing Blow","floor":1.0},{"not_picked":["Warcry","Shrug It Off","Clash"],"picked":"SKIP","floor":2.0},{"not_picked":["Pommel Strike","Havoc","Sentinel"],"picked":"SKIP","floor":3.0},{"not_picked":["Hemokinesis","Shrug It Off"],"picked":"Power Through","floor":5.0},{"not_picked":["Warcry","Body Slam"],"picked":"Impervious","floor":7.0},{"not_picked":["Shockwave","Armaments"],"picked":"Evolve","floor":10.0},{"not_picked":["Body Slam","Hemokinesis","Fire Breathing"],"picked":"SKIP","floor":13.0},{"not_picked":["Iron Wave","Clash","Wild Strike"],"picked":"SKIP","floor":18.0},{"not_picked":["Anger+1","Dual Wield"],"picked":"Battle Trance","floor":20.0},{"not_picked":["Pommel Strike","Clothesline","Armaments"],"picked":"SKIP","floor":22.0},{"not_picked":["Carnage","Immolate","Dropkick"],"picked":"SKIP","floor":24.0},{"not_picked":["Rampage","Havoc","Body Slam"],"picked":"SKIP","floor":27.0},{"not_picked":["Feed","Sentinel","Rupture+1"],"picked":"SKIP","floor":28.0},{"not_picked":["Havoc+1","True Grit","Thunderclap"],"picked":"SKIP","floor":29.0},{"not_picked":["Clash"],"picked":"SKIP","floor":35.0},{"not_picked":["Armaments+1"],"picked":"SKIP","floor":36.0},{"not_picked":["Whirlwind"],"picked":"SKIP","floor":37.0},{"not_picked":["Twin Strike"],"picked":"SKIP","floor":41.0},{"not_picked":["Clothesline"],"picked":"SKIP","floor":44.0},{"not_picked":["Iron Wave"],"picked":"SKIP","floor":45.0},{"not_picked":["Havoc"],"picked":"SKIP","floor":48.0},{"not_picked":["Sword Boomerang"],"picked":"SKIP","floor":55}],"player_experience":5007714,"relics_obtained":[{"floor":4.0,"key":"Bronze Scales"},{"floor":7.0,"key":"Pen Nib"},{"floor":9.0,"key":"War Paint"},{"floor":13.0,"key":"Strawberry"},{"floor":24.0,"key":"Dream Catcher"},{"floor":28.0,"key":"Blood Vial"},{"floor":31.0,"key":"Red Mask"},{"floor":43.0,"key":"Red Skull"},{"floor":48.0,"key":"Ancient Tea Set"},{"floor":55,"key":"Self Forming Clay"}],"event_choices":[{"damage_healed":0.0,"max_hp_gain":0.0,"max_hp_loss":0.0,"gold_gain":75.0,"event_name":"World of Goop","player_choice":"Gather Gold","floor":14.0,"gold_loss":0.0,"damage_taken":11.0},{"cards_removed":["Iron Wave"],"damage_healed":0.0,"max_hp_gain":0.0,"max_hp_loss":0.0,"gold_gain":0.0,"event_name":"Back to Basics","player_choice":"Elegance","floor":21.0,"gold_loss":0.0,"damage_taken":0.0},{"damage_healed":0.0,"max_hp_gain":0.0,"max_hp_loss":0.0,"gold_gain":0.0,"event_name":"Masked Bandits","player_choice":"Fought Bandits","floor":31.0,"gold_loss":0.0,"damage_taken":0.0},{"damage_healed":0.0,"max_hp_gain":0.0,"max_hp_loss":0.0,"gold_gain":0.0,"event_name":"Upgrade Shrine","player_choice":"Upgraded","floor":39.0,"gold_loss":0.0,"damage_taken":0.0,"cards_upgraded":["Searing Blow"]}],"is_beta":false,"boss_relics":[{"not_picked":["Tiny House","Eternal Feather"],"picked":"Pandora\u0027s Box"},{"not_picked":["Empty Cage","Snecko Eye"],"picked":"Busted Crown"}],"items_purged_floors":[11,19,38,47],"is_endless":false,"potions_floor_spawned":[1,2,3,16,20,27,28,31,44,45,48,55],"ascension_level":20}