{"gold_per_floor":[111,36,53,53,53,79,94,74,74,88,88,99,99,99,99,99],"floor_reached":16,"playtime":246,"items_purged":["Strike_G"],"score":250,"play_id":"ae7df47f-f8b8-44a4-9eee-579319df9c4f","local_time":"20190313183051","is_ascension_mode":true,"campfire_choices":[{"data":"Dash","floor":11,"key":"SMITH"},{"data":"Neutralize","floor":15,"key":"SMITH"}],"neow_cost":"NONE","seed_source_timestamp":10098512847005,"circlet_count":0,"master_deck":["AscendersBane","Defend_G","Defend_G","Defend_G","Defend_G","Strike_G","Strike_G","Strike_G","Survivor","Neutralize+1","Dash+1","Escape Plan","Backflip"],"special_seed":0,"relics":["Ring of the Snake","NeowsBlessing","Paper Crane","Blood Vial","Toxic Egg 2"],"potions_floor_usage":[10],"damage_taken":[{"damage":0.0,"enemies":"2 Louse","floor":1.0,"turns":1.0},{"damage":0.0,"enemies":"Cultist","floor":3.0,"turns":1.0},{"damage":0.0,"enemies":"Lagavulin","floor":6.0,"turns":1.0},{"damage":0.0,"enemies":"Jaw Worm","floor":7.0,"turns":6.0},{"damage":0,"enemies":"Gremlin Gang","floor":10,"turns":5},{"damage":20,"enemies":"Large Slime","floor":12,"turns":8},{"damage":0,"enemies":"The Guardian","floor":16,"turns":1}],"seed_played":"-5756534954216241498","potions_obtained":[{"floor":7.0,"key":"Block Potion"},{"floor":8.0,"key":"Explosive Potion"},{"floor":12,"key":"SteroidPotion"}],"is_trial":false,"path_per_floor":["M","$","M","$","?","E","M","?","T","M","R","M","?","T","R","B"],"character_chosen":"THE_SILENT","items_purchased":[],"campfire_rested":0,"item_purchase_floors":[],"current_hp_per_floor":[59,59,59,59,59,59,59,59,59,61,61,43,36,36,36,38],"gold":99,"neow_bonus":"THREE_ENEMY_KILL","is_prod":false,"is_daily":false,"chose_seed":false,"campfire_upgraded":2,"win_rate":0,"timestamp":1552473051,"path_taken":["M","$","M","$","?","E","?","?","T","?","R","M","?","?","R","BOSS"],"build_version":"2019-01-23","purchased_purges":1,"victory":false,"max_hp_per_floor":[66,66,66,66,66,66,66,66,66,66,66,66,66,66,66,66],"card_choices":[{"not_picked":["Prepared","Cloak And Dagger"],"picked":"Dash","floor":1.0},{"not_picked":["All Out Attack","Flying Knee","Deflect"],"picked":"SKIP","floor":3.0},{"not_picked":["Backflip","Underhanded Strike","Prepared"],"picked":"SKIP","floor":6.0},{"not_picked":["Dagger Throw","Dagger Spray","Eviscerate"],"picked":"SKIP","floor":7.0},{"not_picked":["Deflect","Dagger Spray"],"picked":"Backflip","floor":10},{"not_picked":["Setup","Underhanded Strike","Caltrops"],"picked":"SKIP","floor":12}],"player_experience":3549832,"relics_obtained":[{"floor":6.0,"key":"Paper Crane"},{"floor":9.0,"key":"Blood Vial"},{"floor":14,"key":"Toxic Egg 2"}],"event_choices":[{"damage_healed":0.0,"max_hp_gain":0.0,"max_hp_loss":0.0,"gold_gain":0.0,"cards_transformed":["Strike_G"],"event_name":"Transmorgrifier","player_choice":"Transformed","floor":5.0,"gold_loss":0.0,"damage_taken":0.0,"cards_obtained":["Escape Plan"]},{"damage_healed":0.0,"max_hp_gain":0.0,"max_hp_loss":0.0,"gold_gain":0.0,"event_name":"The Woman in Blue","player_choice":"Bought 1 Potion","floor":8.0,"gold_loss":0.0,"damage_taken":0.0},{"cards_removed":["Defend_G"],"damage_healed":0,"gold_gain":0,"player_choice":"Card Removal","damage_taken":7,"max_hp_gain":0,"max_hp_loss":0,"event_name":"Golden Wing","floor":13,"gold_loss":0}],"is_beta":false,"boss_relics":[],"items_purged_floors":[2],"is_endless":false,"potions_floor_spawned":[7,12],"killed_by":"The Guardian","ascension_level":20}