{"gold_per_floor":[118,43,63,79,93,93,119,119,165,65,81,109,259,184,184,259,259,259,259,184,184,184,184,184,184,184,184,184,184,184,184,184,184,184,184,184,184,184,5,5,5,5,5,5,5,5,5,5,5,5,5,5,5,5,5],"floor_reached":55,"playtime":2898,"items_purged":["Strike_R","Strike_R"],"score":1401,"play_id":"5a532c3d-c4e0-4b5c-b424-9978d217f943","local_time":"20181217234815","is_ascension_mode":true,"campfire_choices":[{"data":"Bash","floor":6.0,"key":"SMITH"},{"data":"Armaments","floor":8.0,"key":"SMITH"},{"floor":15.0,"key":"RECALL"},{"data":"True Grit","floor":23.0,"key":"SMITH"},{"data":"Pommel Strike","floor":25.0,"key":"SMITH"},{"data":"Flex","floor":27.0,"key":"SMITH"},{"data":"Juggernaut","floor":32.0,"key":"SMITH"},{"data":"Feed","floor":40.0,"key":"SMITH"},{"data":"Madness","floor":45.0,"key":"SMITH"},{"data":"Madness","floor":47.0,"key":"SMITH"},{"data":"Feed","floor":49.0,"key":"SMITH"},{"data":"Rage","floor":52.0,"key":"SMITH"}],"neow_cost":"NONE","seed_source_timestamp":39419165607496,"circlet_count":0,"master_deck":["AscendersBane","Strike_R","Defend_R","Defend_R","Bash+1","Pommel Strike+1","True Grit+1","Sentinel","Armaments+1","Flex+1","Ghostly Armor","Feed+1","Sentinel","Juggernaut+1","Reaper","Rage+1","Sentinel","Feed+1","Flex+1","Reaper","Madness+1","Madness+1","Spot Weakness+1","Armaments+1","Infernal Blade+1"],"special_seed":0,"relics":["Runic Pyramid","Blue Candle","Pen Nib","Vajra","Ectoplasm","Centennial Puzzle","Lizard Tail","Toxic Egg 2","MawBank","Bird Faced Urn"],"potions_floor_usage":[55],"damage_taken":[{"damage":4.0,"enemies":"Jaw Worm","floor":1.0,"turns":8.0},{"damage":7.0,"enemies":"Small Slimes","floor":3.0,"turns":6.0},{"damage":2.0,"enemies":"2 Louse","floor":4.0,"turns":4.0},{"damage":6.0,"enemies":"Looter","floor":5.0,"turns":5.0},{"damage":20.0,"enemies":"3 Sentries","floor":7.0,"turns":14.0},{"damage":0.0,"enemies":"2 Fungi Beasts","floor":11.0,"turns":4.0},{"damage":5.0,"enemies":"Gremlin Nob","floor":12.0,"turns":3.0},{"damage":9.0,"enemies":"Hexaghost","floor":16.0,"turns":15.0},{"damage":18.0,"enemies":"3 Byrds","floor":18.0,"turns":7.0},{"damage":8.0,"enemies":"Shell Parasite","floor":21.0,"turns":7.0},{"damage":15.0,"enemies":"Shelled Parasite and Fungi","floor":28.0,"turns":6.0},{"damage":6.0,"enemies":"Sentry and Sphere","floor":29.0,"turns":5.0},{"damage":50.0,"enemies":"Slavers","floor":30.0,"turns":10.0},{"damage":5.0,"enemies":"Snake Plant","floor":31.0,"turns":3.0},{"damage":13.0,"enemies":"Automaton","floor":33.0,"turns":10.0},{"damage":22.0,"enemies":"Orb Walker","floor":35.0,"turns":4.0},{"damage":20.0,"enemies":"3 Darklings","floor":36.0,"turns":5.0},{"damage":50.0,"enemies":"4 Shapes","floor":38.0,"turns":6.0},{"damage":55.0,"enemies":"Spire Growth","floor":44.0,"turns":6.0},{"damage":15.0,"enemies":"3 Darklings","floor":46.0,"turns":7.0},{"damage":38.0,"enemies":"Reptomancer","floor":48.0,"turns":6.0},{"damage":141.0,"enemies":"Awakened One","floor":50.0,"turns":19.0},{"damage":154.0,"enemies":"Shield and Spear","floor":54.0,"turns":9.0},{"damage":121,"enemies":"The Heart","floor":55,"turns":5}],"seed_played":"-5961987996366805039","potions_obtained":[{"floor":1.0,"key":"Regen Potion"},{"floor":5.0,"key":"Block Potion"},{"floor":7.0,"key":"Poison Potion"},{"floor":31.0,"key":"EssenceOfSteel"},{"floor":33.0,"key":"Regen Potion"},{"floor":46.0,"key":"AttackPotion"}],"is_trial":false,"path_per_floor":["M","$","M","M","M","R","E","R","T","$","M","E","?","?","R","B",null,"M","?","?","M","$","R","?","R","T","R","M","M","E","M","R","B",null,"M","M","$","M","$","R","?","?","T","M","R","M","R","E","R","B",null,"R","$","E","B"],"character_chosen":"IRONCLAD","items_purchased":["Reaper"],"campfire_rested":0,"item_purchase_floors":[39],"current_hp_per_floor":[64,64,72,70,64,64,44,44,44,44,44,39,39,39,39,30,64,50,50,50,61,61,61,61,61,61,61,74,82,61,75,75,90,100,94,98,98,91,91,91,70,70,70,38,38,99,99,112,112,53,117,117,117,13,0],"gold":5,"neow_bonus":"BOSS_RELIC","is_prod":false,"is_daily":false,"chose_seed":false,"campfire_upgraded":11,"win_rate":0,"timestamp":1545061695,"path_taken":["M","$","M","M","M","R","E","R","T","$","M","E","?","?","R","BOSS","M","?","?","M","$","R","?","R","T","R","M","M","E","M","R","BOSS","M","M","$","M","$","R","?","?","T","M","R","M","R","E","R","BOSS","R","$","E","BOSS"],"build_version":"2018-12-13","purchased_purges":2,"victory":false,"max_hp_per_floor":[75,75,75,75,75,75,75,75,75,75,75,75,75,75,75,75,75,79,79,79,83,83,83,83,83,83,83,87,91,95,99,99,103,103,106,110,110,118,118,118,118,118,118,122,122,126,126,130,130,138,138,138,138,138,138],"card_choices":[{"not_picked":["Shockwave","Cleave"],"picked":"Pommel Strike","floor":1.0},{"not_picked":["Rupture","Whirlwind","Iron Wave"],"picked":"SKIP","floor":3.0},{"not_picked":["Headbutt","Anger"],"picked":"True Grit","floor":4.0},{"not_picked":["Iron Wave","Heavy Blade"],"picked":"Sentinel","floor":5.0},{"not_picked":["Sever Soul","Evolve"],"picked":"Armaments","floor":7.0},{"not_picked":["Pommel Strike","Thunderclap"],"picked":"Flex","floor":11.0},{"not_picked":["Iron Wave","Second Wind"],"picked":"Ghostly Armor","floor":12.0},{"not_picked":["Dark Embrace","Juggernaut"],"picked":"Feed","floor":16.0},{"not_picked":["Wild Strike","Flame Barrier"],"picked":"Sentinel","floor":18.0},{"not_picked":["Havoc","Whirlwind"],"picked":"Rage","floor":21.0},{"not_picked":["Combust","Carnage","Rupture"],"picked":"SKIP","floor":28.0},{"not_picked":["Havoc","Reckless Charge","Corruption"],"picked":"SKIP","floor":29.0},{"not_picked":["Body Slam+1","Sword Boomerang","Pommel Strike"],"picked":"SKIP","floor":30.0},{"not_picked":["Intimidate","Armaments"],"picked":"Sentinel","floor":31.0},{"not_picked":["Exhume","Juggernaut"],"picked":"Feed","floor":33.0},{"not_picked":["Pommel Strike","Clash+1","Perfected Strike+1"],"picked":"SKIP","floor":35.0},{"not_picked":["Havoc","Pommel Strike+1"],"picked":"Flex+1","floor":36.0},{"not_picked":["Havoc+1","Clash","Thunderclap"],"picked":"SKIP","floor":38.0},{"not_picked":["Rampage","Second Wind+1","Wild Strike+1"],"picked":"SKIP","floor":44.0},{"not_picked":["Dark Embrace","Cleave"],"picked":"Spot Weakness+1","floor":46.0},{"not_picked":["Whirlwind","Twin Strike"],"picked":"Armaments+1","floor":48.0},{"not_picked":["Anger","Armaments+1"],"picked":"Infernal Blade+1","floor":54.0}],"player_experience":1329496,"relics_obtained":[{"floor":7.0,"key":"Blue Candle"},{"floor":9.0,"key":"Pen Nib"},{"floor":12.0,"key":"Vajra"},{"floor":30.0,"key":"Centennial Puzzle"},{"floor":43.0,"key":"Toxic Egg 2"},{"floor":48.0,"key":"MawBank"},{"floor":54.0,"key":"Bird Faced Urn"}],"event_choices":[{"damage_healed":0.0,"max_hp_gain":0.0,"max_hp_loss":0.0,"gold_gain":150.0,"event_name":"Liars Game","player_choice":"AGREE","floor":13.0,"gold_loss":0.0,"damage_taken":0.0,"cards_obtained":["Doubt"]},{"cards_removed":["Doubt"],"damage_healed":0.0,"max_hp_gain":0.0,"max_hp_loss":0.0,"gold_gain":0.0,"event_name":"The Cleric","player_choice":"Card Removal","floor":14.0,"gold_loss":75.0,"damage_taken":0.0},{"damage_healed":0.0,"max_hp_gain":0.0,"max_hp_loss":0.0,"gold_gain":0.0,"cards_transformed":["Strike_R","Strike_R"],"event_name":"Drug Dealer","player_choice":"Became Test Subject","floor":19.0,"gold_loss":0.0,"damage_taken":0.0,"cards_obtained":["Juggernaut","Reaper"]},{"cards_removed":["Defend_R"],"damage_healed":0.0,"max_hp_gain":0.0,"max_hp_loss":0.0,"gold_gain":0.0,"event_name":"Beggar","player_choice":"Gave Gold","floor":20.0,"gold_loss":75.0,"damage_taken":0.0},{"cards_removed":["Defend_R"],"damage_healed":0.0,"max_hp_gain":0.0,"max_hp_loss":0.0,"gold_gain":0.0,"event_name":"Back to Basics","player_choice":"Elegance","floor":24.0,"gold_loss":0.0,"damage_taken":0.0},{"damage_healed":0.0,"max_hp_gain":0.0,"max_hp_loss":0.0,"gold_gain":0.0,"event_name":"Winding Halls","player_choice":"Embrace Madness","floor":41.0,"gold_loss":0.0,"damage_taken":21.0,"cards_obtained":["Madness","Madness"]},{"damage_healed":0.0,"max_hp_gain":0.0,"max_hp_loss":0.0,"gold_gain":0.0,"event_name":"FaceTrader","player_choice":"Leave","floor":42.0,"gold_loss":0.0,"damage_taken":0.0}],"is_beta":false,"boss_relics":[{"not_picked":["Empty Cage","Black Star"],"picked":"Ectoplasm"},{"not_picked":["Sozu","Orrery"],"picked":"Lizard Tail"}],"items_purged_floors":[2,10],"is_endless":false,"potions_floor_spawned":[1,5,7,31,33,35,46],"killed_by":"The Heart","ascension_level":17}