{"gold_per_floor":[117,42,58,58,71,86,86,99,99,99,99,99,112,187,187,308,308,333,353,353,353,49,49,49,49,73,198,221,221,221,265,265,391,391,411,134,134,153,176,176,176,176,176,176,176,189,230,246,246,246],"floor_reached":51,"playtime":1098,"items_purged":["Defend_B","Strike_B","Strike_B"],"score":835,"play_id":"18bbacfc-8c58-4ac1-b501-c11b953de262","local_time":"20190611022801","is_ascension_mode":false,"campfire_choices":[{"data":"Biased Cognition","floor":7.0,"key":"SMITH"},{"data":"Dualcast","floor":10.0,"key":"SMITH"},{"data":"Loop","floor":12.0,"key":"SMITH"},{"data":"Zap","floor":15.0,"key":"SMITH"},{"data":"Reboot","floor":23.0,"key":"SMITH"},{"data":"Electrodynamics","floor":25.0,"key":"SMITH"},{"data":"Glacier","floor":30,"key":"SMITH"},{"data":"Genetic Algorithm","floor":32,"key":"SMITH"},{"data":"Defend_B","floor":40,"key":"SMITH"},{"data":"Defend_B","floor":42,"key":"SMITH"},{"data":"Core Surge","floor":44,"key":"SMITH"},{"data":"Chill","floor":49,"key":"SMITH"}],"neow_cost":"TEN_PERCENT_HP_LOSS","seed_source_timestamp":52169438092193,"circlet_count":0,"master_deck":["Defend_B+1","Defend_B+1","Zap+1","Dualcast+1","Reboot+1","Biased Cognition+1","Genetic Algorithm+1","Loop+1","Chill","Chill+1","Electrodynamics+1","Core Surge+1","Glacier+1","Capacitor+1","Biased Cognition+1","Capacitor+1","Defragment+1"],"special_seed":0,"relics":["Cracked Core","Pocketwatch","Golden Idol","Velvet Choker","ClockworkSouvenir","Bag of Preparation","Prayer Wheel","Cables","Blue Candle","Coffee Dripper","Anchor","Gremlin Horn","DataDisk","Thread and Needle"],"potions_floor_usage":[50],"damage_taken":[{"damage":2.0,"enemies":"2 Louse","floor":1.0,"turns":2.0},{"damage":0.0,"enemies":"Cultist","floor":3.0,"turns":2.0},{"damage":5.0,"enemies":"Small Slimes","floor":5.0,"turns":2.0},{"damage":13.0,"enemies":"2 Fungi Beasts","floor":6.0,"turns":3.0},{"damage":10.0,"enemies":"Looter","floor":8.0,"turns":2.0},{"damage":0.0,"enemies":"Gremlin Gang","floor":13.0,"turns":3.0},{"damage":3.0,"enemies":"Hexaghost","floor":16.0,"turns":6.0},{"damage":0.0,"enemies":"Chosen","floor":18.0,"turns":3.0},{"damage":0.0,"enemies":"2 Thieves","floor":19.0,"turns":3.0},{"damage":0.0,"enemies":"Snake Plant","floor":21.0,"turns":1.0},{"damage":0.0,"enemies":"Colosseum Slavers","floor":27.0,"turns":2.0},{"damage":0.0,"enemies":"Colosseum Nobs","floor":27.0,"turns":2.0},{"damage":0.0,"enemies":"Shelled Parasite and Fungi","floor":28.0,"turns":3.0},{"damage":0,"enemies":"Slavers","floor":31,"turns":2},{"damage":0,"enemies":"Champ","floor":33,"turns":7},{"damage":0,"enemies":"3 Darklings","floor":35,"turns":2},{"damage":0,"enemies":"3 Shapes","floor":38,"turns":4},{"damage":0,"enemies":"3 Darklings","floor":39,"turns":1},{"damage":0,"enemies":"Maw","floor":46,"turns":4},{"damage":0,"enemies":"Reptomancer","floor":47,"turns":4},{"damage":0,"enemies":"Jaw Worm Horde","floor":48,"turns":3},{"damage":0,"enemies":"Awakened One","floor":50,"turns":8}],"seed_played":"7758480095892196510","potions_obtained":[{"floor":5.0,"key":"GamblersBrew"},{"floor":6.0,"key":"Poison Potion"},{"floor":8.0,"key":"SmokeBomb"},{"floor":20.0,"key":"Fire Potion"},{"floor":28.0,"key":"Regen Potion"},{"floor":33,"key":"Ancient Potion"},{"floor":48,"key":"PowerPotion"}],"is_trial":false,"path_per_floor":["M","$","M","?","M","M","R","M","T","R","?","R","M","?","R","B",null,"M","M","?","M","$","R","?","R","T","?","M","?","R","E","R","B",null,"M","$","?","M","M","R","?","R","T","R","T","M","E","M","R","B",null],"character_chosen":"DEFECT","items_purchased":["ClockworkSouvenir","Anchor"],"campfire_rested":0,"item_purchase_floors":[22,36],"current_hp_per_floor":[66,66,66,66,61,48,48,38,38,38,21,21,21,10,10,7,68,68,68,68,68,68,68,68,68,68,68,68,68,68,68,68,68,68,68,68,68,68,68,68,68,68,68,68,68,68,68,68,68,68],"gold":246,"neow_bonus":"TRANSFORM_TWO_CARDS","is_prod":false,"is_daily":false,"chose_seed":false,"campfire_upgraded":12,"win_rate":0,"timestamp":1560191281,"path_taken":["M","$","M","?","M","?","R","M","T","R","?","R","M","?","R","BOSS","M","M","?","?","$","R","?","R","T","?","M","?","R","E","R","BOSS","M","$","?","M","?","R","?","R","T","R","?","M","E","?","R","BOSS"],"build_version":"2019-01-23","purchased_purges":3,"victory":true,"max_hp_per_floor":[68,68,68,68,68,68,68,68,68,68,68,68,68,68,68,68,68,68,68,68,68,68,68,68,68,68,68,68,68,68,68,68,68,68,68,68,68,68,68,68,68,68,68,68,68,68,68,68,68,68],"card_choices":[{"not_picked":["Barrage","Compile Driver"],"picked":"Ball Lightning","floor":1.0},{"not_picked":["Force Field","Stack"],"picked":"Genetic Algorithm","floor":3.0},{"not_picked":["Chill","Hello World"],"picked":"Loop","floor":5.0},{"not_picked":["Stack","Redo"],"picked":"Chill","floor":6.0},{"not_picked":["Aggregate","White Noise"],"picked":"Chill","floor":8.0},{"not_picked":["Conserve Battery","Reprogram"],"picked":"Electrodynamics","floor":13.0},{"not_picked":["Fission","Rainbow"],"picked":"Core Surge","floor":16.0},{"not_picked":["Rebound","Blizzard","Beam Cell+1"],"picked":"SKIP","floor":18.0},{"not_picked":["Turbo","Stack","Rip and Tear+1"],"picked":"SKIP","floor":19.0},{"not_picked":["Auto Shields+1","Compile Driver"],"picked":"Glacier","floor":27.0},{"not_picked":["Streamline+1","Static Discharge","Leap+1"],"picked":"SKIP","floor":28.0},{"not_picked":["Compile Driver","Undo","Leap"],"picked":"SKIP","floor":28.0},{"not_picked":["Leap","Reprogram","Redo"],"picked":"SKIP","floor":31},{"not_picked":["Self Repair+1","Rebound+1"],"picked":"Capacitor+1","floor":35},{"not_picked":["Steam","Sweeping Beam+1","Gash"],"picked":"SKIP","floor":35},{"not_picked":["Tempest","Streamline+1"],"picked":"Capacitor+1","floor":38},{"not_picked":["Rebound+1","Streamline","Auto Shields"],"picked":"SKIP","floor":38},{"not_picked":["Barrage+1","Leap+1","Conserve Battery+1"],"picked":"SKIP","floor":39},{"not_picked":["Storm+1","Leap","Ball Lightning+1"],"picked":"SKIP","floor":39},{"not_picked":["Go for the Eyes+1","Storm+1"],"picked":"Defragment+1","floor":46},{"not_picked":["Chaos","Gash","Aggregate+1"],"picked":"SKIP","floor":46},{"not_picked":["Recycle","Thunder Strike","Compile Driver"],"picked":"SKIP","floor":47},{"not_picked":["Chaos","Redo+1","Barrage"],"picked":"SKIP","floor":48},{"not_picked":["Sweeping Beam+1","Hologram+1","Darkness"],"picked":"SKIP","floor":48}],"player_experience":5037493,"relics_obtained":[{"floor":9.0,"key":"Pocketwatch"},{"floor":26.0,"key":"Bag of Preparation"},{"floor":27.0,"key":"Prayer Wheel"},{"floor":27.0,"key":"Cables"},{"floor":31,"key":"Blue Candle"},{"floor":43,"key":"Gremlin Horn"},{"floor":45,"key":"DataDisk"},{"floor":47,"key":"Thread and Needle"}],"event_choices":[{"damage_healed":0.0,"max_hp_gain":0.0,"max_hp_loss":0.0,"gold_gain":0.0,"event_name":"The Woman in Blue","player_choice":"Bought 0 Potions","floor":4.0,"gold_loss":0.0,"damage_taken":0.0},{"damage_healed":0.0,"max_hp_gain":0.0,"max_hp_loss":0.0,"gold_gain":0.0,"event_name":"Golden Idol","player_choice":"Take Damage","floor":11.0,"gold_loss":0.0,"damage_taken":17.0,"relics_obtained":["Golden Idol"]},{"damage_healed":0.0,"max_hp_gain":0.0,"max_hp_loss":0.0,"gold_gain":75.0,"event_name":"World of Goop","player_choice":"Gather Gold","floor":14.0,"gold_loss":0.0,"damage_taken":11.0},{"damage_healed":0.0,"max_hp_gain":0.0,"max_hp_loss":0.0,"gold_gain":0.0,"event_name":"Lab","player_choice":"Got Potions","floor":20.0,"gold_loss":0.0,"damage_taken":0.0},{"cards_removed":["Strike_B"],"damage_healed":0.0,"max_hp_gain":0.0,"max_hp_loss":0.0,"gold_gain":0.0,"event_name":"Back to Basics","player_choice":"Elegance","floor":24.0,"gold_loss":0.0,"damage_taken":0.0},{"damage_healed":0.0,"max_hp_gain":0.0,"max_hp_loss":0.0,"gold_gain":0.0,"event_name":"Colosseum","player_choice":"Fight","floor":27.0,"gold_loss":0.0,"damage_taken":0.0},{"damage_healed":0.0,"max_hp_gain":0.0,"max_hp_loss":0.0,"gold_gain":0.0,"event_name":"Colosseum","player_choice":"Fought Nobs","floor":27.0,"gold_loss":0.0,"damage_taken":0.0},{"damage_healed":0,"gold_gain":0,"player_choice":"Ignored","damage_taken":0,"max_hp_gain":0,"max_hp_loss":0,"event_name":"The Mausoleum","floor":29,"gold_loss":0},{"damage_healed":0,"gold_gain":0,"player_choice":"Copied","damage_taken":0,"max_hp_gain":0,"max_hp_loss":0,"event_name":"Duplicator","floor":37,"gold_loss":0,"cards_obtained":["Biased Cognition"]},{"cards_removed":["Ball Lightning"],"damage_healed":0,"gold_gain":0,"player_choice":"Removed Attack","damage_taken":0,"max_hp_gain":0,"max_hp_loss":0,"event_name":"Falling","floor":41,"gold_loss":0}],"is_beta":false,"boss_relics":[{"not_picked":["Cursed Key","Eternal Feather"],"picked":"Velvet Choker"},{"not_picked":["Sozu","Orrery"],"picked":"Coffee Dripper"}],"items_purged_floors":[2,22,36],"is_endless":false,"potions_floor_spawned":[5,6,8,16,19,27,28,33,39,47,48],"ascension_level":0}