{"gold_per_floor":[215,229,18,18,93,93,122,122,122,134,59,59,72,88,88,166,166,176,41,41,41,56,56,82,82,82,101,26,36,48,48,48,124,124,143,43,43,57,57,82,97,97],"floor_reached":42,"playtime":2858,"items_purged":["Shame","Survivor"],"score":992,"play_id":"3b221ecf-e7fa-4730-a285-1d05d49ebbef","local_time":"20190127152925","is_ascension_mode":true,"campfire_choices":[{"data":"Apotheosis","floor":6.0,"key":"SMITH"},{"floor":8.0,"key":"REST"},{"floor":12.0,"key":"REST"},{"data":"Accuracy","floor":15.0,"key":"SMITH"},{"floor":23.0,"key":"RECALL"},{"data":"Neutralize","floor":25.0,"key":"SMITH"},{"floor":32.0,"key":"REST"}],"neow_cost":"NONE","seed_source_timestamp":4319726965498,"circlet_count":0,"master_deck":["AscendersBane","Neutralize+1","Finisher","Apotheosis+1","Venomology","Terror","Glass Knife","Tactician","Venomology","Backflip","PiercingWail","Glass Knife","Catalyst","Caltrops+1","Acrobatics+1","Backflip","Grand Finale","Die Die Die+1","Poisoned Stab+1","After Image+1","Tools of the Trade","Expertise"],"special_seed":0,"relics":["Ring of the Snake","Snake Skull","Bottled Flame","Pandora\u0027s Box","theJungle:Flamango","theJungle:SneckoAutograph","Bird Faced Urn","Lantern","Bottled Lightning","Astrolabe","Darkstone Periapt"],"potions_floor_usage":[41,41,42,42],"damage_taken":[{"damage":4.0,"enemies":"Cultist","floor":1.0,"turns":5.0},{"damage":0.0,"enemies":"2 Louse","floor":2.0,"turns":4.0},{"damage":19.0,"enemies":"Lagavulin","floor":7.0,"turns":11.0},{"damage":0.0,"enemies":"Small Slimes","floor":10.0,"turns":4.0},{"damage":0.0,"enemies":"2 Fungi Beasts","floor":13.0,"turns":3.0},{"damage":1.0,"enemies":"Exordium Wildlife","floor":14.0,"turns":4.0},{"damage":8.0,"enemies":"Slime Boss","floor":16.0,"turns":8.0},{"damage":3.0,"enemies":"theJungle:Flameango_and_Byrd","floor":18.0,"turns":4.0},{"damage":0.0,"enemies":"theJungle:GiantWrat","floor":22.0,"turns":3.0},{"damage":1.0,"enemies":"theJungle:2_Phrogs","floor":24.0,"turns":5.0},{"damage":18.0,"enemies":"Snake Plant","floor":27.0,"turns":4.0},{"damage":0.0,"enemies":"theJungle:2_Snecko_Cultists","floor":29.0,"turns":2.0},{"damage":0.0,"enemies":"theJungle:JungleHuntersEncounter","floor":30.0,"turns":3.0},{"damage":0.0,"enemies":"theJungle:FunGuy","floor":33.0,"turns":5.0},{"damage":33.0,"enemies":"3 Shapes","floor":35.0,"turns":3.0},{"damage":4.0,"enemies":"Orb Walker","floor":38.0,"turns":3.0},{"damage":2.0,"enemies":"Nemesis","floor":40.0,"turns":5.0},{"damage":14,"enemies":"Jaw Worm Horde","floor":41,"turns":4},{"damage":23,"enemies":"Reptomancer","floor":42,"turns":4}],"seed_played":"-5606577334447328189","potions_obtained":[{"floor":2.0,"key":"Fire Potion"},{"floor":7.0,"key":"LiquidBronze"},{"floor":16.0,"key":"Dexterity Potion"},{"floor":24.0,"key":"SteroidPotion"},{"floor":40.0,"key":"Poison Potion"}],"is_trial":false,"path_per_floor":["M","M","$","?","?","R","E","R","T","M","?","R","M","M","R","B",null,"M","?","?","?","M","R","E","R","T","M","$","M","M","?","R","B",null,"M","$","?","M","?","E","M","E"],"character_chosen":"THE_SILENT","items_purchased":["Apotheosis"],"campfire_rested":3,"item_purchase_floors":[3],"current_hp_per_floor":[55,55,55,48,37,37,18,37,37,37,37,56,56,55,55,47,61,58,58,58,58,58,58,57,57,57,43,43,45,49,49,66,66,66,33,33,33,31,31,35,27,10],"gold":97,"neow_bonus":"HUNDRED_GOLD","is_prod":false,"is_daily":false,"chose_seed":false,"campfire_upgraded":3,"win_rate":0,"timestamp":1548574165,"path_taken":["M","M","?","?","?","R","E","R","T","M","?","R","M","M","R","BOSS","M","?","?","?","?","R","E","R","T","M","?","M","M","?","R","BOSS","M","$","?","M","?","E","?","E"],"build_version":"2019-01-23","purchased_purges":2,"victory":false,"max_hp_per_floor":[66,66,66,66,66,66,66,66,66,66,66,66,66,66,66,66,66,66,66,66,66,66,66,66,66,66,66,66,66,66,66,66,66,66,66,66,66,66,66,66,66,66],"card_choices":[{"not_picked":["Outmaneuver","Flying Knee"],"picked":"Finisher","floor":1.0},{"not_picked":["Quick Slash","Slice","Poisoned Stab"],"picked":"SKIP","floor":2.0},{"not_picked":["Flying Knee","Leg Sweep"],"picked":"Venomology","floor":7.0},{"not_picked":["Deadly Poison","Accuracy"],"picked":"Cloak And Dagger","floor":10.0},{"not_picked":["Cloak And Dagger","Catalyst"],"picked":"Accuracy","floor":13.0},{"not_picked":["Expertise","Dagger Throw"],"picked":"Terror","floor":14.0},{"not_picked":["Unload","Storm of Steel"],"picked":"Glass Knife","floor":16.0},{"not_picked":["Blur","Distraction","Dagger Spray"],"picked":"SKIP","floor":18.0},{"not_picked":["Blur","Distraction","Dagger Spray"],"picked":"SKIP","floor":18.0},{"not_picked":["Crippling Poison","Deflect","Bane"],"picked":"SKIP","floor":22.0},{"not_picked":["Crippling Poison","Deflect","Bane"],"picked":"SKIP","floor":22.0},{"not_picked":["Masterful Stab","Flying Knee"],"picked":"Caltrops+1","floor":24.0},{"not_picked":["Concentrate","Infinite Blades"],"picked":"Acrobatics","floor":27.0},{"not_picked":["Deflect+1","Outmaneuver"],"picked":"Backflip","floor":29.0},{"not_picked":["Blade Dance","Dodge and Roll"],"picked":"Storm of Steel","floor":30.0},{"not_picked":["Storm of Steel","After Image"],"picked":"Grand Finale","floor":33.0},{"not_picked":["Quick Slash+1","Blade Dance","PiercingWail+1"],"picked":"SKIP","floor":35.0},{"not_picked":["Concentrate+1","Bane","Underhanded Strike"],"picked":"SKIP","floor":38.0},{"not_picked":["Bane","Deflect"],"picked":"Expertise","floor":40.0},{"not_picked":["Flying Knee","Quick Slash","Glass Knife"],"picked":"SKIP","floor":41}],"player_experience":2317679,"relics_obtained":[{"floor":7.0,"key":"Snake Skull"},{"floor":9.0,"key":"Bottled Flame"},{"floor":24.0,"key":"Bird Faced Urn"},{"floor":26.0,"key":"Lantern"},{"floor":40.0,"key":"Darkstone Periapt"}],"event_choices":[{"cards_removed":["Strike_G"],"damage_healed":0.0,"max_hp_gain":0.0,"max_hp_loss":0.0,"gold_gain":0.0,"event_name":"Golden Wing","player_choice":"Card Removal","floor":4.0,"gold_loss":0.0,"damage_taken":7.0},{"damage_healed":0.0,"max_hp_gain":0.0,"max_hp_loss":0.0,"gold_gain":75.0,"event_name":"World of Goop","player_choice":"Gather Gold","floor":5.0,"gold_loss":0.0,"damage_taken":11.0},{"cards_removed":["Defend_G"],"damage_healed":0.0,"max_hp_gain":0.0,"max_hp_loss":0.0,"gold_gain":0.0,"event_name":"The Cleric","player_choice":"Card Removal","floor":11.0,"gold_loss":75.0,"damage_taken":0.0},{"damage_healed":0.0,"max_hp_gain":0.0,"max_hp_loss":0.0,"gold_gain":0.0,"event_name":"Upgrade Shrine","player_choice":"Upgraded","floor":31.0,"gold_loss":0.0,"damage_taken":0.0,"cards_upgraded":["Acrobatics"]},{"cards_removed":["Accuracy"],"damage_healed":0.0,"max_hp_gain":0.0,"max_hp_loss":0.0,"gold_gain":0.0,"event_name":"Falling","player_choice":"Removed Power","floor":37.0,"gold_loss":0.0,"damage_taken":0.0},{"damage_healed":0.0,"max_hp_gain":0.0,"max_hp_loss":0.0,"gold_gain":0.0,"cards_transformed":["Cloak And Dagger"],"event_name":"Transmorgrifier","player_choice":"Transformed","floor":39.0,"gold_loss":0.0,"damage_taken":0.0,"cards_obtained":["Tools of the Trade"]}],"is_beta":false,"boss_relics":[{"not_picked":["Cursed Key","White Beast Statue"],"picked":"Pandora\u0027s Box"},{"not_picked":["Calling Bell","Ring of the Serpent"],"picked":"Astrolabe"}],"items_purged_floors":[28,36],"is_endless":false,"potions_floor_spawned":[2,7,13,16,18,24,40],"killed_by":"Reptomancer","ascension_level":20}