{"gold_per_floor":[110,123,123,137,6,6,36,53,53,70,82,82,82,132,132,207,207,220,239,83,96,115,115,165,165,165,165,90,12,12,24,24,99,99,114,114,34,47,67,84,112,112,112,145,145,145],"floor_reached":46,"playtime":1468,"items_purged":["Strike_B","Strike_B"],"score":1110,"play_id":"bab38d31-a53e-4ee5-8895-f754c68a7ff0","local_time":"20190417014318","is_ascension_mode":true,"campfire_choices":[{"data":"Dualcast","floor":6,"key":"SMITH"},{"data":"Defragment","floor":12,"key":"SMITH"},{"data":"Chaos","floor":15,"key":"SMITH"},{"data":"Coolheaded","floor":23,"key":"SMITH"},{"data":"Turbo","floor":25,"key":"SMITH"},{"data":"Blizzard","floor":30,"key":"SMITH"},{"data":"Loop","floor":32,"key":"SMITH"},{"data":"Defragment","floor":42,"key":"SMITH"},{"data":"Hologram","floor":45,"key":"SMITH"}],"neow_cost":"TEN_PERCENT_HP_LOSS","seed_source_timestamp":650663238911191,"circlet_count":0,"master_deck":["AscendersBane","Defend_B","Defend_B","Defend_B","Zap+1","Dualcast+1","Cold Snap","Ball Lightning","Turbo+1","Double Energy","Chaos+1","Defragment+1","Coolheaded+1","Blizzard+1","Core Surge","Self Repair","Hologram+1","Biased Cognition","Compile Driver","Undo","Loop+1","Meteor Strike","Glacier","Defragment+1","Redo+1","Parasite","Tempest"],"relics":["Cracked Core","Thread and Needle","Art of War","Mummified Hand","Inserter","Matryoshka","Runic Dome","Question Card","Mercury Hourglass","Oddly Smooth Stone"],"potions_floor_usage":[22,46],"damage_taken":[{"damage":0,"enemies":"2 Louse","floor":1,"turns":2},{"damage":0,"enemies":"Cultist","floor":2,"turns":3},{"damage":6,"enemies":"Jaw Worm","floor":4,"turns":2},{"damage":11,"enemies":"Lagavulin","floor":7,"turns":7},{"damage":18,"enemies":"Exordium Thugs","floor":8,"turns":4},{"damage":6,"enemies":"Large Slime","floor":10,"turns":5},{"damage":12,"enemies":"3 Louse","floor":11,"turns":3},{"damage":0,"enemies":"The Guardian","floor":16,"turns":12},{"damage":4,"enemies":"Shell Parasite","floor":18,"turns":4},{"damage":4,"enemies":"Spheric Guardian","floor":19,"turns":4},{"damage":3,"enemies":"Shelled Parasite and Fungi","floor":21,"turns":7},{"damage":7,"enemies":"Snake Plant","floor":22,"turns":4},{"damage":0,"enemies":"Centurion and Healer","floor":31,"turns":4},{"damage":10,"enemies":"Champ","floor":33,"turns":9},{"damage":12,"enemies":"3 Shapes","floor":35,"turns":6},{"damage":0,"enemies":"Orb Walker","floor":38,"turns":4},{"damage":0,"enemies":"Maw","floor":39,"turns":8},{"damage":10,"enemies":"Writhing Mass","floor":40,"turns":6},{"damage":27,"enemies":"Nemesis","floor":41,"turns":7},{"damage":0,"enemies":"Giant Head","floor":44,"turns":6},{"damage":59,"enemies":"Jaw Worm Horde","floor":46,"turns":3}],"seed_played":"-5045313780945152689","potions_obtained":[{"floor":2,"key":"Regen Potion"},{"floor":4,"key":"LiquidBronze"},{"floor":10,"key":"SkillPotion"},{"floor":31,"key":"Regen Potion"},{"floor":44,"key":"Block Potion"}],"is_trial":false,"path_per_floor":["M","M","?","M","$","R","E","M","T","M","M","R","?","?","R","B",null,"M","M","$","M","M","R","?","R","T","?","?","$","R","M","R","B",null,"M","?","$","M","M","M","E","R","T","E","R","M"],"character_chosen":"DEFECT","items_purchased":["Turbo","Hologram","Undo","Defragment"],"campfire_rested":0,"item_purchase_floors":[5,20,29,37],"current_hp_per_floor":[64,64,64,58,58,58,47,29,29,23,11,11,11,11,11,11,51,47,43,43,47,47,47,47,47,47,47,47,47,47,54,54,51,61,56,56,56,63,64,61,41,41,41,48,48,0],"gold":145,"neow_bonus":"ONE_RARE_RELIC","is_prod":false,"is_daily":false,"chose_seed":false,"campfire_upgraded":9,"win_rate":0,"timestamp":1555436598,"path_taken":["M","M","?","M","$","R","E","?","T","M","M","R","?","?","R","BOSS","M","M","$","M","M","R","?","R","T","?","?","$","R","M","R","BOSS","M","?","$","M","?","M","E","R","T","E","R","M"],"build_version":"2019-01-23","purchased_purges":2,"victory":false,"max_hp_per_floor":[64,64,64,64,64,64,64,64,64,64,64,64,64,64,64,64,64,64,64,64,64,64,64,64,64,64,64,64,64,64,64,64,64,64,64,64,64,64,64,64,64,64,64,64,64,64],"card_choices":[{"not_picked":["Redo","Hologram"],"picked":"Cold Snap","floor":1},{"not_picked":["Go for the Eyes","Cold Snap"],"picked":"Ball Lightning","floor":2},{"not_picked":["Sweeping Beam","Steam","Rip and Tear"],"picked":"SKIP","floor":4},{"not_picked":["Compile Driver","Reprogram"],"picked":"Double Energy","floor":7},{"not_picked":["Conserve Battery","Barrage"],"picked":"Chaos","floor":8},{"not_picked":["Rebound","Compile Driver"],"picked":"Defragment","floor":10},{"not_picked":["Sweeping Beam","Hello World"],"picked":"Coolheaded","floor":11},{"not_picked":["Rainbow","Fission"],"picked":"Core Surge","floor":16},{"not_picked":["Steam","FTL","Stack"],"picked":"SKIP","floor":18},{"not_picked":["Turbo","Cold Snap"],"picked":"Self Repair","floor":19},{"not_picked":["Leap+1","Conserve Battery"],"picked":"Biased Cognition","floor":21},{"not_picked":["Leap","Double Energy"],"picked":"Compile Driver","floor":22},{"not_picked":["Go for the Eyes","Turbo+1"],"picked":"Loop","floor":31},{"not_picked":["Multi-Cast","Echo Form"],"picked":"Meteor Strike","floor":33},{"not_picked":["Rebound","Scrape"],"picked":"Glacier","floor":35},{"not_picked":["Storm","Genetic Algorithm","Gash+1"],"picked":"SKIP","floor":38},{"not_picked":["Gash+1","Static Discharge"],"picked":"Redo+1","floor":39},{"not_picked":["Ball Lightning+1","Aggregate+1"],"picked":"Tempest","floor":40},{"not_picked":["Redo","Go for the Eyes","Darkness+1"],"picked":"SKIP","floor":41},{"not_picked":["Sweeping Beam","Auto Shields","Gash+1","Ball Lightning"],"picked":"SKIP","floor":44}],"player_experience":1412500,"relics_obtained":[{"floor":7,"key":"Art of War"},{"floor":9,"key":"Mummified Hand"},{"floor":26,"key":"Matryoshka"},{"floor":41,"key":"Question Card"},{"floor":43,"key":"Mercury Hourglass"},{"floor":44,"key":"Oddly Smooth Stone"}],"event_choices":[{"damage_healed":0,"gold_gain":0,"player_choice":"Upgraded","damage_taken":0,"max_hp_gain":0,"max_hp_loss":0,"event_name":"Upgrade Shrine","floor":3,"gold_loss":0,"cards_upgraded":["Zap"]},{"damage_healed":0,"gold_gain":0,"cards_transformed":["Strike_B"],"player_choice":"Change","damage_taken":0,"max_hp_gain":0,"max_hp_loss":0,"event_name":"Living Wall","floor":13,"gold_loss":0,"cards_obtained":["Blizzard"]},{"damage_healed":0,"gold_gain":50,"player_choice":"Pray","damage_taken":0,"max_hp_gain":0,"max_hp_loss":0,"event_name":"Golden Shrine","floor":14,"gold_loss":0},{"damage_healed":0,"gold_gain":50,"player_choice":"Stole From Cult","damage_taken":0,"max_hp_gain":0,"max_hp_loss":0,"event_name":"Nest","floor":24,"gold_loss":0},{"damage_healed":0,"gold_gain":0,"player_choice":"Ignored","damage_taken":0,"max_hp_gain":0,"max_hp_loss":0,"event_name":"Ghosts","floor":27,"gold_loss":0},{"cards_removed":["Strike_B"],"damage_healed":0,"gold_gain":0,"player_choice":"Gave Gold","damage_taken":0,"max_hp_gain":0,"max_hp_loss":0,"event_name":"Beggar","floor":28,"gold_loss":75},{"cards_removed":["Defend_B"],"damage_healed":0,"gold_gain":0,"player_choice":"Purged","damage_taken":0,"max_hp_gain":0,"max_hp_loss":0,"event_name":"Purifier","floor":36,"gold_loss":0}],"is_beta":false,"boss_relics":[{"not_picked":["Busted Crown","White Beast Statue"],"picked":"Inserter"},{"not_picked":["Cursed Key","Eternal Feather"],"picked":"Runic Dome"}],"items_purged_floors":[5,20],"is_endless":false,"potions_floor_spawned":[2,4,10,19,31,39,44],"killed_by":"Jaw Worm Horde","ascension_level":20}