{"gold_per_floor":[369,369,385,385,139,139,64,114,114,126,49,49,78,92,92,166,166,137,137,147,147],"floor_reached":21,"playtime":1027,"items_purged":["Strike_G"],"score":354,"play_id":"70d60163-8adb-4add-a3da-5bd252265882","local_time":"20190407213618","is_ascension_mode":true,"campfire_choices":[{"data":"Catalyst","floor":6.0,"key":"SMITH"},{"data":"Noxious Fumes","floor":12.0,"key":"SMITH"},{"data":"Night Terror","floor":15.0,"key":"SMITH"}],"neow_cost":"TEN_PERCENT_HP_LOSS","seed_source_timestamp":31311879472536,"circlet_count":0,"master_deck":["AscendersBane","Defend_G","Defend_G","Defend_G","Defend_G","Strike_G","Strike_G","Survivor","Neutralize+1","Dagger Throw","Night Terror+1","Catalyst+1","Infinite Blades","Noxious Fumes+1","Footwork","Tactician","Wraith Form v2","Burst"],"special_seed":0,"relics":["Ring of the Snake","Molten Egg 2","Singing Bowl","Runic Dome"],"potions_floor_usage":[],"damage_taken":[{"damage":4.0,"enemies":"Small Slimes","floor":1.0,"turns":5.0},{"damage":0.0,"enemies":"Cultist","floor":3.0,"turns":4.0},{"damage":0.0,"enemies":"2 Louse","floor":10.0,"turns":4.0},{"damage":12.0,"enemies":"Lagavulin","floor":13.0,"turns":6.0},{"damage":4.0,"enemies":"Blue Slaver","floor":14.0,"turns":7.0},{"damage":25.0,"enemies":"Slime Boss","floor":16.0,"turns":9.0},{"damage":5,"enemies":"2 Thieves","floor":18,"turns":5},{"damage":25,"enemies":"3 Byrds","floor":20,"turns":6},{"damage":13,"enemies":"Sentry and Sphere","floor":21,"turns":5}],"seed_played":"-1011740012398752065","potions_obtained":[{"floor":3.0,"key":"Ancient Potion"},{"floor":10.0,"key":"AttackPotion"},{"floor":18,"key":"EssenceOfSteel"}],"is_trial":false,"path_per_floor":["M","?","M","?","$","R","?","T","T","M","$","R","E","M","R","B",null,"M","?","M","M"],"character_chosen":"THE_SILENT","items_purchased":["Night Terror","Catalyst","Noxious Fumes"],"campfire_rested":0,"item_purchase_floors":[5,5,11],"current_hp_per_floor":[55,55,55,48,48,48,48,48,48,48,48,48,36,32,32,7,47,44,44,19,6],"gold":147,"neow_bonus":"TWO_FIFTY_GOLD","is_prod":false,"is_daily":false,"chose_seed":false,"campfire_upgraded":3,"win_rate":0,"timestamp":1554644178,"path_taken":["M","?","?","?","$","R","?","?","T","M","$","R","E","?","R","BOSS","M","?","M","M"],"build_version":"2019-01-23","purchased_purges":1,"victory":false,"max_hp_per_floor":[60,60,60,60,60,60,60,60,60,60,60,60,60,60,60,60,60,62,62,62,62],"card_choices":[{"not_picked":["Dagger Spray","Underhanded Strike"],"picked":"Dagger Throw","floor":1.0},{"not_picked":["Underhanded Strike","Bane","Crippling Poison"],"picked":"SKIP","floor":3.0},{"not_picked":["Quick Slash+1","Distraction"],"picked":"Infinite Blades","floor":10.0},{"not_picked":["Blur","Die Die Die+1"],"picked":"Footwork","floor":13.0},{"not_picked":["Leg Sweep","Deflect"],"picked":"Tactician","floor":14.0},{"not_picked":["After Image","Die Die Die+1"],"picked":"Wraith Form v2","floor":16.0},{"not_picked":["Outmaneuver","Poisoned Stab+1","Bane+1"],"picked":"Singing Bowl","floor":18},{"not_picked":["Dagger Throw+1","Backflip+1"],"picked":"Burst","floor":20}],"player_experience":4137280,"relics_obtained":[{"floor":9.0,"key":"Molten Egg 2"},{"floor":13.0,"key":"Singing Bowl"}],"event_choices":[{"damage_healed":0.0,"max_hp_gain":0.0,"max_hp_loss":0.0,"gold_gain":0.0,"event_name":"Upgrade Shrine","player_choice":"Upgraded","floor":2.0,"gold_loss":0.0,"damage_taken":0.0,"cards_upgraded":["Neutralize"]},{"cards_removed":["Strike_G"],"damage_healed":0.0,"max_hp_gain":0.0,"max_hp_loss":0.0,"gold_gain":0.0,"event_name":"Golden Wing","player_choice":"Card Removal","floor":4.0,"gold_loss":0.0,"damage_taken":7.0},{"cards_removed":["Defend_G"],"damage_healed":0.0,"max_hp_gain":0.0,"max_hp_loss":0.0,"gold_gain":0.0,"event_name":"The Cleric","player_choice":"Card Removal","floor":7.0,"gold_loss":75.0,"damage_taken":0.0},{"cards_removed":["Strike_G"],"damage_healed":0,"gold_gain":0,"player_choice":"Elegance","damage_taken":0,"max_hp_gain":0,"max_hp_loss":0,"event_name":"Back to Basics","floor":19,"gold_loss":0}],"is_beta":false,"boss_relics":[{"not_picked":["Calling Bell","Philosopher\u0027s Stone"],"picked":"Runic Dome"}],"items_purged_floors":[5],"is_endless":false,"potions_floor_spawned":[3,10,18],"killed_by":"Sentry and Sphere","ascension_level":20}