{"gold_per_floor":[109,122,47,65,65,100,110,110,110,121,121,121,121,140,140,140],"floor_reached":16,"playtime":301,"items_purged":["Strike_G"],"score":204,"play_id":"eeb504aa-f1a0-45d9-8299-5165741380d2","local_time":"20181116230147","is_ascension_mode":true,"campfire_choices":[{"data":"Deadly Poison","floor":8,"key":"SMITH"},{"data":"Deadly Poison","floor":11,"key":"SMITH"},{"data":"All Out Attack","floor":13,"key":"SMITH"},{"data":"Neutralize","floor":15,"key":"SMITH"}],"neow_cost":"NONE","seed_source_timestamp":15445784264792,"circlet_count":0,"master_deck":["AscendersBane","Defend_G","Defend_G","Defend_G","Defend_G","Defend_G","Strike_G","Strike_G","Strike_G","Strike_G","Survivor","Neutralize+1","Deadly Poison+1","All Out Attack+1","PiercingWail","Pain","Acrobatics","Deadly Poison+1"],"relics":["Ring of the Snake","NeowsBlessing","WarpedTongs","Vajra","Kunai"],"potions_floor_usage":[16],"damage_taken":[{"damage":0,"enemies":"Cultist","floor":1,"turns":1},{"damage":0,"enemies":"Small Slimes","floor":2,"turns":1},{"damage":0,"enemies":"Jaw Worm","floor":4,"turns":1},{"damage":16,"enemies":"Lagavulin","floor":6,"turns":9},{"damage":19,"enemies":"Large Slime","floor":7,"turns":6},{"damage":18,"enemies":"Exordium Wildlife","floor":10,"turns":3},{"damage":0,"enemies":"3 Louse","floor":14,"turns":1},{"damage":15,"enemies":"Slime Boss","floor":16,"turns":6}],"seed_played":"4979796012339489726","potions_obtained":[{"floor":1,"key":"FairyPotion"},{"floor":10,"key":"Poison Potion"}],"is_trial":false,"path_per_floor":["M","M","$","M","?","E","M","R","T","M","R","?","R","M","R","B"],"character_chosen":"THE_SILENT","items_purchased":[],"campfire_rested":0,"item_purchase_floors":[],"current_hp_per_floor":[59,59,59,59,59,43,24,24,24,6,6,28,28,28,28,13],"gold":140,"neow_bonus":"THREE_ENEMY_KILL","is_prod":false,"is_daily":false,"chose_seed":false,"campfire_upgraded":4,"win_rate":0,"timestamp":1542380507,"path_taken":["M","?","$","M","?","E","?","R","T","M","R","?","R","M","R","BOSS"],"build_version":"2018-11-15","purchased_purges":1,"victory":false,"max_hp_per_floor":[66,66,66,66,66,66,66,66,66,66,66,66,66,66,66,66],"card_choices":[{"not_picked":["Finisher","Eviscerate"],"picked":"Deadly Poison","floor":1},{"not_picked":["Blade Dance","Backflip"],"picked":"All Out Attack","floor":2},{"not_picked":["PiercingWail","Quick Slash","Outmaneuver"],"picked":"SKIP","floor":4},{"not_picked":["Quick Slash","Outmaneuver"],"picked":"PiercingWail","floor":4},{"not_picked":["Escape Plan","Sucker Punch"],"picked":"Acrobatics","floor":6},{"not_picked":["Prepared","Sucker Punch"],"picked":"Deadly Poison","floor":7},{"not_picked":["Deflect","Outmaneuver","Flying Knee"],"picked":"SKIP","floor":10},{"not_picked":["Dash","Predator","PiercingWail"],"picked":"SKIP","floor":14}],"player_experience":1082116,"relics_obtained":[{"floor":6,"key":"Vajra"},{"floor":9,"key":"Kunai"}],"event_choices":[{"damage_healed":0,"gold_gain":0,"player_choice":"Rummage","damage_taken":0,"relics_obtained":["WarpedTongs"],"max_hp_gain":0,"max_hp_loss":0,"event_name":"Accursed Blacksmith","floor":5,"gold_loss":0,"cards_obtained":["Pain"]},{"damage_healed":22,"gold_gain":0,"player_choice":"Banana","damage_taken":0,"max_hp_gain":0,"max_hp_loss":0,"event_name":"Big Fish","floor":12,"gold_loss":0}],"is_beta":true,"boss_relics":[],"items_purged_floors":[3],"is_endless":false,"potions_floor_spawned":[1,10,14],"killed_by":"Slime Boss","ascension_level":20}