{"gold_per_floor":[117,29,48,48,60,60,74,74,101,101,101,114,114,134,134,234,234,253,272,123,123,140,140,50,50,75,90,10,10,23,23,23,128,128,148,148,148,148,166,182,194,194,194,194,228,228,228,239,239,239],"floor_reached":51,"playtime":2322,"items_purged":["Strike_B"],"score":892,"play_id":"b4606848-12fb-4e74-96e0-06a2621a6998","local_time":"20190613211728","is_ascension_mode":false,"campfire_choices":[{"data":"Darkness","floor":6.0,"key":"SMITH"},{"data":"Dualcast","floor":10.0,"key":"SMITH"},{"data":"Recycle","floor":13.0,"key":"SMITH"},{"data":"Fission","floor":15.0,"key":"SMITH"},{"floor":23.0,"key":"REST"},{"data":"Impatience","floor":25.0,"key":"SMITH"},{"floor":29.0,"key":"REST"},{"data":"Heatsinks","floor":32.0,"key":"SMITH"},{"data":"Double Energy","floor":42.0,"key":"SMITH"},{"data":"Panacea","floor":46,"key":"SMITH"},{"data":"Undo","floor":49,"key":"SMITH"}],"neow_cost":"NONE","seed_source_timestamp":33281901846287,"circlet_count":0,"master_deck":["Defend_B","Defend_B","Defend_B","Defend_B","Dualcast+1","Recycle+1","Panacea+1","Darkness+1","Electrodynamics","Fission+1","Creative AI","Double Energy+1","Undo+1","Impatience+1","Heatsinks+1","Redo+1","Glacier+1","Master of Strategy+1"],"special_seed":0,"relics":["Cracked Core","Ancient Tea Set","Busted Crown","Incense Burner","Art of War","Nilry\u0027s Codex","Empty Cage","Toxic Egg 2","DataDisk","Cables"],"potions_floor_usage":[50,50,50],"damage_taken":[{"damage":1.0,"enemies":"Cultist","floor":1.0,"turns":3.0},{"damage":1.0,"enemies":"Jaw Worm","floor":3.0,"turns":3.0},{"damage":2.0,"enemies":"Small Slimes","floor":5.0,"turns":4.0},{"damage":7.0,"enemies":"3 Louse","floor":7.0,"turns":4.0},{"damage":20.0,"enemies":"Gremlin Gang","floor":12.0,"turns":3.0},{"damage":7.0,"enemies":"Blue Slaver","floor":14.0,"turns":3.0},{"damage":6.0,"enemies":"Slime Boss","floor":16.0,"turns":8.0},{"damage":25.0,"enemies":"2 Thieves","floor":18.0,"turns":4.0},{"damage":17.0,"enemies":"Spheric Guardian","floor":19.0,"turns":5.0},{"damage":23.0,"enemies":"Snake Plant","floor":22.0,"turns":5.0},{"damage":0.0,"enemies":"Snecko","floor":27.0,"turns":6.0},{"damage":0.0,"enemies":"Centurion and Healer","floor":30.0,"turns":5.0},{"damage":0.0,"enemies":"Collector","floor":33.0,"turns":6.0},{"damage":0.0,"enemies":"3 Darklings","floor":35.0,"turns":4.0},{"damage":0.0,"enemies":"3 Shapes","floor":39.0,"turns":3.0},{"damage":0.0,"enemies":"Transient","floor":40.0,"turns":5.0},{"damage":0.0,"enemies":"Writhing Mass","floor":41.0,"turns":5.0},{"damage":0,"enemies":"Giant Head","floor":45,"turns":4},{"damage":0,"enemies":"Sphere and 2 Shapes","floor":48,"turns":3},{"damage":0,"enemies":"Awakened One","floor":50,"turns":6}],"seed_played":"-4051040757504808356","potions_obtained":[{"floor":1.0,"key":"SpeedPotion"},{"floor":3.0,"key":"Ancient Potion"},{"floor":4.0,"key":"FocusPotion"},{"floor":4.0,"key":"FocusPotion"},{"floor":27.0,"key":"FocusPotion"}],"is_trial":false,"path_per_floor":["M","$","M","?","M","R","M","$","T","R","?","M","R","M","R","B",null,"M","M","$","T","M","R","$","R","T","M","$","R","M","?","R","B",null,"M","?","?","?","M","M","M","R","T","?","E","R","T","M","R","B",null],"character_chosen":"DEFECT","items_purchased":["Panacea","Undo","Impatience","Heatsinks"],"campfire_rested":2,"item_purchase_floors":[2,20,24,28],"current_hp_per_floor":[74,74,73,73,71,71,64,64,64,64,64,44,44,37,37,31,75,50,33,33,33,10,32,32,32,32,32,32,54,54,38,38,38,75,75,75,75,75,75,75,75,75,75,75,75,75,75,75,75,75],"gold":239,"neow_bonus":"ONE_RANDOM_RARE_CARD","is_prod":false,"is_daily":false,"chose_seed":false,"campfire_upgraded":9,"win_rate":0,"timestamp":1560431848,"path_taken":["M","$","M","?","M","R","M","?","T","R","?","M","R","M","R","BOSS","M","M","$","?","M","R","$","R","T","M","$","R","M","?","R","BOSS","M","?","?","?","?","M","M","R","T","?","E","R","?","M","R","BOSS"],"build_version":"2019-01-23","purchased_purges":1,"victory":true,"max_hp_per_floor":[75,75,75,75,75,75,75,75,75,75,75,75,75,75,75,75,75,75,75,75,75,75,75,75,75,75,75,75,75,75,75,75,75,75,75,75,75,75,75,75,75,75,75,75,75,75,75,75,75,75],"card_choices":[{"not_picked":["Leap","Aggregate"],"picked":"Recycle","floor":1.0},{"not_picked":["Reinforced Body","Scrape"],"picked":"Darkness","floor":3.0},{"not_picked":["Capacitor","Scrape","Compile Driver"],"picked":"SKIP","floor":5.0},{"not_picked":["Sweeping Beam","Streamline","Turbo"],"picked":"SKIP","floor":7.0},{"not_picked":["Compile Driver","Stack","Leap"],"picked":"SKIP","floor":12.0},{"not_picked":["Beam Cell","Steam"],"picked":"Fission","floor":14.0},{"not_picked":["Meteor Strike","Electrodynamics"],"picked":"Creative AI","floor":16.0},{"not_picked":["Beam Cell+1"],"picked":"SKIP","floor":18.0},{"not_picked":[],"picked":"Double Energy","floor":19.0},{"not_picked":["Reprogram"],"picked":"SKIP","floor":22.0},{"not_picked":["Cold Snap"],"picked":"SKIP","floor":27.0},{"not_picked":[],"picked":"Redo+1","floor":30.0},{"not_picked":["Hologram"],"picked":"SKIP","floor":35.0},{"not_picked":[],"picked":"Glacier+1","floor":39.0},{"not_picked":["Compile Driver"],"picked":"SKIP","floor":40.0},{"not_picked":["Ball Lightning"],"picked":"SKIP","floor":41.0},{"not_picked":[],"picked":"Master of Strategy+1","floor":44},{"not_picked":["Go for the Eyes+1"],"picked":"SKIP","floor":45},{"not_picked":["Hologram+1"],"picked":"SKIP","floor":48}],"player_experience":5163237,"relics_obtained":[{"floor":9.0,"key":"Ancient Tea Set"},{"floor":21.0,"key":"Incense Burner"},{"floor":26.0,"key":"Art of War"},{"floor":31.0,"key":"Nilry\u0027s Codex"},{"floor":43.0,"key":"Toxic Egg 2"},{"floor":45,"key":"DataDisk"},{"floor":47,"key":"Cables"}],"event_choices":[{"damage_healed":0.0,"max_hp_gain":0.0,"max_hp_loss":0.0,"gold_gain":0.0,"event_name":"Lab","player_choice":"Got Potions","floor":4.0,"gold_loss":0.0,"damage_taken":0.0},{"damage_healed":0.0,"max_hp_gain":0.0,"max_hp_loss":0.0,"gold_gain":0.0,"cards_transformed":["Strike_B"],"event_name":"Transmorgrifier","player_choice":"Transformed","floor":11.0,"gold_loss":0.0,"damage_taken":0.0,"cards_obtained":["Electrodynamics"]},{"damage_healed":0.0,"max_hp_gain":0.0,"max_hp_loss":0.0,"gold_gain":0.0,"event_name":"Cursed Tome","player_choice":"Obtained Book","floor":31.0,"gold_loss":0.0,"damage_taken":16.0},{"cards_removed":["Buffer"],"damage_healed":0.0,"max_hp_gain":0.0,"max_hp_loss":0.0,"gold_gain":0.0,"event_name":"Falling","player_choice":"Removed Power","floor":36.0,"gold_loss":0.0,"damage_taken":0.0},{"damage_healed":0.0,"max_hp_gain":0.0,"max_hp_loss":0.0,"gold_gain":0.0,"event_name":"Mysterious Sphere","player_choice":"Ignored","floor":37.0,"gold_loss":0.0,"damage_taken":0.0},{"cards_removed":["Zap"],"damage_healed":0.0,"max_hp_gain":0.0,"max_hp_loss":0.0,"gold_gain":0.0,"event_name":"Bonfire Elementals","player_choice":"Offered Basic","floor":38.0,"gold_loss":0.0,"damage_taken":0.0},{"damage_healed":0,"gold_gain":0,"player_choice":"Memory 1","damage_taken":0,"max_hp_gain":0,"max_hp_loss":0,"event_name":"SensoryStone","floor":44,"gold_loss":0}],"is_beta":false,"boss_relics":[{"not_picked":["FrozenCore","Inserter"],"picked":"Busted Crown"},{"not_picked":["Snecko Eye","Coffee Dripper"],"picked":"Empty Cage"}],"items_purged_floors":[20],"is_endless":false,"potions_floor_spawned":[1,3,14,18,27,33,40,41],"ascension_level":0}