{"gold_per_floor":[19,19,19,39,39,71,71,94,121,46,61,61,61,76,76,76],"floor_reached":16,"playtime":333,"items_purged":[],"score":196,"play_id":"c430bfe2-dce1-4072-8ca0-c4f575c5c9b0","local_time":"20190118142543","is_ascension_mode":true,"campfire_choices":[{"data":"Acrobatics","floor":7,"key":"SMITH"},{"data":"Prepared","floor":13,"key":"SMITH"},{"data":"Neutralize","floor":15,"key":"SMITH"}],"neow_cost":"NO_GOLD","seed_source_timestamp":52557531756493,"circlet_count":0,"master_deck":["AscendersBane","Defend_G+1","Defend_G","Defend_G","Defend_G+1","Defend_G","Strike_G","Strike_G","Strike_G","Survivor","Neutralize+1","Corpse Explosion+1","Acrobatics+1","Backflip","Prepared+1"],"special_seed":0,"relics":["Ring of the Snake","Gremlin Horn","Odd Mushroom"],"potions_floor_usage":[16,16],"damage_taken":[{"damage":10.0,"enemies":"Small Slimes","floor":1.0,"turns":5.0},{"damage":1.0,"enemies":"Cultist","floor":4.0,"turns":4.0},{"damage":4,"enemies":"3 Sentries","floor":6,"turns":4},{"damage":4,"enemies":"The Mushroom Lair","floor":8,"turns":3},{"damage":1,"enemies":"Jaw Worm","floor":11,"turns":4},{"damage":0,"enemies":"2 Fungi Beasts","floor":14,"turns":3},{"damage":30,"enemies":"Slime Boss","floor":16,"turns":3}],"seed_played":"3208598630530421431","potions_obtained":[{"floor":1.0,"key":"PowerPotion"},{"floor":14,"key":"Poison Potion"}],"is_trial":false,"path_per_floor":["M","?","?","M","?","E","R","?","T","?","M","?","R","M","R","B"],"character_chosen":"THE_SILENT","items_purchased":[],"campfire_rested":0,"item_purchase_floors":[],"current_hp_per_floor":[49,29,29,28,21,17,17,13,13,13,12,12,12,12,12,0],"gold":76,"neow_bonus":"THREE_RARE_CARDS","is_prod":false,"is_daily":false,"chose_seed":false,"campfire_upgraded":3,"win_rate":0,"timestamp":1547792743,"path_taken":["M","?","?","?","?","E","R","?","T","?","M","?","R","M","R","BOSS"],"build_version":"2019-01-16","purchased_purges":0,"victory":false,"max_hp_per_floor":[66,66,66,66,66,66,66,66,66,66,66,66,66,66,66,66],"card_choices":[{"not_picked":["Tools of the Trade","Phantasmal Killer"],"picked":"Corpse Explosion","floor":0.0},{"not_picked":["Eviscerate","Outmaneuver","Quick Slash"],"picked":"SKIP","floor":1.0},{"not_picked":["PiercingWail","Poisoned Stab","Blade Dance"],"picked":"SKIP","floor":4.0},{"not_picked":["Quick Slash","Tools of the Trade"],"picked":"Acrobatics","floor":6},{"not_picked":["Terror","Prepared"],"picked":"Backflip","floor":8},{"not_picked":["Noxious Fumes","Finisher"],"picked":"Prepared","floor":11},{"not_picked":["Dodge and Roll","PiercingWail","Noxious Fumes"],"picked":"SKIP","floor":14}],"player_experience":1301908,"relics_obtained":[{"floor":6,"key":"Gremlin Horn"},{"floor":8,"key":"Odd Mushroom"}],"event_choices":[{"damage_healed":0.0,"max_hp_gain":0.0,"max_hp_loss":0.0,"gold_gain":0.0,"event_name":"Shining Light","player_choice":"Entered Light","floor":2.0,"gold_loss":0.0,"damage_taken":20.0,"cards_upgraded":["Defend_G","Defend_G"]},{"damage_healed":0.0,"max_hp_gain":0.0,"max_hp_loss":0.0,"gold_gain":0.0,"event_name":"Accursed Blacksmith","player_choice":"Forge","floor":3.0,"gold_loss":0.0,"damage_taken":0.0,"cards_upgraded":["Corpse Explosion"]},{"cards_removed":["Strike_G"],"damage_healed":0.0,"max_hp_gain":0.0,"max_hp_loss":0.0,"gold_gain":0.0,"event_name":"Golden Wing","player_choice":"Card Removal","floor":5.0,"gold_loss":0.0,"damage_taken":7.0},{"damage_healed":0,"gold_gain":0,"player_choice":"Fought Mushrooms","damage_taken":0,"max_hp_gain":0,"max_hp_loss":0,"event_name":"Mushrooms","floor":8,"gold_loss":0},{"cards_removed":["Strike_G"],"damage_healed":0,"gold_gain":0,"player_choice":"Card Removal","damage_taken":0,"max_hp_gain":0,"max_hp_loss":0,"event_name":"The Cleric","floor":10,"gold_loss":75},{"damage_healed":0,"gold_gain":0,"player_choice":"Ignored","damage_taken":0,"max_hp_gain":0,"max_hp_loss":0,"event_name":"Liars Game","floor":12,"gold_loss":0}],"is_beta":true,"boss_relics":[],"items_purged_floors":[],"is_endless":false,"potions_floor_spawned":[1,14],"killed_by":"Slime Boss","ascension_level":20}