{"gold_per_floor":[366,291,305,305,50,79,79,141,166,176,176,193,220,220,220,296,296,313,513,528,543,13,13,48,48,48,68,86,102,102],"floor_reached":30,"playtime":1149,"items_purged":["Doubt","Strike_G","Strike_G"],"score":520,"play_id":"ea69d2a4-ae0c-4822-9e7c-f15dfbbecf03","local_time":"20190219012259","is_ascension_mode":true,"campfire_choices":[{"data":"Well Laid Plans","floor":7.0,"key":"SMITH"},{"data":"Deadly Poison","floor":11.0,"key":"SMITH"},{"data":"Neutralize","floor":15.0,"key":"SMITH"},{"data":"Tools of the Trade","floor":23.0,"key":"SMITH"},{"data":"Tactician","floor":25.0,"key":"SMITH"}],"neow_cost":"CURSE","seed_source_timestamp":61378060183568,"circlet_count":0,"master_deck":["AscendersBane","Defend_G","Defend_G","Defend_G","Defend_G","Defend_G","Strike_G","Strike_G+1","Survivor","Neutralize+1","Caltrops","Backstab","Well Laid Plans+1","Dash+1","Envenom","Deadly Poison+1","Tools of the Trade+1","Noxious Fumes+1","Leg Sweep","Well Laid Plans","Tactician+1","Backflip"],"special_seed":0,"relics":["Ring of the Snake","Whetstone","Tiny Chest","Smiling Mask","Cursed Key","Gambling Chip","Prayer Wheel"],"potions_floor_usage":[29],"damage_taken":[{"damage":1.0,"enemies":"Jaw Worm","floor":1.0,"turns":5.0},{"damage":1.0,"enemies":"Cultist","floor":3.0,"turns":4.0},{"damage":20.0,"enemies":"Gremlin Nob","floor":6.0,"turns":4.0},{"damage":6.0,"enemies":"Lagavulin","floor":8.0,"turns":8.0},{"damage":0.0,"enemies":"2 Louse","floor":10.0,"turns":2.0},{"damage":0.0,"enemies":"Exordium Wildlife","floor":12.0,"turns":6.0},{"damage":5.0,"enemies":"The Guardian","floor":16.0,"turns":9.0},{"damage":3.0,"enemies":"2 Thieves","floor":18.0,"turns":5.0},{"damage":6.0,"enemies":"Chosen","floor":20.0,"turns":5.0},{"damage":0.0,"enemies":"Snake Plant","floor":21.0,"turns":5.0},{"damage":23.0,"enemies":"Slavers","floor":24.0,"turns":7.0},{"damage":1,"enemies":"Centurion and Healer","floor":27,"turns":8},{"damage":23,"enemies":"Sentry and Sphere","floor":28,"turns":5},{"damage":2,"enemies":"Snake Plant","floor":29,"turns":6},{"damage":0,"enemies":"Shelled Parasite and Fungi","floor":30,"turns":1}],"seed_played":"7072127078659862087","potions_obtained":[{"floor":1.0,"key":"SteroidPotion"},{"floor":8.0,"key":"Explosive Potion"},{"floor":10.0,"key":"Poison Potion"},{"floor":18.0,"key":"GhostInAJar"},{"floor":28,"key":"EssenceOfSteel"}],"is_trial":false,"path_per_floor":["M","$","M","?","$","E","R","E","T","M","R","M","T","?","R","B",null,"M","?","M","M","$","R","E","R","T","M","M","M","M"],"character_chosen":"THE_SILENT","items_purchased":["Well Laid Plans","Dash","Gambling Chip","Well Laid Plans","Energy Potion"],"campfire_rested":0,"item_purchase_floors":[5,5,22,22,22],"current_hp_per_floor":[58,58,57,57,57,37,37,31,31,31,31,31,31,36,36,31,61,58,58,52,52,52,52,29,29,29,28,5,3,3],"gold":102,"neow_bonus":"TWO_FIFTY_GOLD","is_prod":false,"is_daily":false,"chose_seed":false,"campfire_upgraded":5,"win_rate":0,"timestamp":1550510579,"path_taken":["M","$","M","?","$","E","R","E","T","?","R","M","?","?","R","BOSS","M","?","M","?","$","R","E","R","T","M","M","M","M"],"build_version":"2019-01-23","purchased_purges":3,"victory":false,"max_hp_per_floor":[66,66,66,66,66,66,66,66,66,66,66,66,66,71,71,71,71,71,71,71,71,71,71,71,71,71,71,71,71,71],"card_choices":[{"not_picked":["Flechettes","Dodge and Roll"],"picked":"Caltrops","floor":1.0},{"not_picked":["Slice","Setup","Riddle With Holes"],"picked":"SKIP","floor":3.0},{"not_picked":["Flying Knee","Sucker Punch"],"picked":"Envenom","floor":6.0},{"not_picked":["Expertise","Sucker Punch"],"picked":"Deadly Poison","floor":8.0},{"not_picked":["Riddle With Holes","Bane","Expertise"],"picked":"SKIP","floor":10.0},{"not_picked":["Flechettes","Poisoned Stab","Outmaneuver"],"picked":"SKIP","floor":12.0},{"not_picked":["Doppelganger","Storm of Steel"],"picked":"Tools of the Trade","floor":16.0},{"not_picked":["Sucker Punch","Deflect","Underhanded Strike"],"picked":"SKIP","floor":18.0},{"not_picked":["Slice","Dagger Spray"],"picked":"Noxious Fumes+1","floor":20.0},{"not_picked":["Caltrops","PiercingWail+1"],"picked":"Leg Sweep","floor":21.0},{"not_picked":["Sucker Punch","Acrobatics"],"picked":"Tactician","floor":24.0},{"not_picked":["Poisoned Stab","Finisher","PiercingWail"],"picked":"SKIP","floor":27},{"not_picked":["Flying Knee","Deadly Poison","Accuracy"],"picked":"SKIP","floor":27},{"not_picked":["Endless Agony","Dodge and Roll"],"picked":"Backflip","floor":28},{"not_picked":["Accuracy","Outmaneuver","Caltrops"],"picked":"SKIP","floor":28},{"not_picked":["Quick Slash","Backflip","Blade Dance+1"],"picked":"SKIP","floor":29},{"not_picked":["Dagger Spray","Storm of Steel","Prepared"],"picked":"SKIP","floor":29}],"player_experience":2929693,"relics_obtained":[{"floor":6.0,"key":"Whetstone"},{"floor":8.0,"key":"Tiny Chest"},{"floor":9.0,"key":"Smiling Mask"},{"floor":24.0,"key":"Prayer Wheel"}],"event_choices":[{"damage_healed":0.0,"max_hp_gain":0.0,"max_hp_loss":0.0,"gold_gain":0.0,"cards_transformed":["Strike_G"],"event_name":"Transmorgrifier","player_choice":"Transformed","floor":4.0,"gold_loss":0.0,"damage_taken":0.0,"cards_obtained":["Backstab"]},{"damage_healed":0.0,"max_hp_gain":5.0,"max_hp_loss":0.0,"gold_gain":0.0,"event_name":"Big Fish","player_choice":"Donut","floor":14.0,"gold_loss":0.0,"damage_taken":0.0},{"damage_healed":0.0,"max_hp_gain":0.0,"max_hp_loss":0.0,"gold_gain":200.0,"event_name":"Wheel of Change","player_choice":"Gold","floor":19.0,"gold_loss":0.0,"damage_taken":0.0}],"is_beta":false,"boss_relics":[{"not_picked":["Lizard Tail","Eternal Feather"],"picked":"Cursed Key"}],"items_purged_floors":[2,5,22],"is_endless":false,"potions_floor_spawned":[1,8,10,18,20,28],"killed_by":"Shelled Parasite and Fungi","ascension_level":20}