{"gold_per_floor":[112,37,8,22,97,97,109,109,177,196,213,213,230,265,265,344,344,362,372,372,382,394,727,727,758,758,784,784,811,829,842,842,917,917,930,930,1929,1172,1185,1185,1214,1214,1291,1291,1309,1320,808,821,821,821,821,821,821,13,39,39],"floor_reached":57,"playtime":2527,"items_purged":["Strike_R","Defend_R"],"score":3553,"play_id":"53d9bfd0-cea8-4234-8662-f5220c2928bf","local_time":"20190603142539","is_ascension_mode":true,"campfire_choices":[{"data":"Body Slam","floor":6.0,"key":"SMITH"},{"data":"Shockwave","floor":8.0,"key":"SMITH"},{"data":"True Grit","floor":12.0,"key":"SMITH"},{"data":"Second Wind","floor":15.0,"key":"SMITH"},{"data":"Burning Pact","floor":24.0,"key":"SMITH"},{"data":"Battle Trance","floor":28.0,"key":"SMITH"},{"data":"Offering","floor":32.0,"key":"SMITH"},{"data":"Power Through","floor":40.0,"key":"SMITH"},{"floor":44.0,"key":"RECALL"},{"data":"Power Through","floor":49.0,"key":"SMITH"},{"data":"Second Wind","floor":53.0,"key":"SMITH"}],"neow_cost":"NONE","seed_source_timestamp":161798622402342,"circlet_count":0,"master_deck":["AscendersBane","Defend_R","Defend_R","Defend_R","Offering+1","Second Wind+1","Body Slam+1","Disarm","Shockwave+1","Power Through+1","True Grit+1","Burning Pact+1","Second Wind+1","Battle Trance+1","Power Through+1","AscendersBane","Evolve","Power Through+1","Second Wind+1","Power Through+1"],"special_seed":0,"relics":["Burning Blood","Letter Opener","Omamori","Empty Cage","Old Coin","Red Skull","Bag of Preparation","Kunai","Black Star","Matryoshka","Centennial Puzzle","HandDrill","Boot","FossilizedHelix","Smiling Mask","Toxic Egg 2","Happy Flower","DollysMirror","Dodecahedron","Cauldron","Paper Frog","Ornamental Fan","Champion Belt"],"potions_floor_usage":[56,56],"damage_taken":[{"damage":18.0,"enemies":"Small Slimes","floor":1.0,"turns":3.0},{"damage":9.0,"enemies":"Jaw Worm","floor":4.0,"turns":4.0},{"damage":6.0,"enemies":"Cultist","floor":7.0,"turns":3.0},{"damage":13.0,"enemies":"Gremlin Gang","floor":10.0,"turns":6.0},{"damage":11.0,"enemies":"Blue Slaver","floor":11.0,"turns":3.0},{"damage":1.0,"enemies":"Looter","floor":13.0,"turns":3.0},{"damage":6.0,"enemies":"Lagavulin","floor":14.0,"turns":7.0},{"damage":6.0,"enemies":"Hexaghost","floor":16.0,"turns":11.0},{"damage":6.0,"enemies":"Shell Parasite","floor":18.0,"turns":6.0},{"damage":36.0,"enemies":"Chosen","floor":19.0,"turns":7.0},{"damage":6.0,"enemies":"Snake Plant","floor":21.0,"turns":5.0},{"damage":25.0,"enemies":"Cultist and Chosen","floor":22.0,"turns":6.0},{"damage":6.0,"enemies":"Slavers","floor":23.0,"turns":4.0},{"damage":6.0,"enemies":"Gremlin Leader","floor":25.0,"turns":4.0},{"damage":6.0,"enemies":"Slavers","floor":27.0,"turns":5.0},{"damage":6.0,"enemies":"Book of Stabbing","floor":29.0,"turns":3.0},{"damage":6.0,"enemies":"Centurion and Healer","floor":30.0,"turns":3.0},{"damage":6.0,"enemies":"Sentry and Sphere","floor":31.0,"turns":2.0},{"damage":6.0,"enemies":"Automaton","floor":33.0,"turns":8.0},{"damage":6.0,"enemies":"3 Darklings","floor":35.0,"turns":4.0},{"damage":6.0,"enemies":"3 Shapes","floor":39.0,"turns":4.0},{"damage":0.0,"enemies":"Giant Head","floor":41.0,"turns":6.0},{"damage":0.0,"enemies":"Jaw Worm Horde","floor":45.0,"turns":3.0},{"damage":0.0,"enemies":"Spire Growth","floor":46.0,"turns":2.0},{"damage":0.0,"enemies":"4 Shapes","floor":48.0,"turns":3.0},{"damage":0.0,"enemies":"Donu and Deca","floor":50.0,"turns":8.0},{"damage":0.0,"enemies":"Time Eater","floor":51.0,"turns":9.0},{"damage":0,"enemies":"Shield and Spear","floor":55,"turns":8},{"damage":0,"enemies":"The Heart","floor":56,"turns":7}],"seed_played":"-7246893122766231551","potions_obtained":[{"floor":1.0,"key":"Poison Potion"},{"floor":13.0,"key":"SpeedPotion"},{"floor":16.0,"key":"BloodPotion"},{"floor":19.0,"key":"GamblersBrew"},{"floor":23.0,"key":"SteroidPotion"},{"floor":27.0,"key":"Regen Potion"},{"floor":29.0,"key":"AttackPotion"},{"floor":31.0,"key":"SpeedPotion"},{"floor":54.0,"key":"Dexterity Potion"},{"floor":54.0,"key":"Dexterity Potion"}],"is_trial":false,"path_per_floor":["M","?","$","M","?","R","M","R","T","M","M","R","M","E","R","B",null,"M","M","?","M","M","E","R","E","T","E","R","E","M","M","R","B",null,"M","?","?","$","M","R","E","?","T","R","M","M","$","M","R","B","B",null,"R","$","E","B",null],"character_chosen":"IRONCLAD","items_purchased":["Body Slam","Matryoshka","Centennial Puzzle","HandDrill","Happy Flower","DollysMirror","Evolve","Second Wind+1","Dodecahedron","Cauldron","Paper Frog"],"campfire_rested":0,"item_purchase_floors":[3,38,38,38,47,47,47,54,54,54,54],"current_hp_per_floor":[56,56,56,53,42,42,42,42,42,35,30,30,35,35,35,35,65,72,42,42,42,23,23,23,23,23,23,23,23,23,23,23,23,62,62,62,62,62,62,62,68,68,68,68,71,71,71,71,71,71,71,71,71,71,71,71],"gold":39,"neow_bonus":"ONE_RANDOM_RARE_CARD","is_prod":false,"is_daily":false,"chose_seed":false,"campfire_upgraded":10,"win_rate":0,"timestamp":1559543139,"path_taken":["M","?","$","M","?","R","M","R","T","?","M","R","M","E","R","BOSS","M","M","?","?","?","E","R","E","T","E","R","E","M","M","R","BOSS","M","?","?","$","M","R","E","?","T","R","M","M","$","M","R","BOSS","BOSS","R","$","E","BOSS"],"build_version":"2019-01-23","purchased_purges":2,"victory":true,"max_hp_per_floor":[75,75,75,75,75,75,75,75,75,75,75,75,75,75,75,75,75,75,75,75,75,75,75,75,75,75,75,75,75,75,75,75,75,75,75,71,71,71,71,71,71,71,71,71,71,71,71,71,71,71,71,71,71,71,71,71],"card_choices":[{"not_picked":["Shrug It Off","Thunderclap"],"picked":"Second Wind","floor":1.0},{"not_picked":["Flex","Wild Strike"],"picked":"Disarm","floor":4.0},{"not_picked":["Dropkick","Twin Strike"],"picked":"Shockwave","floor":7.0},{"not_picked":["Clash","Wild Strike"],"picked":"Power Through","floor":10.0},{"not_picked":["Disarm","Searing Blow"],"picked":"True Grit","floor":11.0},{"not_picked":["Sever Soul","Infernal Blade"],"picked":"Burning Pact","floor":13.0},{"not_picked":["Body Slam","Armaments"],"picked":"Second Wind","floor":14.0},{"not_picked":["Shrug It Off","Bloodletting","Metallicize+1"],"picked":"SKIP","floor":18.0},{"not_picked":["Warcry","Armaments","Rage+1"],"picked":"SKIP","floor":19.0},{"not_picked":["Body Slam","Clothesline","Carnage"],"picked":"SKIP","floor":21.0},{"not_picked":["Havoc","Carnage","Pommel Strike"],"picked":"SKIP","floor":22.0},{"not_picked":["Anger+1","Dual Wield"],"picked":"Battle Trance","floor":23.0},{"not_picked":["Berserk","Twin Strike","Uppercut"],"picked":"SKIP","floor":25.0},{"not_picked":["Wild Strike+1","Fire Breathing","Hemokinesis"],"picked":"SKIP","floor":27.0},{"not_picked":["Body Slam","Perfected Strike","Anger"],"picked":"SKIP","floor":29.0},{"not_picked":["Clash","Havoc","Uppercut"],"picked":"SKIP","floor":30.0},{"not_picked":["True Grit","Dropkick","Intimidate"],"picked":"SKIP","floor":31.0},{"not_picked":["Body Slam","Infernal Blade","Rupture"],"picked":"SKIP","floor":35.0},{"not_picked":["Entrench","True Grit","Thunderclap"],"picked":"SKIP","floor":39.0},{"not_picked":["Cleave+1","Bludgeon"],"picked":"Power Through","floor":41.0},{"not_picked":["True Grit+1","Clothesline","Anger"],"picked":"SKIP","floor":45.0},{"not_picked":["Rupture+1","Heavy Blade","Reckless Charge"],"picked":"SKIP","floor":46.0},{"not_picked":["Hemokinesis","Blood for Blood"],"picked":"Power Through+1","floor":48.0},{"not_picked":["Wild Strike","Armaments+1"],"picked":"Power Through+1","floor":55}],"player_experience":5018255,"relics_obtained":[{"floor":9.0,"key":"Letter Opener"},{"floor":14.0,"key":"Omamori"},{"floor":23.0,"key":"Old Coin"},{"floor":25.0,"key":"Red Skull"},{"floor":27.0,"key":"Bag of Preparation"},{"floor":29.0,"key":"Kunai"},{"floor":41.0,"key":"Boot"},{"floor":41.0,"key":"FossilizedHelix"},{"floor":43.0,"key":"Smiling Mask"},{"floor":43.0,"key":"Toxic Egg 2"},{"floor":55,"key":"Ornamental Fan"},{"floor":55,"key":"Champion Belt"}],"event_choices":[{"cards_removed":["Strike_R"],"damage_healed":0.0,"max_hp_gain":0.0,"max_hp_loss":0.0,"gold_gain":0.0,"event_name":"The Cleric","player_choice":"Card Removal","floor":2.0,"gold_loss":75.0,"damage_taken":0.0},{"damage_healed":0.0,"max_hp_gain":0.0,"max_hp_loss":0.0,"gold_gain":75.0,"event_name":"World of Goop","player_choice":"Gather Gold","floor":5.0,"gold_loss":0.0,"damage_taken":11.0},{"cards_removed":["Bash"],"damage_healed":0.0,"max_hp_gain":0.0,"max_hp_loss":0.0,"gold_gain":0.0,"event_name":"Purifier","player_choice":"Purged","floor":20.0,"gold_loss":0.0,"damage_taken":0.0},{"damage_healed":0.0,"max_hp_gain":0.0,"max_hp_loss":4.0,"gold_gain":0.0,"event_name":"Winding Halls","player_choice":"Max HP","floor":36.0,"gold_loss":0.0,"damage_taken":0.0},{"damage_healed":0.0,"max_hp_gain":0.0,"max_hp_loss":0.0,"gold_gain":999.0,"event_name":"MindBloom","player_choice":"Gold","floor":37.0,"gold_loss":0.0,"damage_taken":0.0,"cards_obtained":["Normality","Normality"]},{"cards_removed":["Strike_R"],"damage_healed":0.0,"max_hp_gain":0.0,"max_hp_loss":0.0,"gold_gain":0.0,"event_name":"Falling","player_choice":"Removed Attack","floor":42.0,"gold_loss":0.0,"damage_taken":0.0}],"is_beta":false,"boss_relics":[{"not_picked":["Velvet Choker","Runic Cube"],"picked":"Empty Cage"},{"not_picked":["Sozu","Cursed Key"],"picked":"Black Star"}],"items_purged_floors":[38,47],"is_endless":false,"potions_floor_spawned":[1,13,16,19,23,27,29,31,41],"ascension_level":20}