{"gold_per_floor":[113,113,133,154,154,154,179,210,233,257,37,37,57,81,81,211,211,234,247,247,261,281,281,281,281,308,333,333,220,220,241,241,362,362,376,395,413,104,23,23,38,38,38,38,57,76,0,0,0,0],"floor_reached":51,"playtime":1323,"items_purged":["Strike_B","Defend_B"],"score":643,"play_id":"64f805f9-86a8-414f-a61c-b513def97c86","local_time":"20190617232954","is_ascension_mode":false,"campfire_choices":[{"data":"Consume","floor":6.0,"key":"SMITH"},{"data":"Storm","floor":12.0,"key":"SMITH"},{"data":"Loop","floor":15.0,"key":"SMITH"},{"data":"Heatsinks","floor":23.0,"key":"SMITH"},{"data":"Fission","floor":25.0,"key":"SMITH"},{"data":"Static Discharge","floor":28,"key":"SMITH"},{"data":"Static Discharge","floor":30,"key":"SMITH"},{"data":"Static Discharge","floor":32,"key":"SMITH"},{"data":"Storm","floor":40,"key":"SMITH"},{"data":"Biased Cognition","floor":42,"key":"SMITH"},{"data":"Capacitor","floor":49,"key":"SMITH"}],"neow_cost":"PERCENT_DAMAGE","seed_source_timestamp":40438656770534,"circlet_count":0,"master_deck":["Zap","Dualcast","Consume+1","Storm+1","Hologram","Heatsinks+1","Static Discharge+1","White Noise","Self Repair","Loop+1","Chill","Electrodynamics","Recycle","Turbo","BootSequence","Static Discharge+1","Fission+1","Capacitor+1","Static Discharge+1","Biased Cognition+1","Self Repair+1","Chill+1","Storm+1"],"special_seed":0,"relics":["Cracked Core","Golden Idol","Odd Mushroom","Pen Nib","Ancient Tea Set","Sozu","Blood Vial","Astrolabe","Runic Capacitor","Shuriken","Red Mask"],"potions_floor_usage":[50,50],"damage_taken":[{"damage":2.0,"enemies":"2 Louse","floor":1.0,"turns":2.0},{"damage":6.0,"enemies":"Jaw Worm","floor":3.0,"turns":3.0},{"damage":0.0,"enemies":"Cultist","floor":4.0,"turns":4.0},{"damage":0.0,"enemies":"Large Slime","floor":7.0,"turns":3.0},{"damage":15.0,"enemies":"The Mushroom Lair","floor":8.0,"turns":4.0},{"damage":3.0,"enemies":"3 Louse","floor":10.0,"turns":4.0},{"damage":12.0,"enemies":"Blue Slaver","floor":13.0,"turns":2.0},{"damage":6.0,"enemies":"Large Slime","floor":14.0,"turns":3.0},{"damage":23.0,"enemies":"The Guardian","floor":16.0,"turns":7.0},{"damage":4.0,"enemies":"Shell Parasite","floor":18.0,"turns":5.0},{"damage":5.0,"enemies":"Chosen","floor":19.0,"turns":3.0},{"damage":13.0,"enemies":"Snake Plant","floor":21.0,"turns":3.0},{"damage":6.0,"enemies":"3 Cultists","floor":22.0,"turns":4.0},{"damage":7,"enemies":"Snecko","floor":27,"turns":3},{"damage":0,"enemies":"Cultist and Chosen","floor":31,"turns":4},{"damage":11,"enemies":"Collector","floor":33,"turns":4},{"damage":0,"enemies":"Orb Walker","floor":35,"turns":2},{"damage":0,"enemies":"3 Shapes","floor":36,"turns":3},{"damage":14,"enemies":"Transient","floor":37,"turns":5},{"damage":0,"enemies":"Jaw Worm Horde","floor":41,"turns":2},{"damage":9,"enemies":"Writhing Mass","floor":45,"turns":2},{"damage":10,"enemies":"Transient","floor":46,"turns":5},{"damage":34,"enemies":"Time Eater","floor":50,"turns":4}],"seed_played":"5413575249896412246","potions_obtained":[{"floor":4.0,"key":"Dexterity Potion"},{"floor":7.0,"key":"Fire Potion"},{"floor":14.0,"key":"SkillPotion"},{"floor":16.0,"key":"SpeedPotion"}],"is_trial":false,"path_per_floor":["M","?","M","M","?","R","M","?","T","M","$","R","M","M","R","B",null,"M","M","?","M","M","R","?","R","T","M","R","$","R","M","R","B",null,"M","M","M","$","$","R","M","R","T","$","M","M","?","?","R","B",null],"character_chosen":"DEFECT","items_purchased":["Self Repair","Ancient Tea Set","Capacitor","Runic Capacitor","Storm"],"campfire_rested":0,"item_purchase_floors":[11,11,29,38,39],"current_hp_per_floor":[52,52,46,46,46,46,46,31,31,28,28,28,23,24,24,8,69,69,69,69,63,64,64,64,64,64,66,66,66,66,69,69,65,69,69,69,69,69,69,69,69,69,69,69,60,69,69,69,69,45],"gold":0,"neow_bonus":"REMOVE_TWO","is_prod":false,"is_daily":false,"chose_seed":false,"campfire_upgraded":11,"win_rate":0,"timestamp":1560785394,"path_taken":["M","?","M","M","?","R","M","?","T","M","$","R","?","M","R","BOSS","M","M","?","M","M","R","?","R","T","M","R","$","R","M","R","BOSS","M","M","M","?","$","R","M","R","T","$","M","M","?","?","R","BOSS"],"build_version":"2019-01-23","purchased_purges":2,"victory":true,"max_hp_per_floor":[75,69,69,69,69,69,69,69,69,69,69,69,69,69,69,69,69,69,69,69,69,69,69,69,69,69,69,69,69,69,69,69,69,69,69,69,69,69,69,69,69,69,69,69,69,69,69,69,69,69],"card_choices":[{"not_picked":["Ball Lightning","Lockon"],"picked":"Consume","floor":1.0},{"not_picked":["Go for the Eyes","Sweeping Beam"],"picked":"Storm","floor":3.0},{"not_picked":["Compile Driver","Scrape"],"picked":"Hologram","floor":4.0},{"not_picked":["Genetic Algorithm","Hologram"],"picked":"Heatsinks","floor":7.0},{"not_picked":["Compile Driver","Rebound"],"picked":"Static Discharge","floor":8.0},{"not_picked":["Gash","Core Surge"],"picked":"White Noise","floor":10.0},{"not_picked":["Conserve Battery","Ball Lightning"],"picked":"Loop","floor":13.0},{"not_picked":["Cold Snap","Redo"],"picked":"Chill","floor":14.0},{"not_picked":["Reboot","Amplify"],"picked":"Electrodynamics","floor":16.0},{"not_picked":["Go for the Eyes","Genetic Algorithm"],"picked":"Recycle","floor":18.0},{"not_picked":["Leap+1","Beam Cell","Melter"],"picked":"SKIP","floor":19.0},{"not_picked":["Hologram","FTL+1"],"picked":"Turbo","floor":21.0},{"not_picked":["Steam Power","FTL"],"picked":"BootSequence","floor":22.0},{"not_picked":["Redo+1","Beam Cell","Undo"],"picked":"SKIP","floor":27},{"not_picked":["Melter+1","Beam Cell"],"picked":"Static Discharge","floor":31},{"not_picked":["Echo Form","Core Surge"],"picked":"Biased Cognition","floor":33},{"not_picked":["Ball Lightning+1","Redo+1","Coolheaded+1"],"picked":"SKIP","floor":35},{"not_picked":["Barrage+1","Chaos+1","Force Field+1"],"picked":"SKIP","floor":36},{"not_picked":["Leap+1","Auto Shields","Steam+1"],"picked":"SKIP","floor":37},{"not_picked":["Darkness","Coolheaded+1","Chill"],"picked":"SKIP","floor":41},{"not_picked":["Conserve Battery","Ball Lightning","Reboot"],"picked":"SKIP","floor":45},{"not_picked":["Hologram","Steam+1","Gash+1"],"picked":"SKIP","floor":46}],"player_experience":5373515,"relics_obtained":[{"floor":8.0,"key":"Odd Mushroom"},{"floor":9.0,"key":"Pen Nib"},{"floor":26.0,"key":"Blood Vial"},{"floor":43,"key":"Shuriken"}],"event_choices":[{"damage_healed":0.0,"max_hp_gain":0.0,"max_hp_loss":6.0,"gold_gain":0.0,"event_name":"Golden Idol","player_choice":"Lose Max HP","floor":2.0,"gold_loss":0.0,"damage_taken":0.0,"relics_obtained":["Golden Idol"]},{"damage_healed":0.0,"max_hp_gain":0.0,"max_hp_loss":0.0,"gold_gain":0.0,"event_name":"Liars Game","player_choice":"Ignored","floor":5.0,"gold_loss":0.0,"damage_taken":0.0},{"damage_healed":0.0,"max_hp_gain":0.0,"max_hp_loss":0.0,"gold_gain":0.0,"event_name":"Mushrooms","player_choice":"Fought Mushrooms","floor":8.0,"gold_loss":0.0,"damage_taken":0.0},{"cards_removed":["Strike_B"],"damage_healed":0.0,"max_hp_gain":0.0,"max_hp_loss":0.0,"gold_gain":0.0,"event_name":"Back to Basics","player_choice":"Elegance","floor":20.0,"gold_loss":0.0,"damage_taken":0.0},{"damage_healed":0.0,"max_hp_gain":0.0,"max_hp_loss":0.0,"gold_gain":0.0,"event_name":"Match and Keep!","player_choice":"2 cards matched","floor":24.0,"gold_loss":0.0,"damage_taken":0.0,"cards_obtained":["Static Discharge","Fission"]},{"damage_healed":0,"gold_gain":0,"player_choice":"Paid","damage_taken":0,"relics_obtained":["Red Mask"],"max_hp_gain":0,"max_hp_loss":0,"event_name":"Tomb of Lord Red Mask","floor":47,"gold_loss":76},{"cards_removed":["Steam Power"],"damage_healed":0,"gold_gain":0,"player_choice":"Removed Skill","damage_taken":0,"max_hp_gain":0,"max_hp_loss":0,"event_name":"Falling","floor":48,"gold_loss":0}],"is_beta":false,"boss_relics":[{"not_picked":["Orrery","Snecko Eye"],"picked":"Sozu"},{"not_picked":["Busted Crown","Fusion Hammer"],"picked":"Astrolabe"}],"items_purged_floors":[29,38],"is_endless":false,"potions_floor_spawned":[4,7,14,16,21,27,31,36,41,45,46],"ascension_level":0}