{"gold_per_floor":[19,37,112,132,132,132,148,183,183,183,183,3,3,26,26,117,117,117,117,33,33,33,33,33,33],"floor_reached":25,"playtime":779,"items_purged":["Defend_R"],"score":442,"play_id":"bc3ca786-5228-4838-b8d4-86235c6806d6","local_time":"20180924144511","is_ascension_mode":true,"campfire_choices":[{"data":"Inflame","floor":6.0,"key":"SMITH"},{"data":"Flame Barrier","floor":10.0,"key":"SMITH"},{"data":"Flame Barrier","floor":13.0,"key":"SMITH"},{"data":"Armaments","floor":15.0,"key":"SMITH"}],"neow_cost":"NO_GOLD","seed_source_timestamp":266767009941960,"circlet_count":0,"master_deck":["Strike_R","Strike_R+1","Strike_R+1","Strike_R","Defend_R","Defend_R","Defend_R","Bash","AscendersBane","Cleave","Inflame+1","Flame Barrier+1","Shrug It Off","Flame Barrier+1","Thunderclap","Armaments+1","Double Tap","Fiend Fire","Flex","Body Slam+1"],"special_seed":0,"relics":["Burning Blood","Dead Branch","Golden Idol","Meat on the Bone","The Courier","Whetstone","Ectoplasm","Strawberry","Regal Pillow"],"potions_floor_usage":[],"damage_taken":[{"damage":6.0,"enemies":"Jaw Worm","floor":1.0,"turns":5.0},{"damage":4.0,"enemies":"2 Louse","floor":2.0,"turns":4.0},{"damage":6.0,"enemies":"Cultist","floor":4.0,"turns":3.0},{"damage":11.0,"enemies":"Looter","floor":7.0,"turns":3.0},{"damage":23.0,"enemies":"3 Sentries","floor":8.0,"turns":7.0},{"damage":16.0,"enemies":"3 Louse","floor":14.0,"turns":3.0},{"damage":15.0,"enemies":"The Guardian","floor":16.0,"turns":14.0},{"damage":10.0,"enemies":"Spheric Guardian","floor":18.0,"turns":5.0},{"damage":4.0,"enemies":"Chosen","floor":19.0,"turns":6.0},{"damage":10.0,"enemies":"Snecko","floor":22.0,"turns":5.0},{"damage":48.0,"enemies":"Book of Stabbing","floor":23.0,"turns":5.0},{"damage":39,"enemies":"Slavers","floor":25,"turns":2}],"seed_played":"8708960960208101030","potions_obtained":[{"floor":2.0,"key":"Fire Potion"},{"floor":8.0,"key":"Swift Potion"},{"floor":14.0,"key":"Weak Potion"},{"floor":19.0,"key":"Ancient Potion"},{"floor":22.0,"key":"Poison Potion"}],"is_trial":false,"path_per_floor":["M","M","?","M","?","R","M","E","T","R","?","$","R","M","R","B",null,"M","M","$","T","M","E","?"],"character_chosen":"IRONCLAD","items_purchased":["Thunderclap","Whetstone","Flex"],"campfire_rested":0,"item_purchase_floors":[12,12,20],"current_hp_per_floor":[68,70,59,59,59,59,54,37,37,37,37,37,37,39,39,42,62,58,60,60,67,63,33,33,0],"gold":33,"neow_bonus":"ONE_RARE_RELIC","is_prod":false,"is_daily":false,"chose_seed":false,"campfire_upgraded":4,"win_rate":0,"timestamp":1537771511,"path_taken":["M","M","?","M","?","R","?","E","T","R","?","?","R","M","R","BOSS","M","M","$","?","?","E","?","E"],"build_version":"2018-09-20","purchased_purges":1,"victory":false,"max_hp_per_floor":[75,75,75,75,68,68,68,68,68,68,68,68,68,68,68,68,68,68,68,68,75,75,75,75,75],"card_choices":[{"not_picked":["Clothesline","Perfected Strike"],"picked":"Cleave","floor":1.0},{"not_picked":["Power Through","Anger"],"picked":"Inflame","floor":2.0},{"not_picked":["Searing Blow","Dropkick"],"picked":"Flame Barrier","floor":4.0},{"not_picked":["Rage","Heavy Blade","Body Slam"],"picked":"SKIP","floor":7.0},{"not_picked":["Headbutt","Immolate"],"picked":"Shrug It Off","floor":8.0},{"not_picked":["Heavy Blade","Uppercut"],"picked":"Armaments","floor":14.0},{"not_picked":["Exhume","Brutality"],"picked":"Double Tap","floor":16.0},{"not_picked":["Perfected Strike","Armaments","Blood for Blood+1"],"picked":"SKIP","floor":18.0},{"not_picked":["Thunderclap","Twin Strike"],"picked":"Fiend Fire","floor":19.0},{"not_picked":["Thunderclap","Flex","Twin Strike"],"picked":"SKIP","floor":22.0},{"not_picked":["Pommel Strike+1","Armaments+1"],"picked":"Body Slam+1","floor":23.0}],"player_experience":125608,"relics_obtained":[{"floor":8.0,"key":"Meat on the Bone"},{"floor":9.0,"key":"The Courier"},{"floor":21.0,"key":"Strawberry"},{"floor":23.0,"key":"Regal Pillow"}],"event_choices":[{"event_name":"World of Goop","player_choice":"Gather Gold","floor":3.0,"damage_taken":0.0},{"event_name":"Golden Idol","player_choice":"Lose Max HP","floor":5.0,"damage_taken":0.0},{"event_name":"Living Wall","player_choice":"Change","floor":11.0,"damage_taken":0.0},{"event_name":"Ghosts","player_choice":"Ignored","floor":24.0,"damage_taken":0.0}],"is_beta":false,"boss_relics":[{"not_picked":["Eternal Feather","Pandora\u0027s Box"],"picked":"Ectoplasm"}],"items_purged_floors":[20],"is_endless":false,"potions_floor_spawned":[2,8,14,19,22],"killed_by":"Slavers","ascension_level":20}