{"gold_per_floor":[109,126,140,140,140,140,95,95,118,118,118,131,152,165,165,165],"floor_reached":16,"playtime":505,"items_purged":[],"score":152,"play_id":"513ab654-f6a0-43ee-a700-813f225ed1da","local_time":"20181012104102","is_ascension_mode":true,"campfire_choices":[{"data":"Night Terror","floor":6,"key":"SMITH"},{"data":"Burst","floor":8,"key":"SMITH"},{"data":"Neutralize","floor":10,"key":"SMITH"},{"data":"Blur","floor":15,"key":"SMITH"}],"neow_cost":"PERCENT_DAMAGE","seed_source_timestamp":1491980091830,"circlet_count":0,"master_deck":["Defend_G","Defend_G","Defend_G","Defend_G","Strike_G","Strike_G","Strike_G","Strike_G","Strike_G","Survivor","Neutralize+1","AscendersBane","Night Terror+1","Blur+1","Backflip","PiercingWail","Burst+1","Backflip"],"relics":["Ring of the Snake","Golden Idol","Ancient Tea Set"],"potions_floor_usage":[14,14],"damage_taken":[{"damage":9,"enemies":"Jaw Worm","floor":1,"turns":7},{"damage":2,"enemies":"2 Louse","floor":2,"turns":4},{"damage":0,"enemies":"Cultist","floor":3,"turns":4},{"damage":0,"enemies":"Looter","floor":7,"turns":5},{"damage":0,"enemies":"Red Slaver","floor":12,"turns":5},{"damage":28,"enemies":"Large Slime","floor":13,"turns":15},{"damage":2,"enemies":"Exordium Wildlife","floor":14,"turns":9},{"damage":4,"enemies":"Hexaghost","floor":16,"turns":2}],"seed_played":"-6800810335109916460","potions_obtained":[{"floor":1,"key":"PowerPotion"},{"floor":3,"key":"Dexterity Potion"},{"floor":14,"key":"Weak Potion"}],"is_trial":false,"path_per_floor":["M","M","M","?","?","R","M","R","T","R","?","M","M","M","R"],"character_chosen":"THE_SILENT","items_purchased":[],"campfire_rested":0,"item_purchase_floors":[],"current_hp_per_floor":[36,34,34,34,34,34,34,34,34,34,34,34,6,4,4,0],"gold":165,"neow_bonus":"THREE_RARE_CARDS","is_prod":false,"is_daily":false,"chose_seed":false,"campfire_upgraded":4,"win_rate":0,"timestamp":1539312062,"path_taken":["M","M","M","?","?","R","M","R","T","R","?","?","M","M","R","BOSS"],"build_version":"2018-10-11","purchased_purges":0,"victory":false,"max_hp_per_floor":[70,70,70,70,65,65,65,65,65,65,65,65,65,65,65,65],"card_choices":[{"not_picked":["Venomology","Envenom"],"picked":"Night Terror","floor":0},{"not_picked":["Dodge and Roll","Endless Agony"],"picked":"Blur","floor":1},{"not_picked":["Setup","Cloak And Dagger"],"picked":"Backflip","floor":2},{"not_picked":["Dagger Throw","Finisher"],"picked":"PiercingWail","floor":3},{"not_picked":["Cloak And Dagger","Reflex"],"picked":"Burst","floor":7},{"not_picked":["Flying Knee","Blade Dance","Bane"],"picked":"SKIP","floor":12},{"not_picked":["Underhanded Strike","Blade Dance","Terror"],"picked":"SKIP","floor":13},{"not_picked":["Reflex","Finisher"],"picked":"Backflip","floor":14}],"player_experience":118888,"relics_obtained":[{"floor":9,"key":"Ancient Tea Set"}],"event_choices":[{"event_name":"Scrap Ooze","player_choice":"unsuccessful","floor":4,"damage_taken":0},{"event_name":"Golden Idol","player_choice":"Lose Max HP","floor":5,"damage_taken":0},{"event_name":"Bonfire Elementals","player_choice":"BASIC","floor":11,"damage_taken":0}],"is_beta":false,"boss_relics":[],"items_purged_floors":[],"is_endless":false,"potions_floor_spawned":[1,3,13,14],"killed_by":"Hexaghost","ascension_level":13}