{"gold_per_floor":[216,228,241,241,252,252,97,161,161,178,178,188,188,213,213,286,286,303,303,303,316,328,328,328],"floor_reached":24,"playtime":1007,"items_purged":["Pain"],"score":396,"play_id":"b9081679-4691-48c2-a847-9e3e854c64c7","local_time":"20190202225958","is_ascension_mode":true,"campfire_choices":[{"data":"Deadly Poison","floor":6.0,"key":"SMITH"},{"data":"Deadly Poison","floor":11.0,"key":"SMITH"},{"data":"Noxious Fumes","floor":13.0,"key":"SMITH"},{"floor":15.0,"key":"REST"},{"floor":23,"key":"REST"}],"neow_cost":"NONE","seed_source_timestamp":7380009768776,"circlet_count":0,"master_deck":["AscendersBane","Survivor","Neutralize","Deadly Poison+1","Dash","Footwork","Deadly Poison+1","Noxious Fumes+1","Leg Sweep","Dash","Skewer","Quick Slash","Finisher","Choke","Outmaneuver","Sucker Punch","Masterful Stab","Calculated Gamble","Leg Sweep","Footwork","Deflect"],"special_seed":0,"relics":["Ring of the Snake","WarpedTongs","Question Card","Regal Pillow","Pandora\u0027s Box"],"potions_floor_usage":[],"damage_taken":[{"damage":0.0,"enemies":"Cultist","floor":1.0,"turns":4.0},{"damage":0.0,"enemies":"Small Slimes","floor":2.0,"turns":4.0},{"damage":0.0,"enemies":"2 Louse","floor":3.0,"turns":4.0},{"damage":3.0,"enemies":"Exordium Wildlife","floor":5.0,"turns":5.0},{"damage":24.0,"enemies":"Gremlin Nob","floor":8.0,"turns":4.0},{"damage":4.0,"enemies":"Large Slime","floor":10.0,"turns":5.0},{"damage":8.0,"enemies":"2 Fungi Beasts","floor":12.0,"turns":4.0},{"damage":19.0,"enemies":"3 Sentries","floor":14.0,"turns":6.0},{"damage":19.0,"enemies":"The Guardian","floor":16.0,"turns":10.0},{"damage":0,"enemies":"Chosen","floor":18,"turns":5},{"damage":26,"enemies":"3 Byrds","floor":21,"turns":5},{"damage":13,"enemies":"Centurion and Healer","floor":22,"turns":7},{"damage":67,"enemies":"Slavers","floor":24,"turns":4}],"seed_played":"-2898552033001092362","potions_obtained":[{"floor":5.0,"key":"FearPotion"},{"floor":8.0,"key":"Explosive Potion"},{"floor":10.0,"key":"PowerPotion"},{"floor":21,"key":"SteroidPotion"}],"is_trial":false,"path_per_floor":["M","M","M","?","M","R","$","?","T","M","R","M","R","E","R","B",null,"M","?","?","M","M","R","E"],"character_chosen":"THE_SILENT","items_purchased":["Footwork"],"campfire_rested":2,"item_purchase_floors":[7],"current_hp_per_floor":[59,59,59,59,56,56,56,32,32,28,28,20,20,1,35,16,54,54,54,54,28,15,49,0],"gold":328,"neow_bonus":"HUNDRED_GOLD","is_prod":false,"is_daily":false,"chose_seed":false,"campfire_upgraded":3,"win_rate":0,"timestamp":1549119598,"path_taken":["M","M","?","?","?","R","$","?","T","M","R","M","R","E","R","BOSS","M","?","?","M","M","R","E"],"build_version":"2019-01-23","purchased_purges":1,"victory":false,"max_hp_per_floor":[66,66,66,66,66,66,66,66,66,66,66,66,66,66,66,66,66,66,66,66,66,66,66,66],"card_choices":[{"not_picked":["Cloak And Dagger","Quick Slash"],"picked":"Deadly Poison","floor":1.0},{"not_picked":["Deflect","Backflip"],"picked":"Dash","floor":2.0},{"not_picked":["Choke","PiercingWail","Flying Knee"],"picked":"SKIP","floor":3.0},{"not_picked":["Slice","Dodge and Roll","Deflect"],"picked":"SKIP","floor":5.0},{"not_picked":["Cloak And Dagger","Dagger Throw"],"picked":"Deadly Poison","floor":8.0},{"not_picked":["Doppelganger","Prepared","Deadly Poison","Quick Slash"],"picked":"SKIP","floor":10.0},{"not_picked":["Blur","Prepared","Tools of the Trade"],"picked":"Noxious Fumes","floor":12.0},{"not_picked":["Expertise","Underhanded Strike","Backstab"],"picked":"Leg Sweep","floor":14.0},{"not_picked":["PiercingWail","Prepared","Deflect","Distraction"],"picked":"SKIP","floor":18},{"not_picked":["Deflect","Dagger Throw+1","Quick Slash","Terror"],"picked":"SKIP","floor":21},{"not_picked":["Dagger Throw+1","Quick Slash","Terror"],"picked":"Deflect","floor":21},{"not_picked":["Deadly Poison","Expertise","Accuracy","Underhanded Strike"],"picked":"SKIP","floor":22}],"player_experience":2467579,"relics_obtained":[{"floor":8.0,"key":"Question Card"},{"floor":14.0,"key":"Regal Pillow"}],"event_choices":[{"damage_healed":0.0,"max_hp_gain":0.0,"max_hp_loss":0.0,"gold_gain":0.0,"event_name":"Accursed Blacksmith","player_choice":"Rummage","floor":4.0,"gold_loss":0.0,"damage_taken":0.0,"relics_obtained":["WarpedTongs"],"cards_obtained":["Pain"]},{"damage_healed":0.0,"max_hp_gain":0.0,"max_hp_loss":0.0,"gold_gain":0.0,"event_name":"Dead Adventurer","player_choice":"Searched \u00272\u0027 times","floor":8.0,"gold_loss":0.0,"damage_taken":0.0},{"damage_healed":0,"gold_gain":0,"player_choice":"Read","damage_taken":0,"max_hp_gain":0,"max_hp_loss":0,"event_name":"The Library","floor":19,"gold_loss":0,"cards_obtained":["Footwork"]},{"damage_healed":0,"gold_gain":0,"player_choice":"Ignored","damage_taken":0,"max_hp_gain":0,"max_hp_loss":0,"event_name":"The Mausoleum","floor":20,"gold_loss":0}],"is_beta":false,"boss_relics":[{"not_picked":["Empty Cage","Ring of the Serpent"],"picked":"Pandora\u0027s Box"}],"items_purged_floors":[7],"is_endless":false,"potions_floor_spawned":[5,8,10,21],"killed_by":"Slavers","ascension_level":20}