{"gold_per_floor":[111,129,54,54,67,83,110,110,110,110,110,110,110],"floor_reached":13,"playtime":217,"items_purged":[],"score":166,"play_id":"439e44d8-a106-4a78-bbcf-222cb55fae70","local_time":"20190728145500","is_ascension_mode":true,"campfire_choices":[{"data":"Predator","floor":8.0,"key":"SMITH"},{"data":"Neutralize","floor":10.0,"key":"SMITH"}],"neow_cost":"NONE","seed_source_timestamp":79181227379500,"circlet_count":0,"master_deck":["AscendersBane","Strike_G","Strike_G","Defend_G","Defend_G","Defend_G","Defend_G","Defend_G","Survivor","Neutralize+1","Predator+1","Calculated Gamble"],"special_seed":0,"relics":["Ring of the Snake","Bag of Preparation","Meat on the Bone","Golden Idol"],"potions_floor_usage":[],"damage_taken":[{"damage":0.0,"enemies":"Cultist","floor":1.0,"turns":3.0},{"damage":1.0,"enemies":"Small Slimes","floor":2.0,"turns":4.0},{"damage":0.0,"enemies":"2 Louse","floor":5.0,"turns":3.0},{"damage":3.0,"enemies":"Looter","floor":6.0,"turns":3.0},{"damage":40.0,"enemies":"Lagavulin","floor":7.0,"turns":8.0}],"seed_played":"6093526614004665624","potions_obtained":[{"floor":2.0,"key":"PowerPotion"},{"floor":6.0,"key":"Fruit Juice"},{"floor":7.0,"key":"AttackPotion"}],"is_trial":false,"path_per_floor":["M","M","?","?","M","M","E","R","T","R","?","$","?"],"character_chosen":"THE_SILENT","items_purchased":[],"campfire_rested":0,"item_purchase_floors":[],"current_hp_per_floor":[59,58,58,51,51,53,13,13,13,13,13,13,0],"gold":110,"neow_bonus":"TRANSFORM_CARD","is_prod":false,"is_daily":false,"chose_seed":false,"campfire_upgraded":2,"win_rate":0,"timestamp":1564296900,"path_taken":["M","?","?","?","M","M","E","R","T","R","?","$","?"],"build_version":"2019-07-17","purchased_purges":0,"victory":false,"max_hp_per_floor":[66,66,66,66,66,71,71,71,71,71,64,64,64],"card_choices":[{"not_picked":["Backflip","Sucker Punch","Flying Knee"],"picked":"SKIP","floor":1.0},{"not_picked":["Dagger Throw","Acrobatics","Dash"],"picked":"SKIP","floor":2.0},{"not_picked":["Reflex","Dagger Spray"],"picked":"Calculated Gamble","floor":5.0},{"not_picked":["Flechettes","Backflip","Cloak And Dagger"],"picked":"SKIP","floor":6.0},{"not_picked":["Sucker Punch","Dodge and Roll","Slice"],"picked":"SKIP","floor":7.0}],"player_experience":690347,"relics_obtained":[{"floor":7.0,"key":"Bag of Preparation"},{"floor":9.0,"key":"Meat on the Bone"}],"event_choices":[{"cards_removed":["Strike_G"],"damage_healed":0.0,"max_hp_gain":0.0,"max_hp_loss":0.0,"gold_gain":0.0,"event_name":"The Cleric","player_choice":"Card Removal","floor":3.0,"gold_loss":75.0,"damage_taken":0.0},{"cards_removed":["Strike_G"],"damage_healed":0.0,"max_hp_gain":0.0,"max_hp_loss":0.0,"gold_gain":0.0,"event_name":"Golden Wing","player_choice":"Card Removal","floor":4.0,"gold_loss":0.0,"damage_taken":7.0},{"damage_healed":0.0,"max_hp_gain":0.0,"max_hp_loss":7.0,"gold_gain":0.0,"event_name":"Golden Idol","player_choice":"Lose Max HP","floor":11.0,"gold_loss":0.0,"damage_taken":0.0,"relics_obtained":["Golden Idol"]}],"is_beta":false,"boss_relics":[],"items_purged_floors":[],"is_endless":false,"potions_floor_spawned":[2,6,7],"ascension_level":20}