{"gold_per_floor":[115,131,149,168,5,35,35,45,99,99,10,10,10,10,10,88,88,106,116,16,106,121,121,171,171,196,222,222,222,240,36,36,114,114,127,127,0,0,10,45,73,87,87,99,130,130,162,162,162,162],"floor_reached":50,"playtime":2491,"items_purged":["Strike_G","Strike_G","Strike_G"],"score":1252,"play_id":"1f190049-5a51-467e-8ad9-85fa55388252","local_time":"20181116212455","is_ascension_mode":true,"campfire_choices":[{"floor":7.0,"key":"REST"},{"data":"Bouncing Flask","floor":10.0,"key":"SMITH"},{"data":"Prepared","floor":12.0,"key":"SMITH"},{"data":"Neutralize","floor":15.0,"key":"SMITH"},{"data":"Footwork","floor":23.0,"key":"SMITH"},{"data":"Reflex","floor":25.0,"key":"SMITH"},{"data":"Crippling Poison","floor":28.0,"key":"SMITH"},{"floor":32.0,"key":"REST"},{"floor":46.0,"key":"RECALL"},{"floor":49,"key":"REST"}],"neow_cost":"TEN_PERCENT_HP_LOSS","seed_source_timestamp":1417580386854692,"circlet_count":0,"master_deck":["AscendersBane","Defend_G","Defend_G","Defend_G","Defend_G","Defend_G","Survivor","Corpse Explosion","Tactician","Bouncing Flask+1","Backflip","Escape Plan","Well Laid Plans","Prepared+1","Reflex+1","After Image","Footwork+1","Crippling Poison+1","Catalyst","Flechettes+1","Acrobatics","Writhe"],"special_seed":0,"relics":["Ring of the Snake","Oddly Smooth Stone","Lantern","Molten Egg 2","Runic Dome","Blood Vial","Boot","Fusion Hammer","Red Mask","WingedGreaves","Whetstone","Smiling Mask","Vajra"],"potions_floor_usage":[50],"damage_taken":[{"damage":4.0,"enemies":"Cultist","floor":1.0,"turns":4.0},{"damage":3.0,"enemies":"Jaw Worm","floor":2.0,"turns":4.0},{"damage":2.0,"enemies":"Small Slimes","floor":3.0,"turns":4.0},{"damage":19.0,"enemies":"3 Louse","floor":4.0,"turns":3.0},{"damage":24.0,"enemies":"Gremlin Nob","floor":6.0,"turns":4.0},{"damage":1.0,"enemies":"Large Slime","floor":8.0,"turns":5.0},{"damage":4.0,"enemies":"Hexaghost","floor":16.0,"turns":9.0},{"damage":3.0,"enemies":"3 Byrds","floor":18.0,"turns":4.0},{"damage":4.0,"enemies":"Chosen","floor":19.0,"turns":6.0},{"damage":5.0,"enemies":"Centurion and Healer","floor":22.0,"turns":6.0},{"damage":15.0,"enemies":"Slavers","floor":27.0,"turns":4.0},{"damage":0.0,"enemies":"Snecko","floor":30.0,"turns":3.0},{"damage":1.0,"enemies":"Champ","floor":33.0,"turns":9.0},{"damage":0.0,"enemies":"3 Darklings","floor":35.0,"turns":2.0},{"damage":0.0,"enemies":"3 Shapes","floor":39.0,"turns":4.0},{"damage":21.0,"enemies":"Reptomancer","floor":40.0,"turns":8.0},{"damage":9.0,"enemies":"Nemesis","floor":41.0,"turns":8.0},{"damage":0.0,"enemies":"Sphere and 2 Shapes","floor":42.0,"turns":3.0},{"damage":1.0,"enemies":"3 Darklings","floor":44.0,"turns":3.0},{"damage":0.0,"enemies":"Reptomancer","floor":45.0,"turns":5.0},{"damage":27,"enemies":"Nemesis","floor":47,"turns":7},{"damage":46,"enemies":"Awakened One","floor":50,"turns":12}],"seed_played":"-3893052003985194562","potions_obtained":[{"floor":1.0,"key":"FearPotion"},{"floor":2.0,"key":"Explosive Potion"},{"floor":16.0,"key":"Weak Potion"},{"floor":22.0,"key":"PowerPotion"},{"floor":27.0,"key":"EssenceOfSteel"},{"floor":39.0,"key":"SpeedPotion"},{"floor":41.0,"key":"SpeedPotion"},{"floor":42.0,"key":"PowerPotion"},{"floor":44.0,"key":"SkillPotion"},{"floor":47,"key":"SkillPotion"}],"is_trial":false,"path_per_floor":["M","M","M","M","$","E","R","M","T","R","$","R","?","$","R","B",null,"M","M","$","?","M","R","?","R","T","E","R","?","M","$","R","B",null,"M","$","?","?","M","E","E","M","T","M","E","R","E","?","R","B"],"character_chosen":"THE_SILENT","items_purchased":["Well Laid Plans","Reflex","Flechettes+1"],"campfire_rested":3,"item_purchase_floors":[5,11,31],"current_hp_per_floor":[55,52,50,31,31,7,25,24,24,24,24,24,19,19,19,15,49,46,42,42,30,25,25,25,25,25,12,12,12,14,14,32,33,53,55,55,55,55,57,38,31,33,33,34,36,36,11,23,41,0],"gold":162,"neow_bonus":"TRANSFORM_TWO_CARDS","is_prod":false,"is_daily":false,"chose_seed":false,"campfire_upgraded":6,"win_rate":0,"timestamp":1542374695,"path_taken":["M","M","?","M","$","E","R","M","T","R","$","R","?","$","R","BOSS","M","M","$","?","?","R","?","R","T","E","R","?","M","$","R","BOSS","M","$","?","?","M","E","E","M","T","M","E","R","E","?","R","BOSS"],"build_version":"2018-11-15","purchased_purges":3,"victory":false,"max_hp_per_floor":[60,60,60,60,60,60,60,60,60,60,60,60,60,60,60,60,60,60,60,60,60,60,60,60,60,60,60,60,60,60,60,60,60,60,60,60,60,60,60,60,60,60,60,60,60,60,60,60,60,60],"card_choices":[{"not_picked":["Heel Hook","Sucker Punch","Deflect"],"picked":"SKIP","floor":1.0},{"not_picked":["Crippling Poison","Tactician"],"picked":"Bouncing Flask","floor":2.0},{"not_picked":["Expertise","Tactician"],"picked":"Backflip","floor":3.0},{"not_picked":["Deadly Poison","PiercingWail"],"picked":"Escape Plan","floor":4.0},{"not_picked":["Finisher","Cloak And Dagger"],"picked":"Prepared","floor":6.0},{"not_picked":["Slice","Prepared","Flying Knee"],"picked":"SKIP","floor":8.0},{"not_picked":["Tools of the Trade","Bullet Time"],"picked":"After Image","floor":16.0},{"not_picked":["Riddle With Holes+1","Quick Slash+1"],"picked":"Footwork","floor":18.0},{"not_picked":["Underhanded Strike+1","Predator+1","Heel Hook+1"],"picked":"SKIP","floor":19.0},{"not_picked":["Quick Slash+1","Accuracy"],"picked":"Crippling Poison","floor":22.0},{"not_picked":["Flechettes+1","Dodge and Roll","Sucker Punch+1"],"picked":"SKIP","floor":27.0},{"not_picked":["Deadly Poison+1","Skewer+1","Bane+1"],"picked":"SKIP","floor":30.0},{"not_picked":["Cloak And Dagger","Well Laid Plans","Dagger Throw+1"],"picked":"SKIP","floor":35.0},{"not_picked":["Flying Knee+1","Poisoned Stab+1","Cloak And Dagger"],"picked":"SKIP","floor":39.0},{"not_picked":["Terror","Distraction+1"],"picked":"Acrobatics","floor":40.0},{"not_picked":["Acrobatics","Prepared","Tactician"],"picked":"SKIP","floor":41.0},{"not_picked":["Skewer+1","Escape Plan","Dodge and Roll"],"picked":"SKIP","floor":42.0},{"not_picked":["Bane+1","Venomology","Escape Plan+1"],"picked":"SKIP","floor":44.0},{"not_picked":["Underhanded Strike+1","Calculated Gamble","Heel Hook+1"],"picked":"SKIP","floor":45.0},{"not_picked":["Dodge and Roll+1","Setup+1","Backflip"],"picked":"SKIP","floor":47}],"player_experience":502038,"relics_obtained":[{"floor":6.0,"key":"Oddly Smooth Stone"},{"floor":9.0,"key":"Lantern"},{"floor":26.0,"key":"Blood Vial"},{"floor":27.0,"key":"Boot"},{"floor":40.0,"key":"WingedGreaves"},{"floor":41.0,"key":"Whetstone"},{"floor":45.0,"key":"Smiling Mask"},{"floor":47,"key":"Vajra"}],"event_choices":[{"damage_healed":0.0,"max_hp_gain":0.0,"max_hp_loss":0.0,"gold_gain":0.0,"event_name":"Scrap Ooze","player_choice":"Success","floor":13.0,"gold_loss":0.0,"damage_taken":5.0,"relics_obtained":["Molten Egg 2"]},{"damage_healed":0.0,"max_hp_gain":0.0,"max_hp_loss":0.0,"gold_gain":90.0,"event_name":"Knowing Skull","player_choice":"GOLD ","floor":21.0,"potions_obtained":[],"gold_loss":0.0,"damage_taken":12.0,"cards_obtained":[]},{"damage_healed":0.0,"max_hp_gain":0.0,"max_hp_loss":0.0,"gold_gain":50.0,"event_name":"Nest","player_choice":"Stole From Cult","floor":24.0,"gold_loss":0.0,"damage_taken":0.0},{"damage_healed":0.0,"max_hp_gain":0.0,"max_hp_loss":0.0,"gold_gain":0.0,"event_name":"The Library","player_choice":"Read","floor":29.0,"gold_loss":0.0,"damage_taken":0.0,"cards_obtained":["Catalyst"]},{"damage_healed":0.0,"max_hp_gain":0.0,"max_hp_loss":0.0,"gold_gain":0.0,"event_name":"Tomb of Lord Red Mask","player_choice":"Paid","floor":37.0,"gold_loss":127.0,"damage_taken":0.0,"relics_obtained":["Red Mask"]},{"cards_removed":["Neutralize"],"damage_healed":0.0,"max_hp_gain":0.0,"max_hp_loss":0.0,"gold_gain":0.0,"event_name":"Falling","player_choice":"Removed Attack","floor":38.0,"gold_loss":0.0,"damage_taken":0.0},{"damage_healed":12,"gold_gain":0,"player_choice":"Writhe","damage_taken":0,"max_hp_gain":0,"max_hp_loss":0,"event_name":"Winding Halls","floor":48,"gold_loss":0,"cards_obtained":["Writhe"]}],"is_beta":true,"boss_relics":[{"not_picked":["Ring of the Serpent","Orrery"],"picked":"Runic Dome"},{"not_picked":["Black Star","Snecko Eye"],"picked":"Fusion Hammer"}],"items_purged_floors":[5,20,31],"is_endless":false,"potions_floor_spawned":[1,2,4,16,22,27,39,41,42,44,47],"killed_by":"Awakened One","ascension_level":20}