{"path_per_floor":["M","?","?","?","?","E","M","E","T","R","E","R","?","M","R","B",null,"M","?","M","M","M","E","M","E","T","$","R","M","$","M","R","B",null,"M","?","M","$","?","E","R","M","T","M","$","E","M","E","R","B"],"character_chosen":"IRONCLAD","items_purchased":["Frozen Egg 2","Feel No Pain","True Grit","Paper Frog"],"gold_per_floor":[114,64,64,64,35,65,80,110,135,135,165,165,214,229,229,329,329,344,259,274,289,304,334,349,379,379,57,57,72,25,40,40,140,140,155,155,170,170,170,200,200,215,265,280,30,60,75,105,105,105],"floor_reached":51,"campfire_rested":0,"playtime":2089,"current_hp_per_floor":[83,83,76,59,59,67,75,92,92,92,92,92,94,99,99,70,101,103,103,106,101,109,117,111,109,109,109,109,114,114,124,124,98,135,137,120,129,129,119,125,125,123,123,134,134,150,154,156,156,129],"items_purged":[],"gold":105,"score":1045,"play_id":"f1e84397-c46d-4dfa-9d05-00a1b3ad912d","local_time":"20180427110023","daily_mods":["Shiny","Lethality","Hoarder"],"is_prod":false,"is_daily":true,"chose_seed":false,"is_ascension_mode":false,"campfire_upgraded":7,"timestamp":1524798023,"path_taken":["M","?","?","?","?","E","M","E","T","R","E","R","?","M","R","BOSS","M","?","M","M","M","E","M","E","T","$","R","M","$","M","R","BOSS","M","?","?","?","?","E","R","M","T","M","$","E","?","E","R","BOSS"],"build_version":"2018-04-26","seed_source_timestamp":2395069709189,"purchased_purges":0,"victory":true,"master_deck":["Double Tap","Double Tap","Double Tap","Demon Form","Demon Form","Demon Form","Bludgeon","Bludgeon","Bludgeon","Feed","Feed","Feed","Limit Break","Limit Break","Limit Break+1","Barricade","Barricade","Fiend Fire","Fiend Fire","Fiend Fire","Dark Embrace+1","Dark Embrace","Berserk","Berserk+1","Berserk","Impervious","Impervious","Impervious","Juggernaut","Juggernaut","Juggernaut","Brutality","Brutality","Brutality","Reaper","Reaper","Reaper","Exhume+1","Exhume","Exhume","Offering+1","Offering+1","Offering+1","Immolate","Immolate","Immolate","Shrug It Off+1","Shrug It Off","Shrug It Off","Pummel","Pummel","Pummel+1","Perfected Strike","Perfected Strike","Perfected Strike","Feel No Pain+1","Feel No Pain+1","Feel No Pain+1","True Grit","True Grit","True Grit","Armaments+1","Armaments+1","Armaments+1","Madness","Madness","Madness","Madness","Madness","Madness","Apotheosis","Apotheosis","Apotheosis","Jack Of All Trades","Jack Of All Trades","Jack Of All Trades","Madness","Madness","Madness","Corruption+1","Corruption+1","Corruption+1","Body Slam+1","Body Slam+1","Body Slam+1","Intimidate+1","Intimidate+1","Intimidate+1"],"max_hp_per_floor":[83,83,83,83,83,85,87,92,92,92,94,94,94,99,99,101,101,103,103,108,110,115,120,123,125,125,125,125,130,130,133,133,135,135,137,137,139,139,139,145,145,145,145,148,148,150,154,156,156,156],"relics":["Burning Blood","Singing Bowl","Bottled Lightning","Bag of Marbles","Ancient Tea Set","Lantern","Runic Cube","Blood Vial","Anchor","Art of War","Bronze Scales","Frozen Egg 2","Black Star","Kunai","Bottled Flame","Bag of Preparation","Paper Frog","Oddly Smooth Stone","Pen Nib","Orichalcum","Prayer Wheel"],"card_choices":[{"not_picked":["Flex","True Grit"],"picked":"Shrug It Off","floor":1},{"not_picked":["Heavy Blade","Reckless Charge"],"picked":"Pummel","floor":13},{"not_picked":["Disarm","Metallicize"],"picked":"Perfected Strike","floor":24},{"not_picked":["Infernal Blade","Cleave"],"picked":"Armaments","floor":31},{"not_picked":["Purity","Bandage Up"],"picked":"Apotheosis","floor":39},{"not_picked":["Deep Breath","Apotheosis"],"picked":"Jack Of All Trades","floor":39},{"not_picked":["Secret Technique","Jack Of All Trades"],"picked":"Madness","floor":39},{"not_picked":["Searing Blow","Twin Strike"],"picked":"Corruption","floor":42},{"not_picked":["Reckless Charge","Clash"],"picked":"Body Slam","floor":44},{"not_picked":["Pommel Strike","Armaments"],"picked":"Intimidate","floor":47}],"player_experience":434337,"potions_floor_usage":[22,25,33,40,46,50],"damage_taken":[{"damage":0,"enemies":"Small Slimes","floor":1,"turns":2},{"damage":0,"enemies":"Lagavulin","floor":6,"turns":5},{"damage":0,"enemies":"Jaw Worm","floor":7,"turns":2},{"damage":8,"enemies":"3 Sentries","floor":8,"turns":2},{"damage":8,"enemies":"Gremlin Nob","floor":11,"turns":2},{"damage":0,"enemies":"Gremlin Nob","floor":13,"turns":1},{"damage":0,"enemies":"2 Louse","floor":14,"turns":2},{"damage":37,"enemies":"The Guardian","floor":16,"turns":5},{"damage":13,"enemies":"Spheric Guardian","floor":18,"turns":3},{"damage":8,"enemies":"2 Thieves","floor":20,"turns":2},{"damage":15,"enemies":"Centurion and Healer","floor":21,"turns":2},{"damage":5,"enemies":"Cultist and Chosen","floor":22,"turns":2},{"damage":37,"enemies":"Slavers","floor":23,"turns":4},{"damage":17,"enemies":"Snecko","floor":24,"turns":4},{"damage":22,"enemies":"Book of Stabbing","floor":25,"turns":3},{"damage":8,"enemies":"Chosen and Byrds","floor":29,"turns":4},{"damage":27,"enemies":"3 Cultists","floor":31,"turns":5},{"damage":38,"enemies":"Champ","floor":33,"turns":8},{"damage":0,"enemies":"Orb Walker","floor":35,"turns":2},{"damage":13,"enemies":"3 Shapes","floor":37,"turns":3},{"damage":47,"enemies":"2 Orb Walkers","floor":40,"turns":3},{"damage":10,"enemies":"Sphere and 2 Shapes","floor":42,"turns":4},{"damage":0,"enemies":"4 Shapes","floor":44,"turns":4},{"damage":7,"enemies":"Giant Head","floor":46,"turns":4},{"damage":40,"enemies":"Maw","floor":47,"turns":5},{"damage":0,"enemies":"2 Orb Walkers","floor":48,"turns":6},{"damage":33,"enemies":"Time Eater","floor":50,"turns":4}],"event_choices":[{"event_name":"The Cleric","player_choice":"Card Removal","floor":2,"damage_taken":0},{"event_name":"Golden Wing","player_choice":"Card Removal","floor":3,"damage_taken":0},{"event_name":"Shining Light","player_choice":"Entered Light","floor":4,"damage_taken":0},{"event_name":"World of Goop","player_choice":"Left","floor":5,"damage_taken":0},{"event_name":"Dead Adventurer","player_choice":"Searched \u00272\u0027 times","floor":13,"damage_taken":0},{"event_name":"Addict","player_choice":"Obtained Relic","floor":19,"damage_taken":0},{"event_name":"Winding Halls","player_choice":"Embrace Madness","floor":36,"damage_taken":0},{"event_name":"SensoryStone","player_choice":"Memory 3","floor":39,"damage_taken":0}],"boss_relics":[{"not_picked":["Cursed Key","Ectoplasm"],"picked":"Runic Cube"},{"not_picked":["Calling Bell","Tiny House"],"picked":"Black Star"}],"potions_floor_spawned":[1,11,13,13,14,18,22,24,31,37,42,46,47],"seed_played":"3820628976319223996","ascension_level":0,"is_trial":false}