{"gold_per_floor":[109,30,50,200,200,200,125,125,149,162,162,175,195,225,225,225],"floor_reached":16,"playtime":390,"items_purged":["Doubt"],"score":185,"play_id":"567c5fd1-93b9-403a-8f58-2da094bc5dba","local_time":"20181217235549","is_ascension_mode":true,"campfire_choices":[{"data":"Bash","floor":6,"key":"SMITH"},{"floor":8,"key":"RECALL"},{"data":"Power Through","floor":11,"key":"SMITH"},{"data":"Evolve","floor":15,"key":"SMITH"}],"neow_cost":"NONE","seed_source_timestamp":42815219347902,"circlet_count":0,"master_deck":["AscendersBane","Strike_R","Strike_R","Strike_R","Strike_R","Strike_R","Defend_R","Defend_R","Defend_R","Defend_R","Bash+1","Power Through+1","Corruption","Heavy Blade","Shrug It Off","Evolve+1"],"relics":["Snecko Eye","Potion Belt","Ancient Tea Set"],"potions_floor_usage":[16,16,16],"damage_taken":[{"damage":2,"enemies":"Jaw Worm","floor":1,"turns":3},{"damage":0,"enemies":"Cultist","floor":3,"turns":3},{"damage":0,"enemies":"2 Louse","floor":10,"turns":3},{"damage":0,"enemies":"Exordium Wildlife","floor":12,"turns":3},{"damage":0,"enemies":"3 Louse","floor":13,"turns":3},{"damage":23,"enemies":"Gremlin Nob","floor":14,"turns":5},{"damage":50,"enemies":"The Guardian","floor":16,"turns":8}],"seed_played":"-9067474913283234773","potions_obtained":[{"floor":1,"key":"Poison Potion"},{"floor":5,"key":"BloodPotion"},{"floor":12,"key":"Weak Potion"}],"is_trial":false,"path_per_floor":["M","$","M","?","?","R","$","R","T","M","R","M","M","E","R","B"],"character_chosen":"IRONCLAD","items_purchased":["Corruption"],"campfire_rested":0,"item_purchase_floors":[2],"current_hp_per_floor":[66,66,66,66,66,66,66,66,66,66,66,66,66,43,43,0],"gold":225,"neow_bonus":"BOSS_RELIC","is_prod":false,"is_daily":false,"chose_seed":false,"campfire_upgraded":3,"win_rate":0,"timestamp":1545062149,"path_taken":["M","$","M","?","?","R","$","R","T","M","R","M","M","E","R","BOSS"],"build_version":"2018-12-13","purchased_purges":1,"victory":false,"max_hp_per_floor":[75,75,75,75,75,75,75,75,75,75,75,75,75,75,75,75],"card_choices":[{"not_picked":["Inflame","Feel No Pain"],"picked":"Power Through","floor":1},{"not_picked":["Reckless Charge","Inflame","Clash"],"picked":"SKIP","floor":3},{"not_picked":["Intimidate","Anger","Inflame"],"picked":"SKIP","floor":10},{"not_picked":["Thunderclap","Seeing Red"],"picked":"Heavy Blade","floor":12},{"not_picked":["Clash","Thunderclap"],"picked":"Shrug It Off","floor":13},{"not_picked":["Thunderclap","Combust"],"picked":"Evolve","floor":14}],"player_experience":1332394,"relics_obtained":[{"floor":9,"key":"Potion Belt"},{"floor":14,"key":"Ancient Tea Set"}],"event_choices":[{"damage_healed":0,"gold_gain":150,"player_choice":"AGREE","damage_taken":0,"max_hp_gain":0,"max_hp_loss":0,"event_name":"Liars Game","floor":4,"gold_loss":0,"cards_obtained":["Doubt"]},{"damage_healed":0,"gold_gain":0,"player_choice":"Got Potions","damage_taken":0,"max_hp_gain":0,"max_hp_loss":0,"event_name":"Lab","floor":5,"gold_loss":0}],"is_beta":false,"boss_relics":[],"items_purged_floors":[7],"is_endless":false,"potions_floor_spawned":[1,12],"killed_by":"The Guardian","ascension_level":17}