{"gold_per_floor":[112,129,54,69,87,87,87,102,156,156,166,166,198,212,212,314,314,333,347,125,143,143,143,158,158,183,183,183,193,218,317,317,417,417,432,450,550,570,470,470,482,482,506,561,578,578,578,279,279,279],"floor_reached":51,"playtime":2471,"items_purged":["Strike_G","Strike_G","Strike_G"],"score":796,"play_id":"9234415e-80ca-4971-857a-0d6355a949e5","local_time":"20181029164504","is_ascension_mode":false,"campfire_choices":[{"data":"Noxious Fumes","floor":7.0,"key":"SMITH"},{"data":"Catalyst","floor":10.0,"key":"SMITH"},{"data":"Catalyst","floor":12.0,"key":"SMITH"},{"data":"Corpse Explosion","floor":15.0,"key":"SMITH"},{"data":"Deadly Poison","floor":23,"key":"SMITH"},{"data":"Neutralize","floor":25,"key":"SMITH"},{"data":"Leg Sweep","floor":28,"key":"SMITH"},{"data":"Venomology","floor":32,"key":"SMITH"},{"data":"Survivor","floor":40,"key":"SMITH"},{"data":"Defend_G","floor":42,"key":"SMITH"},{"data":"Defend_G","floor":46,"key":"SMITH"},{"data":"Footwork","floor":49,"key":"SMITH"}],"neow_cost":"CURSE","seed_source_timestamp":19707398185150,"circlet_count":0,"master_deck":["Defend_G+1","Defend_G+1","Defend_G","Defend_G","Defend_G","Strike_G","Strike_G","Survivor+1","Neutralize+1","Clumsy","Venomology+1","Deadly Poison+1","Noxious Fumes+1","Catalyst+1","Catalyst+1","Leg Sweep+1","Corpse Explosion+1","Venomology+1","Dodge and Roll+1","Venomology+1","Escape Plan+1","Deadly Poison+1","PiercingWail+1","Leg Sweep+1","Blur+1","Backflip+1","Venomology+1","Deadly Poison+1","Deadly Poison+1","Backflip+1","Deadly Poison+1","Backflip+1","Master of Strategy+1","Footwork+1"],"special_seed":0,"relics":["Ring of the Snake","Vajra","Toxic Egg 2","Eternal Feather","Happy Flower","Oddly Smooth Stone","Lantern","Tingsha","Runic Pyramid","WingedGreaves","Juzu Bracelet","FossilizedHelix","Membership Card"],"potions_floor_usage":[18,18,19,19,19,21,22,24,24,29,30,30,30,30,35,35,35,35,36,36,37,38,38,38,38,44,45,45,50,50,50,50,50],"damage_taken":[{"damage":0.0,"enemies":"2 Louse","floor":1.0,"turns":5.0},{"damage":0.0,"enemies":"Cultist","floor":2.0,"turns":3.0},{"damage":0.0,"enemies":"Small Slimes","floor":4.0,"turns":4.0},{"damage":0.0,"enemies":"3 Louse","floor":5.0,"turns":5.0},{"damage":0.0,"enemies":"2 Fungi Beasts","floor":8.0,"turns":4.0},{"damage":1.0,"enemies":"Large Slime","floor":11.0,"turns":7.0},{"damage":8.0,"enemies":"Lagavulin","floor":13.0,"turns":6.0},{"damage":1.0,"enemies":"3 Louse","floor":14.0,"turns":2.0},{"damage":27.0,"enemies":"Slime Boss","floor":16.0,"turns":10.0},{"damage":6,"enemies":"Shell Parasite","floor":18,"turns":6},{"damage":5,"enemies":"2 Thieves","floor":19,"turns":3},{"damage":8,"enemies":"Centurion and Healer","floor":21,"turns":3},{"damage":1,"enemies":"Snecko","floor":22,"turns":4},{"damage":7,"enemies":"Snake Plant","floor":24,"turns":4},{"damage":0,"enemies":"Chosen and Byrds","floor":29,"turns":4},{"damage":3,"enemies":"Gremlin Leader","floor":30,"turns":3},{"damage":43,"enemies":"Automaton","floor":33,"turns":7},{"damage":0,"enemies":"3 Darklings","floor":35,"turns":3},{"damage":0,"enemies":"3 Shapes","floor":36,"turns":2},{"damage":0,"enemies":"Mind Bloom Boss Battle","floor":37,"turns":4},{"damage":0,"enemies":"Transient","floor":38,"turns":5},{"damage":0,"enemies":"Spire Growth","floor":41,"turns":3},{"damage":0,"enemies":"2 Orb Walkers","floor":44,"turns":3},{"damage":0,"enemies":"Jaw Worm Horde","floor":45,"turns":2},{"damage":0,"enemies":"Donu and Deca","floor":50,"turns":4}],"seed_played":"-4044555152725988505","potions_obtained":[{"floor":4.0,"key":"Energy Potion"},{"floor":5.0,"key":"Energy Potion"},{"floor":8.0,"key":"Swift Potion"},{"floor":11.0,"key":"Energy Potion"},{"floor":24,"key":"Weak Potion"},{"floor":33,"key":"Swift Potion"},{"floor":37,"key":"Dexterity Potion"}],"is_trial":false,"path_per_floor":["M","M","$","M","M","?","R","M","T","R","M","R","E","M","R","B",null,"M","M","$","M","M","R","M","R","T","?","R","M","E","?","R","B",null,"M","M","?","M","$","R","M","R","T","?","M","R","?","$","R","B"],"character_chosen":"THE_SILENT","items_purchased":["Noxious Fumes","Happy Flower","Membership Card","Footwork"],"campfire_rested":0,"item_purchase_floors":[3,20,48,48],"current_hp_per_floor":[70,70,70,70,70,70,70,70,70,70,69,69,61,60,60,33,70,64,59,59,51,50,65,58,70,70,70,70,70,67,67,70,27,70,70,70,70,70,70,70,70,70,70,70,70,70,60,60,70,70],"gold":279,"neow_bonus":"THREE_RARE_CARDS","is_prod":false,"is_daily":false,"chose_seed":false,"campfire_upgraded":12,"win_rate":0,"timestamp":1540802704,"path_taken":["M","M","$","M","M","?","R","M","T","R","M","R","E","M","R","BOSS","M","M","$","M","M","R","?","R","T","?","R","M","E","?","R","BOSS","M","M","?","M","$","R","M","R","T","?","M","R","?","$","R","BOSS"],"build_version":"2018-10-25v2","purchased_purges":3,"victory":true,"max_hp_per_floor":[70,70,70,70,70,70,70,70,70,70,70,70,70,70,70,70,70,70,70,70,70,70,70,70,70,70,70,70,70,70,70,70,70,70,70,70,70,70,70,70,70,70,70,70,70,70,70,70,70,70],"card_choices":[{"not_picked":["Burst","Grand Finale"],"picked":"Venomology","floor":0.0},{"not_picked":["Bane","Dagger Throw","Quick Slash"],"picked":"SKIP","floor":1.0},{"not_picked":["Cloak And Dagger","Infinite Blades"],"picked":"Deadly Poison","floor":2.0},{"not_picked":["Accuracy","Bane"],"picked":"Catalyst","floor":4.0},{"not_picked":["Acrobatics","Setup"],"picked":"Catalyst","floor":5.0},{"not_picked":["Crippling Poison","Acrobatics"],"picked":"Leg Sweep","floor":8.0},{"not_picked":["Sucker Punch","Quick Slash"],"picked":"Corpse Explosion","floor":11.0},{"not_picked":["Blur","Noxious Fumes"],"picked":"Venomology","floor":13.0},{"not_picked":["All Out Attack","Accuracy"],"picked":"Dodge and Roll+1","floor":14.0},{"not_picked":["Corpse Explosion+1","After Image"],"picked":"Venomology+1","floor":16.0},{"not_picked":["Prepared+1","Outmaneuver+1"],"picked":"Escape Plan+1","floor":18},{"not_picked":["Bane","Dagger Spray"],"picked":"Deadly Poison+1","floor":19},{"not_picked":["Outmaneuver+1","Accuracy"],"picked":"PiercingWail+1","floor":21},{"not_picked":["Blade Dance+1","Backflip+1"],"picked":"Leg Sweep+1","floor":24},{"not_picked":["Deadly Poison+1","Cloak And Dagger+1"],"picked":"Blur+1","floor":29},{"not_picked":["Sucker Punch+1","Bullet Time+1"],"picked":"Backflip+1","floor":30},{"not_picked":["Die Die Die","Burst+1"],"picked":"Venomology+1","floor":33},{"not_picked":["Flying Knee+1","Blade Dance+1"],"picked":"Deadly Poison+1","floor":35},{"not_picked":["Deflect+1","Outmaneuver+1"],"picked":"Deadly Poison+1","floor":36},{"not_picked":["Acrobatics+1","Slice+1"],"picked":"Backflip+1","floor":37},{"not_picked":["Reflex+1","Slice","Bane"],"picked":"SKIP","floor":38},{"not_picked":["Sucker Punch+1","Blur+1"],"picked":"Deadly Poison+1","floor":41},{"not_picked":["Skewer","A Thousand Cuts"],"picked":"Backflip+1","floor":44},{"not_picked":["Dagger Throw+1","Bane","Terror+1"],"picked":"SKIP","floor":45},{"not_picked":["Bandage Up+1","Impatience+1"],"picked":"Master of Strategy+1","floor":47}],"player_experience":719023,"relics_obtained":[{"floor":9.0,"key":"Vajra"},{"floor":13.0,"key":"Toxic Egg 2"},{"floor":26,"key":"Oddly Smooth Stone"},{"floor":30,"key":"Tingsha"},{"floor":37,"key":"WingedGreaves"},{"floor":43,"key":"Juzu Bracelet"},{"floor":44,"key":"FossilizedHelix"}],"event_choices":[{"damage_healed":0.0,"max_hp_gain":0.0,"max_hp_loss":0.0,"gold_gain":0.0,"event_name":"Scrap Ooze","player_choice":"Fled","floor":6.0,"gold_loss":0.0,"damage_taken":0.0},{"damage_healed":0,"gold_gain":0,"player_choice":"Opened","damage_taken":0,"relics_obtained":["Lantern"],"max_hp_gain":0,"max_hp_loss":0,"event_name":"The Mausoleum","floor":27,"gold_loss":0},{"damage_healed":0,"gold_gain":99,"player_choice":"Stole From Cult","damage_taken":0,"max_hp_gain":0,"max_hp_loss":0,"event_name":"Nest","floor":31,"gold_loss":0},{"damage_healed":0,"gold_gain":0,"player_choice":"Fight","damage_taken":0,"max_hp_gain":0,"max_hp_loss":0,"event_name":"MindBloom","floor":37,"gold_loss":0},{"damage_healed":0,"gold_gain":0,"player_choice":"Fight","damage_taken":0,"max_hp_gain":0,"max_hp_loss":0,"event_name":"Mysterious Sphere","floor":44,"gold_loss":0},{"damage_healed":0,"gold_gain":0,"player_choice":"Memory 3","damage_taken":10,"max_hp_gain":0,"max_hp_loss":0,"event_name":"SensoryStone","floor":47,"gold_loss":0}],"is_beta":false,"boss_relics":[{"not_picked":["Runic Dome","Astrolabe"],"picked":"Eternal Feather"},{"not_picked":["HoveringKite","WristBlade"],"picked":"Runic Pyramid"}],"items_purged_floors":[20,39,48],"is_endless":false,"potions_floor_spawned":[4,5,8,11,22,24,29,33,37,44],"ascension_level":0}