{"gold_per_floor":[19,35,47,47,62,62,73,99,99,99,374,393,408,3,3,80,80,90,17,17,33,46,46,46],"floor_reached":24,"playtime":731,"items_purged":["Regret"],"score":400,"play_id":"a05c3232-ab47-466d-927f-0c69dc7b23b0","local_time":"20190223170458","is_ascension_mode":true,"campfire_choices":[{"data":"Sunder","floor":6.0,"key":"SMITH"},{"floor":10.0,"key":"REST"},{"data":"Chaos","floor":15.0,"key":"SMITH"},{"data":"Defragment","floor":23,"key":"SMITH"}],"neow_cost":"NO_GOLD","seed_source_timestamp":507826191613314,"circlet_count":0,"master_deck":["AscendersBane","Strike_B","Strike_B","Strike_B","Defend_B","Defend_B","Defend_B","Defend_B","Zap","Dualcast","Rainbow","Loop","Genetic Algorithm","Sunder+1","Chaos+1","Coolheaded","Leap","Echo Form","Defragment+1","Hologram","Electrodynamics","White Noise+1","Hologram+1","Defragment","Undo+1","Redo+1"],"special_seed":0,"relics":["Cracked Core","Singing Bowl","Juzu Bracelet","Membership Card","Toxic Egg 2","Inserter"],"potions_floor_usage":[16,16,22],"damage_taken":[{"damage":7.0,"enemies":"Jaw Worm","floor":1.0,"turns":4.0},{"damage":0.0,"enemies":"Cultist","floor":2.0,"turns":4.0},{"damage":3.0,"enemies":"2 Louse","floor":3.0,"turns":3.0},{"damage":18.0,"enemies":"Exordium Thugs","floor":5.0,"turns":4.0},{"damage":7.0,"enemies":"Blue Slaver","floor":7.0,"turns":3.0},{"damage":23.0,"enemies":"Lagavulin","floor":8.0,"turns":6.0},{"damage":0.0,"enemies":"Exordium Wildlife","floor":12.0,"turns":1.0},{"damage":5.0,"enemies":"3 Louse","floor":13.0,"turns":4.0},{"damage":2,"enemies":"The Guardian","floor":16,"turns":10},{"damage":8,"enemies":"Spheric Guardian","floor":18,"turns":6},{"damage":5,"enemies":"Shell Parasite","floor":21,"turns":7},{"damage":21,"enemies":"Shelled Parasite and Fungi","floor":22,"turns":7},{"damage":28,"enemies":"Cultist and Chosen","floor":24,"turns":3}],"seed_played":"-2054500825358858210","potions_obtained":[{"floor":2.0,"key":"Swift Potion"},{"floor":5.0,"key":"AttackPotion"},{"floor":18,"key":"Ancient Potion"},{"floor":21,"key":"SkillPotion"}],"is_trial":false,"path_per_floor":["M","M","M","?","M","R","M","E","T","R","?","M","M","$","R","B",null,"M","$","$","M","M","R","M"],"character_chosen":"DEFECT","items_purchased":["Membership Card","Toxic Egg 2","Hologram+1","Defragment"],"campfire_rested":1,"item_purchase_floors":[14,14,19,19],"current_hp_per_floor":[57,57,54,54,36,36,29,6,6,27,27,27,22,22,22,20,58,50,50,50,45,24,24,0],"gold":46,"neow_bonus":"THREE_RARE_CARDS","is_prod":false,"is_daily":false,"chose_seed":false,"campfire_upgraded":3,"win_rate":0,"timestamp":1550912698,"path_taken":["M","M","M","?","M","R","?","E","T","R","?","M","M","$","R","BOSS","M","?","$","M","M","R","M"],"build_version":"2019-01-23","purchased_purges":1,"victory":false,"max_hp_per_floor":[71,71,71,71,71,71,71,71,71,71,71,71,71,71,71,71,71,71,71,71,71,71,71,71],"card_choices":[{"not_picked":["Multi-Cast","Fission"],"picked":"Rainbow","floor":0.0},{"not_picked":["Go for the Eyes","Steam Power"],"picked":"Loop","floor":1.0},{"not_picked":["Gash","Static Discharge"],"picked":"Genetic Algorithm","floor":2.0},{"not_picked":["Steam","Genetic Algorithm"],"picked":"Sunder","floor":3.0},{"not_picked":["Go for the Eyes","Steam Power"],"picked":"Coolheaded","floor":5.0},{"not_picked":["Thunder Strike","Redo"],"picked":"Leap","floor":7.0},{"not_picked":["Gash","Streamline"],"picked":"Echo Form","floor":8.0},{"not_picked":["Undo","Consume"],"picked":"Defragment","floor":12.0},{"not_picked":["Ball Lightning","Barrage"],"picked":"Hologram","floor":13.0},{"not_picked":["Echo Form","Meteor Strike"],"picked":"Electrodynamics","floor":16},{"not_picked":["Beam Cell+1","Barrage"],"picked":"White Noise+1","floor":18},{"not_picked":["Gash+1","Beam Cell"],"picked":"Undo+1","floor":21},{"not_picked":["Reprogram+1","Loop"],"picked":"Redo+1","floor":22}],"player_experience":938992,"relics_obtained":[{"floor":8.0,"key":"Singing Bowl"},{"floor":9.0,"key":"Juzu Bracelet"}],"event_choices":[{"damage_healed":0.0,"max_hp_gain":0.0,"max_hp_loss":0.0,"gold_gain":0.0,"cards_transformed":["Strike_B"],"event_name":"Transmorgrifier","player_choice":"Transformed","floor":4.0,"gold_loss":0.0,"damage_taken":0.0,"cards_obtained":["Chaos"]},{"damage_healed":0.0,"max_hp_gain":0.0,"max_hp_loss":0.0,"gold_gain":275.0,"event_name":"Golden Shrine","player_choice":"Desecrate","floor":11.0,"gold_loss":0.0,"damage_taken":0.0,"cards_obtained":["Regret"]}],"is_beta":false,"boss_relics":[{"not_picked":["Snecko Eye","Fusion Hammer"],"picked":"Inserter"}],"items_purged_floors":[14],"is_endless":false,"potions_floor_spawned":[2,5,12,13,18,21],"killed_by":"Cultist and Chosen","ascension_level":20}