{"gold_per_floor":[109,109,65,65,65,140,170,170,251,25,55,55,85,97,97,175,175,190,201,216,0,0,35,35,35,35,69,89,105,105,47,47,124,124,143,159,159,175,191,223,236,336,336,370,386,65,92,137,137,137,137,137,137,35,67,67],"floor_reached":57,"playtime":4202,"items_purged":["Strike_B","Strike_B"],"score":3017,"play_id":"5b63416c-6a03-4113-9b20-e094fe9de4d2","local_time":"20190719231800","is_ascension_mode":true,"campfire_choices":[{"data":"Reboot","floor":8.0,"key":"SMITH"},{"data":"Consume","floor":12.0,"key":"SMITH"},{"data":"Coolheaded","floor":15.0,"key":"SMITH"},{"floor":25.0,"key":"REST"},{"data":"Skim","floor":30.0,"key":"SMITH"},{"data":"Turbo","floor":32.0,"key":"SMITH"},{"floor":49.0,"key":"RECALL"},{"data":"Turbo","floor":53.0,"key":"SMITH"}],"neow_cost":"NONE","seed_source_timestamp":0,"circlet_count":0,"master_deck":["AscendersBane","Defend_B","Defend_B","Defend_B","Defend_B","Zap","Dualcast","Consume+1","Capacitor","Reboot+1","Lockon","Coolheaded+1","Auto Shields","Echo Form","Coolheaded+1","Self Repair","Skim+1","Self Repair","Heatsinks+1","Coolheaded+1","Turbo+1","Glacier","White Noise+1","Aggregate+1","Turbo+1","Recycle+1","Hologram","Sweeping Beam+1","All For One+1"],"special_seed":0,"relics":["Cracked Core","NeowsBlessing","Mango","Mercury Hourglass","Gremlin Horn","OrangePellets","Matryoshka","DataDisk","Black Star","Lee\u0027s Waffle","Nilry\u0027s Codex","Blood Vial","Ginger","Question Card","Molten Egg 2","Turnip","Pear","Runic Dome","Incense Burner","Potion Belt","Du-Vu Doll","Smiling Mask","Singing Bowl","Thread and Needle","Bottled Tornado","Centennial Puzzle","Lantern","Dead Branch","Happy Flower","Symbiotic Virus"],"potions_floor_usage":[56,56,56,56],"damage_taken":[{"damage":0.0,"enemies":"Jaw Worm","floor":1.0,"turns":1.0},{"damage":0.0,"enemies":"3 Sentries","floor":7.0,"turns":1.0},{"damage":0.0,"enemies":"Lagavulin","floor":11.0,"turns":1.0},{"damage":15.0,"enemies":"3 Sentries","floor":13.0,"turns":6.0},{"damage":0.0,"enemies":"Cultist","floor":14.0,"turns":3.0},{"damage":11.0,"enemies":"Hexaghost","floor":16.0,"turns":8.0},{"damage":15.0,"enemies":"Shell Parasite","floor":18.0,"turns":7.0},{"damage":22.0,"enemies":"3 Byrds","floor":19.0,"turns":5.0},{"damage":22.0,"enemies":"Cultist and Chosen","floor":20.0,"turns":7.0},{"damage":38.0,"enemies":"Book of Stabbing","floor":23.0,"turns":11.0},{"damage":57.0,"enemies":"Slavers","floor":27.0,"turns":9.0},{"damage":25.0,"enemies":"Centurion and Healer","floor":28.0,"turns":11.0},{"damage":33.0,"enemies":"3 Cultists","floor":29.0,"turns":7.0},{"damage":30.0,"enemies":"Collector","floor":33.0,"turns":14.0},{"damage":17.0,"enemies":"Orb Walker","floor":35.0,"turns":6.0},{"damage":11.0,"enemies":"3 Darklings","floor":36.0,"turns":7.0},{"damage":18.0,"enemies":"Sphere and 2 Shapes","floor":38.0,"turns":10.0},{"damage":27.0,"enemies":"4 Shapes","floor":39.0,"turns":6.0},{"damage":46.0,"enemies":"Nemesis","floor":40.0,"turns":13.0},{"damage":33.0,"enemies":"3 Darklings","floor":41.0,"turns":5.0},{"damage":0.0,"enemies":"Mind Bloom Boss Battle","floor":42.0,"turns":7.0},{"damage":12.0,"enemies":"Reptomancer","floor":44.0,"turns":9.0},{"damage":27.0,"enemies":"Transient","floor":45.0,"turns":6.0},{"damage":1.0,"enemies":"Giant Head","floor":47.0,"turns":14.0},{"damage":25.0,"enemies":"2 Orb Walkers","floor":48.0,"turns":6.0},{"damage":24.0,"enemies":"Donu and Deca","floor":50.0,"turns":13.0},{"damage":0.0,"enemies":"Time Eater","floor":51.0,"turns":11.0},{"damage":58,"enemies":"Shield and Spear","floor":55,"turns":11},{"damage":26,"enemies":"The Heart","floor":56,"turns":10}],"seed_played":"1921658629572561502","potions_obtained":[{"floor":1.0,"key":"SkillPotion"},{"floor":16.0,"key":"PowerPotion"},{"floor":18.0,"key":"SpeedPotion"},{"floor":20.0,"key":"EssenceOfSteel"},{"floor":27.0,"key":"EssenceOfSteel"},{"floor":29.0,"key":"SkillPotion"},{"floor":38.0,"key":"SpeedPotion"},{"floor":40.0,"key":"EssenceOfSteel"},{"floor":41.0,"key":"SpeedPotion"},{"floor":42.0,"key":"Strength Potion"},{"floor":47.0,"key":"GamblersBrew"},{"floor":48.0,"key":"FocusPotion"}],"is_trial":false,"path_per_floor":["M","?","$","?","?","?","E","R","T","$","E","R","E","M","R","B",null,"M","M","M","$","?","E","?","R","T","E","M","M","R","$","R","B",null,"M","M","?","M","M","E","M","?","T","E","M","$","E","?","R","B","B",null,"R","$","E","B",null],"character_chosen":"DEFECT","items_purchased":["Capacitor","OrangePellets","Lee\u0027s Waffle","Turbo","Bottled Tornado","Sweeping Beam+1"],"campfire_rested":1,"item_purchase_floors":[3,10,21,31,46,54],"current_hp_per_floor":[64,54,54,50,43,32,32,32,32,32,32,32,17,17,17,6,65,50,28,13,92,71,40,40,67,67,43,48,31,31,31,31,17,81,80,78,78,83,86,63,32,62,62,75,78,78,95,86,86,78,87,98,98,98,56,39],"gold":67,"neow_bonus":"THREE_ENEMY_KILL","is_prod":false,"is_daily":false,"chose_seed":false,"campfire_upgraded":6,"win_rate":0,"timestamp":1563545880,"path_taken":["M","?","?","?","?","?","E","R","T","$","E","R","E","M","R","BOSS","M","M","M","$","?","E","?","R","T","E","M","M","R","$","R","BOSS","M","M","?","M","M","E","M","?","T","E","M","$","E","?","R","BOSS","BOSS","R","$","E","BOSS"],"build_version":"2019-07-17","purchased_purges":2,"victory":true,"max_hp_per_floor":[71,71,71,85,85,85,85,85,85,85,85,85,85,85,85,85,85,85,85,85,92,92,92,92,92,92,102,102,102,102,102,102,102,102,102,102,97,97,97,97,97,97,97,99,99,99,101,101,101,101,101,101,101,101,101,101],"card_choices":[{"not_picked":["Streamline","Coolheaded"],"picked":"Consume","floor":1.0},{"not_picked":["Steam Power","Reinforced Body"],"picked":"Reboot","floor":7.0},{"not_picked":["Genetic Algorithm","Rip and Tear"],"picked":"Lockon","floor":11.0},{"not_picked":["Compile Driver","Tempest"],"picked":"Coolheaded","floor":13.0},{"not_picked":["Aggregate","Go for the Eyes"],"picked":"Auto Shields","floor":14.0},{"not_picked":["Multi-Cast","All For One"],"picked":"Echo Form","floor":16.0},{"not_picked":["Streamline","Barrage"],"picked":"Coolheaded+1","floor":18.0},{"not_picked":["Stack","Tempest+1"],"picked":"Self Repair","floor":19.0},{"not_picked":["Streamline+1","Ball Lightning+1"],"picked":"Skim","floor":20.0},{"not_picked":["Steam","Streamline"],"picked":"Self Repair","floor":23.0},{"not_picked":["Steam+1","Echo Form","Coolheaded"],"picked":"Heatsinks+1","floor":27.0},{"not_picked":["Streamline+1","Stack","Beam Cell+1","Hologram"],"picked":"SKIP","floor":28.0},{"not_picked":["Static Discharge","Go for the Eyes+1","BootSequence"],"picked":"Coolheaded+1","floor":29.0},{"not_picked":["Cold Snap+1","Leap","Barrage+1"],"picked":"Glacier","floor":35.0},{"not_picked":["Hello World","Conserve Battery","Scrape+1"],"picked":"White Noise+1","floor":36.0},{"not_picked":["Leap","Gash+1","Blizzard+1","Consume+1"],"picked":"SKIP","floor":38.0},{"not_picked":["Leap","Gash+1","Blizzard+1","Consume+1"],"picked":"SKIP","floor":38.0},{"not_picked":["Chaos","BootSequence+1","Consume","Beam Cell+1"],"picked":"SKIP","floor":39.0},{"not_picked":["Auto Shields","FTL+1","Reboot","Stack+1"],"picked":"SKIP","floor":40.0},{"not_picked":["Hologram","Ball Lightning+1","Static Discharge"],"picked":"Aggregate+1","floor":41.0},{"not_picked":["Genetic Algorithm","Darkness","Fusion+1"],"picked":"Turbo","floor":42.0},{"not_picked":["Aggregate+1","Capacitor","Hello World","Hologram+1"],"picked":"Singing Bowl","floor":44.0},{"not_picked":["Stack","Beam Cell+1","Ball Lightning+1"],"picked":"Recycle+1","floor":45.0},{"not_picked":["BootSequence+1","Leap","Rebound+1","Melter+1"],"picked":"Singing Bowl","floor":47.0},{"not_picked":["Go for the Eyes+1","Rip and Tear+1","Consume+1"],"picked":"Hologram","floor":48.0},{"not_picked":["Cold Snap+1","Coolheaded","Conserve Battery"],"picked":"All For One+1","floor":55}],"player_experience":638281,"relics_obtained":[{"floor":7.0,"key":"Mercury Hourglass"},{"floor":9.0,"key":"Gremlin Horn"},{"floor":11.0,"key":"Matryoshka"},{"floor":13.0,"key":"DataDisk"},{"floor":22.0,"key":"Nilry\u0027s Codex"},{"floor":23.0,"key":"Blood Vial"},{"floor":23.0,"key":"Ginger"},{"floor":26.0,"key":"Question Card"},{"floor":26.0,"key":"Molten Egg 2"},{"floor":27.0,"key":"Turnip"},{"floor":27.0,"key":"Pear"},{"floor":40.0,"key":"Incense Burner"},{"floor":40.0,"key":"Potion Belt"},{"floor":42.0,"key":"Du-Vu Doll"},{"floor":43.0,"key":"Smiling Mask"},{"floor":44.0,"key":"Singing Bowl"},{"floor":44.0,"key":"Thread and Needle"},{"floor":47.0,"key":"Centennial Puzzle"},{"floor":47.0,"key":"Lantern"},{"floor":48.0,"key":"Dead Branch"},{"floor":55,"key":"Happy Flower"},{"floor":55,"key":"Symbiotic Virus"}],"event_choices":[{"damage_healed":0.0,"max_hp_gain":0.0,"max_hp_loss":0.0,"gold_gain":0.0,"event_name":"Wheel of Change","player_choice":"Damaged","floor":2.0,"gold_loss":0.0,"damage_taken":10.0},{"damage_healed":0.0,"max_hp_gain":0.0,"max_hp_loss":0.0,"gold_gain":0.0,"event_name":"Scrap Ooze","player_choice":"Success","floor":4.0,"gold_loss":0.0,"damage_taken":18.0,"relics_obtained":["Mango"]},{"cards_removed":["Strike_B"],"damage_healed":0.0,"max_hp_gain":0.0,"max_hp_loss":0.0,"gold_gain":0.0,"event_name":"Golden Wing","player_choice":"Card Removal","floor":5.0,"gold_loss":0.0,"damage_taken":7.0},{"damage_healed":0.0,"max_hp_gain":0.0,"max_hp_loss":0.0,"gold_gain":75.0,"event_name":"World of Goop","player_choice":"Gather Gold","floor":6.0,"gold_loss":0.0,"damage_taken":11.0},{"damage_healed":0.0,"max_hp_gain":0.0,"max_hp_loss":0.0,"gold_gain":0.0,"event_name":"Cursed Tome","player_choice":"Obtained Book","floor":22.0,"gold_loss":0.0,"damage_taken":21.0},{"cards_removed":["Strike_B"],"damage_healed":0.0,"max_hp_gain":0.0,"max_hp_loss":0.0,"gold_gain":0.0,"event_name":"Back to Basics","player_choice":"Elegance","floor":24.0,"gold_loss":0.0,"damage_taken":0.0},{"damage_healed":0.0,"max_hp_gain":0.0,"max_hp_loss":5.0,"gold_gain":0.0,"event_name":"Winding Halls","player_choice":"Max HP","floor":37.0,"gold_loss":0.0,"damage_taken":0.0},{"damage_healed":0.0,"max_hp_gain":0.0,"max_hp_loss":0.0,"gold_gain":0.0,"event_name":"MindBloom","player_choice":"Fight","floor":42.0,"gold_loss":0.0,"damage_taken":0.0},{"damage_healed":0.0,"max_hp_gain":0.0,"max_hp_loss":0.0,"gold_gain":0.0,"event_name":"Mysterious Sphere","player_choice":"Fight","floor":48.0,"gold_loss":0.0,"damage_taken":0.0}],"is_beta":false,"boss_relics":[{"not_picked":["Orrery","Pandora\u0027s Box"],"picked":"Black Star"},{"not_picked":["Snecko Eye","White Beast Statue"],"picked":"Runic Dome"}],"items_purged_floors":[46,54],"is_endless":false,"potions_floor_spawned":[1,16,18,20,27,29,38,40,41,42,47,48],"ascension_level":20}