{"gold_per_floor":[115,115,128,140,159,159,176,176,176,188,203,203,203,128,128,207,207,227,277,44,57,57,57,89,89,89,108,108,121,36,50,50,127,127,141,160,4,16,16,43,43,56,82,107,119,161,173,199,211,223,235,247,259,13,46,46],"floor_reached":57,"playtime":5029,"items_purged":["Strike_B","Defend_B"],"score":2658,"play_id":"a25876b6-59b2-4c15-afae-00ca66bb1463","local_time":"20190304123931","is_ascension_mode":true,"campfire_choices":[{"data":"Dualcast","floor":6.0,"key":"SMITH"},{"data":"Consume","floor":8.0,"key":"SMITH"},{"data":"Hologram","floor":13.0,"key":"SMITH"},{"data":"Zap","floor":15.0,"key":"SMITH"},{"data":"Apotheosis","floor":23.0,"key":"SMITH"},{"floor":25.0,"key":"REST"},{"floor":32.0,"key":"REST"},{"floor":41.0,"key":"RECALL"},{"data":"Coolheaded","floor":45.0,"key":"SMITH"},{"floor":47.0,"key":"REST"},{"data":"Capacitor","floor":49.0,"key":"SMITH"},{"data":"Loop","floor":53.0,"key":"SMITH"}],"neow_cost":"NONE","seed_source_timestamp":6622540318246,"circlet_count":0,"master_deck":["AscendersBane","Defend_B","Defend_B","Zap+1","Dualcast+1","Ball Lightning","Genetic Algorithm","Consume+1","Conserve Battery","Double Energy","Cold Snap","Hologram+1","Biased Cognition+1","Thunder Strike+1","Force Field+1","Capacitor+1","White Noise+1","Apotheosis+1","Coolheaded+1","Coolheaded","Undo+1","Loop+1","Reboot","Glacier+1","Turbo+1","Echo Form","Self Repair","Capacitor+1","Reinforced Body","Echo Form","Glacier"],"special_seed":0,"relics":["Cracked Core","NeowsBlessing","Potion Belt","Astrolabe","Bag of Marbles","Runic Dome","Meat on the Bone","Centennial Puzzle","MawBank","Nunchaku","War Paint"],"potions_floor_usage":[56,56,56],"damage_taken":[{"damage":0.0,"enemies":"Cultist","floor":1.0,"turns":1.0},{"damage":0.0,"enemies":"Small Slimes","floor":3.0,"turns":1.0},{"damage":0.0,"enemies":"Jaw Worm","floor":4.0,"turns":1.0},{"damage":25.0,"enemies":"Gremlin Gang","floor":5.0,"turns":5.0},{"damage":0.0,"enemies":"Lots of Slimes","floor":7.0,"turns":1.0},{"damage":9.0,"enemies":"2 Fungi Beasts","floor":10.0,"turns":3.0},{"damage":10.0,"enemies":"Exordium Wildlife","floor":11.0,"turns":4.0},{"damage":8.0,"enemies":"Slime Boss","floor":16.0,"turns":8.0},{"damage":15.0,"enemies":"3 Byrds","floor":18.0,"turns":5.0},{"damage":6.0,"enemies":"Spheric Guardian","floor":21.0,"turns":3.0},{"damage":5.0,"enemies":"Book of Stabbing","floor":24.0,"turns":7.0},{"damage":10.0,"enemies":"Shelled Parasite and Fungi","floor":27.0,"turns":10.0},{"damage":15.0,"enemies":"Snake Plant","floor":29.0,"turns":6.0},{"damage":8.0,"enemies":"Centurion and Healer","floor":31.0,"turns":8.0},{"damage":15.0,"enemies":"Collector","floor":33.0,"turns":14.0},{"damage":24.0,"enemies":"Orb Walker","floor":35.0,"turns":6.0},{"damage":17.0,"enemies":"3 Darklings","floor":36.0,"turns":6.0},{"damage":0.0,"enemies":"4 Shapes","floor":38.0,"turns":4.0},{"damage":19.0,"enemies":"Reptomancer","floor":40.0,"turns":9.0},{"damage":2.0,"enemies":"Sphere and 2 Shapes","floor":42.0,"turns":7.0},{"damage":10.0,"enemies":"Nemesis","floor":44.0,"turns":9.0},{"damage":54.0,"enemies":"Reptomancer","floor":46.0,"turns":6.0},{"damage":0.0,"enemies":"Maw","floor":48.0,"turns":7.0},{"damage":16.0,"enemies":"Time Eater","floor":50.0,"turns":21.0},{"damage":41.0,"enemies":"Awakened One","floor":51.0,"turns":18.0},{"damage":52.0,"enemies":"Shield and Spear","floor":55.0,"turns":11.0},{"damage":28,"enemies":"The Heart","floor":56,"turns":13}],"seed_played":"7335104938632783464","potions_obtained":[{"floor":5.0,"key":"Explosive Potion"},{"floor":7.0,"key":"Explosive Potion"},{"floor":10.0,"key":"Energy Potion"},{"floor":12.0,"key":"FocusPotion"},{"floor":12.0,"key":"SpeedPotion"},{"floor":16.0,"key":"Poison Potion"},{"floor":21.0,"key":"Poison Potion"},{"floor":31.0,"key":"Energy Potion"},{"floor":33.0,"key":"Swift Potion"},{"floor":35.0,"key":"LiquidBronze"},{"floor":38.0,"key":"Fire Potion"},{"floor":40.0,"key":"SteroidPotion"},{"floor":46.0,"key":"Swift Potion"},{"floor":48.0,"key":"Strength Potion"}],"is_trial":false,"path_per_floor":["M","?","M","M","M","R","M","R","T","M","M","?","R","$","R","B",null,"M","?","$","M","?","R","E","R","T","M","?","M","$","M","R","B",null,"M","M","$","M","?","E","R","M","T","E","R","E","R","M","R","B","B",null,"R","$","E","B",null],"character_chosen":"DEFECT","items_purchased":["Apotheosis","Coolheaded","Glacier","Fire Potion","Echo Form","Glacier"],"campfire_rested":3,"item_purchase_floors":[20,20,30,37,54,54],"current_hp_per_floor":[64,64,64,64,39,39,39,39,39,30,20,20,20,20,20,12,56,41,41,41,35,35,35,30,51,51,41,41,26,26,18,39,24,59,35,18,18,25,25,26,26,43,43,59,59,27,48,68,68,71,42,64,64,64,31,25],"gold":46,"neow_bonus":"THREE_ENEMY_KILL","is_prod":false,"is_daily":false,"chose_seed":false,"campfire_upgraded":8,"win_rate":0,"timestamp":1551674371,"path_taken":["M","?","M","M","M","R","M","R","T","M","M","?","R","$","R","BOSS","M","?","$","M","?","R","E","R","T","M","?","M","$","M","R","BOSS","M","M","$","M","?","E","R","?","T","E","R","E","R","M","R","BOSS","BOSS","R","$","E","BOSS"],"build_version":"2019-01-23","purchased_purges":2,"victory":true,"max_hp_per_floor":[71,71,71,71,71,71,71,71,71,71,71,71,71,71,71,71,71,71,71,71,71,71,71,71,71,71,71,71,71,71,71,71,71,71,71,71,71,71,71,71,71,71,71,71,71,71,71,71,71,71,71,71,71,71,71,71],"card_choices":[{"not_picked":["Coolheaded","Steam Power"],"picked":"Ball Lightning","floor":1.0},{"not_picked":["Steam","Cold Snap"],"picked":"Consume","floor":3.0},{"not_picked":["Barrage","Scrape"],"picked":"Conserve Battery","floor":4.0},{"not_picked":["Conserve Battery","Gash"],"picked":"Double Energy","floor":5.0},{"not_picked":["Go for the Eyes","Heatsinks","Barrage"],"picked":"SKIP","floor":7.0},{"not_picked":["Ball Lightning","Sweeping Beam"],"picked":"Cold Snap","floor":10.0},{"not_picked":["Ball Lightning","Hello World"],"picked":"Hologram","floor":11.0},{"not_picked":["Creative AI","Core Surge"],"picked":"Biased Cognition","floor":16.0},{"not_picked":["Leap+1","Hologram"],"picked":"White Noise","floor":18.0},{"not_picked":["Chaos","Rebound"],"picked":"Coolheaded","floor":21.0},{"not_picked":["Conserve Battery","Gash+1"],"picked":"Undo+1","floor":24.0},{"not_picked":["Double Energy+1","Stack"],"picked":"Loop","floor":27.0},{"not_picked":["Conserve Battery","Barrage"],"picked":"Reboot","floor":29.0},{"not_picked":["Barrage","Glacier"],"picked":"Turbo+1","floor":31.0},{"not_picked":["Buffer","Hyperbeam"],"picked":"Echo Form","floor":33.0},{"not_picked":["Stack","Go for the Eyes","Streamline"],"picked":"SKIP","floor":35.0},{"not_picked":["Go for the Eyes","Turbo"],"picked":"Self Repair","floor":36.0},{"not_picked":["Machine Learning","Cold Snap"],"picked":"Capacitor","floor":38.0},{"not_picked":["Compile Driver","Sweeping Beam","Cold Snap"],"picked":"SKIP","floor":40.0},{"not_picked":["Hello World","Static Discharge","Leap"],"picked":"SKIP","floor":42.0},{"not_picked":["Gash","Beam Cell","Steam"],"picked":"SKIP","floor":44.0},{"not_picked":["Rebound","Gash+1","Leap"],"picked":"SKIP","floor":46.0},{"not_picked":["Sunder+1","Consume","Reinforced Body"],"picked":"SKIP","floor":48.0},{"not_picked":["Sunder+1","Consume"],"picked":"Reinforced Body","floor":48.0},{"not_picked":["Thunder Strike","Go for the Eyes","Compile Driver+1"],"picked":"SKIP","floor":55.0}],"player_experience":3299790,"relics_obtained":[{"floor":9.0,"key":"Potion Belt"},{"floor":24.0,"key":"Bag of Marbles"},{"floor":40.0,"key":"Meat on the Bone"},{"floor":43.0,"key":"Centennial Puzzle"},{"floor":44.0,"key":"MawBank"},{"floor":46.0,"key":"Nunchaku"},{"floor":55.0,"key":"War Paint"}],"event_choices":[{"damage_healed":0.0,"max_hp_gain":0.0,"max_hp_loss":0.0,"gold_gain":0.0,"cards_transformed":["Strike_B"],"event_name":"Living Wall","player_choice":"Change","floor":2.0,"gold_loss":0.0,"damage_taken":0.0,"cards_obtained":["Genetic Algorithm"]},{"damage_healed":0.0,"max_hp_gain":0.0,"max_hp_loss":0.0,"gold_gain":0.0,"event_name":"Lab","player_choice":"Got Potions","floor":12.0,"gold_loss":0.0,"damage_taken":0.0},{"damage_healed":0.0,"max_hp_gain":0.0,"max_hp_loss":0.0,"gold_gain":50.0,"event_name":"Nest","player_choice":"Stole From Cult","floor":19.0,"gold_loss":0.0,"damage_taken":0.0},{"damage_healed":0.0,"max_hp_gain":0.0,"max_hp_loss":0.0,"gold_gain":0.0,"event_name":"Beggar","player_choice":"Ignored","floor":22.0,"gold_loss":0.0,"damage_taken":0.0},{"damage_healed":0.0,"max_hp_gain":0.0,"max_hp_loss":0.0,"gold_gain":0.0,"event_name":"The Mausoleum","player_choice":"Ignored","floor":28.0,"gold_loss":0.0,"damage_taken":0.0},{"damage_healed":0.0,"max_hp_gain":0.0,"max_hp_loss":0.0,"gold_gain":0.0,"event_name":"Upgrade Shrine","player_choice":"Upgraded","floor":39.0,"gold_loss":0.0,"damage_taken":0.0,"cards_upgraded":["Biased Cognition"]}],"is_beta":false,"boss_relics":[{"not_picked":["Pandora\u0027s Box","Eternal Feather"],"picked":"Astrolabe"},{"not_picked":["Calling Bell","Velvet Choker"],"picked":"Runic Dome"}],"items_purged_floors":[14,37],"is_endless":false,"potions_floor_spawned":[5,7,10,16,21,31,33,35,38,40,46,48],"ascension_level":20}