{"gold_per_floor":[113,73,90,15,26,26,26,26,96,96,122,135,145,175,175,247,247,266,266],"floor_reached":19,"playtime":1104,"items_purged":["Strike_G"],"score":334,"play_id":"4045a689-b54a-4ba5-968f-1f3720981135","local_time":"20190215230728","is_ascension_mode":true,"campfire_choices":[{"data":"Well Laid Plans","floor":6,"key":"SMITH"},{"data":"Neutralize","floor":8,"key":"SMITH"},{"data":"Calculated Gamble","floor":10,"key":"SMITH"},{"data":"Blade Dance","floor":15,"key":"SMITH"}],"neow_cost":"NONE","seed_source_timestamp":54176392099921,"circlet_count":0,"master_deck":["AscendersBane","Defend_G","Defend_G","Defend_G","Defend_G","Defend_G","Strike_G","Strike_G","Strike_G","Strike_G","Survivor","Neutralize+1","Calculated Gamble+1","Well Laid Plans+1","Concentrate","Heel Hook","Blade Dance+1","Heel Hook","Tools of the Trade","Cloak And Dagger"],"relics":["Ring of the Snake","Pen Nib","Ornamental Fan","Vajra","Omamori","Coffee Dripper"],"potions_floor_usage":[12,14,16],"damage_taken":[{"damage":5,"enemies":"Small Slimes","floor":1,"turns":4},{"damage":0,"enemies":"Jaw Worm","floor":3,"turns":4},{"damage":0,"enemies":"2 Louse","floor":5,"turns":5},{"damage":0,"enemies":"Exordium Wildlife","floor":12,"turns":3},{"damage":0,"enemies":"Blue Slaver","floor":13,"turns":4},{"damage":15,"enemies":"Lagavulin","floor":14,"turns":6},{"damage":20,"enemies":"Slime Boss","floor":16,"turns":9},{"damage":1,"enemies":"Shell Parasite","floor":18,"turns":5},{"damage":33,"enemies":"Chosen","floor":19,"turns":6}],"seed_played":"-4380664204411508902","potions_obtained":[{"floor":1,"key":"GamblersBrew"},{"floor":5,"key":"Poison Potion"},{"floor":14,"key":"SkillPotion"}],"is_trial":false,"path_per_floor":["M","$","M","$","M","R","?","R","T","R","T","M","M","E","R","B",null,"M","M"],"character_chosen":"THE_SILENT","items_purchased":["Well Laid Plans"],"campfire_rested":0,"item_purchase_floors":[2],"current_hp_per_floor":[54,54,54,54,54,54,54,54,54,54,54,54,54,39,39,19,54,53,20],"gold":266,"neow_bonus":"RANDOM_COMMON_RELIC","is_prod":false,"is_daily":false,"chose_seed":false,"campfire_upgraded":4,"win_rate":0,"timestamp":1550243248,"path_taken":["M","$","M","$","M","R","?","R","T","R","?","M","M","E","R","BOSS","M","M"],"build_version":"2019-01-23","purchased_purges":1,"victory":false,"max_hp_per_floor":[66,66,66,66,66,66,66,66,66,66,66,66,66,66,66,66,66,66,66],"card_choices":[{"not_picked":["Blur","Flying Knee"],"picked":"Calculated Gamble","floor":1},{"not_picked":["Acrobatics","Bane"],"picked":"Concentrate","floor":3},{"not_picked":["Dagger Throw","Blade Dance"],"picked":"Heel Hook","floor":5},{"not_picked":["Quick Slash","Flying Knee"],"picked":"Blade Dance","floor":12},{"not_picked":["Dagger Spray","Calculated Gamble"],"picked":"Heel Hook","floor":13},{"not_picked":["Dodge and Roll","Setup","Prepared"],"picked":"SKIP","floor":14},{"not_picked":["A Thousand Cuts","Storm of Steel"],"picked":"Tools of the Trade","floor":16},{"not_picked":["Skewer","Bane"],"picked":"Cloak And Dagger","floor":18}],"player_experience":2797024,"relics_obtained":[{"floor":9,"key":"Ornamental Fan"},{"floor":11,"key":"Vajra"},{"floor":14,"key":"Omamori"}],"event_choices":[{"damage_healed":0,"gold_gain":0,"player_choice":"Leave","damage_taken":0,"max_hp_gain":0,"max_hp_loss":0,"event_name":"The Cleric","floor":7,"gold_loss":0}],"is_beta":false,"boss_relics":[{"not_picked":["Cursed Key","Busted Crown"],"picked":"Coffee Dripper"}],"items_purged_floors":[4],"is_endless":false,"potions_floor_spawned":[1,5,14],"killed_by":"Chosen","ascension_level":20}