{"gold_per_floor":[19,34,34,34,51,51,77,77,77,2,15,34,48,62,62,141,141,153,14,14,24,24,24,52,52,75,90,116,116,133,133,133,210,210,228,228,239,239,250,250,275,275,275,310,22,54,70,88,88,88,88,88,88,44,73,73],"floor_reached":56,"playtime":2166,"items_purged":["Strike_G","Dagger Spray","Eviscerate"],"score":2429,"play_id":"37035ad4-b870-4548-ac3c-e2278ebcefc2","local_time":"20190719100100","is_ascension_mode":true,"campfire_choices":[{"data":"Catalyst","floor":6.0,"key":"SMITH"},{"data":"Poisoned Stab","floor":8.0,"key":"SMITH"},{"data":"Tactician","floor":15.0,"key":"SMITH"},{"data":"Concentrate","floor":23.0,"key":"SMITH"},{"data":"Expertise","floor":29.0,"key":"SMITH"},{"data":"Acrobatics","floor":32.0,"key":"SMITH"},{"data":"Adrenaline","floor":40.0,"key":"SMITH"},{"data":"Wraith Form v2","floor":42.0,"key":"SMITH"},{"floor":49.0,"key":"RECALL"},{"data":"Footwork","floor":53.0,"key":"SMITH"}],"neow_cost":"NO_GOLD","seed_source_timestamp":262166724192710,"circlet_count":0,"master_deck":["AscendersBane","Survivor","Neutralize","Catalyst+1","Tactician+1","Adrenaline+1","Deadly Poison","Acrobatics+1","Corpse Explosion","Expertise+1","Leg Sweep","Leg Sweep","Wraith Form v2+1","Concentrate+1","Footwork+1","Slice","Grand Finale","Escape Plan","Well Laid Plans"],"special_seed":0,"relics":["Ring of the Snake","Pantograph","Art of War","Pandora\u0027s Box","Lantern","PreservedInsect","Bag of Preparation","Busted Crown","Sundial","Dodecahedron","Regal Pillow","Happy Flower","Ancient Tea Set","Mummified Hand"],"potions_floor_usage":[],"damage_taken":[{"damage":1.0,"enemies":"Cultist","floor":1.0,"turns":4.0},{"damage":0.0,"enemies":"2 Louse","floor":2.0,"turns":2.0},{"damage":4.0,"enemies":"Jaw Worm","floor":5.0,"turns":5.0},{"damage":37.0,"enemies":"3 Sentries","floor":7.0,"turns":15.0},{"damage":0.0,"enemies":"Exordium Wildlife","floor":11.0,"turns":6.0},{"damage":3.0,"enemies":"Red Slaver","floor":12.0,"turns":4.0},{"damage":0.0,"enemies":"Gremlin Gang","floor":13.0,"turns":6.0},{"damage":1.0,"enemies":"Looter","floor":14.0,"turns":3.0},{"damage":18.0,"enemies":"The Guardian","floor":16.0,"turns":7.0},{"damage":4.0,"enemies":"3 Byrds","floor":18.0,"turns":2.0},{"damage":0.0,"enemies":"2 Thieves","floor":21.0,"turns":3.0},{"damage":0.0,"enemies":"Slavers","floor":24.0,"turns":3.0},{"damage":0.0,"enemies":"Snecko","floor":27.0,"turns":3.0},{"damage":2.0,"enemies":"Book of Stabbing","floor":28.0,"turns":4.0},{"damage":3.0,"enemies":"Snake Plant","floor":30.0,"turns":4.0},{"damage":0.0,"enemies":"Champ","floor":33.0,"turns":7.0},{"damage":0.0,"enemies":"3 Darklings","floor":35.0,"turns":2.0},{"damage":0.0,"enemies":"3 Shapes","floor":37.0,"turns":4.0},{"damage":14.0,"enemies":"Maw","floor":39.0,"turns":6.0},{"damage":0.0,"enemies":"Giant Head","floor":41.0,"turns":4.0},{"damage":2.0,"enemies":"Nemesis","floor":44.0,"turns":7.0},{"damage":0.0,"enemies":"Reptomancer","floor":46.0,"turns":3.0},{"damage":0.0,"enemies":"Writhing Mass","floor":47.0,"turns":3.0},{"damage":0.0,"enemies":"3 Darklings","floor":48.0,"turns":1.0},{"damage":39.0,"enemies":"Awakened One","floor":50.0,"turns":12.0},{"damage":0.0,"enemies":"Donu and Deca","floor":51.0,"turns":6.0},{"damage":0.0,"enemies":"Shield and Spear","floor":55.0,"turns":2.0},{"damage":0,"enemies":"The Heart","floor":56,"turns":1}],"seed_played":"8624213403659213701","potions_obtained":[{"floor":11.0,"key":"PowerPotion"},{"floor":13.0,"key":"GhostInAJar"},{"floor":38.0,"key":"SkillPotion"},{"floor":46.0,"key":"SpeedPotion"}],"is_trial":false,"path_per_floor":["M","M","?","?","M","R","E","R","T","$","M","M","M","M","R","B",null,"M","$","?","M","?","R","E","?","T","M","E","R","M","?","R","B",null,"M","?","M","?","M","R","E","R","T","E","$","E","M","M","R","B","B",null,"R","$","E","B"],"character_chosen":"THE_SILENT","items_purchased":["Concentrate","Happy Flower","Well Laid Plans"],"campfire_rested":0,"item_purchase_floors":[19,45,54],"current_hp_per_floor":[58,58,51,51,47,47,10,10,10,10,10,7,7,6,6,13,53,49,49,49,49,49,49,49,49,49,49,47,47,44,44,44,66,66,66,66,66,66,52,52,52,52,52,50,50,50,50,50,50,27,52,63,63,63,63,66],"gold":73,"neow_bonus":"TRANSFORM_TWO_CARDS","is_prod":false,"is_daily":false,"chose_seed":false,"campfire_upgraded":9,"win_rate":0,"timestamp":1563498060,"path_taken":["M","?","?","?","M","R","E","R","T","?","?","?","M","M","R","BOSS","M","$","?","?","?","R","E","?","T","?","E","R","M","?","R","BOSS","M","?","M","?","M","R","E","R","T","E","$","E","?","M","R","BOSS","BOSS","R","$","E","BOSS"],"build_version":"2019-07-17","purchased_purges":3,"victory":false,"max_hp_per_floor":[66,66,66,66,66,66,66,66,66,66,66,66,66,66,66,66,66,66,66,66,66,66,66,66,66,66,66,66,66,66,66,66,66,66,66,66,66,66,66,66,66,66,66,66,66,66,66,66,66,66,66,66,66,66,66,66],"card_choices":[{"not_picked":["Bane","Sucker Punch"],"picked":"Catalyst","floor":1.0},{"not_picked":["Dagger Spray","Concentrate","Phantasmal Killer"],"picked":"SKIP","floor":2.0},{"not_picked":["Dagger Spray","Backflip","Quick Slash"],"picked":"SKIP","floor":5.0},{"not_picked":["Poisoned Stab","Setup"],"picked":"Adrenaline","floor":7.0},{"not_picked":["Cloak And Dagger","Deadly Poison","Flying Knee"],"picked":"SKIP","floor":11.0},{"not_picked":["Cloak And Dagger","Flying Knee"],"picked":"Deadly Poison","floor":11.0},{"not_picked":["Blade Dance","Bouncing Flask","Bane"],"picked":"SKIP","floor":12.0},{"not_picked":["Blade Dance","Deflect"],"picked":"Acrobatics","floor":13.0},{"not_picked":["Dash","Riddle With Holes","Underhanded Strike"],"picked":"SKIP","floor":14.0},{"not_picked":["Wraith Form v2","Storm of Steel"],"picked":"Corpse Explosion","floor":16.0},{"not_picked":["Flying Knee","Blade Dance+1","Deflect"],"picked":"SKIP","floor":18.0},{"not_picked":["Dagger Spray","Backstab"],"picked":"Footwork","floor":21.0},{"not_picked":["Deadly Poison","Choke","Riddle With Holes"],"picked":"SKIP","floor":24.0},{"not_picked":["Bouncing Flask","Underhanded Strike+1","Setup"],"picked":"SKIP","floor":27.0},{"not_picked":["Flechettes","Endless Agony","Bouncing Flask"],"picked":"SKIP","floor":28.0},{"not_picked":["Flechettes","Endless Agony","Bouncing Flask"],"picked":"SKIP","floor":28.0},{"not_picked":["Endless Agony+1","Quick Slash","Blade Dance"],"picked":"SKIP","floor":30.0},{"not_picked":["Phantasmal Killer","Glass Knife"],"picked":"Grand Finale","floor":33.0},{"not_picked":[],"picked":"Escape Plan","floor":35.0},{"not_picked":["Dagger Spray"],"picked":"SKIP","floor":37.0},{"not_picked":["Outmaneuver"],"picked":"SKIP","floor":39.0},{"not_picked":["Poisoned Stab+1"],"picked":"SKIP","floor":41.0},{"not_picked":["Predator+1"],"picked":"SKIP","floor":44.0},{"not_picked":["Backstab"],"picked":"SKIP","floor":46.0},{"not_picked":["PiercingWail"],"picked":"SKIP","floor":47.0},{"not_picked":["Sucker Punch"],"picked":"SKIP","floor":48.0},{"not_picked":["Noxious Fumes"],"picked":"SKIP","floor":55.0}],"player_experience":635683,"relics_obtained":[{"floor":7.0,"key":"Pantograph"},{"floor":9.0,"key":"Art of War"},{"floor":20.0,"key":"Lantern"},{"floor":24.0,"key":"PreservedInsect"},{"floor":28.0,"key":"Bag of Preparation"},{"floor":41.0,"key":"Sundial"},{"floor":43.0,"key":"Dodecahedron"},{"floor":44.0,"key":"Regal Pillow"},{"floor":46.0,"key":"Ancient Tea Set"},{"floor":55.0,"key":"Mummified Hand"}],"event_choices":[{"cards_removed":["Strike_G"],"damage_healed":0.0,"max_hp_gain":0.0,"max_hp_loss":0.0,"gold_gain":0.0,"event_name":"Golden Wing","player_choice":"Card Removal","floor":3.0,"gold_loss":0.0,"damage_taken":7.0},{"damage_healed":0.0,"max_hp_gain":0.0,"max_hp_loss":0.0,"gold_gain":0.0,"cards_transformed":["Strike_G"],"event_name":"Living Wall","player_choice":"Change","floor":4.0,"gold_loss":0.0,"damage_taken":0.0,"cards_obtained":["Tactician"]},{"damage_healed":0.0,"max_hp_gain":0.0,"max_hp_loss":0.0,"gold_gain":0.0,"event_name":"Wheel of Change","player_choice":"Relic","floor":20.0,"gold_loss":0.0,"damage_taken":0.0},{"damage_healed":0.0,"max_hp_gain":0.0,"max_hp_loss":0.0,"gold_gain":0.0,"event_name":"Cursed Tome","player_choice":"Ignored","floor":22.0,"gold_loss":0.0,"damage_taken":0.0},{"damage_healed":0.0,"max_hp_gain":0.0,"max_hp_loss":0.0,"gold_gain":0.0,"event_name":"N\u0027loth","player_choice":"Ignored","floor":25.0,"gold_loss":0.0,"damage_taken":0.0},{"damage_healed":0.0,"max_hp_gain":0.0,"max_hp_loss":0.0,"gold_gain":0.0,"cards_transformed":["Dagger Throw","Poisoned Stab"],"event_name":"Drug Dealer","player_choice":"Became Test Subject","floor":31.0,"gold_loss":0.0,"damage_taken":0.0,"cards_obtained":["Eviscerate","Slice"]},{"damage_healed":0.0,"max_hp_gain":0.0,"max_hp_loss":0.0,"gold_gain":0.0,"event_name":"Tomb of Lord Red Mask","player_choice":"Ignored","floor":36.0,"gold_loss":0.0,"damage_taken":0.0},{"damage_healed":0.0,"max_hp_gain":0.0,"max_hp_loss":0.0,"gold_gain":0.0,"event_name":"Lab","player_choice":"Got Potions","floor":38.0,"gold_loss":0.0,"damage_taken":0.0}],"is_beta":false,"boss_relics":[{"not_picked":["HoveringKite","Fusion Hammer"],"picked":"Pandora\u0027s Box"},{"not_picked":["Snecko Eye","Orrery"],"picked":"Busted Crown"}],"items_purged_floors":[10,19,45],"is_endless":false,"potions_floor_spawned":[11,13,14,16,18,21,41,46,47],"killed_by":"The Heart","ascension_level":20}