{"gold_per_floor":[138,30,60,90,90,90,183,183,183,273,303,390,438,438,438,438],"floor_reached":16,"playtime":322,"items_purged":[],"score":390,"play_id":"6279e362-69db-4bed-8d7e-f49be16a0631","local_time":"20190220141727","daily_mods":["DeadlyEvents","Binary","Cursed Run","Elite Swarm","Lethality","Midas","Night Terrors","Terminal","Uncertain Future","Binary"],"is_ascension_mode":true,"campfire_choices":[{"floor":6.0,"key":"REST"},{"floor":8.0,"key":"REST"},{"data":"Strike_G","floor":15,"key":"PURGE"}],"neow_cost":"","seed_source_timestamp":238257674752076,"circlet_count":0,"master_deck":["AscendersBane","Defend_G","Defend_G","Defend_G","Defend_G","Defend_G+1","Strike_G","Strike_G+1","Strike_G","Strike_G","Survivor","Neutralize","Cloak And Dagger+1","All Out Attack"],"special_seed":0,"relics":["Cursed Key","Darkstone Periapt","Du-Vu Doll","Busted Crown","Ice Cream","Sundial","Peace Pipe"],"potions_floor_usage":[],"damage_taken":[{"damage":0.0,"enemies":"Jaw Worm","floor":1.0,"turns":3.0},{"damage":0.0,"enemies":"Small Slimes","floor":3.0,"turns":1.0},{"damage":0.0,"enemies":"Cultist","floor":4.0,"turns":3.0},{"damage":0.0,"enemies":"Gremlin Nob","floor":7.0,"turns":3.0},{"damage":0.0,"enemies":"3 Sentries","floor":10.0,"turns":5.0},{"damage":0.0,"enemies":"Gremlin Gang","floor":11.0,"turns":2.0},{"damage":0.0,"enemies":"Lagavulin","floor":12.0,"turns":5.0},{"damage":0.0,"enemies":"Large Slime","floor":13.0,"turns":4.0},{"damage":10,"enemies":"Slime Boss","floor":16,"turns":4}],"seed_played":"6691513311512804853","potions_obtained":[{"floor":3.0,"key":"Explosive Potion"},{"floor":4.0,"key":"Explosive Potion"},{"floor":7.0,"key":"Swift Potion"},{"floor":10.0,"key":"AttackPotion"}],"is_trial":true,"path_per_floor":["M","$","M","M","?","R","E","R","T","E","M","E","M","?","R","B"],"character_chosen":"THE_SILENT","items_purchased":["Cloak And Dagger","All Out Attack"],"campfire_rested":2,"item_purchase_floors":[2,2],"current_hp_per_floor":[1,1,1,1,1,1,1,1,1,1,1,1,1,1,1,0],"gold":438,"neow_bonus":"","is_prod":false,"is_daily":false,"chose_seed":false,"campfire_upgraded":0,"win_rate":0,"timestamp":1550643447,"path_taken":["M","$","M","M","?","R","E","R","T","E","M","E","?","?","R","BOSS"],"build_version":"2019-01-23","purchased_purges":0,"victory":false,"max_hp_per_floor":[1,1,1,1,1,1,1,1,1,1,1,1,1,1,1,1],"card_choices":[],"player_experience":856867,"relics_obtained":[{"floor":7.0,"key":"Ice Cream"},{"floor":10.0,"key":"Sundial"},{"floor":12.0,"key":"Peace Pipe"}],"event_choices":[{"damage_healed":0.0,"max_hp_gain":0.0,"max_hp_loss":0.0,"gold_gain":0.0,"event_name":"Shining Light","player_choice":"Entered Light","floor":5.0,"gold_loss":0.0,"damage_taken":0.0,"cards_upgraded":["Strike_G","Defend_G"]},{"damage_healed":0,"gold_gain":0,"player_choice":"Grow","damage_taken":0,"max_hp_gain":0,"max_hp_loss":0,"event_name":"Living Wall","floor":14,"gold_loss":0,"cards_upgraded":["Cloak And Dagger"]}],"is_beta":false,"boss_relics":[],"items_purged_floors":[],"is_endless":false,"potions_floor_spawned":[3,4,7,10],"killed_by":"Slime Boss","ascension_level":20}