{"gold_per_floor":[214,231,250,175,175,175,175,175,175,175,175,175,199,217,217,336,336,349,65,78,103,126,126,144,144,169,169,188,188,203,227,227,357,357,375,375,388,348,373,373,373,373,398,137,137,152,152,166,166,166],"floor_reached":51,"playtime":2926,"items_purged":["Strike_G","Strike_G"],"score":691,"play_id":"005569b8-44a3-422c-b3f4-bab9d7484e05","local_time":"20181015122812","is_ascension_mode":false,"campfire_choices":[{"data":"Deadly Poison","floor":6.0,"key":"SMITH"},{"data":"Neutralize","floor":8.0,"key":"SMITH"},{"data":"Calculated Gamble","floor":10.0,"key":"SMITH"},{"data":"Survivor","floor":12,"key":"SMITH"},{"data":"Well Laid Plans","floor":15,"key":"SMITH"},{"data":"Noxious Fumes","floor":23,"key":"SMITH"},{"data":"Deadly Poison","floor":25,"key":"SMITH"},{"data":"Corpse Explosion","floor":27,"key":"SMITH"},{"data":"Well Laid Plans","floor":29,"key":"SMITH"},{"data":"Tools of the Trade","floor":32,"key":"SMITH"},{"data":"Night Terror","floor":40,"key":"SMITH"},{"data":"Footwork","floor":45,"key":"SMITH"},{"data":"Blur","floor":47,"key":"SMITH"},{"data":"Footwork","floor":49,"key":"SMITH"}],"neow_cost":"NONE","seed_source_timestamp":5284916649482,"circlet_count":0,"master_deck":["Defend_G","Defend_G","Defend_G","Defend_G","Defend_G","Strike_G","Strike_G","Survivor+1","Neutralize+1","Deadly Poison+1","Calculated Gamble+1","Well Laid Plans+1","Escape Plan","Escape Plan","Corpse Explosion+1","Noxious Fumes+1","Escape Plan","Well Laid Plans+1","Deadly Poison+1","Backflip","Tools of the Trade+1","Night Terror+1","Calculated Gamble+1","PiercingWail+1","Crippling Poison+1","Footwork+1","Blur+1","Footwork+1"],"special_seed":0,"relics":["Ring of the Snake","Golden Idol","Prayer Wheel","Coffee Dripper","ClockworkSouvenir","Bronze Scales","Black Star","Omamori"],"potions_floor_usage":[16,24,35,37,46,50,50,50],"damage_taken":[{"damage":0.0,"enemies":"2 Louse","floor":1.0,"turns":3.0},{"damage":0.0,"enemies":"Small Slimes","floor":2.0,"turns":4.0},{"damage":0.0,"enemies":"Jaw Worm","floor":3.0,"turns":7.0},{"damage":6,"enemies":"Lots of Slimes","floor":13,"turns":6},{"damage":0,"enemies":"3 Louse","floor":14,"turns":4},{"damage":32,"enemies":"Slime Boss","floor":16,"turns":8},{"damage":2,"enemies":"Chosen","floor":18,"turns":5},{"damage":3,"enemies":"Spheric Guardian","floor":20,"turns":5},{"damage":0,"enemies":"Snake Plant","floor":21,"turns":4},{"damage":0,"enemies":"Snecko","floor":22,"turns":5},{"damage":0,"enemies":"Centurion and Healer","floor":24,"turns":6},{"damage":0,"enemies":"Snake Plant","floor":28,"turns":4},{"damage":0,"enemies":"Snecko","floor":30,"turns":4},{"damage":16,"enemies":"Shelled Parasite and Fungi","floor":31,"turns":4},{"damage":13,"enemies":"Automaton","floor":33,"turns":10},{"damage":5,"enemies":"Orb Walker","floor":35,"turns":4},{"damage":0,"enemies":"3 Shapes","floor":37,"turns":4},{"damage":9,"enemies":"Transient","floor":39,"turns":5},{"damage":0,"enemies":"Sphere and 2 Shapes","floor":46,"turns":4},{"damage":0,"enemies":"3 Darklings","floor":48,"turns":2},{"damage":0,"enemies":"Time Eater","floor":50,"turns":14}],"seed_played":"3000977001541874925","potions_obtained":[{"floor":2.0,"key":"Fire Potion"},{"floor":13,"key":"Swift Potion"},{"floor":14,"key":"Block Potion"},{"floor":21,"key":"Ancient Potion"},{"floor":22,"key":"Explosive Potion"},{"floor":30,"key":"SteroidPotion"},{"floor":31,"key":"Ancient Potion"},{"floor":35,"key":"FearPotion"},{"floor":36,"key":"Regen Potion"},{"floor":38,"key":"Ancient Potion"},{"floor":39,"key":"Dexterity Potion"},{"floor":48,"key":"LiquidBronze"}],"is_trial":false,"path_per_floor":["M","M","M","$","?","R","?","R","T","R","?","R","M","M","R","B",null,"M","$","M","M","M","R","M","R","T","R","M","R","M","M","R","B",null,"M","?","M","?","M","R","?","?","T","$","R","M","R","M","R","B"],"character_chosen":"THE_SILENT","items_purchased":["Noxious Fumes","ClockworkSouvenir","Footwork","Blur"],"campfire_rested":0,"item_purchase_floors":[19,19,44,44],"current_hp_per_floor":[70,70,70,70,65,65,65,65,65,65,65,65,59,59,59,27,65,63,63,60,60,60,60,60,60,60,60,60,60,60,44,44,31,65,60,60,65,65,56,56,56,56,56,56,56,56,56,56,56,56],"gold":166,"neow_bonus":"HUNDRED_GOLD","is_prod":false,"is_daily":false,"chose_seed":false,"campfire_upgraded":14,"win_rate":0,"timestamp":1539577692,"path_taken":["M","M","M","$","?","R","?","R","T","R","?","R","M","M","R","BOSS","M","$","M","M","M","R","M","R","T","R","M","R","M","M","R","BOSS","M","?","?","?","M","R","?","?","T","$","R","M","R","M","R","BOSS"],"build_version":"2018-10-11","purchased_purges":2,"victory":true,"max_hp_per_floor":[70,70,70,70,65,65,65,65,65,65,65,65,65,65,65,65,65,65,65,65,65,65,65,65,65,65,65,65,65,65,65,65,65,65,65,65,65,65,65,65,65,65,65,65,65,65,65,65,65,65],"card_choices":[{"not_picked":["Choke","Cloak And Dagger"],"picked":"Deadly Poison","floor":1.0},{"not_picked":["Cloak And Dagger","Deflect"],"picked":"Calculated Gamble","floor":2.0},{"not_picked":["Outmaneuver","Accuracy","Concentrate"],"picked":"SKIP","floor":3.0},{"not_picked":["Crippling Poison","Dagger Throw"],"picked":"Well Laid Plans","floor":13},{"not_picked":["Expertise","Dagger Spray","Choke"],"picked":"SKIP","floor":13},{"not_picked":["Flying Knee","Distraction"],"picked":"Escape Plan","floor":14},{"not_picked":["Dagger Spray","PiercingWail"],"picked":"Escape Plan","floor":14},{"not_picked":["Wraith Form v2","Venomology"],"picked":"Corpse Explosion","floor":16},{"not_picked":["Riddle With Holes","Outmaneuver","Cloak And Dagger+1"],"picked":"SKIP","floor":18},{"not_picked":["Concentrate","Dodge and Roll","Skewer+1"],"picked":"SKIP","floor":18},{"not_picked":["Setup+1","Slice"],"picked":"Escape Plan","floor":20},{"not_picked":["Reflex+1","Quick Slash","Outmaneuver"],"picked":"SKIP","floor":20},{"not_picked":["Flechettes","Underhanded Strike","Flying Knee"],"picked":"SKIP","floor":21},{"not_picked":["Quick Slash","Blade Dance","Poisoned Stab+1"],"picked":"SKIP","floor":21},{"not_picked":["Masterful Stab","Skewer","Prepared+1"],"picked":"SKIP","floor":22},{"not_picked":["Dagger Spray","Underhanded Strike+1","Acrobatics"],"picked":"SKIP","floor":22},{"not_picked":["Escape Plan","Doppelganger"],"picked":"Well Laid Plans","floor":24},{"not_picked":["Masterful Stab","Tactician"],"picked":"Deadly Poison","floor":24},{"not_picked":["Masterful Stab+1","Caltrops"],"picked":"Backflip","floor":28},{"not_picked":["Quick Slash+1","Flechettes","Cloak And Dagger+1"],"picked":"SKIP","floor":28},{"not_picked":["Dodge and Roll","Accuracy+1","Reflex"],"picked":"SKIP","floor":30},{"not_picked":["Quick Slash+1","Riddle With Holes","Sucker Punch"],"picked":"SKIP","floor":30},{"not_picked":["Dash","Dagger Spray+1"],"picked":"Tools of the Trade","floor":31},{"not_picked":["Bane+1","Sucker Punch","Blade Dance"],"picked":"SKIP","floor":31},{"not_picked":["Corpse Explosion","Glass Knife"],"picked":"Night Terror","floor":33},{"not_picked":["PiercingWail","Poisoned Stab"],"picked":"Calculated Gamble+1","floor":35},{"not_picked":["Quick Slash+1","All Out Attack","Poisoned Stab+1"],"picked":"SKIP","floor":35},{"not_picked":["Cloak And Dagger+1","Unload","Quick Slash"],"picked":"SKIP","floor":37},{"not_picked":["Quick Slash","Outmaneuver+1","Finisher"],"picked":"SKIP","floor":37},{"not_picked":["Blade Dance+1","Cloak And Dagger"],"picked":"PiercingWail+1","floor":39},{"not_picked":["Heel Hook+1","Outmaneuver+1"],"picked":"Crippling Poison+1","floor":39},{"not_picked":["Finisher+1","Phantasmal Killer","Skewer+1"],"picked":"SKIP","floor":46},{"not_picked":["Prepared+1","Distraction","Deflect+1"],"picked":"SKIP","floor":46},{"not_picked":["Prepared+1","Dash"],"picked":"Footwork","floor":48},{"not_picked":["Heel Hook+1","Masterful Stab+1","Predator"],"picked":"SKIP","floor":48}],"player_experience":198664,"relics_obtained":[{"floor":9.0,"key":"Prayer Wheel"},{"floor":26,"key":"Bronze Scales"},{"floor":43,"key":"Omamori"}],"event_choices":[{"event_name":"Golden Idol","player_choice":"Lose Max HP","floor":5.0,"damage_taken":0.0},{"event_name":"Dead Adventurer","player_choice":"Searched \u00270\u0027 times","floor":7.0,"damage_taken":0.0},{"event_name":"Living Wall","player_choice":"Forget","floor":11,"damage_taken":0},{"event_name":"The Lab","player_choice":"Got Potions","floor":36,"damage_taken":0},{"event_name":"The Woman in Blue","player_choice":"Bought 3 Potions","floor":38,"damage_taken":0},{"event_name":"Match and Keep!","player_choice":"0 cards matched","floor":41,"damage_taken":0},{"event_name":"Tomb of Lord Red Mask","player_choice":"Ignored","floor":42,"damage_taken":0}],"is_beta":false,"boss_relics":[{"not_picked":["Pandora\u0027s Box","Snecko Eye"],"picked":"Coffee Dripper"},{"not_picked":["Velvet Choker","HoveringKite"],"picked":"Black Star"}],"items_purged_floors":[4,44],"is_endless":false,"potions_floor_spawned":[2,13,14,21,22,30,31,35,39,48],"ascension_level":0}