{"gold_per_floor":[111,36,36,36,48,48,58,58,85,85,35,54,65,76,76,173,173,193,203,237,249,149,166,166,41,87,104,104,118,43,54,54,157,157,175,25,25,25,43,43,57,57,57,76,95,95,109,109,109,109],"floor_reached":51,"playtime":2506,"items_purged":["Strike_G","Strike_G","Defend_G+1","Defend_G+1"],"score":793,"play_id":"cb92d021-5c20-4b2c-b0cd-4ae9b76c8aaf","local_time":"20181031180514","is_ascension_mode":false,"campfire_choices":[{"data":"Deadly Poison","floor":6.0,"key":"SMITH"},{"data":"Neutralize","floor":10.0,"key":"SMITH"},{"data":"Backflip","floor":15.0,"key":"SMITH"},{"data":"Noxious Fumes","floor":24,"key":"SMITH"},{"data":"Burst","floor":28,"key":"SMITH"},{"data":"Catalyst","floor":32,"key":"SMITH"},{"data":"Survivor","floor":40,"key":"SMITH"},{"data":"Madness","floor":42,"key":"SMITH"},{"data":"Madness","floor":46,"key":"SMITH"},{"floor":49,"key":"REST"}],"neow_cost":"PERCENT_DAMAGE","seed_source_timestamp":28325644728767,"circlet_count":0,"master_deck":["Survivor+1","Neutralize+1","Deadly Poison+1","Backflip+1","Burst+1","Noxious Fumes+1","Catalyst+1","Madness+1","Madness+1"],"special_seed":0,"relics":["Ring of the Snake","Bag of Marbles","Empty Cage","Red Mask","Regal Pillow","Lizard Tail","Happy Flower","Snake Skull"],"potions_floor_usage":[20,50],"damage_taken":[{"damage":0.0,"enemies":"Cultist","floor":1.0,"turns":3.0},{"damage":0.0,"enemies":"Small Slimes","floor":5.0,"turns":5.0},{"damage":0.0,"enemies":"Jaw Worm","floor":7.0,"turns":4.0},{"damage":0.0,"enemies":"Exordium Wildlife","floor":12.0,"turns":5.0},{"damage":0.0,"enemies":"2 Fungi Beasts","floor":13.0,"turns":3.0},{"damage":0.0,"enemies":"3 Louse","floor":14.0,"turns":2.0},{"damage":0.0,"enemies":"The Guardian","floor":16.0,"turns":9.0},{"damage":0,"enemies":"Chosen","floor":18,"turns":4},{"damage":0,"enemies":"Shell Parasite","floor":19,"turns":3},{"damage":0,"enemies":"Masked Bandits","floor":20,"turns":1},{"damage":0,"enemies":"Centurion and Healer","floor":21,"turns":8},{"damage":0,"enemies":"Cultist and Chosen","floor":23,"turns":6},{"damage":0,"enemies":"Shelled Parasite and Fungi","floor":27,"turns":4},{"damage":0,"enemies":"Snecko","floor":29,"turns":4},{"damage":0,"enemies":"Snake Plant","floor":31,"turns":3},{"damage":4,"enemies":"Automaton","floor":33,"turns":6},{"damage":0,"enemies":"3 Darklings","floor":35,"turns":7},{"damage":0,"enemies":"Orb Walker","floor":39,"turns":3},{"damage":0,"enemies":"Jaw Worm Horde","floor":41,"turns":4},{"damage":0,"enemies":"Sphere and 2 Shapes","floor":44,"turns":3},{"damage":7,"enemies":"Writhing Mass","floor":45,"turns":2},{"damage":0,"enemies":"3 Darklings","floor":47,"turns":4},{"damage":0,"enemies":"Awakened One","floor":50,"turns":4}],"seed_played":"-7628982418571253431","potions_obtained":[{"floor":1.0,"key":"AttackPotion"},{"floor":12.0,"key":"Swift Potion"},{"floor":13.0,"key":"Explosive Potion"},{"floor":19,"key":"SkillPotion"},{"floor":20,"key":"Swift Potion"},{"floor":45,"key":"SkillPotion"}],"is_trial":false,"path_per_floor":["M","$","?","?","M","R","M","$","T","R","?","M","M","M","R","B",null,"M","M","?","M","$","M","R","$","T","M","R","M","$","M","R","B",null,"M","$","?","$","M","R","M","R","T","M","M","R","M","T","R","B"],"character_chosen":"THE_SILENT","items_purchased":["Catalyst"],"campfire_rested":1,"item_purchase_floors":[30],"current_hp_per_floor":[49,49,35,28,28,28,28,28,28,28,28,28,28,28,28,28,70,70,70,70,70,70,70,70,70,70,70,70,70,70,70,70,66,70,70,70,61,61,61,61,61,61,61,61,54,54,54,54,70,70],"gold":109,"neow_bonus":"REMOVE_TWO","is_prod":false,"is_daily":false,"chose_seed":false,"campfire_upgraded":9,"win_rate":0,"timestamp":1540980314,"path_taken":["M","$","?","?","M","R","M","$","T","R","?","M","?","M","R","BOSS","M","M","?","M","$","M","R","$","T","?","R","M","$","M","R","BOSS","M","?","?","?","M","R","M","R","T","?","M","R","M","?","R","BOSS"],"build_version":"2018-10-25v2","purchased_purges":4,"victory":true,"max_hp_per_floor":[70,70,70,70,70,70,70,70,70,70,70,70,70,70,70,70,70,70,70,70,70,70,70,70,70,70,70,70,70,70,70,70,70,70,70,70,70,70,70,70,70,70,70,70,70,70,70,70,70,70],"card_choices":[{"not_picked":["Escape Plan","Acrobatics"],"picked":"Deadly Poison","floor":1.0},{"not_picked":["Endless Agony","Cloak And Dagger","Expertise"],"picked":"SKIP","floor":5.0},{"not_picked":["Sucker Punch","Slice","Deflect"],"picked":"SKIP","floor":7.0},{"not_picked":["Underhanded Strike","Dash","Dagger Throw"],"picked":"SKIP","floor":12.0},{"not_picked":["All Out Attack","Masterful Stab","Outmaneuver"],"picked":"SKIP","floor":13.0},{"not_picked":["Flying Knee","Infinite Blades"],"picked":"Backflip","floor":14.0},{"not_picked":["Venomology","Die Die Die"],"picked":"Burst","floor":16.0},{"not_picked":["Sucker Punch","Dodge and Roll","Dagger Throw+1"],"picked":"SKIP","floor":18},{"not_picked":["Quick Slash+1","Blade Dance"],"picked":"Noxious Fumes","floor":19},{"not_picked":["Eviscerate","Backstab","Outmaneuver"],"picked":"SKIP","floor":21},{"not_picked":["Unload","Flying Knee","Calculated Gamble+1"],"picked":"SKIP","floor":23},{"not_picked":["Calculated Gamble+1","Quick Slash","Outmaneuver"],"picked":"SKIP","floor":27},{"not_picked":["Caltrops+1","Bane","Poisoned Stab"],"picked":"SKIP","floor":29},{"not_picked":["Eviscerate+1","Dagger Throw","Flying Knee+1"],"picked":"SKIP","floor":31},{"not_picked":["Acrobatics+1","Quick Slash+1","Tactician+1"],"picked":"SKIP","floor":35},{"not_picked":["Infinite Blades","Sucker Punch","Crippling Poison+1"],"picked":"SKIP","floor":39},{"not_picked":["Concentrate+1","Blade Dance+1","Sucker Punch"],"picked":"SKIP","floor":41},{"not_picked":["Caltrops+1","Underhanded Strike","Setup"],"picked":"SKIP","floor":44},{"not_picked":["Deflect+1","Sucker Punch","Slice+1"],"picked":"SKIP","floor":45},{"not_picked":["Underhanded Strike","Calculated Gamble","Riddle With Holes"],"picked":"SKIP","floor":47}],"player_experience":783401,"relics_obtained":[{"floor":9.0,"key":"Bag of Marbles"},{"floor":20,"key":"Red Mask"},{"floor":26,"key":"Regal Pillow"},{"floor":43,"key":"Happy Flower"},{"floor":48,"key":"Snake Skull"}],"event_choices":[{"damage_healed":0.0,"max_hp_gain":0.0,"max_hp_loss":0.0,"gold_gain":0.0,"event_name":"Shining Light","player_choice":"Entered Light","floor":3.0,"gold_loss":0.0,"damage_taken":14.0,"cards_upgraded":["Defend_G","Defend_G"]},{"cards_removed":["Strike_G"],"damage_healed":0.0,"max_hp_gain":0.0,"max_hp_loss":0.0,"gold_gain":0.0,"event_name":"Golden Wing","player_choice":"Card Removal","floor":4.0,"gold_loss":0.0,"damage_taken":7.0},{"cards_removed":["Defend_G"],"damage_healed":0.0,"max_hp_gain":0.0,"max_hp_loss":0.0,"gold_gain":0.0,"event_name":"The Cleric","player_choice":"Card Removal","floor":11.0,"gold_loss":50.0,"damage_taken":0.0},{"damage_healed":0,"gold_gain":0,"player_choice":"Fought Bandits","damage_taken":0,"max_hp_gain":0,"max_hp_loss":0,"event_name":"Masked Bandits","floor":20,"gold_loss":0},{"damage_healed":0,"gold_gain":0,"player_choice":"Embrace Madness","damage_taken":9,"max_hp_gain":0,"max_hp_loss":0,"event_name":"Winding Halls","floor":37,"gold_loss":0,"cards_obtained":["Madness","Madness"]}],"is_beta":false,"boss_relics":[{"not_picked":["WristBlade","Orrery"],"picked":"Empty Cage"},{"not_picked":["HoveringKite","Philosopher\u0027s Stone"],"picked":"Lizard Tail"}],"items_purged_floors":[2,22,25,36],"is_endless":false,"potions_floor_spawned":[1,12,13,19,20,21,29,31,33,41,45,47],"ascension_level":0}