{"gold_per_floor":[118,31,81,96,122,153,153,153,153,170,170,170,170,170,170,170],"floor_reached":16,"playtime":325,"items_purged":[],"score":242,"play_id":"c5e7802a-3c7e-4254-8282-821c69fd2ab6","local_time":"20190126222542","is_ascension_mode":true,"campfire_choices":[{"data":"Well Laid Plans","floor":8.0,"key":"SMITH"},{"data":"Grand Finale","floor":11.0,"key":"SMITH"},{"data":"Neutralize","floor":13.0,"key":"SMITH"},{"floor":15.0,"key":"REST"}],"neow_cost":"NONE","seed_source_timestamp":49720434115342,"circlet_count":0,"master_deck":["AscendersBane","Defend_G","Defend_G+1","Defend_G","Defend_G","Defend_G","Strike_G","Strike_G+1","Strike_G+1","Strike_G","Survivor","Neutralize+1","Masterful Stab+1","Well Laid Plans+1","Grand Finale+1"],"special_seed":0,"relics":["Ring of the Snake","NeowsBlessing","Whetstone","Anchor","Snake Skull"],"potions_floor_usage":[],"damage_taken":[{"damage":0.0,"enemies":"2 Louse","floor":1.0,"turns":1.0},{"damage":0.0,"enemies":"Cultist","floor":4.0,"turns":1.0},{"damage":0.0,"enemies":"Gremlin Nob","floor":6.0,"turns":1.0},{"damage":1.0,"enemies":"Small Slimes","floor":10.0,"turns":3.0},{"damage":33,"enemies":"Slime Boss","floor":16,"turns":6}],"seed_played":"1491940959912247940","potions_obtained":[],"is_trial":false,"path_per_floor":["M","$","?","M","T","E","?","R","T","M","R","?","R","?","R","B"],"character_chosen":"THE_SILENT","items_purchased":["Well Laid Plans"],"campfire_rested":1,"item_purchase_floors":[2],"current_hp_per_floor":[59,59,53,53,53,53,53,53,53,52,52,32,32,32,51,18],"gold":170,"neow_bonus":"THREE_ENEMY_KILL","is_prod":false,"is_daily":false,"chose_seed":false,"campfire_upgraded":3,"win_rate":0,"timestamp":1548512742,"path_taken":["M","$","?","?","?","E","?","R","T","M","R","?","R","?","R","BOSS"],"build_version":"2019-01-23","purchased_purges":0,"victory":false,"max_hp_per_floor":[66,66,66,66,66,66,66,66,66,66,66,66,66,66,66,66],"card_choices":[{"not_picked":["Cloak And Dagger","Outmaneuver"],"picked":"Masterful Stab","floor":1.0},{"not_picked":["Dagger Spray","Dodge and Roll","Quick Slash"],"picked":"SKIP","floor":4.0},{"not_picked":["Deadly Poison","Deflect"],"picked":"Grand Finale","floor":6.0},{"not_picked":["Underhanded Strike","Dagger Throw","Leg Sweep"],"picked":"SKIP","floor":10.0}],"player_experience":2298873,"relics_obtained":[{"floor":5.0,"key":"Whetstone"},{"floor":6.0,"key":"Anchor"},{"floor":9.0,"key":"Snake Skull"}],"event_choices":[{"damage_healed":0.0,"max_hp_gain":0.0,"max_hp_loss":0.0,"gold_gain":50.0,"event_name":"FaceTrader","player_choice":"Touch","floor":3.0,"gold_loss":0.0,"damage_taken":6.0},{"damage_healed":0.0,"max_hp_gain":0.0,"max_hp_loss":0.0,"gold_gain":0.0,"event_name":"Liars Game","player_choice":"Ignored","floor":7.0,"gold_loss":0.0,"damage_taken":0.0},{"damage_healed":0.0,"max_hp_gain":0.0,"max_hp_loss":0.0,"gold_gain":0.0,"event_name":"Shining Light","player_choice":"Entered Light","floor":12.0,"gold_loss":0.0,"damage_taken":20.0,"cards_upgraded":["Masterful Stab","Defend_G"]},{"cards_removed":["Strike_G"],"damage_healed":0.0,"max_hp_gain":0.0,"max_hp_loss":0.0,"gold_gain":0.0,"event_name":"Purifier","player_choice":"Purged","floor":14.0,"gold_loss":0.0,"damage_taken":0.0}],"is_beta":false,"boss_relics":[],"items_purged_floors":[],"is_endless":false,"potions_floor_spawned":[],"killed_by":"Slime Boss","ascension_level":20}