{"gold_per_floor":[109,34,34,34,52,52,81,101,101,127,127,138,148,148],"floor_reached":14,"playtime":259,"items_purged":["Strike_B"],"score":250,"play_id":"5d2fc711-f9e1-43e9-bd10-5070fbc9d0dc","local_time":"20190122110306","is_ascension_mode":true,"campfire_choices":[{"data":"Dualcast","floor":6,"key":"SMITH"},{"data":"Hologram","floor":11,"key":"SMITH"}],"neow_cost":"NONE","seed_source_timestamp":2763290898414,"circlet_count":0,"master_deck":["AscendersBane","Strike_B","Strike_B","Strike_B","Defend_B","Defend_B","Defend_B","Defend_B","Zap","Dualcast+1","Ball Lightning","Melter","Hologram+1","Reinforced Body"],"relics":["Cracked Core","NeowsBlessing","Dodecahedron","Centennial Puzzle","Pen Nib","Ice Cream"],"potions_floor_usage":[13,13],"damage_taken":[{"damage":0,"enemies":"Cultist","floor":1,"turns":1},{"damage":0,"enemies":"Small Slimes","floor":5,"turns":1},{"damage":0,"enemies":"Lagavulin","floor":7,"turns":1},{"damage":0,"enemies":"2 Louse","floor":8,"turns":2},{"damage":35,"enemies":"3 Sentries","floor":10,"turns":6},{"damage":6,"enemies":"Looter","floor":12,"turns":2},{"damage":6,"enemies":"Gremlin Gang","floor":13,"turns":3},{"damage":0,"enemies":"Exordium Thugs","floor":14,"turns":1}],"seed_played":"-3441083808952105123","potions_obtained":[{"floor":7,"key":"SteroidPotion"},{"floor":10,"key":"SkillPotion"},{"floor":13,"key":"Poison Potion"}],"is_trial":false,"path_per_floor":["M","$","?","$","M","R","E","M","T","E","R","M","M","M"],"character_chosen":"DEFECT","items_purchased":[],"campfire_rested":0,"item_purchase_floors":[],"current_hp_per_floor":[64,64,64,64,64,64,64,64,64,29,29,23,17,17],"gold":148,"neow_bonus":"THREE_ENEMY_KILL","is_prod":false,"is_daily":false,"chose_seed":false,"campfire_upgraded":2,"win_rate":0,"timestamp":1548126186,"path_taken":["M","?","?","$","M","R","E","?","T","E","R","M","M","M"],"build_version":"2019-01-17v2","purchased_purges":1,"victory":false,"max_hp_per_floor":[71,71,71,71,71,71,71,71,71,71,71,71,71,71],"card_choices":[{"not_picked":["Conserve Battery","Chaos"],"picked":"Ball Lightning","floor":1},{"not_picked":["Beam Cell","Doom and Gloom"],"picked":"Ball Lightning","floor":5},{"not_picked":["Doom and Gloom","Redo","Rebound"],"picked":"SKIP","floor":7},{"not_picked":["Static Discharge","Compile Driver"],"picked":"Melter","floor":8},{"not_picked":["Stack","Cold Snap"],"picked":"Hologram","floor":10},{"not_picked":["Storm","Skim"],"picked":"Reinforced Body","floor":12},{"not_picked":["Turbo","Streamline","Force Field"],"picked":"SKIP","floor":13}],"player_experience":2125853,"relics_obtained":[{"floor":7,"key":"Centennial Puzzle"},{"floor":9,"key":"Pen Nib"},{"floor":10,"key":"Ice Cream"}],"event_choices":[{"cards_removed":["Ball Lightning"],"damage_healed":0,"gold_gain":0,"player_choice":"Gave Card","damage_taken":0,"relics_obtained":["Dodecahedron"],"max_hp_gain":0,"max_hp_loss":0,"event_name":"WeMeetAgain","floor":3,"gold_loss":0}],"is_beta":false,"boss_relics":[],"items_purged_floors":[2],"is_endless":false,"potions_floor_spawned":[7,10,12,13],"killed_by":"Exordium Thugs","ascension_level":20}