{"gold_per_floor":[415,430,178,190,190,190,245,245,245,245,259,259,334,334,334,408,408,418,468,40,59,73,73,100,113,168,168,194,224,224,139,139,218,218,233,283,296,310,326,353,353,380,380,380,395,421,439,458,458,458,458,458,458,333,361,361],"floor_reached":57,"playtime":2138,"items_purged":["Doubt","Bouncing Flask","Neutralize"],"score":3515,"play_id":"09572f23-19ef-4c1c-9bac-23caf7a359d8","local_time":"20190805043517","is_ascension_mode":true,"campfire_choices":[{"data":"Catalyst","floor":6.0,"key":"SMITH"},{"data":"Night Terror","floor":8.0,"key":"SMITH"},{"data":"Tactician","floor":12.0,"key":"SMITH"},{"data":"Acrobatics","floor":15.0,"key":"SMITH"},{"data":"Calculated Gamble","floor":23.0,"key":"SMITH"},{"data":"Acrobatics","floor":27.0,"key":"SMITH"},{"data":"Burst","floor":30.0,"key":"SMITH"},{"data":"Blade Dance","floor":32.0,"key":"PURGE"},{"data":"Riddle With Holes","floor":41.0,"key":"PURGE"},{"floor":49,"key":"RECALL"},{"data":"Underhanded Strike","floor":53,"key":"PURGE"}],"neow_cost":"CURSE","seed_source_timestamp":0,"circlet_count":0,"master_deck":["AscendersBane","Survivor","Calculated Gamble+1","Catalyst+1","Bouncing Flask","Tactician+1","Night Terror+1","Acrobatics+1","Escape Plan","After Image","Tactician+1","Heel Hook","Infinite Blades","Acrobatics+1","Burst+1","Reflex+1"],"special_seed":0,"relics":["Ring of the Snake","Old Coin","Sundial","Meat on the Bone","Gambling Chip","Pandora\u0027s Box","Tough Bandages","Prayer Wheel","Ancient Tea Set","Peace Pipe","Red Mask","Darkstone Periapt","Calling Bell","Bag of Preparation","Gremlin Horn","Torii","Calipers","Ice Cream","Happy Flower","Snake Skull"],"potions_floor_usage":[56,56,56,56],"damage_taken":[{"damage":11.0,"enemies":"Cultist","floor":1.0,"turns":6.0},{"damage":5.0,"enemies":"Small Slimes","floor":2.0,"turns":5.0},{"damage":0.0,"enemies":"2 Louse","floor":4.0,"turns":3.0},{"damage":10.0,"enemies":"Gremlin Nob","floor":7.0,"turns":3.0},{"damage":4.0,"enemies":"Looter","floor":11.0,"turns":3.0},{"damage":0.0,"enemies":"The Guardian","floor":16.0,"turns":3.0},{"damage":0.0,"enemies":"Chosen","floor":18.0,"turns":2.0},{"damage":0.0,"enemies":"Shell Parasite","floor":21.0,"turns":2.0},{"damage":7.0,"enemies":"Cultist and Chosen","floor":22.0,"turns":7.0},{"damage":0.0,"enemies":"Book of Stabbing","floor":24.0,"turns":2.0},{"damage":0.0,"enemies":"Centurion and Healer","floor":25.0,"turns":3.0},{"damage":0.0,"enemies":"Gremlin Leader","floor":28.0,"turns":3.0},{"damage":0.0,"enemies":"Masked Bandits","floor":29.0,"turns":3.0},{"damage":0.0,"enemies":"Automaton","floor":33.0,"turns":2.0},{"damage":0.0,"enemies":"3 Darklings","floor":35.0,"turns":3.0},{"damage":0.0,"enemies":"3 Shapes","floor":37.0,"turns":4.0},{"damage":0.0,"enemies":"Writhing Mass","floor":38.0,"turns":2.0},{"damage":0.0,"enemies":"Sphere and 2 Shapes","floor":39.0,"turns":3.0},{"damage":0.0,"enemies":"Nemesis","floor":40.0,"turns":1.0},{"damage":0.0,"enemies":"Reptomancer","floor":42.0,"turns":2.0},{"damage":0,"enemies":"Maw","floor":45,"turns":2},{"damage":0,"enemies":"Giant Head","floor":46,"turns":2},{"damage":0,"enemies":"Writhing Mass","floor":47,"turns":1},{"damage":0,"enemies":"Transient","floor":48,"turns":2},{"damage":0,"enemies":"Donu and Deca","floor":50,"turns":2},{"damage":0,"enemies":"Awakened One","floor":51,"turns":2},{"damage":0,"enemies":"Shield and Spear","floor":55,"turns":2},{"damage":0,"enemies":"The Heart","floor":56,"turns":4}],"seed_played":"5638195459065247739","potions_obtained":[{"floor":1.0,"key":"Explosive Potion"},{"floor":2.0,"key":"LiquidBronze"},{"floor":22.0,"key":"AttackPotion"},{"floor":35.0,"key":"GhostInAJar"},{"floor":37.0,"key":"EntropicBrew"}],"is_trial":false,"path_per_floor":["M","M","$","M","?","R","?","R","T","?","M","R","?","T","R","B",null,"M","?","$","M","M","R","E","M","T","R","E","?","R","?","R","B",null,"M","?","M","M","M","E","R","E","T","?","M","E","M","M","R","B","B",null,"R","$","E","B",null],"character_chosen":"THE_SILENT","items_purchased":["Bouncing Flask","Tactician","Tough Bandages"],"campfire_rested":0,"item_purchase_floors":[3,3,20],"current_hp_per_floor":[48,43,43,43,43,43,33,33,33,55,51,51,40,40,40,40,60,60,60,60,60,53,53,53,53,53,53,53,53,53,53,53,53,63,63,57,57,57,57,57,57,57,57,57,57,57,57,57,57,57,57,64,64,64,64,64],"gold":361,"neow_bonus":"ONE_RARE_RELIC","is_prod":false,"is_daily":false,"chose_seed":false,"campfire_upgraded":7,"win_rate":0,"timestamp":1564947317,"path_taken":["M","M","$","M","?","R","?","R","T","?","M","R","?","?","R","BOSS","M","?","$","M","?","R","E","M","T","R","E","?","R","?","R","BOSS","M","?","M","?","M","E","R","E","T","?","?","E","M","M","R","BOSS","BOSS","R","$","E","BOSS"],"build_version":"2019-07-17","purchased_purges":3,"victory":true,"max_hp_per_floor":[66,66,66,66,66,66,66,66,66,66,66,66,66,66,66,66,66,66,66,66,66,66,66,66,66,66,66,66,66,66,66,66,66,66,66,66,66,66,66,66,66,66,66,66,66,66,66,66,66,66,66,66,66,66,66,66],"card_choices":[{"not_picked":["Quick Slash","Prepared"],"picked":"Calculated Gamble","floor":1.0},{"not_picked":["Deflect","Crippling Poison"],"picked":"Catalyst","floor":2.0},{"not_picked":["Sucker Punch","Prepared","Finisher"],"picked":"SKIP","floor":4.0},{"not_picked":["Outmaneuver","Deadly Poison"],"picked":"Acrobatics","floor":7.0},{"not_picked":["Infinite Blades","Concentrate","Riddle With Holes"],"picked":"SKIP","floor":11.0},{"not_picked":["Cloak And Dagger","PiercingWail","Poisoned Stab"],"picked":"SKIP","floor":18.0},{"not_picked":["Flying Knee","All Out Attack","Outmaneuver+1"],"picked":"SKIP","floor":21.0},{"not_picked":["Deadly Poison","Outmaneuver"],"picked":"Acrobatics","floor":22.0},{"not_picked":["Cloak And Dagger","Acrobatics","Escape Plan"],"picked":"SKIP","floor":24.0},{"not_picked":["Outmaneuver","Flying Knee+1","Deflect"],"picked":"SKIP","floor":25.0},{"not_picked":["Flying Knee","Skewer","Deflect"],"picked":"SKIP","floor":25.0},{"not_picked":["Tactician","Dash"],"picked":"Burst","floor":28.0},{"not_picked":["Predator","Acrobatics","Bouncing Flask"],"picked":"SKIP","floor":35.0},{"not_picked":["Dodge and Roll","Dagger Spray+1","Leg Sweep"],"picked":"SKIP","floor":35.0},{"not_picked":["Leg Sweep","Backflip","Skewer"],"picked":"SKIP","floor":37.0},{"not_picked":["Escape Plan","Cloak And Dagger","Backflip"],"picked":"SKIP","floor":37.0},{"not_picked":["Die Die Die","Infinite Blades","Backflip"],"picked":"SKIP","floor":38.0},{"not_picked":["Bane","Dagger Throw+1","Predator+1"],"picked":"SKIP","floor":38.0},{"not_picked":["Masterful Stab","Slice+1"],"picked":"Reflex+1","floor":39.0},{"not_picked":["Deflect","Crippling Poison","All Out Attack+1"],"picked":"SKIP","floor":39.0},{"not_picked":["Bullet Time","Deflect","Endless Agony"],"picked":"SKIP","floor":40.0},{"not_picked":["Heel Hook","Bouncing Flask+1","Choke"],"picked":"SKIP","floor":42.0},{"not_picked":["Dagger Spray","Backflip","Leg Sweep"],"picked":"SKIP","floor":45},{"not_picked":["Acrobatics","Backflip","Sucker Punch"],"picked":"SKIP","floor":45},{"not_picked":["Dagger Spray","Sucker Punch","Backflip"],"picked":"SKIP","floor":46},{"not_picked":["Wraith Form v2","Expertise","Acrobatics"],"picked":"SKIP","floor":47},{"not_picked":["Poisoned Stab","Predator+1","Dash+1"],"picked":"SKIP","floor":47},{"not_picked":["Slice+1","Cloak And Dagger","Sucker Punch"],"picked":"SKIP","floor":48},{"not_picked":["Prepared","PiercingWail","Cloak And Dagger"],"picked":"SKIP","floor":48},{"not_picked":["Prepared","Heel Hook","PiercingWail+1"],"picked":"SKIP","floor":55}],"player_experience":766889,"relics_obtained":[{"floor":7.0,"key":"Sundial"},{"floor":9.0,"key":"Meat on the Bone"},{"floor":14.0,"key":"Gambling Chip"},{"floor":24.0,"key":"Prayer Wheel"},{"floor":26.0,"key":"Ancient Tea Set"},{"floor":28.0,"key":"Peace Pipe"},{"floor":29.0,"key":"Red Mask"},{"floor":34.0,"key":"Bag of Preparation"},{"floor":34.0,"key":"Gremlin Horn"},{"floor":34.0,"key":"Torii"},{"floor":40.0,"key":"Calipers"},{"floor":42.0,"key":"Ice Cream"},{"floor":46,"key":"Happy Flower"},{"floor":55,"key":"Snake Skull"}],"event_choices":[{"damage_healed":0.0,"max_hp_gain":0.0,"max_hp_loss":0.0,"gold_gain":0.0,"cards_transformed":["Strike_G"],"event_name":"Living Wall","player_choice":"Change","floor":5.0,"gold_loss":0.0,"damage_taken":0.0,"cards_obtained":["Night Terror"]},{"damage_healed":0.0,"max_hp_gain":0.0,"max_hp_loss":0.0,"gold_gain":0.0,"event_name":"Dead Adventurer","player_choice":"Searched \u00271\u0027 times","floor":7.0,"gold_loss":0.0,"damage_taken":0.0},{"damage_healed":22.0,"max_hp_gain":0.0,"max_hp_loss":0.0,"gold_gain":0.0,"event_name":"Big Fish","player_choice":"Banana","floor":10.0,"gold_loss":0.0,"damage_taken":0.0},{"damage_healed":0.0,"max_hp_gain":0.0,"max_hp_loss":0.0,"gold_gain":75.0,"event_name":"World of Goop","player_choice":"Gather Gold","floor":13.0,"gold_loss":0.0,"damage_taken":11.0},{"damage_healed":0.0,"max_hp_gain":0.0,"max_hp_loss":0.0,"gold_gain":100.0,"event_name":"The Joust","player_choice":"Bet on Murderer","floor":19.0,"gold_loss":50.0,"damage_taken":0.0},{"damage_healed":0.0,"max_hp_gain":0.0,"max_hp_loss":0.0,"gold_gain":0.0,"event_name":"Masked Bandits","player_choice":"Fought Bandits","floor":29.0,"gold_loss":0.0,"damage_taken":0.0},{"damage_healed":0.0,"max_hp_gain":0.0,"max_hp_loss":0.0,"gold_gain":0.0,"event_name":"Addict","player_choice":"Obtained Relic","floor":31.0,"gold_loss":85.0,"damage_taken":0.0,"relics_obtained":["Darkstone Periapt"]},{"damage_healed":0.0,"max_hp_gain":0.0,"max_hp_loss":0.0,"gold_gain":50.0,"event_name":"FaceTrader","player_choice":"Touch","floor":36.0,"gold_loss":0.0,"damage_taken":6.0},{"damage_healed":0.0,"max_hp_gain":0.0,"max_hp_loss":0.0,"gold_gain":0.0,"event_name":"Upgrade Shrine","player_choice":"Upgraded","floor":44.0,"gold_loss":0.0,"damage_taken":0.0,"cards_upgraded":["Tactician"]}],"is_beta":false,"boss_relics":[{"not_picked":["Eternal Feather","Orrery"],"picked":"Pandora\u0027s Box"},{"not_picked":["Cursed Key","Snecko Eye"],"picked":"Calling Bell"}],"items_purged_floors":[3,20,54],"is_endless":false,"potions_floor_spawned":[1,2,21,22,29,35,37,42,46,48],"ascension_level":20}