{"gold_per_floor":[113,38,213,113,125,159,178,205,205,235,235,266,278,303,315,431,443,472,500,512,524,185,211,211,223,223,223],"floor_reached":27,"playtime":1027,"items_purged":["Strike_R","Doubt","Defend_R"],"score":355,"play_id":"9f162e02-18aa-4797-95ac-97327789b71d","local_time":"20180920144516","is_ascension_mode":true,"campfire_choices":[{"floor":13,"key":"REST"},{"data":"Rupture","floor":15,"key":"SMITH"},{"data":"Body Slam","floor":24,"key":"SMITH"}],"neow_cost":"NONE","seed_source_timestamp":6575222643925,"circlet_count":0,"master_deck":["Strike_R","Strike_R","Defend_R","Defend_R","Defend_R","Bash","Whirlwind","Combust","Evolve","Rupture+1","Fiend Fire","Power Through","Shrug It Off","Juggernaut","Body Slam+1","True Grit","Dual Wield","Warcry+1","Exhume","Barricade","Seeing Red","Bloodletting+1"],"special_seed":0,"relics":["Burning Blood","NeowsBlessing","Ornamental Fan","Charon\u0027s Ashes","Magic Flower","Ancient Tea Set","MawBank","Orrery","Centennial Puzzle","Omamori"],"potions_floor_usage":[12,16,19],"damage_taken":[{"damage":0.0,"enemies":"2 Louse","floor":1.0,"turns":1.0},{"damage":0.0,"enemies":"Small Slimes","floor":5.0,"turns":1.0},{"damage":0.0,"enemies":"3 Sentries","floor":6.0,"turns":2.0},{"damage":11.0,"enemies":"Jaw Worm","floor":7.0,"turns":4.0},{"damage":53.0,"enemies":"Lagavulin","floor":8.0,"turns":8.0},{"damage":27.0,"enemies":"Gremlin Nob","floor":10.0,"turns":4.0},{"damage":9,"enemies":"3 Sentries","floor":12,"turns":5},{"damage":4,"enemies":"Exordium Wildlife","floor":14,"turns":4},{"damage":16,"enemies":"Slime Boss","floor":16,"turns":9},{"damage":25,"enemies":"Shell Parasite","floor":18,"turns":4},{"damage":11,"enemies":"3 Byrds","floor":19,"turns":5},{"damage":30,"enemies":"Gremlin Leader","floor":23,"turns":8},{"damage":33,"enemies":"Sentry and Sphere","floor":25,"turns":7},{"damage":20,"enemies":"Book of Stabbing","floor":27,"turns":3}],"seed_played":"-5926374922939049945","potions_obtained":[{"floor":1.0,"key":"SpeedPotion"},{"floor":8.0,"key":"AttackPotion"},{"floor":10.0,"key":"Dexterity Potion"},{"floor":14,"key":"GamblersBrew"},{"floor":16,"key":"AttackPotion"},{"floor":23,"key":"FairyPotion"}],"is_trial":false,"path_per_floor":["M","$","?","$","M","E","M","E","T","E","?","E","R","M","R","B",null,"M","M","?","?","$","E","R","M","T"],"character_chosen":"IRONCLAD","items_purchased":["Barricade","Seeing Red"],"campfire_rested":1,"item_purchase_floors":[22,22],"current_hp_per_floor":[80,80,80,80,80,80,75,28,28,10,10,10,34,39,39,32,68,52,50,50,50,50,29,29,20,20,0],"gold":223,"neow_bonus":"THREE_ENEMY_KILL","is_prod":false,"is_daily":false,"chose_seed":false,"campfire_upgraded":2,"win_rate":0,"timestamp":1537425916,"path_taken":["M","$","?","$","M","E","M","E","T","E","?","E","R","?","R","BOSS","M","M","?","?","?","E","R","?","T","E"],"build_version":"2018-09-06","purchased_purges":3,"victory":false,"max_hp_per_floor":[80,80,80,80,80,80,80,80,80,80,80,80,80,80,80,80,80,80,80,80,80,80,80,80,80,80,80],"card_choices":[{"not_picked":["Sword Boomerang","Fire Breathing"],"picked":"Whirlwind","floor":1.0},{"not_picked":["Cleave","Clothesline"],"picked":"Combust","floor":5.0},{"not_picked":["Bludgeon","Perfected Strike","Armaments"],"picked":"SKIP","floor":6.0},{"not_picked":["Heavy Blade","Anger"],"picked":"Evolve","floor":7.0},{"not_picked":["Heavy Blade","Evolve"],"picked":"Rupture","floor":8.0},{"not_picked":["Evolve","Rampage"],"picked":"Fiend Fire","floor":10.0},{"not_picked":["Headbutt","Rupture"],"picked":"Power Through","floor":12},{"not_picked":["Infernal Blade","Thunderclap"],"picked":"Shrug It Off","floor":14},{"not_picked":["Demon Form","Limit Break"],"picked":"Juggernaut","floor":16},{"not_picked":["Sentinel","Cleave"],"picked":"Body Slam","floor":17},{"not_picked":["Headbutt","Clash"],"picked":"True Grit","floor":17},{"not_picked":["Clothesline","Twin Strike"],"picked":"Dual Wield","floor":17},{"not_picked":["Iron Wave","Sword Boomerang"],"picked":"Warcry+1","floor":18},{"not_picked":["Armaments","Dual Wield","Evolve"],"picked":"SKIP","floor":19},{"not_picked":["Headbutt","Fire Breathing+1"],"picked":"Bloodletting+1","floor":23},{"not_picked":["Heavy Blade","Fire Breathing","Wild Strike"],"picked":"SKIP","floor":25}],"player_experience":39488,"relics_obtained":[{"floor":6.0,"key":"Ornamental Fan"},{"floor":8.0,"key":"Charon\u0027s Ashes"},{"floor":9.0,"key":"Magic Flower"},{"floor":10.0,"key":"Ancient Tea Set"},{"floor":12,"key":"MawBank"},{"floor":23,"key":"Centennial Puzzle"},{"floor":26,"key":"Omamori"}],"event_choices":[{"event_name":"Liars Game","player_choice":"agreed","floor":3.0,"damage_taken":0.0},{"event_name":"Dead Adventurer","player_choice":"Searched \u00270\u0027 times","floor":11.0,"damage_taken":0.0},{"event_name":"Transmorgrifier","player_choice":"Transform","floor":20,"damage_taken":0},{"event_name":"Back to Basics","player_choice":"Elegance","floor":21,"damage_taken":0}],"is_beta":false,"boss_relics":[{"not_picked":["Lizard Tail","Runic Pyramid"],"picked":"Orrery"}],"items_purged_floors":[2,4,22],"is_endless":false,"potions_floor_spawned":[1,8,10,14,16,23],"killed_by":"Book of Stabbing","ascension_level":5}