{"gold_per_floor":[112,130,130,141,101,101,118,118,199,199,226,245,264,297,297,398,398,412,423,19,19,19,19,19,19,19,19],"floor_reached":27,"playtime":2368,"items_purged":["Strike_R"],"score":301,"play_id":"70eb7696-d329-43f2-b277-e0edbcbac0fe","local_time":"20190724020802","is_ascension_mode":true,"campfire_choices":[{"data":"Rage","floor":6,"key":"SMITH"},{"data":"Berserk","floor":8,"key":"SMITH"},{"data":"Clash","floor":10,"key":"SMITH"},{"data":"Limit Break","floor":15,"key":"SMITH"},{"floor":23,"key":"REST"},{"floor":25,"key":"REST"}],"neow_cost":"NONE","seed_source_timestamp":305699371507112,"circlet_count":0,"master_deck":["Strike_R","Strike_R","Strike_R","Defend_R","Defend_R","Defend_R","Defend_R","Bash","Rage+1","Clash+1","Power Through","Berserk+1","Shrug It Off","Ghostly Armor","Evolve","Limit Break+1","Double Tap","Offering","Whirlwind","Shrug It Off","Flame Barrier+1","The Bomb","Exhume","Necronomicurse"],"relics":["Burning Blood","Red Skull","Blue Candle","Boot","Vajra","Orrery","Shuriken","Necronomicon","Pear"],"potions_floor_usage":[11,14,16],"damage_taken":[{"damage":0,"enemies":"Small Slimes","floor":1,"turns":3},{"damage":2,"enemies":"2 Louse","floor":2,"turns":4},{"damage":0,"enemies":"Cultist","floor":4,"turns":3},{"damage":8,"enemies":"Lots of Slimes","floor":7,"turns":12},{"damage":8,"enemies":"Lagavulin","floor":11,"turns":9},{"damage":5,"enemies":"3 Louse","floor":12,"turns":7},{"damage":6,"enemies":"2 Fungi Beasts","floor":13,"turns":5},{"damage":2,"enemies":"3 Sentries","floor":14,"turns":13},{"damage":27,"enemies":"The Guardian","floor":16,"turns":10},{"damage":33,"enemies":"Chosen","floor":18,"turns":11},{"damage":22,"enemies":"Spheric Guardian","floor":19,"turns":4},{"damage":58,"enemies":"Book of Stabbing","floor":27,"turns":8}],"seed_played":"2738738740268948568","potions_obtained":[{"floor":1,"key":"Weak Potion"},{"floor":5,"key":"SpeedPotion"},{"floor":5,"key":"SteroidPotion"},{"floor":11,"key":"PowerPotion"},{"floor":19,"key":"PowerPotion"}],"is_trial":false,"path_per_floor":["M","M","?","M","?","R","M","R","T","R","E","M","M","E","R","B",null,"M","M","$","T","?","R","?","R","T","E"],"character_chosen":"IRONCLAD","items_purchased":["The Bomb","Exhume"],"campfire_rested":2,"item_purchase_floors":[20,20],"current_hp_per_floor":[80,80,73,79,79,79,77,77,77,77,75,76,76,80,80,59,75,48,32,32,32,16,40,25,50,60,2],"gold":19,"neow_bonus":"RANDOM_COMMON_RELIC","is_prod":false,"is_daily":false,"chose_seed":false,"campfire_upgraded":4,"win_rate":0,"timestamp":1563952082,"path_taken":["M","M","?","M","?","R","M","R","T","R","E","?","M","E","R","BOSS","M","?","$","?","?","R","?","R","T","E"],"build_version":"2019-07-17","purchased_purges":1,"victory":false,"max_hp_per_floor":[80,80,80,80,80,80,80,80,80,80,80,80,80,80,80,80,80,80,80,80,80,80,80,85,85,95,95],"card_choices":[{"not_picked":["Sword Boomerang","Clash"],"picked":"Rage","floor":1},{"not_picked":["Iron Wave","Warcry"],"picked":"Clash","floor":2},{"not_picked":["Intimidate","Clothesline"],"picked":"Power Through","floor":4},{"not_picked":["Body Slam","Headbutt"],"picked":"Berserk","floor":7},{"not_picked":["Sword Boomerang","Headbutt"],"picked":"Shrug It Off","floor":11},{"not_picked":["True Grit","Combust"],"picked":"Ghostly Armor","floor":12},{"not_picked":["Sword Boomerang","Clash"],"picked":"Evolve","floor":13},{"not_picked":["Body Slam","Wild Strike"],"picked":"Limit Break","floor":14},{"not_picked":["Fiend Fire","Offering"],"picked":"Double Tap","floor":16},{"not_picked":["Havoc","Wild Strike"],"picked":"Offering","floor":17},{"not_picked":["Twin Strike","Clothesline"],"picked":"Whirlwind","floor":17},{"not_picked":["Twin Strike","Perfected Strike"],"picked":"Shrug It Off","floor":17},{"not_picked":["Uppercut","Ghostly Armor+1","Clash+1"],"picked":"SKIP","floor":18},{"not_picked":["Wild Strike+1","Metallicize"],"picked":"Flame Barrier+1","floor":19}],"player_experience":279566,"relics_obtained":[{"floor":9,"key":"Blue Candle"},{"floor":11,"key":"Boot"},{"floor":14,"key":"Vajra"},{"floor":21,"key":"Shuriken"},{"floor":22,"key":"Necronomicon"},{"floor":26,"key":"Pear"}],"event_choices":[{"cards_removed":["Strike_R"],"damage_healed":0,"gold_gain":0,"player_choice":"Card Removal","damage_taken":7,"max_hp_gain":0,"max_hp_loss":0,"event_name":"Golden Wing","floor":3,"gold_loss":0},{"damage_healed":0,"gold_gain":0,"player_choice":"Bought 3 Potions","damage_taken":0,"max_hp_gain":0,"max_hp_loss":0,"event_name":"The Woman in Blue","floor":5,"gold_loss":0},{"damage_healed":0,"gold_gain":0,"player_choice":"Obtained Book","damage_taken":16,"max_hp_gain":0,"max_hp_loss":0,"event_name":"Cursed Tome","floor":22,"gold_loss":0},{"damage_healed":0,"gold_gain":0,"player_choice":"Shed Blood","damage_taken":20,"max_hp_gain":5,"max_hp_loss":0,"event_name":"Forgotten Altar","floor":24,"gold_loss":0}],"is_beta":false,"boss_relics":[{"not_picked":["Coffee Dripper","Black Blood"],"picked":"Orrery"}],"items_purged_floors":[20],"is_endless":false,"potions_floor_spawned":[1,7,11,13,19],"killed_by":"Book of Stabbing","ascension_level":5}