{"gold_per_floor":[114,114,55,106,106,133,58,58,112,167,179,212,223,178,178,249,249,262,275,275,375,391,423,433,358,358,389,50,70,104,734,734,811,811,825,835,835,605,618,618,648,660,735,735,749,780,104,130,130,130,130,130,130,2,36,36],"floor_reached":56,"playtime":2084,"items_purged":["Strike_G","Strike_G","Defend_G"],"score":2946,"play_id":"e4f28c26-6fd1-45ac-bfb6-232cf09d90d5","local_time":"20190125121022","is_ascension_mode":true,"campfire_choices":[{"data":"Grand Finale","floor":8.0,"key":"SMITH"},{"data":"Bouncing Flask","floor":15.0,"key":"SMITH"},{"data":"Acrobatics","floor":32.0,"key":"SMITH"},{"data":"Acrobatics","floor":40.0,"key":"SMITH"},{"data":"Leg Sweep","floor":44.0,"key":"SMITH"},{"floor":49.0,"key":"RECALL"},{"data":"Footwork","floor":53.0,"key":"SMITH"}],"neow_cost":"NONE","seed_source_timestamp":5056393649476,"circlet_count":0,"master_deck":["AscendersBane","Defend_G","Defend_G","Defend_G","Defend_G","Survivor","Neutralize+1","Heel Hook","Acrobatics+1","Grand Finale+1","Acrobatics+1","Bouncing Flask+1","Adrenaline+1","Prepared+1","Adrenaline","Adrenaline+1","Adrenaline","Acrobatics","Backflip","Leg Sweep+1","Footwork+1","Acrobatics"],"special_seed":0,"relics":["Ring of the Snake","NeowsBlessing","Dodecahedron","Ancient Tea Set","PreservedInsect","The Courier","FossilizedHelix","Runic Pyramid","StoneCalendar","Singing Bowl","Snake Skull","Mummified Hand","Blood Vial","Lantern","Art of War","Molten Egg 2","Empty Cage","Calipers","Happy Flower","Gremlin Horn","Question Card","Centennial Puzzle","Shuriken","Ginger","Pear","Oddly Smooth Stone","War Paint","Bronze Scales"],"potions_floor_usage":[],"damage_taken":[{"damage":0.0,"enemies":"Small Slimes","floor":1.0,"turns":1.0},{"damage":0.0,"enemies":"Lagavulin","floor":6.0,"turns":1.0},{"damage":0.0,"enemies":"Lagavulin Event","floor":10.0,"turns":1.0},{"damage":0.0,"enemies":"Cultist","floor":11.0,"turns":5.0},{"damage":0.0,"enemies":"3 Sentries","floor":12.0,"turns":1.0},{"damage":0.0,"enemies":"2 Louse","floor":13.0,"turns":4.0},{"damage":50.0,"enemies":"Exordium Thugs","floor":14.0,"turns":10.0},{"damage":0.0,"enemies":"Hexaghost","floor":16.0,"turns":8.0},{"damage":3.0,"enemies":"3 Byrds","floor":18.0,"turns":2.0},{"damage":0.0,"enemies":"2 Thieves","floor":19.0,"turns":2.0},{"damage":0.0,"enemies":"Colosseum Slavers","floor":21.0,"turns":4.0},{"damage":0.0,"enemies":"Colosseum Nobs","floor":21.0,"turns":2.0},{"damage":0.0,"enemies":"Snecko","floor":22.0,"turns":3.0},{"damage":0.0,"enemies":"Book of Stabbing","floor":23.0,"turns":2.0},{"damage":0.0,"enemies":"3 Cultists","floor":24.0,"turns":2.0},{"damage":0.0,"enemies":"Gremlin Leader","floor":27.0,"turns":2.0},{"damage":0.0,"enemies":"Centurion and Healer","floor":29.0,"turns":2.0},{"damage":0.0,"enemies":"Book of Stabbing","floor":30.0,"turns":3.0},{"damage":0.0,"enemies":"Automaton","floor":33.0,"turns":5.0},{"damage":0.0,"enemies":"3 Shapes","floor":35.0,"turns":1.0},{"damage":0.0,"enemies":"Orb Walker","floor":36.0,"turns":1.0},{"damage":0.0,"enemies":"4 Shapes","floor":39.0,"turns":1.0},{"damage":0.0,"enemies":"Nemesis","floor":41.0,"turns":1.0},{"damage":0.0,"enemies":"Jaw Worm Horde","floor":42.0,"turns":1.0},{"damage":0.0,"enemies":"Sphere and 2 Shapes","floor":45.0,"turns":1.0},{"damage":0.0,"enemies":"Giant Head","floor":46.0,"turns":1.0},{"damage":0.0,"enemies":"Donu and Deca","floor":50.0,"turns":3.0},{"damage":0.0,"enemies":"Time Eater","floor":51.0,"turns":9.0},{"damage":0.0,"enemies":"Shield and Spear","floor":55.0,"turns":1.0},{"damage":99,"enemies":"The Heart","floor":56,"turns":6}],"seed_played":"-6264472904241020950","potions_obtained":[{"floor":6.0,"key":"GhostInAJar"},{"floor":11.0,"key":"GamblersBrew"},{"floor":13.0,"key":"Fruit Juice"},{"floor":14.0,"key":"Energy Potion"},{"floor":22.0,"key":"GamblersBrew"},{"floor":39.0,"key":"Energy Potion"}],"is_trial":false,"path_per_floor":["M","?","$","T","?","E","$","R","T","?","M","E","M","M","R","B",null,"M","M","?","?","M","E","M","?","T","E","$","M","E","?","R","B",null,"M","M","?","$","M","R","E","M","T","R","M","E","$","T","R","B","B",null,"R","$","E","B"],"character_chosen":"THE_SILENT","items_purchased":["Acrobatics","Lantern","Art of War","Happy Flower","Shuriken","Ginger","Pear","War Paint"],"campfire_rested":0,"item_purchase_floors":[3,28,28,38,47,47,47,54],"current_hp_per_floor":[59,59,59,59,54,54,54,54,54,54,54,54,54,9,9,9,56,53,53,53,55,57,59,61,61,61,61,61,65,67,3,3,5,62,64,68,68,68,70,70,72,74,74,74,76,80,90,90,90,92,94,95,95,95,97,0],"gold":36,"neow_bonus":"THREE_ENEMY_KILL","is_prod":false,"is_daily":false,"chose_seed":false,"campfire_upgraded":6,"win_rate":0,"timestamp":1548389422,"path_taken":["M","?","$","?","?","E","$","R","T","?","M","E","M","M","R","BOSS","M","M","?","?","M","E","M","?","T","E","$","M","E","?","R","BOSS","M","M","?","$","M","R","E","M","T","R","M","E","$","?","R","BOSS","BOSS","R","$","E","BOSS"],"build_version":"2019-01-23","purchased_purges":3,"victory":false,"max_hp_per_floor":[66,66,66,66,66,66,66,66,66,66,66,66,66,71,71,71,71,71,71,71,73,75,77,79,79,79,79,79,81,81,81,81,81,81,81,83,83,83,83,83,83,83,83,83,83,85,95,95,95,95,95,95,95,95,97,97],"card_choices":[{"not_picked":["Prepared","Crippling Poison"],"picked":"Heel Hook","floor":1.0},{"not_picked":["Expertise","Catalyst"],"picked":"Grand Finale","floor":6.0},{"not_picked":["Dagger Spray","Distraction"],"picked":"Acrobatics","floor":10.0},{"not_picked":["Dodge and Roll","Backstab","Infinite Blades"],"picked":"SKIP","floor":11.0},{"not_picked":["Blade Dance","Night Terror","Bane"],"picked":"SKIP","floor":12.0},{"not_picked":["Predator","Acrobatics","PiercingWail"],"picked":"SKIP","floor":13.0},{"not_picked":["Leg Sweep","Dagger Spray"],"picked":"Bouncing Flask","floor":14.0},{"not_picked":["Glass Knife","A Thousand Cuts"],"picked":"Adrenaline","floor":16.0},{"not_picked":["Outmaneuver","Blade Dance","Acrobatics"],"picked":"SKIP","floor":18.0},{"not_picked":["Dagger Throw","Dodge and Roll+1"],"picked":"Prepared+1","floor":19.0},{"not_picked":["Bane","Backstab","Sucker Punch"],"picked":"Singing Bowl","floor":21.0},{"not_picked":["Endless Agony","Quick Slash+1","Flechettes"],"picked":"Singing Bowl","floor":22.0},{"not_picked":["Sucker Punch","Malaise","Distraction"],"picked":"Singing Bowl","floor":23.0},{"not_picked":["Slice+1","Dagger Spray","Outmaneuver"],"picked":"Singing Bowl","floor":24.0},{"not_picked":["Footwork","Poisoned Stab"],"picked":"Adrenaline","floor":27.0},{"not_picked":["Quick Slash","Poisoned Stab","Cloak And Dagger+1"],"picked":"Singing Bowl","floor":29.0},{"not_picked":["Escape Plan","Predator"],"picked":"Adrenaline","floor":30.0},{"not_picked":["Corpse Explosion","Tools of the Trade"],"picked":"Adrenaline","floor":33.0},{"not_picked":["Backflip","Poisoned Stab+1"],"picked":"Acrobatics","floor":35.0},{"not_picked":["Skewer+1","Dagger Spray+1","Bouncing Flask"],"picked":"Singing Bowl","floor":36.0},{"not_picked":["All Out Attack+1","Blur+1"],"picked":"Backflip","floor":39.0},{"not_picked":["Doppelganger","Prepared"],"picked":"Leg Sweep","floor":41.0},{"not_picked":["Leg Sweep","Poisoned Stab+1"],"picked":"Footwork","floor":42.0},{"not_picked":["Bane+1","Poisoned Stab+1","Dodge and Roll"],"picked":"Acrobatics","floor":45.0},{"not_picked":["Concentrate","Corpse Explosion","Poisoned Stab+1","Malaise"],"picked":"Singing Bowl","floor":46.0},{"not_picked":["Eviscerate+1","Terror","Calculated Gamble","Slice+1"],"picked":"Singing Bowl","floor":55.0}],"player_experience":1340500,"relics_obtained":[{"floor":6.0,"key":"Ancient Tea Set"},{"floor":9.0,"key":"PreservedInsect"},{"floor":12.0,"key":"FossilizedHelix"},{"floor":21.0,"key":"StoneCalendar"},{"floor":21.0,"key":"Singing Bowl"},{"floor":23.0,"key":"Snake Skull"},{"floor":26.0,"key":"Mummified Hand"},{"floor":27.0,"key":"Blood Vial"},{"floor":30.0,"key":"Molten Egg 2"},{"floor":41.0,"key":"Gremlin Horn"},{"floor":43.0,"key":"Question Card"},{"floor":46.0,"key":"Centennial Puzzle"},{"floor":48.0,"key":"Oddly Smooth Stone"},{"floor":55.0,"key":"Bronze Scales"}],"event_choices":[{"damage_healed":0.0,"max_hp_gain":0.0,"max_hp_loss":0.0,"gold_gain":0.0,"event_name":"Upgrade Shrine","player_choice":"Upgraded","floor":2.0,"gold_loss":0.0,"damage_taken":0.0,"cards_upgraded":["Neutralize"]},{"damage_healed":0.0,"max_hp_gain":0.0,"max_hp_loss":0.0,"gold_gain":0.0,"event_name":"Scrap Ooze","player_choice":"Success","floor":5.0,"gold_loss":0.0,"damage_taken":5.0,"relics_obtained":["Dodecahedron"]},{"damage_healed":0.0,"max_hp_gain":0.0,"max_hp_loss":0.0,"gold_gain":0.0,"event_name":"Dead Adventurer","player_choice":"Searched \u00273\u0027 times","floor":10.0,"gold_loss":0.0,"damage_taken":0.0,"relics_obtained":["The Courier"]},{"damage_healed":0.0,"max_hp_gain":0.0,"max_hp_loss":0.0,"gold_gain":0.0,"event_name":"Vampires","player_choice":"Ignored","floor":20.0,"gold_loss":0.0,"damage_taken":0.0},{"damage_healed":0.0,"max_hp_gain":0.0,"max_hp_loss":0.0,"gold_gain":0.0,"event_name":"Colosseum","player_choice":"Fight","floor":21.0,"gold_loss":0.0,"damage_taken":0.0},{"damage_healed":0.0,"max_hp_gain":0.0,"max_hp_loss":0.0,"gold_gain":0.0,"event_name":"Colosseum","player_choice":"Fought Nobs","floor":21.0,"gold_loss":0.0,"damage_taken":0.0},{"cards_removed":["Strike_G"],"damage_healed":0.0,"max_hp_gain":0.0,"max_hp_loss":0.0,"gold_gain":0.0,"event_name":"Beggar","player_choice":"Gave Gold","floor":25.0,"gold_loss":75.0,"damage_taken":0.0},{"damage_healed":0.0,"max_hp_gain":0.0,"max_hp_loss":0.0,"gold_gain":630.0,"event_name":"Knowing Skull","player_choice":"GOLD GOLD GOLD GOLD GOLD GOLD GOLD ","floor":31.0,"potions_obtained":[],"gold_loss":0.0,"damage_taken":64.0,"cards_obtained":[]},{"damage_healed":0.0,"max_hp_gain":0.0,"max_hp_loss":0.0,"gold_gain":0.0,"event_name":"WeMeetAgain","player_choice":"Gave Potion","floor":37.0,"gold_loss":0.0,"damage_taken":0.0,"relics_obtained":["Calipers"]}],"is_beta":true,"boss_relics":[{"not_picked":["Orrery","White Beast Statue"],"picked":"Runic Pyramid"},{"not_picked":["Philosopher\u0027s Stone","Eternal Feather"],"picked":"Empty Cage"}],"items_purged_floors":[7,28,38],"is_endless":false,"potions_floor_spawned":[6,11,13,14,22,23,24,30,33,39],"killed_by":"The Heart","ascension_level":20}