{"gold_per_floor":[114,114,131,150,160,160,195,195,249,280,292,42,69,88,88,159,159,175,185,56,75,125,152,152,172,195,195,145,178,178,198,198,274,274,289,302,313,313,326,326,353,353,377,377,390,403,503,529,529,529,529,529,529,27,52,52],"floor_reached":57,"playtime":4143,"items_purged":["Phantasmal Killer","Underhanded Strike","Cloak And Dagger"],"score":3253,"play_id":"8f1844b0-3a75-4b5b-89c9-9d17d8b90e8b","local_time":"20190226135624","is_ascension_mode":true,"campfire_choices":[{"data":"Noxious Fumes","floor":6.0,"key":"SMITH"},{"data":"Acrobatics","floor":11.0,"key":"SMITH"},{"data":"Cloak And Dagger","floor":15.0,"key":"SMITH"},{"data":"Tactician","floor":24.0,"key":"SMITH"},{"data":"Acrobatics","floor":27.0,"key":"SMITH"},{"floor":30.0,"key":"REST"},{"floor":32.0,"key":"RECALL"},{"data":"Setup","floor":40.0,"key":"SMITH"},{"data":"Wraith Form v2","floor":42,"key":"SMITH"},{"data":"Finisher","floor":44,"key":"SMITH"},{"data":"Escape Plan","floor":49,"key":"SMITH"},{"data":"Survivor","floor":53,"key":"SMITH"}],"neow_cost":"TEN_PERCENT_HP_LOSS","seed_source_timestamp":15160965082172,"circlet_count":0,"master_deck":["AscendersBane","Survivor+1","Neutralize+1","Finisher+1","Escape Plan+1","Infinite Blades","Noxious Fumes+1","Tactician+1","Acrobatics+1","Cloak And Dagger+1","Wraith Form v2+1","Well Laid Plans","Heel Hook","Endless Agony","Setup+1","Well Laid Plans","Well Laid Plans","Calculated Gamble+1","Acrobatics+1","Prepared+1","Well Laid Plans+1","Backflip+1","Adrenaline+1","After Image"],"special_seed":0,"relics":["Ring of the Snake","Mercury Hourglass","MawBank","Kunai","Art of War","Pandora\u0027s Box","Snake Skull","Smiling Mask","Mummified Hand","Black Star","Paper Crane","Strawberry","Turnip","Anchor","War Paint","Toy Ornithopter","Pen Nib","Bronze Scales","Dodecahedron"],"potions_floor_usage":[56,56],"damage_taken":[{"damage":1.0,"enemies":"Small Slimes","floor":1.0,"turns":5.0},{"damage":1.0,"enemies":"Jaw Worm","floor":3.0,"turns":3.0},{"damage":0.0,"enemies":"Cultist","floor":4.0,"turns":3.0},{"damage":0.0,"enemies":"Blue Slaver","floor":5.0,"turns":4.0},{"damage":7.0,"enemies":"Gremlin Nob","floor":7.0,"turns":4.0},{"damage":1.0,"enemies":"Looter","floor":10.0,"turns":4.0},{"damage":0.0,"enemies":"Lagavulin","floor":13.0,"turns":6.0},{"damage":0.0,"enemies":"3 Louse","floor":14.0,"turns":2.0},{"damage":0.0,"enemies":"Slime Boss","floor":16.0,"turns":5.0},{"damage":10.0,"enemies":"Chosen","floor":18.0,"turns":6.0},{"damage":4.0,"enemies":"Spheric Guardian","floor":19.0,"turns":4.0},{"damage":3.0,"enemies":"Cultist and Chosen","floor":21.0,"turns":6.0},{"damage":4.0,"enemies":"Book of Stabbing","floor":23.0,"turns":6.0},{"damage":0.0,"enemies":"Snake Plant","floor":25.0,"turns":3.0},{"damage":28.0,"enemies":"Slavers","floor":29.0,"turns":4.0},{"damage":0.0,"enemies":"Centurion and Healer","floor":31.0,"turns":3.0},{"damage":0.0,"enemies":"Champ","floor":33.0,"turns":2.0},{"damage":0.0,"enemies":"3 Darklings","floor":35.0,"turns":3.0},{"damage":0.0,"enemies":"3 Shapes","floor":36.0,"turns":3.0},{"damage":1.0,"enemies":"Writhing Mass","floor":37.0,"turns":3.0},{"damage":0.0,"enemies":"Maw","floor":39.0,"turns":3.0},{"damage":2,"enemies":"Nemesis","floor":41,"turns":5},{"damage":0,"enemies":"Spire Growth","floor":45,"turns":2},{"damage":1,"enemies":"4 Shapes","floor":46,"turns":3},{"damage":0,"enemies":"Mind Bloom Boss Battle","floor":47,"turns":3},{"damage":0,"enemies":"Reptomancer","floor":48,"turns":3},{"damage":0,"enemies":"Donu and Deca","floor":50,"turns":3},{"damage":0,"enemies":"Awakened One","floor":51,"turns":3},{"damage":0,"enemies":"Shield and Spear","floor":55,"turns":2},{"damage":6,"enemies":"The Heart","floor":56,"turns":5}],"seed_played":"-2681568562262961950","potions_obtained":[{"floor":1.0,"key":"SkillPotion"},{"floor":4.0,"key":"Weak Potion"},{"floor":7.0,"key":"AttackPotion"},{"floor":10.0,"key":"SteroidPotion"},{"floor":18.0,"key":"Swift Potion"},{"floor":23.0,"key":"Dexterity Potion"},{"floor":31.0,"key":"Swift Potion"},{"floor":45,"key":"Explosive Potion"}],"is_trial":false,"path_per_floor":["M","?","M","M","M","R","E","?","T","M","R","$","E","M","R","B",null,"M","M","$","M","?","E","R","M","T","R","$","E","R","M","R","B",null,"M","M","M","?","M","R","E","R","T","R","M","M","?","E","R","B","B",null,"R","$","E","B",null],"character_chosen":"THE_SILENT","items_purchased":["Kunai","PowerPotion","Toy Ornithopter","SkillPotion","Pen Nib"],"campfire_rested":1,"item_purchase_floors":[12,20,54,54,54],"current_hp_per_floor":[58,40,39,39,39,39,32,25,25,24,24,24,24,24,24,24,51,41,37,37,34,34,30,30,30,30,30,30,2,20,20,20,20,50,50,50,49,49,49,49,54,54,54,54,54,53,53,53,53,53,53,64,64,64,64,61],"gold":52,"neow_bonus":"REMOVE_TWO","is_prod":false,"is_daily":false,"chose_seed":false,"campfire_upgraded":10,"win_rate":0,"timestamp":1551160584,"path_taken":["M","?","M","M","M","R","E","?","T","M","R","$","E","M","R","BOSS","M","M","$","M","?","E","R","?","T","R","$","E","R","M","R","BOSS","M","M","M","?","M","R","E","R","T","R","M","M","?","E","R","BOSS","BOSS","R","$","E","BOSS"],"build_version":"2019-01-23","purchased_purges":3,"victory":true,"max_hp_per_floor":[60,60,60,60,60,60,60,60,60,60,60,60,60,60,60,60,60,60,60,60,60,60,60,60,60,60,60,60,60,60,60,60,60,60,60,60,60,60,60,60,67,67,67,67,67,67,67,67,67,67,67,67,67,67,67,67],"card_choices":[{"not_picked":["Blade Dance","Sucker Punch"],"picked":"Finisher","floor":1.0},{"not_picked":["Backflip","Skewer"],"picked":"Escape Plan","floor":3.0},{"not_picked":["Backflip","Slice"],"picked":"Infinite Blades","floor":4.0},{"not_picked":["Quick Slash","Dash"],"picked":"Noxious Fumes","floor":5.0},{"not_picked":["Poisoned Stab","Slice"],"picked":"Tactician","floor":7.0},{"not_picked":["Calculated Gamble","Deflect"],"picked":"Acrobatics","floor":10.0},{"not_picked":["Tactician","Blur"],"picked":"Cloak And Dagger","floor":13.0},{"not_picked":["Underhanded Strike","Sucker Punch","Setup"],"picked":"SKIP","floor":14.0},{"not_picked":["Corpse Explosion","A Thousand Cuts"],"picked":"Wraith Form v2","floor":16.0},{"not_picked":["Heel Hook","Catalyst"],"picked":"Well Laid Plans","floor":18.0},{"not_picked":["Concentrate","Deadly Poison"],"picked":"Well Laid Plans","floor":19.0},{"not_picked":["Acrobatics","Dagger Throw"],"picked":"Calculated Gamble","floor":21.0},{"not_picked":["Bouncing Flask","Dagger Spray","Bane"],"picked":"SKIP","floor":23.0},{"not_picked":["Concentrate+1","Finisher"],"picked":"Acrobatics","floor":25.0},{"not_picked":["Slice","Phantasmal Killer","Prepared"],"picked":"SKIP","floor":29.0},{"not_picked":["Deflect","Expertise"],"picked":"Prepared+1","floor":31.0},{"not_picked":["Underhanded Strike","Backstab"],"picked":"Well Laid Plans+1","floor":35.0},{"not_picked":["Prepared+1","Quick Slash"],"picked":"Backflip+1","floor":36.0},{"not_picked":["Dodge and Roll","Finisher","Sucker Punch"],"picked":"SKIP","floor":37.0},{"not_picked":["Dagger Throw","Underhanded Strike","PiercingWail"],"picked":"SKIP","floor":39.0},{"not_picked":["Malaise","Setup","Backstab+1"],"picked":"SKIP","floor":41},{"not_picked":["Acrobatics","Dagger Throw","Noxious Fumes"],"picked":"SKIP","floor":45},{"not_picked":["Dagger Spray+1","Outmaneuver","Bane"],"picked":"SKIP","floor":46},{"not_picked":["Dagger Throw+1","Dodge and Roll"],"picked":"Adrenaline","floor":48},{"not_picked":["Cloak And Dagger","Quick Slash"],"picked":"After Image","floor":55}],"player_experience":3159915,"relics_obtained":[{"floor":7.0,"key":"Mercury Hourglass"},{"floor":9.0,"key":"MawBank"},{"floor":13.0,"key":"Art of War"},{"floor":23.0,"key":"Snake Skull"},{"floor":26.0,"key":"Smiling Mask"},{"floor":29.0,"key":"Mummified Hand"},{"floor":41,"key":"Paper Crane"},{"floor":41,"key":"Strawberry"},{"floor":47,"key":"Turnip"},{"floor":48,"key":"Anchor"},{"floor":48,"key":"War Paint"},{"floor":55,"key":"Bronze Scales"},{"floor":55,"key":"Dodecahedron"}],"event_choices":[{"damage_healed":0.0,"max_hp_gain":0.0,"max_hp_loss":0.0,"gold_gain":0.0,"event_name":"Shining Light","player_choice":"Entered Light","floor":2.0,"gold_loss":0.0,"damage_taken":18.0,"cards_upgraded":["Neutralize","Defend_G"]},{"cards_removed":["Strike_G"],"damage_healed":0.0,"max_hp_gain":0.0,"max_hp_loss":0.0,"gold_gain":0.0,"event_name":"Golden Wing","player_choice":"Card Removal","floor":8.0,"gold_loss":0.0,"damage_taken":7.0},{"damage_healed":0.0,"max_hp_gain":0.0,"max_hp_loss":0.0,"gold_gain":50.0,"event_name":"Golden Shrine","player_choice":"Pray","floor":22.0,"gold_loss":0.0,"damage_taken":0.0},{"damage_healed":0.0,"max_hp_gain":0.0,"max_hp_loss":0.0,"gold_gain":0.0,"event_name":"Mysterious Sphere","player_choice":"Ignored","floor":38.0,"gold_loss":0.0,"damage_taken":0.0},{"damage_healed":0,"gold_gain":0,"player_choice":"Fight","damage_taken":0,"max_hp_gain":0,"max_hp_loss":0,"event_name":"MindBloom","floor":47,"gold_loss":0}],"is_beta":false,"boss_relics":[{"not_picked":["White Beast Statue","Astrolabe"],"picked":"Pandora\u0027s Box"},{"not_picked":["Ring of the Serpent","Philosopher\u0027s Stone"],"picked":"Black Star"}],"items_purged_floors":[20,28,54],"is_endless":false,"potions_floor_spawned":[1,4,7,10,13,18,23,31,35,45,55],"ascension_level":20}