{"gold_per_floor":[112,112,112,187,31,31,31,74,74,74,74,74,93,434,434,530,530,554,554,218,231,247,247,293,293,347,372,372,386,110,110,110,203,203,221,101,115,115,138,169,193,193,193,232,245,268,268,283,283,283,283,283,283,5,49,49],"floor_reached":57,"playtime":7803,"items_purged":["Strike_G","Strike_G","Strike_G","Strike_G","Defend_G"],"score":2911,"play_id":"4f1a460b-5869-46b7-bcae-72b8cdf6ad7f","local_time":"20190214105048","is_ascension_mode":true,"campfire_choices":[{"data":"Neutralize","floor":6.0,"key":"SMITH"},{"data":"Venomology","floor":10.0,"key":"SMITH"},{"data":"Survivor","floor":12.0,"key":"SMITH"},{"data":"Envenom","floor":15.0,"key":"SMITH"},{"data":"Well Laid Plans","floor":23.0,"key":"SMITH"},{"data":"Footwork","floor":25.0,"key":"SMITH"},{"data":"Calculated Gamble","floor":28.0,"key":"SMITH"},{"data":"Catalyst","floor":32.0,"key":"SMITH"},{"data":"Acrobatics","floor":42.0,"key":"SMITH"},{"floor":47,"key":"RECALL"},{"data":"Burst","floor":49,"key":"SMITH"},{"data":"Venomology","floor":53,"key":"SMITH"}],"neow_cost":"NONE","seed_source_timestamp":0,"circlet_count":0,"master_deck":["AscendersBane","Defend_G","Defend_G","Defend_G","Defend_G","Survivor+1","Neutralize+1","Infinite Blades","Venomology+1","Infinite Blades","Envenom+1","After Image","Well Laid Plans+1","Footwork+1","Blur","Blur","Backflip","PiercingWail+1","Calculated Gamble+1","Catalyst+1","Ghostly","Ghostly","Ghostly","Burst+1","Tactician+1","Acrobatics+1","Venomology+1"],"special_seed":0,"relics":["Ring of the Serpent","NeowsBlessing","Golden Idol","Ginger","Old Coin","The Courier","Vajra","Regal Pillow","TheAbacus","Cursed Key","Ninja Scroll","Bottled Lightning","Snake Skull","Happy Flower"],"potions_floor_usage":[44,45,45,50,50,51,51,51,55,56,56,56,56],"damage_taken":[{"damage":0.0,"enemies":"Jaw Worm","floor":1.0,"turns":1.0},{"damage":0.0,"enemies":"Gremlin Nob","floor":8.0,"turns":2.0},{"damage":0.0,"enemies":"2 Louse","floor":13.0,"turns":2.0},{"damage":5.0,"enemies":"3 Sentries","floor":14.0,"turns":7.0},{"damage":44.0,"enemies":"Hexaghost","floor":16.0,"turns":13.0},{"damage":1.0,"enemies":"3 Byrds","floor":18.0,"turns":7.0},{"damage":1.0,"enemies":"Shell Parasite","floor":21.0,"turns":11.0},{"damage":1.0,"enemies":"Snecko","floor":22.0,"turns":9.0},{"damage":3.0,"enemies":"Centurion and Healer","floor":27.0,"turns":8.0},{"damage":3.0,"enemies":"3 Cultists","floor":29.0,"turns":7.0},{"damage":5.0,"enemies":"Collector","floor":33.0,"turns":25.0},{"damage":0.0,"enemies":"Orb Walker","floor":35.0,"turns":5.0},{"damage":0.0,"enemies":"3 Darklings","floor":37.0,"turns":14.0},{"damage":0.0,"enemies":"Jaw Worm Horde","floor":39.0,"turns":10.0},{"damage":0.0,"enemies":"Giant Head","floor":40.0,"turns":14.0},{"damage":0.0,"enemies":"Maw","floor":41.0,"turns":10.0},{"damage":2,"enemies":"Reptomancer","floor":44,"turns":7},{"damage":0,"enemies":"4 Shapes","floor":45,"turns":6},{"damage":0,"enemies":"Writhing Mass","floor":46,"turns":9},{"damage":0,"enemies":"Jaw Worm Horde","floor":48,"turns":8},{"damage":0,"enemies":"Awakened One","floor":50,"turns":32},{"damage":6,"enemies":"Time Eater","floor":51,"turns":17},{"damage":0,"enemies":"Shield and Spear","floor":55,"turns":11},{"damage":10,"enemies":"The Heart","floor":56,"turns":8}],"seed_played":"-6701354678894871977","potions_obtained":[{"floor":1.0,"key":"SneckoOil"},{"floor":13.0,"key":"Regen Potion"},{"floor":18.0,"key":"Block Potion"},{"floor":35.0,"key":"Block Potion"},{"floor":55,"key":"Weak Potion"}],"is_trial":false,"path_per_floor":["M","?","?","?","$","R","$","E","T","R","$","R","M","E","R","B",null,"M","?","$","M","M","R","T","R","T","M","R","M","$","?","R","B",null,"M","$","M","$","M","E","M","R","T","E","M","M","R","M","R","B","B",null,"R","$","E","B",null],"character_chosen":"THE_SILENT","items_purchased":["Infinite Blades","Well Laid Plans","Footwork","Blur","Blur","TheAbacus","Snake Skull"],"campfire_rested":0,"item_purchase_floors":[5,20,20,20,20,30,54],"current_hp_per_floor":[59,59,59,48,48,48,48,48,48,48,48,48,48,58,58,14,49,48,48,48,47,46,46,46,46,46,43,43,40,40,30,30,25,29,29,29,29,29,29,29,29,29,29,27,27,27,27,27,27,30,24,29,29,29,29,19],"gold":49,"neow_bonus":"THREE_ENEMY_KILL","is_prod":false,"is_daily":false,"chose_seed":false,"campfire_upgraded":11,"win_rate":0,"timestamp":1550112648,"path_taken":["M","?","?","?","$","R","?","E","T","R","$","R","M","E","R","BOSS","M","?","$","M","?","R","?","R","T","M","R","M","$","?","R","BOSS","M","$","M","$","M","E","M","R","T","E","M","M","R","M","R","BOSS","BOSS","R","$","E","BOSS"],"build_version":"2019-01-23","purchased_purges":5,"victory":true,"max_hp_per_floor":[66,66,60,60,60,60,60,60,60,60,60,60,60,60,60,60,60,60,60,60,60,60,60,60,60,60,60,60,60,60,30,30,30,30,30,30,30,30,30,30,30,30,30,30,30,30,30,30,30,30,30,30,30,30,30,30],"card_choices":[{"not_picked":["Reflex","Cloak And Dagger"],"picked":"Infinite Blades","floor":1.0},{"not_picked":["Quick Slash","PiercingWail","Backflip"],"picked":"SKIP","floor":8.0},{"not_picked":["Concentrate","Outmaneuver","Blur"],"picked":"SKIP","floor":13.0},{"not_picked":["Leg Sweep","Choke"],"picked":"Envenom","floor":14.0},{"not_picked":["Phantasmal Killer","Corpse Explosion"],"picked":"After Image","floor":16.0},{"not_picked":["Quick Slash","Outmaneuver","Slice"],"picked":"SKIP","floor":18.0},{"not_picked":["Slice","Finisher+1"],"picked":"Backflip","floor":21.0},{"not_picked":["PiercingWail+1","Dodge and Roll","Dagger Throw+1"],"picked":"SKIP","floor":22.0},{"not_picked":["Dodge and Roll","Dagger Throw+1"],"picked":"PiercingWail+1","floor":22.0},{"not_picked":["Blade Dance","Quick Slash"],"picked":"Calculated Gamble","floor":27.0},{"not_picked":["All Out Attack","Backflip"],"picked":"Catalyst","floor":29.0},{"not_picked":["Tools of the Trade","Night Terror"],"picked":"Burst","floor":33.0},{"not_picked":["Backstab+1","Choke"],"picked":"Tactician+1","floor":35.0},{"not_picked":["Finisher","Blade Dance","Quick Slash"],"picked":"SKIP","floor":37.0},{"not_picked":["Quick Slash+1","Poisoned Stab+1","Cloak And Dagger"],"picked":"SKIP","floor":39.0},{"not_picked":["Deadly Poison","Skewer+1","Infinite Blades"],"picked":"SKIP","floor":40.0},{"not_picked":["Blade Dance","Dagger Spray"],"picked":"Acrobatics","floor":41.0},{"not_picked":["Expertise+1","Prepared","Deadly Poison"],"picked":"SKIP","floor":44},{"not_picked":["Caltrops","Setup+1","Outmaneuver"],"picked":"SKIP","floor":45},{"not_picked":["Predator+1","Slice","Deadly Poison"],"picked":"SKIP","floor":46},{"not_picked":["Endless Agony","Outmaneuver"],"picked":"Venomology","floor":48},{"not_picked":["Slice","Masterful Stab","Acrobatics"],"picked":"SKIP","floor":55}],"player_experience":2706194,"relics_obtained":[{"floor":8.0,"key":"Ginger"},{"floor":14.0,"key":"Old Coin"},{"floor":19.0,"key":"The Courier"},{"floor":24.0,"key":"Vajra"},{"floor":26.0,"key":"Regal Pillow"},{"floor":40.0,"key":"Ninja Scroll"},{"floor":44,"key":"Bottled Lightning"},{"floor":55,"key":"Happy Flower"}],"event_choices":[{"damage_healed":0.0,"max_hp_gain":0.0,"max_hp_loss":0.0,"gold_gain":0.0,"cards_transformed":["Strike_G"],"event_name":"Living Wall","player_choice":"Change","floor":2.0,"gold_loss":0.0,"damage_taken":0.0,"cards_obtained":["Venomology"]},{"damage_healed":0.0,"max_hp_gain":0.0,"max_hp_loss":6.0,"gold_gain":0.0,"event_name":"Golden Idol","player_choice":"Lose Max HP","floor":3.0,"gold_loss":0.0,"damage_taken":0.0,"relics_obtained":["Golden Idol"]},{"damage_healed":0.0,"max_hp_gain":0.0,"max_hp_loss":0.0,"gold_gain":75.0,"event_name":"World of Goop","player_choice":"Gather Gold","floor":4.0,"gold_loss":0.0,"damage_taken":11.0},{"damage_healed":0.0,"max_hp_gain":0.0,"max_hp_loss":0.0,"gold_gain":0.0,"event_name":"Wheel of Change","player_choice":"Relic","floor":19.0,"gold_loss":0.0,"damage_taken":0.0},{"damage_healed":0.0,"max_hp_gain":0.0,"max_hp_loss":30.0,"gold_gain":0.0,"event_name":"Ghosts","player_choice":"Became a Ghost","floor":31.0,"gold_loss":0.0,"damage_taken":0.0,"cards_obtained":["Ghostly","Ghostly","Ghostly"]}],"is_beta":false,"boss_relics":[{"not_picked":["White Beast Statue","HoveringKite"],"picked":"Ring of the Serpent"},{"not_picked":["WristBlade","Orrery"],"picked":"Cursed Key"}],"items_purged_floors":[5,20,30,36,54],"is_endless":false,"potions_floor_spawned":[1,13,18,27,35,37,39,41,46,55],"ascension_level":20}