{"gold_per_floor":[118,138,155,155,175,175,175,100,123,23,39,52,52,85,85,183,183,201,76,76,96,146,146,177,177,177,198,198,198,217,24,24,113,113,133,149,149,0,13,13,51,111,111,111,132,132,157,172,172,172],"floor_reached":51,"playtime":1858,"items_purged":["Injury","Strike_B","Defend_B","Strike_B"],"score":1285,"play_id":"1c862c8b-1655-4218-861c-e2c21b5c529e","local_time":"20181025200512","is_ascension_mode":true,"campfire_choices":[{"data":"Dualcast","floor":6.0,"key":"SMITH"},{"data":"Defragment","floor":13.0,"key":"SMITH"},{"data":"Defend_B","floor":15.0,"key":"SMITH"},{"data":"Leap","floor":23.0,"key":"SMITH"},{"floor":25.0,"key":"REST"},{"floor":28.0,"key":"REST"},{"data":"Capacitor","floor":32.0,"key":"SMITH"},{"data":"Loop","floor":40,"key":"SMITH"},{"data":"Ghostly","floor":44,"key":"SMITH"},{"data":"Darkness","floor":49,"key":"SMITH"}],"neow_cost":"NONE","seed_source_timestamp":3110295498377,"circlet_count":0,"master_deck":["Strike_B+1","Strike_B+1","Defend_B+1","Defend_B+1","Defend_B+1","Zap+1","Dualcast+1","AscendersBane","Ball Lightning+1","Self Repair+1","Defragment+1","Echo Form+1","Leap+1","Ghostly+1","Ghostly+1","Ghostly+1","Ghostly+1","Ghostly+1","White Noise+1","Capacitor+1","Electrodynamics+1","Loop+1","Coolheaded+1","Darkness+1"],"special_seed":0,"relics":["Cracked Core","Golden Idol","War Paint","Bag of Preparation","Cursed Key","Strawberry","Coffee Dripper","Red Mask","Bronze Scales","StoneCalendar","Mark of the Bloom"],"potions_floor_usage":[50],"damage_taken":[{"damage":0.0,"enemies":"Small Slimes","floor":1.0,"turns":3.0},{"damage":2.0,"enemies":"Jaw Worm","floor":2.0,"turns":3.0},{"damage":0.0,"enemies":"2 Louse","floor":3.0,"turns":2.0},{"damage":10.0,"enemies":"Gremlin Gang","floor":5.0,"turns":2.0},{"damage":13.0,"enemies":"Lots of Slimes","floor":11.0,"turns":5.0},{"damage":0.0,"enemies":"2 Fungi Beasts","floor":12.0,"turns":3.0},{"damage":15.0,"enemies":"Lagavulin","floor":14.0,"turns":7.0},{"damage":37.0,"enemies":"Hexaghost","floor":16.0,"turns":9.0},{"damage":3.0,"enemies":"Spheric Guardian","floor":18.0,"turns":3.0},{"damage":17.0,"enemies":"Shell Parasite","floor":21.0,"turns":5.0},{"damage":52.0,"enemies":"Book of Stabbing","floor":24.0,"turns":7.0},{"damage":12.0,"enemies":"Snecko","floor":27.0,"turns":6.0},{"damage":3.0,"enemies":"Snake Plant","floor":30.0,"turns":5.0},{"damage":23,"enemies":"Champ","floor":33,"turns":9},{"damage":1,"enemies":"3 Darklings","floor":35,"turns":4},{"damage":1,"enemies":"3 Shapes","floor":36,"turns":4},{"damage":4,"enemies":"Spire Growth","floor":39,"turns":5},{"damage":24,"enemies":"Nemesis","floor":41,"turns":9},{"damage":5,"enemies":"2 Orb Walkers","floor":42,"turns":5},{"damage":5,"enemies":"Jaw Worm Horde","floor":45,"turns":4},{"damage":0,"enemies":"Writhing Mass","floor":47,"turns":6},{"damage":3,"enemies":"Maw","floor":48,"turns":6},{"damage":1,"enemies":"Time Eater","floor":50,"turns":13}],"seed_played":"-1257072110730671000","potions_obtained":[{"floor":1.0,"key":"Swift Potion"},{"floor":2.0,"key":"Explosive Potion"},{"floor":11.0,"key":"Regen Potion"},{"floor":30.0,"key":"Regen Potion"},{"floor":35,"key":"Strength Potion"}],"is_trial":false,"path_per_floor":["M","M","M","?","M","R","?","$","T","$","M","M","R","E","R","B",null,"M","$","$","M","?","R","E","R","T","M","R","?","M","$","R","B",null,"M","M","$","?","M","R","E","?","T","R","M","?","M","M","R","B"],"character_chosen":"DEFECT","items_purchased":["Capacitor"],"campfire_rested":2,"item_purchase_floors":[31],"current_hp_per_floor":[64,62,62,62,52,52,52,52,52,52,46,53,53,45,45,15,57,68,68,68,58,51,51,22,45,45,40,63,39,39,39,39,23,35,39,39,39,39,39,39,22,31,31,31,39,39,39,36,36,35],"gold":172,"neow_bonus":"UPGRADE_CARD","is_prod":false,"is_daily":false,"chose_seed":false,"campfire_upgraded":8,"win_rate":0,"timestamp":1540469112,"path_taken":["M","M","M","?","M","R","?","$","T","$","M","M","R","E","R","BOSS","M","?","$","M","?","R","E","R","T","M","R","?","?","?","R","BOSS","M","?","$","?","M","R","E","?","T","R","M","?","M","M","R","BOSS"],"build_version":"2018-10-18","purchased_purges":4,"victory":true,"max_hp_per_floor":[71,71,71,71,71,71,71,71,71,71,71,71,71,71,71,71,71,71,71,71,71,71,71,78,78,78,78,78,39,39,39,39,39,39,39,39,39,39,39,39,39,39,39,39,39,39,39,39,39,39],"card_choices":[{"not_picked":["Stack","Reprogram"],"picked":"Ball Lightning","floor":1.0},{"not_picked":["Rebound","Sweeping Beam","Redo"],"picked":"SKIP","floor":2.0},{"not_picked":["Redo","Reprogram","Thunder Strike"],"picked":"SKIP","floor":3.0},{"not_picked":["Rebound","Genetic Algorithm"],"picked":"Self Repair","floor":5.0},{"not_picked":["FTL","Compile Driver","Turbo"],"picked":"SKIP","floor":11.0},{"not_picked":["Conserve Battery","Chaos"],"picked":"Defragment","floor":12.0},{"not_picked":["Turbo","Steam","Tempest"],"picked":"SKIP","floor":14.0},{"not_picked":["Reboot","Seek"],"picked":"Echo Form","floor":16.0},{"not_picked":["Barrage","Rebound"],"picked":"Leap","floor":18.0},{"not_picked":["Rip and Tear","Compile Driver","Barrage"],"picked":"SKIP","floor":21.0},{"not_picked":["Steam","All For One","Stack"],"picked":"SKIP","floor":24.0},{"not_picked":["Reprogram","Rebound+1","Force Field"],"picked":"SKIP","floor":27.0},{"not_picked":["Doom and Gloom","Beam Cell"],"picked":"White Noise","floor":30.0},{"not_picked":["Buffer","Fission"],"picked":"Electrodynamics","floor":33},{"not_picked":["Ball Lightning","Reprogram","Heatsinks"],"picked":"SKIP","floor":35},{"not_picked":["Go for the Eyes","Cold Snap"],"picked":"Loop","floor":36},{"not_picked":["Leap","Melter","FTL"],"picked":"SKIP","floor":39},{"not_picked":["Fusion","Ball Lightning","Compile Driver"],"picked":"SKIP","floor":41},{"not_picked":["Rip and Tear+1","Barrage"],"picked":"Coolheaded","floor":45},{"not_picked":["Redo+1","Fission"],"picked":"Darkness","floor":47},{"not_picked":["Stack","Redo","Storm+1"],"picked":"SKIP","floor":48}],"player_experience":639230,"relics_obtained":[{"floor":9.0,"key":"War Paint"},{"floor":14.0,"key":"Bag of Preparation"},{"floor":24.0,"key":"Strawberry"},{"floor":41,"key":"Bronze Scales"},{"floor":42,"key":"StoneCalendar"}],"event_choices":[{"damage_healed":0.0,"max_hp_gain":0.0,"max_hp_loss":0.0,"gold_gain":0.0,"event_name":"Shining Light","player_choice":"Ignored","floor":4.0,"gold_loss":0.0,"damage_taken":0.0},{"damage_healed":0.0,"max_hp_gain":0.0,"max_hp_loss":0.0,"gold_gain":0.0,"event_name":"Golden Idol","player_choice":"Take Wound","floor":7.0,"gold_loss":0.0,"damage_taken":0.0,"relics_obtained":["Golden Idol"],"cards_obtained":["Injury"]},{"damage_healed":0.0,"max_hp_gain":0.0,"max_hp_loss":0.0,"gold_gain":50.0,"event_name":"FaceTrader","player_choice":"Touch","floor":22.0,"gold_loss":0.0,"damage_taken":7.0},{"damage_healed":0.0,"max_hp_gain":0.0,"max_hp_loss":39.0,"gold_gain":0.0,"event_name":"Ghosts","player_choice":"Became a Ghost","floor":29.0,"gold_loss":0.0,"damage_taken":0.0,"cards_obtained":["Ghostly","Ghostly","Ghostly","Ghostly","Ghostly"]},{"damage_healed":0,"gold_gain":0,"player_choice":"Paid","damage_taken":0,"relics_obtained":["Red Mask"],"max_hp_gain":0,"max_hp_loss":0,"event_name":"Tomb of Lord Red Mask","floor":38,"gold_loss":149},{"damage_healed":0,"gold_gain":0,"player_choice":"Fight","damage_taken":0,"max_hp_gain":0,"max_hp_loss":0,"event_name":"Mysterious Sphere","floor":42,"gold_loss":0},{"damage_healed":0,"gold_gain":0,"player_choice":"Upgrade","damage_taken":0,"relics_obtained":["Mark of the Bloom"],"max_hp_gain":0,"max_hp_loss":0,"event_name":"MindBloom","floor":46,"gold_loss":0,"cards_upgraded":["Strike_B","Strike_B","Ball Lightning","Self Repair","Echo Form","Ghostly","Ghostly","Ghostly","Ghostly","White Noise","Electrodynamics","Coolheaded"]}],"is_beta":false,"boss_relics":[{"not_picked":["Calling Bell","Sozu"],"picked":"Cursed Key"},{"not_picked":["Snecko Eye","Lizard Tail"],"picked":"Coffee Dripper"}],"items_purged_floors":[8,10,19,31],"is_endless":false,"potions_floor_spawned":[1,2,11,14,30,35,41,42],"ascension_level":16}