{"gold_per_floor":[20,33,33,51,71,71,71,71,71,100,100,134,134,149,149,239,239,193,193,216,234,258,258,258,258,258,183,218,118,118,153,153,243,243,259,592,592,612,629,654,654,682,708,734,734,748,748,762,762,762,762,762,762,49,79,79],"floor_reached":57,"playtime":3236,"items_purged":["Strike_G","Strike_G","Strike_G"],"score":3526,"play_id":"039121ac-7fa5-4b10-a4ca-cd2f2a3943a0","local_time":"20190511144047","is_ascension_mode":true,"campfire_choices":[{"data":"Well Laid Plans","floor":6.0,"key":"SMITH"},{"data":"Finisher","floor":8.0,"key":"SMITH"},{"data":"Neutralize","floor":11.0,"key":"SMITH"},{"data":"Concentrate","floor":15.0,"key":"SMITH"},{"data":"Acrobatics","floor":23.0,"key":"SMITH"},{"data":"Acrobatics","floor":25.0,"key":"SMITH"},{"data":"Expertise","floor":32.0,"key":"SMITH"},{"data":"Tactician","floor":45.0,"key":"SMITH"},{"floor":49.0,"key":"RECALL"},{"data":"Wraith Form v2","floor":53.0,"key":"SMITH"}],"neow_cost":"NO_GOLD","seed_source_timestamp":4106980224884,"circlet_count":0,"master_deck":["AscendersBane","Defend_G","Defend_G","Defend_G","Defend_G","Defend_G","Strike_G","Survivor","Neutralize+1","After Image","Footwork","Well Laid Plans+1","Finisher+1","Concentrate+1","Grand Finale","Wraith Form v2+1","Acrobatics+1","Acrobatics+1","Masterful Stab","Tactician+1","Expertise+1","Acrobatics+1","Bandage Up","Prepared+1"],"special_seed":0,"relics":["Ring of the Snake","Blue Candle","Orichalcum","Oddly Smooth Stone","Coffee Dripper","Dodecahedron","Happy Flower","Boot","Pantograph","Centennial Puzzle","Potion Belt","Letter Opener","TheAbacus","Lantern","Bronze Scales"],"potions_floor_usage":[56,56,56,56],"damage_taken":[{"damage":0.0,"enemies":"Jaw Worm","floor":1.0,"turns":6.0},{"damage":0.0,"enemies":"Small Slimes","floor":2.0,"turns":5.0},{"damage":4.0,"enemies":"2 Louse","floor":4.0,"turns":3.0},{"damage":6.0,"enemies":"Exordium Wildlife","floor":5.0,"turns":5.0},{"damage":0.0,"enemies":"Lagavulin","floor":10.0,"turns":9.0},{"damage":10.0,"enemies":"3 Sentries","floor":12.0,"turns":8.0},{"damage":0.0,"enemies":"Blue Slaver","floor":14.0,"turns":6.0},{"damage":4.0,"enemies":"The Guardian","floor":16.0,"turns":15.0},{"damage":0.0,"enemies":"2 Thieves","floor":18.0,"turns":5.0},{"damage":10.0,"enemies":"Chosen","floor":20.0,"turns":8.0},{"damage":5.0,"enemies":"Sentry and Sphere","floor":21.0,"turns":5.0},{"damage":0.0,"enemies":"Snecko","floor":22.0,"turns":6.0},{"damage":0.0,"enemies":"Book of Stabbing","floor":28.0,"turns":6.0},{"damage":3.0,"enemies":"Slavers","floor":31.0,"turns":5.0},{"damage":0.0,"enemies":"Champ","floor":33.0,"turns":7.0},{"damage":1.0,"enemies":"Orb Walker","floor":35.0,"turns":4.0},{"damage":0.0,"enemies":"3 Darklings","floor":38.0,"turns":3.0},{"damage":0.0,"enemies":"Sphere and 2 Shapes","floor":39.0,"turns":3.0},{"damage":0.0,"enemies":"Giant Head","floor":40.0,"turns":5.0},{"damage":0.0,"enemies":"Reptomancer","floor":42.0,"turns":3.0},{"damage":0.0,"enemies":"Giant Head","floor":44.0,"turns":3.0},{"damage":0.0,"enemies":"Writhing Mass","floor":46.0,"turns":3.0},{"damage":0.0,"enemies":"4 Shapes","floor":48.0,"turns":1.0},{"damage":35.0,"enemies":"Time Eater","floor":50.0,"turns":11.0},{"damage":1.0,"enemies":"Donu and Deca","floor":51.0,"turns":3.0},{"damage":0.0,"enemies":"Shield and Spear","floor":55.0,"turns":3.0},{"damage":2,"enemies":"The Heart","floor":56,"turns":7}],"seed_played":"7163337321776229280","potions_obtained":[{"floor":1.0,"key":"Ancient Potion"},{"floor":4.0,"key":"PowerPotion"},{"floor":5.0,"key":"Block Potion"},{"floor":12.0,"key":"GamblersBrew"},{"floor":21.0,"key":"LiquidBronze"},{"floor":22.0,"key":"GamblersBrew"},{"floor":33.0,"key":"SkillPotion"},{"floor":39.0,"key":"EssenceOfSteel"},{"floor":40.0,"key":"GhostInAJar"},{"floor":46.0,"key":"LiquidBronze"}],"is_trial":false,"path_per_floor":["M","M","?","M","M","R","?","R","T","E","R","E","?","M","R","B",null,"M","?","M","M","M","R","?","R","T","$","E","$","?","E","R","B",null,"M","?","?","M","M","E","?","E","T","E","R","M","?","M","R","B","B",null,"R","$","E","B",null],"character_chosen":"THE_SILENT","items_purchased":["TheAbacus","GhostInAJar","Lantern","PowerPotion","FearPotion"],"campfire_rested":0,"item_purchase_floors":[54,54,54,54,54],"current_hp_per_floor":[59,59,59,55,49,49,49,49,49,49,49,39,39,39,39,35,54,54,54,44,39,39,39,39,39,39,39,39,39,39,36,36,36,54,53,53,53,57,60,60,57,57,57,57,57,57,57,57,57,26,54,56,56,56,57,55],"gold":79,"neow_bonus":"THREE_RARE_CARDS","is_prod":false,"is_daily":false,"chose_seed":false,"campfire_upgraded":9,"win_rate":0,"timestamp":1557556847,"path_taken":["M","M","?","M","M","R","?","R","T","E","R","E","?","M","R","BOSS","M","?","M","M","M","R","?","R","T","$","E","$","?","E","R","BOSS","M","?","?","M","M","E","?","E","T","E","R","M","?","?","R","BOSS","BOSS","R","$","E","BOSS"],"build_version":"2019-01-23","purchased_purges":3,"victory":true,"max_hp_per_floor":[66,66,66,66,66,66,66,66,66,66,66,66,60,60,60,60,60,60,60,60,60,60,60,60,60,60,60,60,60,60,60,60,60,60,60,60,60,60,60,60,57,57,57,57,57,57,57,57,57,57,57,57,57,57,57,57],"card_choices":[{"not_picked":["Envenom","Malaise"],"picked":"After Image","floor":0.0},{"not_picked":["Dodge and Roll","Quick Slash"],"picked":"Concentrate","floor":1.0},{"not_picked":["Distraction","All Out Attack"],"picked":"Footwork","floor":2.0},{"not_picked":["Sucker Punch","Escape Plan"],"picked":"Finisher","floor":4.0},{"not_picked":["Setup","Deflect"],"picked":"Dagger Throw","floor":5.0},{"not_picked":["Flying Knee","Slice"],"picked":"Concentrate","floor":10.0},{"not_picked":["Well Laid Plans","Flying Knee"],"picked":"Grand Finale","floor":12.0},{"not_picked":["Dagger Spray","Underhanded Strike","Cloak And Dagger"],"picked":"SKIP","floor":14.0},{"not_picked":["Die Die Die","Venomology"],"picked":"Wraith Form v2","floor":16.0},{"not_picked":["PiercingWail","Cloak And Dagger","Sucker Punch+1"],"picked":"SKIP","floor":18.0},{"not_picked":["PiercingWail","Cloak And Dagger","Sucker Punch+1"],"picked":"SKIP","floor":18.0},{"not_picked":["Dagger Throw","Prepared"],"picked":"Acrobatics","floor":20.0},{"not_picked":["Sucker Punch","Deflect"],"picked":"Acrobatics","floor":21.0},{"not_picked":["Footwork","Flying Knee","Endless Agony+1"],"picked":"SKIP","floor":22.0},{"not_picked":["Dodge and Roll","Catalyst","Phantasmal Killer"],"picked":"SKIP","floor":28.0},{"not_picked":["Flying Knee","Deflect","Prepared"],"picked":"SKIP","floor":31.0},{"not_picked":["Deflect","Sucker Punch"],"picked":"Acrobatics+1","floor":35.0},{"not_picked":["Finesse","Mayhem"],"picked":"Bandage Up","floor":37.0},{"not_picked":["Sucker Punch","PiercingWail+1","Outmaneuver"],"picked":"SKIP","floor":38.0},{"not_picked":["Footwork","Bane+1","Deadly Poison"],"picked":"SKIP","floor":39.0},{"not_picked":["Poisoned Stab","Backflip","Cloak And Dagger"],"picked":"SKIP","floor":40.0},{"not_picked":["Dagger Throw","Bane","Cloak And Dagger+1"],"picked":"SKIP","floor":42.0},{"not_picked":["Deflect","Noxious Fumes","Acrobatics"],"picked":"SKIP","floor":44.0},{"not_picked":["Sucker Punch","Underhanded Strike"],"picked":"Prepared+1","floor":46.0},{"not_picked":["Cloak And Dagger+1","Setup","Deadly Poison"],"picked":"SKIP","floor":48.0},{"not_picked":["PiercingWail","Venomology","Poisoned Stab"],"picked":"SKIP","floor":55.0}],"player_experience":4691707,"relics_obtained":[{"floor":10.0,"key":"Orichalcum"},{"floor":12.0,"key":"Oddly Smooth Stone"},{"floor":26.0,"key":"Dodecahedron"},{"floor":28.0,"key":"Happy Flower"},{"floor":31.0,"key":"Boot"},{"floor":40.0,"key":"Pantograph"},{"floor":42.0,"key":"Centennial Puzzle"},{"floor":43.0,"key":"Potion Belt"},{"floor":44.0,"key":"Letter Opener"},{"floor":55.0,"key":"Bronze Scales"}],"event_choices":[{"damage_healed":0.0,"max_hp_gain":0.0,"max_hp_loss":0.0,"gold_gain":0.0,"cards_transformed":["Concentrate"],"event_name":"Living Wall","player_choice":"Change","floor":3.0,"gold_loss":0.0,"damage_taken":0.0,"cards_obtained":["Well Laid Plans"]},{"damage_healed":0.0,"max_hp_gain":0.0,"max_hp_loss":0.0,"gold_gain":0.0,"event_name":"Dead Adventurer","player_choice":"Searched \u00271\u0027 times","floor":7.0,"gold_loss":0.0,"damage_taken":0.0,"relics_obtained":["Blue Candle"]},{"damage_healed":0.0,"max_hp_gain":0.0,"max_hp_loss":6.0,"gold_gain":0.0,"event_name":"Golden Idol","player_choice":"Lose Max HP","floor":13.0,"gold_loss":0.0,"damage_taken":0.0,"relics_obtained":["Golden Idol"]},{"damage_healed":0.0,"max_hp_gain":0.0,"max_hp_loss":0.0,"gold_gain":0.0,"event_name":"The Mausoleum","player_choice":"Ignored","floor":19.0,"gold_loss":0.0,"damage_taken":0.0},{"damage_healed":0.0,"max_hp_gain":0.0,"max_hp_loss":0.0,"gold_gain":0.0,"cards_transformed":["Strike_G","Dagger Throw"],"event_name":"Drug Dealer","player_choice":"Became Test Subject","floor":24.0,"gold_loss":0.0,"damage_taken":0.0,"cards_obtained":["Masterful Stab","Tactician"]},{"damage_healed":0.0,"max_hp_gain":0.0,"max_hp_loss":0.0,"gold_gain":0.0,"event_name":"The Library","player_choice":"Read","floor":30.0,"gold_loss":0.0,"damage_taken":0.0,"cards_obtained":["Expertise"]},{"damage_healed":0.0,"max_hp_gain":0.0,"max_hp_loss":0.0,"gold_gain":333.0,"event_name":"The Moai Head","player_choice":"Gave Idol","floor":36.0,"relics_lost":["Golden Idol"],"gold_loss":0.0,"damage_taken":0.0},{"damage_healed":0.0,"max_hp_gain":0.0,"max_hp_loss":0.0,"gold_gain":0.0,"event_name":"SensoryStone","player_choice":"Memory 1","floor":37.0,"gold_loss":0.0,"damage_taken":0.0},{"damage_healed":0.0,"max_hp_gain":0.0,"max_hp_loss":3.0,"gold_gain":0.0,"event_name":"Winding Halls","player_choice":"Max HP","floor":41.0,"gold_loss":0.0,"damage_taken":0.0},{"damage_healed":0.0,"max_hp_gain":0.0,"max_hp_loss":0.0,"gold_gain":0.0,"event_name":"Tomb of Lord Red Mask","player_choice":"Ignored","floor":47.0,"gold_loss":0.0,"damage_taken":0.0}],"is_beta":false,"boss_relics":[{"not_picked":["Calling Bell","Ectoplasm"],"picked":"Coffee Dripper"},{"not_picked":["Ring of the Serpent","Runic Dome","Busted Crown"]}],"items_purged_floors":[27,29,54],"is_endless":false,"potions_floor_spawned":[1,4,5,12,21,22,33,35,39,40,46],"ascension_level":20}