{"gold_per_floor":[112,112,123,137,137,137,176,90,140,153,153,153,193,207,207,297,297,320,338,21,21,21,21,65,65,133,176,101,101,121,162,162,255,255,275,325,339,364,47,85,85,121,167,201,151,201,501,501,501,501,501,501,501,32,71,71],"floor_reached":57,"playtime":4078,"items_purged":["Strike_B","Strike_B","Pain","Ball Lightning"],"score":3229,"play_id":"84708a04-0a35-4601-bb0f-5fdb75bf1460","local_time":"20190701220843","is_ascension_mode":true,"campfire_choices":[{"data":"Zap","floor":6.0,"key":"SMITH"},{"data":"Capacitor","floor":12.0,"key":"SMITH"},{"data":"Hologram","floor":15.0,"key":"SMITH"},{"data":"Defragment","floor":23.0,"key":"SMITH"},{"floor":25.0,"key":"REST"},{"floor":32.0,"key":"REST"},{"floor":41.0,"key":"REST"},{"floor":49,"key":"RECALL"},{"data":"Biased Cognition","floor":53,"key":"SMITH"}],"neow_cost":"NONE","seed_source_timestamp":0,"circlet_count":0,"master_deck":["AscendersBane","Defend_B","Defend_B","Defend_B","Defend_B","Zap+1","Dualcast","Chill","Undo","Rebound","Capacitor+1","Glacier","Hologram+1","Biased Cognition+1","Defragment+1","Undo+1","Fission+1","Defragment+1","Reprogram+1","Core Surge+1","Defragment+1","Coolheaded+1","Chaos+1","Core Surge+1","Darkness+1","Coolheaded+1","Multi-Cast+1"],"special_seed":0,"relics":["FrozenCore","Golden Idol","Smiling Mask","Art of War","Symbiotic Virus","Bronze Scales","Toxic Egg 2","Molten Egg 2","Cables","Juzu Bracelet","Letter Opener","Question Card","Cursed Key","Runic Capacitor","Kunai","Nunchaku","Orichalcum","Bottled Lightning","Bag of Marbles"],"potions_floor_usage":[51],"damage_taken":[{"damage":0.0,"enemies":"Cultist","floor":1.0,"turns":4.0},{"damage":7.0,"enemies":"Jaw Worm","floor":3.0,"turns":4.0},{"damage":0.0,"enemies":"2 Louse","floor":4.0,"turns":2.0},{"damage":1.0,"enemies":"3 Sentries","floor":7.0,"turns":8.0},{"damage":8.0,"enemies":"Blue Slaver","floor":10.0,"turns":4.0},{"damage":4.0,"enemies":"Lagavulin","floor":13.0,"turns":6.0},{"damage":0.0,"enemies":"Exordium Wildlife","floor":14.0,"turns":4.0},{"damage":20.0,"enemies":"Slime Boss","floor":16.0,"turns":10.0},{"damage":20.0,"enemies":"2 Thieves","floor":18.0,"turns":4.0},{"damage":0.0,"enemies":"Spheric Guardian","floor":19.0,"turns":4.0},{"damage":1.0,"enemies":"Book of Stabbing","floor":24.0,"turns":5.0},{"damage":16.0,"enemies":"Slavers","floor":27.0,"turns":5.0},{"damage":0.0,"enemies":"Chosen and Byrds","floor":30.0,"turns":5.0},{"damage":1.0,"enemies":"Gremlin Leader","floor":31.0,"turns":6.0},{"damage":0.0,"enemies":"Automaton","floor":33.0,"turns":11.0},{"damage":0.0,"enemies":"3 Shapes","floor":35.0,"turns":3.0},{"damage":0.0,"enemies":"3 Darklings","floor":37.0,"turns":5.0},{"damage":19.0,"enemies":"Spire Growth","floor":38.0,"turns":6.0},{"damage":1.0,"enemies":"Nemesis","floor":40.0,"turns":5.0},{"damage":0.0,"enemies":"Giant Head","floor":42.0,"turns":8.0},{"damage":18.0,"enemies":"Nemesis","floor":44.0,"turns":7.0},{"damage":0,"enemies":"Awakened One","floor":50,"turns":9},{"damage":0,"enemies":"Donu and Deca","floor":51,"turns":8},{"damage":34,"enemies":"Shield and Spear","floor":55,"turns":9},{"damage":19,"enemies":"The Heart","floor":56,"turns":11}],"seed_played":"-1761444615210668829","potions_obtained":[{"floor":1.0,"key":"Poison Potion"},{"floor":4.0,"key":"Fire Potion"},{"floor":7.0,"key":"Regen Potion"},{"floor":14.0,"key":"Energy Potion"},{"floor":16.0,"key":"SkillPotion"},{"floor":18.0,"key":"SmokeBomb"},{"floor":27.0,"key":"Fire Potion"},{"floor":31.0,"key":"Ancient Potion"},{"floor":33.0,"key":"Strength Potion"},{"floor":37.0,"key":"AttackPotion"},{"floor":44.0,"key":"Block Potion"}],"is_trial":false,"path_per_floor":["M","?","M","M","?","R","E","$","T","M","T","R","E","M","R","B",null,"M","M","$","?","$","R","E","R","T","E","?","T","M","E","R","B",null,"M","?","M","M","$","E","R","E","T","E","$","?","?","T","R","B","B",null,"R","$","E","B",null],"character_chosen":"DEFECT","items_purchased":["Capacitor","Toxic Egg 2","Runic Capacitor","Chaos+1","Multi-Cast+1","Bottled Lightning"],"campfire_rested":3,"item_purchase_floors":[8,20,39,39,54,54],"current_hp_per_floor":[71,71,64,64,64,64,63,63,63,67,67,67,63,63,63,43,64,44,44,44,44,44,44,43,64,64,48,48,48,48,47,68,68,70,70,63,63,44,44,43,64,64,64,46,46,46,46,46,46,46,46,65,65,65,31,12],"gold":71,"neow_bonus":"TEN_PERCENT_HP_BONUS","is_prod":false,"is_daily":false,"chose_seed":false,"campfire_upgraded":5,"win_rate":0,"timestamp":1562011723,"path_taken":["M","?","?","M","?","R","E","$","T","M","?","R","E","M","R","BOSS","M","?","$","?","$","R","E","R","T","E","?","?","M","E","R","BOSS","M","?","M","M","?","E","R","E","T","E","$","?","?","?","R","BOSS","BOSS","R","$","E","BOSS"],"build_version":"2019-01-23","purchased_purges":4,"victory":true,"max_hp_per_floor":[78,78,78,78,71,71,71,71,71,71,71,71,71,71,71,71,71,71,71,71,71,71,71,71,71,71,71,71,71,71,71,71,71,71,71,71,71,71,71,71,71,71,71,71,71,71,71,71,71,71,71,71,71,71,71,71],"card_choices":[{"not_picked":["Go for the Eyes","Coolheaded"],"picked":"Chill","floor":1.0},{"not_picked":["Steam","Lockon"],"picked":"Streamline","floor":3.0},{"not_picked":["Blizzard","Streamline"],"picked":"Rebound","floor":4.0},{"not_picked":["Leap","Reinforced Body"],"picked":"Ball Lightning","floor":7.0},{"not_picked":["BootSequence","Genetic Algorithm"],"picked":"Glacier","floor":10.0},{"not_picked":["Turbo","Leap","Rebound"],"picked":"SKIP","floor":13.0},{"not_picked":["Turbo","Leap","Rebound"],"picked":"SKIP","floor":13.0},{"not_picked":["Rebound","Sunder"],"picked":"Hologram","floor":14.0},{"not_picked":["Multi-Cast","Reboot"],"picked":"Biased Cognition","floor":16.0},{"not_picked":["Stack","Fusion"],"picked":"Defragment+1","floor":18.0},{"not_picked":["Steam Power","FTL"],"picked":"Undo+1","floor":19.0},{"not_picked":["Beam Cell","Rebound","Chill+1"],"picked":"SKIP","floor":24.0},{"not_picked":["Storm","Tempest+1","Meteor Strike+1"],"picked":"SKIP","floor":27.0},{"not_picked":["Storm","Tempest+1","Meteor Strike+1"],"picked":"SKIP","floor":27.0},{"not_picked":["Storm","Tempest+1","Meteor Strike+1"],"picked":"SKIP","floor":27.0},{"not_picked":["Heatsinks","Gash+1"],"picked":"Reprogram+1","floor":30.0},{"not_picked":["Reprogram+1","Cold Snap+1","Compile Driver+1"],"picked":"SKIP","floor":31.0},{"not_picked":["Reboot+1","Hyperbeam+1","Rainbow+1"],"picked":"Core Surge+1","floor":33.0},{"not_picked":["Beam Cell+1","Hologram+1","Compile Driver+1"],"picked":"Defragment+1","floor":35.0},{"not_picked":["Rebound+1","Streamline+1","Rip and Tear+1","Steam+1"],"picked":"SKIP","floor":37.0},{"not_picked":["Barrage+1","Amplify+1","Genetic Algorithm+1"],"picked":"Coolheaded+1","floor":38.0},{"not_picked":["Loop","Hello World+1","Glacier+1"],"picked":"Core Surge+1","floor":40.0},{"not_picked":["Glacier+1","Gash+1","Cold Snap+1"],"picked":"Darkness+1","floor":42.0},{"not_picked":["White Noise+1","Skim+1","All For One+1"],"picked":"Coolheaded+1","floor":44.0},{"not_picked":["Barrage+1","Compile Driver+1","Rebound+1","Redo+1"],"picked":"SKIP","floor":55}],"player_experience":659526,"relics_obtained":[{"floor":7.0,"key":"Smiling Mask"},{"floor":9.0,"key":"Art of War"},{"floor":11.0,"key":"Symbiotic Virus"},{"floor":13.0,"key":"Bronze Scales"},{"floor":24.0,"key":"Molten Egg 2"},{"floor":26.0,"key":"Cables"},{"floor":27.0,"key":"Juzu Bracelet"},{"floor":29.0,"key":"Letter Opener"},{"floor":31.0,"key":"Question Card"},{"floor":40.0,"key":"Kunai"},{"floor":42.0,"key":"Nunchaku"},{"floor":44.0,"key":"Orichalcum"},{"floor":55,"key":"Bag of Marbles"}],"event_choices":[{"damage_healed":0.0,"max_hp_gain":0.0,"max_hp_loss":0.0,"gold_gain":0.0,"event_name":"Match and Keep!","player_choice":"1 cards matched","floor":2.0,"gold_loss":0.0,"damage_taken":0.0,"cards_obtained":["Undo"]},{"damage_healed":0.0,"max_hp_gain":0.0,"max_hp_loss":7.0,"gold_gain":0.0,"event_name":"Golden Idol","player_choice":"Lose Max HP","floor":5.0,"gold_loss":0.0,"damage_taken":0.0,"relics_obtained":["Golden Idol"]},{"damage_healed":0.0,"max_hp_gain":0.0,"max_hp_loss":0.0,"gold_gain":0.0,"cards_transformed":["Strike_B","Strike_B"],"event_name":"Drug Dealer","player_choice":"Became Test Subject","floor":21.0,"gold_loss":0.0,"damage_taken":0.0,"cards_obtained":["Fission","Defragment"]},{"cards_removed":["Streamline"],"damage_healed":0.0,"max_hp_gain":0.0,"max_hp_loss":0.0,"gold_gain":0.0,"event_name":"Beggar","player_choice":"Gave Gold","floor":28.0,"gold_loss":75.0,"damage_taken":0.0},{"damage_healed":0.0,"max_hp_gain":0.0,"max_hp_loss":0.0,"gold_gain":50.0,"event_name":"FaceTrader","player_choice":"Touch","floor":36.0,"gold_loss":0.0,"damage_taken":7.0},{"damage_healed":0,"gold_gain":50,"player_choice":"Pray","damage_taken":0,"max_hp_gain":0,"max_hp_loss":0,"event_name":"Golden Shrine","floor":46,"gold_loss":0},{"damage_healed":0,"gold_gain":300,"player_choice":"Gold","damage_taken":0,"max_hp_gain":0,"max_hp_loss":0,"event_name":"Wheel of Change","floor":47,"gold_loss":0}],"is_beta":false,"boss_relics":[{"not_picked":["White Beast Statue","Calling Bell"],"picked":"FrozenCore"},{"not_picked":["Tiny House","Eternal Feather"],"picked":"Cursed Key"}],"items_purged_floors":[8,20,45,54],"is_endless":false,"potions_floor_spawned":[1,4,7,14,16,18,27,31,33,37,44],"ascension_level":20}