{"gold_per_floor":[114,114,114,114,128,128,144,144,195,195,195,195,215,231,231,310,310,321,336,261,15,34,34,63,81,381,381,398,398,429,491,503,589,601,630,652,664,676,688,700,723,735,747,759,816,828,940,977,989,1001,1013,1025,1037,83,113,113],"floor_reached":57,"playtime":4136,"items_purged":["Compile Driver","Streamline+1"],"score":2787,"play_id":"e4cf09b6-8896-4527-a66d-e93f65f12d9b","local_time":"20190507162137","is_ascension_mode":true,"campfire_choices":[{"data":"Streamline","floor":6.0,"key":"SMITH"},{"data":"Coolheaded","floor":8.0,"key":"SMITH"},{"data":"Zap","floor":10.0,"key":"SMITH"},{"data":"Dualcast","floor":12.0,"key":"SMITH"},{"data":"Biased Cognition","floor":15.0,"key":"SMITH"},{"data":"Coolheaded","floor":23.0,"key":"SMITH"},{"data":"Recycle","floor":27.0,"key":"SMITH"},{"data":"Turbo","floor":29.0,"key":"SMITH"},{"data":"Recycle","floor":32.0,"key":"SMITH"},{"floor":40.0,"key":"RECALL"},{"floor":42.0,"key":"REST"},{"data":"Impatience","floor":46.0,"key":"SMITH"},{"data":"Electrodynamics","floor":49.0,"key":"SMITH"},{"data":"Echo Form","floor":53.0,"key":"SMITH"}],"neow_cost":"NONE","seed_source_timestamp":13889647750528,"circlet_count":0,"master_deck":["AscendersBane","Zap+1","Dualcast+1","Auto Shields+1","Coolheaded+1","Coolheaded+1","Biased Cognition+1","Echo Form+1","Electrodynamics+1","Recycle+1","Conserve Battery+1","Core Surge","Self Repair","Chill","Turbo+1","Creative AI","Recycle+1","Creative AI","Tempest+1","Consume+1","Impatience+1","Glacier"],"special_seed":0,"relics":["Inserter","Regal Pillow","Blood Vial","Pandora\u0027s Box","War Paint","Vajra","Old Coin","MawBank","Sozu","Bird Faced Urn","Girya","Sundial","Mummified Hand","ClockworkSouvenir","Bottled Lightning","Pantograph"],"potions_floor_usage":[56],"damage_taken":[{"damage":14.0,"enemies":"Jaw Worm","floor":1.0,"turns":5.0},{"damage":0.0,"enemies":"2 Louse","floor":5.0,"turns":2.0},{"damage":3.0,"enemies":"Small Slimes","floor":7.0,"turns":3.0},{"damage":3.0,"enemies":"Blue Slaver","floor":13.0,"turns":4.0},{"damage":7.0,"enemies":"Large Slime","floor":14.0,"turns":5.0},{"damage":14.0,"enemies":"Hexaghost","floor":16.0,"turns":11.0},{"damage":13.0,"enemies":"Shell Parasite","floor":18.0,"turns":4.0},{"damage":7.0,"enemies":"2 Thieves","floor":19.0,"turns":3.0},{"damage":4.0,"enemies":"3 Cultists","floor":22.0,"turns":4.0},{"damage":0.0,"enemies":"Gremlin Leader","floor":24.0,"turns":4.0},{"damage":11.0,"enemies":"Centurion and Healer","floor":25.0,"turns":5.0},{"damage":8.0,"enemies":"Chosen and Byrds","floor":28.0,"turns":5.0},{"damage":4.0,"enemies":"Book of Stabbing","floor":30.0,"turns":5.0},{"damage":23.0,"enemies":"Collector","floor":33.0,"turns":7.0},{"damage":0.0,"enemies":"3 Darklings","floor":35.0,"turns":4.0},{"damage":4.0,"enemies":"Orb Walker","floor":36.0,"turns":3.0},{"damage":47.0,"enemies":"4 Shapes","floor":41.0,"turns":3.0},{"damage":24.0,"enemies":"2 Orb Walkers","floor":45.0,"turns":4.0},{"damage":12.0,"enemies":"Mind Bloom Boss Battle","floor":47.0,"turns":7.0},{"damage":0.0,"enemies":"Giant Head","floor":48.0,"turns":6.0},{"damage":0.0,"enemies":"Donu and Deca","floor":50.0,"turns":8.0},{"damage":61.0,"enemies":"Time Eater","floor":51.0,"turns":15.0},{"damage":49,"enemies":"Shield and Spear","floor":55,"turns":6},{"damage":55,"enemies":"The Heart","floor":56,"turns":8}],"seed_played":"-6731965341920052217","potions_obtained":[{"floor":1.0,"key":"Strength Potion"},{"floor":7.0,"key":"Strength Potion"},{"floor":18.0,"key":"Block Potion"},{"floor":25.0,"key":"AttackPotion"},{"floor":30.0,"key":"SteroidPotion"}],"is_trial":false,"path_per_floor":["M","?","?","?","M","R","M","R","T","R","?","R","M","M","R","B",null,"M","M","?","$","M","R","E","M","T","R","M","R","E","?","R","B",null,"M","M","?","?","?","R","M","R","T","?","?","R","?","E","R","B","B",null,"R","$","E","B",null],"character_chosen":"DEFECT","items_purchased":["War Paint","Mummified Hand","ClockworkSouvenir","Glacier","Bottled Lightning"],"campfire_rested":1,"item_purchase_floors":[21,54,54,54,54],"current_hp_per_floor":[50,45,45,38,38,38,35,35,35,35,40,40,39,34,34,22,63,52,47,47,47,52,52,61,59,59,59,67,67,72,72,72,65,73,75,76,76,72,72,72,25,61,61,61,39,39,72,72,72,72,72,72,72,72,56,72],"gold":113,"neow_bonus":"BOSS_RELIC","is_prod":false,"is_daily":false,"chose_seed":false,"campfire_upgraded":12,"win_rate":0,"timestamp":1557217297,"path_taken":["M","?","?","?","M","R","M","R","T","R","?","R","?","M","R","BOSS","M","M","?","$","M","R","E","M","T","R","M","R","E","?","R","BOSS","M","M","?","?","?","R","M","R","T","?","?","R","?","E","R","BOSS","BOSS","R","$","E","BOSS"],"build_version":"2019-01-23","purchased_purges":2,"victory":true,"max_hp_per_floor":[71,71,71,71,71,71,71,71,71,71,76,76,76,76,76,76,76,76,76,76,76,76,76,76,76,76,76,76,76,76,76,76,76,76,76,76,76,72,72,72,72,72,72,72,72,72,72,72,72,72,72,72,72,72,72,72],"card_choices":[{"not_picked":["Steam Power","Force Field"],"picked":"Turbo","floor":1.0},{"not_picked":["Beam Cell","Stack"],"picked":"Streamline","floor":5.0},{"not_picked":["FTL","Doom and Gloom"],"picked":"Coolheaded","floor":7.0},{"not_picked":["Turbo","Steam Power"],"picked":"Coolheaded","floor":13.0},{"not_picked":["Streamline","Beam Cell"],"picked":"Biased Cognition","floor":14.0},{"not_picked":["Thunder Strike","Reboot"],"picked":"Echo Form","floor":16.0},{"not_picked":["Auto Shields","Rebound","Tempest"],"picked":"SKIP","floor":18.0},{"not_picked":["Go for the Eyes+1","Sunder"],"picked":"Self Repair","floor":19.0},{"not_picked":["Coolheaded","Steam"],"picked":"Chill","floor":22.0},{"not_picked":["Doom and Gloom","Auto Shields+1"],"picked":"Turbo","floor":24.0},{"not_picked":["Stack","Turbo"],"picked":"Creative AI","floor":25.0},{"not_picked":["Sweeping Beam","Redo","Steam"],"picked":"SKIP","floor":28.0},{"not_picked":["Machine Learning","Barrage"],"picked":"Recycle","floor":30.0},{"not_picked":["Reboot","All For One"],"picked":"Creative AI","floor":33.0},{"not_picked":["Steam","Gash"],"picked":"Tempest+1","floor":35.0},{"not_picked":["Leap+1","Capacitor","Go for the Eyes+1"],"picked":"SKIP","floor":36.0},{"not_picked":["Turbo","Leap"],"picked":"Consume+1","floor":41.0},{"not_picked":["Master of Strategy","Dramatic Entrance"],"picked":"Impatience","floor":44.0},{"not_picked":["Lockon","Leap","Conserve Battery"],"picked":"SKIP","floor":48.0},{"not_picked":["Tempest","Compile Driver","Static Discharge"],"picked":"SKIP","floor":55}],"player_experience":4642809,"relics_obtained":[{"floor":9.0,"key":"Blood Vial"},{"floor":24.0,"key":"Vajra"},{"floor":26.0,"key":"Old Coin"},{"floor":30.0,"key":"MawBank"},{"floor":45.0,"key":"Bird Faced Urn"},{"floor":47.0,"key":"Girya"},{"floor":48.0,"key":"Sundial"},{"floor":55,"key":"Pantograph"}],"event_choices":[{"damage_healed":0.0,"max_hp_gain":0.0,"max_hp_loss":0.0,"gold_gain":0.0,"event_name":"Scrap Ooze","player_choice":"Success","floor":2.0,"gold_loss":0.0,"damage_taken":5.0,"relics_obtained":["Regal Pillow"]},{"damage_healed":0.0,"max_hp_gain":0.0,"max_hp_loss":0.0,"gold_gain":0.0,"cards_transformed":["Turbo"],"event_name":"Living Wall","player_choice":"Change","floor":3.0,"gold_loss":0.0,"damage_taken":0.0,"cards_obtained":["Auto Shields"]},{"cards_removed":["Defend_B"],"damage_healed":0.0,"max_hp_gain":0.0,"max_hp_loss":0.0,"gold_gain":0.0,"event_name":"Golden Wing","player_choice":"Card Removal","floor":4.0,"gold_loss":0.0,"damage_taken":7.0},{"damage_healed":0.0,"max_hp_gain":5.0,"max_hp_loss":0.0,"gold_gain":0.0,"event_name":"Big Fish","player_choice":"Donut","floor":11.0,"gold_loss":0.0,"damage_taken":0.0},{"cards_removed":["Static Discharge"],"damage_healed":0.0,"max_hp_gain":0.0,"max_hp_loss":0.0,"gold_gain":0.0,"event_name":"Beggar","player_choice":"Gave Gold","floor":20.0,"gold_loss":75.0,"damage_taken":0.0},{"damage_healed":0.0,"max_hp_gain":0.0,"max_hp_loss":0.0,"gold_gain":50.0,"event_name":"Nest","player_choice":"Stole From Cult","floor":31.0,"gold_loss":0.0,"damage_taken":0.0},{"cards_removed":["Melter"],"damage_healed":0.0,"max_hp_gain":0.0,"max_hp_loss":0.0,"gold_gain":0.0,"event_name":"Falling","player_choice":"Removed Attack","floor":37.0,"gold_loss":0.0,"damage_taken":0.0},{"damage_healed":0.0,"max_hp_gain":0.0,"max_hp_loss":4.0,"gold_gain":0.0,"event_name":"Winding Halls","player_choice":"Max HP","floor":38.0,"gold_loss":0.0,"damage_taken":0.0},{"damage_healed":0.0,"max_hp_gain":0.0,"max_hp_loss":0.0,"gold_gain":0.0,"event_name":"Tomb of Lord Red Mask","player_choice":"Ignored","floor":39.0,"gold_loss":0.0,"damage_taken":0.0},{"damage_healed":0.0,"max_hp_gain":0.0,"max_hp_loss":0.0,"gold_gain":0.0,"event_name":"SensoryStone","player_choice":"Memory 1","floor":44.0,"gold_loss":0.0,"damage_taken":0.0},{"damage_healed":0.0,"max_hp_gain":0.0,"max_hp_loss":0.0,"gold_gain":0.0,"event_name":"Mysterious Sphere","player_choice":"Fight","floor":45.0,"gold_loss":0.0,"damage_taken":0.0},{"damage_healed":0.0,"max_hp_gain":0.0,"max_hp_loss":0.0,"gold_gain":0.0,"event_name":"MindBloom","player_choice":"Fight","floor":47.0,"gold_loss":0.0,"damage_taken":0.0}],"is_beta":false,"boss_relics":[{"not_picked":["Ectoplasm","Cursed Key"],"picked":"Pandora\u0027s Box"},{"not_picked":["Philosopher\u0027s Stone","White Beast Statue"],"picked":"Sozu"}],"items_purged_floors":[21,54],"is_endless":false,"potions_floor_spawned":[1,7,18,25,30,41,45,48],"ascension_level":20}