{"gold_per_floor":[110,126,51,51,51,51,81,101,101,113,125,157,203,15,15,89,89,100,100,120,135,10,10,45,45,72,99,99,99,110,122,122,200,200,219,69,89,142,142,142,162,173,173,173,191,191,203,203,203,203,203,203,203,93,121,121],"floor_reached":57,"playtime":2131,"items_purged":["Strike_G","Strike_G","Defend_G","Survivor"],"score":3100,"play_id":"19c881ab-263a-4964-8a3d-c74743513f0a","local_time":"20190120171014","is_ascension_mode":true,"campfire_choices":[{"data":"Bouncing Flask","floor":6.0,"key":"SMITH"},{"data":"Neutralize","floor":10.0,"key":"SMITH"},{"data":"Strike_G","floor":15.0,"key":"PURGE"},{"data":"Defend_G","floor":23.0,"key":"PURGE"},{"data":"Defend_G","floor":25,"key":"PURGE"},{"data":"Defend_G","floor":28,"key":"PURGE"},{"data":"Defend_G","floor":32,"key":"PURGE"},{"data":"Die Die Die+1","floor":40,"key":"PURGE"},{"data":"Terror","floor":44,"key":"PURGE"},{"floor":46,"key":"RECALL"},{"data":"After Image","floor":49,"key":"SMITH"},{"data":"Bouncing Flask+1","floor":53,"key":"PURGE"}],"neow_cost":"NONE","seed_source_timestamp":26440484891235,"circlet_count":0,"master_deck":["AscendersBane","Neutralize+1","Heel Hook+1","Flash of Steel+1","After Image+1","Backflip"],"special_seed":0,"relics":["Ring of the Snake","NeowsBlessing","Molten Egg 2","MawBank","Peace Pipe","Singing Bowl","Runic Pyramid","Thread and Needle","Bag of Marbles","Nunchaku","Shuriken","Tough Bandages","Torii"],"potions_floor_usage":[24,30,38,56,56],"damage_taken":[{"damage":0.0,"enemies":"2 Louse","floor":1.0,"turns":1.0},{"damage":0.0,"enemies":"Jaw Worm","floor":2.0,"turns":1.0},{"damage":0.0,"enemies":"Lagavulin","floor":7.0,"turns":1.0},{"damage":0.0,"enemies":"Cultist","floor":8.0,"turns":3.0},{"damage":9.0,"enemies":"Exordium Thugs","floor":12.0,"turns":5.0},{"damage":7.0,"enemies":"Gremlin Nob","floor":13.0,"turns":3.0},{"damage":5.0,"enemies":"The Guardian","floor":16.0,"turns":8.0},{"damage":0.0,"enemies":"Spheric Guardian","floor":18.0,"turns":3.0},{"damage":4.0,"enemies":"3 Byrds","floor":20.0,"turns":5.0},{"damage":8.0,"enemies":"Centurion and Healer","floor":21.0,"turns":5.0},{"damage":39,"enemies":"Slavers","floor":24,"turns":3},{"damage":0,"enemies":"Gremlin Leader","floor":27,"turns":2},{"damage":0,"enemies":"Snecko","floor":30,"turns":1},{"damage":0,"enemies":"Chosen and Byrds","floor":31,"turns":2},{"damage":0,"enemies":"Automaton","floor":33,"turns":2},{"damage":0,"enemies":"Orb Walker","floor":35,"turns":2},{"damage":0,"enemies":"3 Shapes","floor":37,"turns":3},{"damage":0,"enemies":"2 Orb Walkers","floor":38,"turns":2},{"damage":0,"enemies":"Maw","floor":41,"turns":1},{"damage":0,"enemies":"Spire Growth","floor":42,"turns":1},{"damage":0,"enemies":"Jaw Worm Horde","floor":45,"turns":2},{"damage":0,"enemies":"3 Darklings","floor":47,"turns":2},{"damage":0,"enemies":"Awakened One","floor":50,"turns":2},{"damage":20,"enemies":"Donu and Deca","floor":51,"turns":3},{"damage":0,"enemies":"Shield and Spear","floor":55,"turns":1},{"damage":86,"enemies":"The Heart","floor":56,"turns":4}],"seed_played":"-4475190267521539110","potions_obtained":[{"floor":1.0,"key":"LiquidBronze"},{"floor":12.0,"key":"FearPotion"},{"floor":16.0,"key":"Strength Potion"},{"floor":24,"key":"FearPotion"},{"floor":27,"key":"Swift Potion"},{"floor":31,"key":"SkillPotion"},{"floor":33,"key":"Weak Potion"},{"floor":38,"key":"SpeedPotion"}],"is_trial":false,"path_per_floor":["M","M","$","?","?","R","E","M","T","R","?","M","E","$","R","B",null,"M","?","M","M","$","R","E","R","T","E","R","T","M","M","R","B",null,"M","$","M","?","$","R","M","M","T","R","M","R","M","$","R","B","B",null,"R","$","E","B",null],"character_chosen":"THE_SILENT","items_purchased":["Flash of Steel+1","Backflip","Poison Potion"],"campfire_rested":0,"item_purchase_floors":[14,54,54],"current_hp_per_floor":[59,59,59,59,59,59,59,59,59,59,48,39,34,34,34,29,58,60,60,58,52,52,52,15,15,15,17,17,17,19,21,21,23,69,71,71,73,75,75,75,77,79,79,79,81,81,83,83,83,83,63,89,89,89,91,5],"gold":121,"neow_bonus":"THREE_ENEMY_KILL","is_prod":false,"is_daily":false,"chose_seed":false,"campfire_upgraded":3,"win_rate":0,"timestamp":1547975414,"path_taken":["M","M","$","?","?","R","E","M","T","R","?","M","E","$","R","BOSS","M","?","?","M","$","R","E","R","T","E","R","?","M","M","R","BOSS","M","$","M","?","$","R","M","M","T","R","M","R","M","$","R","BOSS","BOSS","R","$","E","BOSS"],"build_version":"2019-01-17v2","purchased_purges":4,"victory":true,"max_hp_per_floor":[66,66,66,66,66,66,66,66,66,66,66,66,68,68,68,68,68,70,70,72,74,74,74,76,76,76,78,78,78,80,82,82,84,84,86,86,88,90,90,90,92,94,94,94,96,96,98,98,98,98,98,98,98,98,100,100],"card_choices":[{"not_picked":["Accuracy","Riddle With Holes"],"picked":"Terror","floor":1.0},{"not_picked":["Dagger Throw","Sucker Punch","Blur"],"picked":"SKIP","floor":2.0},{"not_picked":["Predator","Leg Sweep"],"picked":"Heel Hook","floor":7.0},{"not_picked":["PiercingWail","Cloak And Dagger","Setup"],"picked":"SKIP","floor":8.0},{"not_picked":["Poisoned Stab+1","Cloak And Dagger"],"picked":"Die Die Die+1","floor":12.0},{"not_picked":["Footwork","Terror","Flying Knee+1"],"picked":"Singing Bowl","floor":13.0},{"not_picked":["Phantasmal Killer","Tools of the Trade"],"picked":"After Image","floor":16.0},{"not_picked":["Finisher+1","Footwork","Blade Dance"],"picked":"Singing Bowl","floor":18.0},{"not_picked":["Concentrate","Leg Sweep","Backflip"],"picked":"Singing Bowl","floor":20.0},{"not_picked":["Sucker Punch+1","Acrobatics","Calculated Gamble"],"picked":"Singing Bowl","floor":21.0},{"not_picked":["Expertise","PiercingWail+1","Deflect"],"picked":"Singing Bowl","floor":24},{"not_picked":["Escape Plan","Poisoned Stab+1","Flying Knee+1"],"picked":"Singing Bowl","floor":27},{"not_picked":["Acrobatics","Prepared","Blade Dance"],"picked":"Singing Bowl","floor":30},{"not_picked":["Deadly Poison","Slice+1","Leg Sweep"],"picked":"Singing Bowl","floor":31},{"not_picked":["Storm of Steel","Doppelganger","Die Die Die+1"],"picked":"Singing Bowl","floor":33},{"not_picked":["Deflect+1","Acrobatics","Well Laid Plans"],"picked":"Singing Bowl","floor":35},{"not_picked":["Flechettes+1","Flying Knee+1","Expertise"],"picked":"Singing Bowl","floor":37},{"not_picked":["Dagger Spray+1","Bane+1","Concentrate"],"picked":"Singing Bowl","floor":38},{"not_picked":["A Thousand Cuts","Dagger Spray+1","Acrobatics"],"picked":"Singing Bowl","floor":41},{"not_picked":["Backflip","Dagger Spray+1","Bane+1"],"picked":"Singing Bowl","floor":42},{"not_picked":["Concentrate","Flechettes+1","Dagger Spray+1"],"picked":"Singing Bowl","floor":45},{"not_picked":["Escape Plan+1","Bouncing Flask","Footwork"],"picked":"Singing Bowl","floor":47},{"not_picked":["Dagger Spray+1","Terror","Underhanded Strike+1"],"picked":"Singing Bowl","floor":55}],"player_experience":2074024,"relics_obtained":[{"floor":7.0,"key":"Molten Egg 2"},{"floor":9.0,"key":"MawBank"},{"floor":13.0,"key":"Singing Bowl"},{"floor":24,"key":"Thread and Needle"},{"floor":26,"key":"Bag of Marbles"},{"floor":27,"key":"Nunchaku"},{"floor":29,"key":"Shuriken"},{"floor":38,"key":"Tough Bandages"},{"floor":55,"key":"Torii"}],"event_choices":[{"damage_healed":0.0,"max_hp_gain":0.0,"max_hp_loss":0.0,"gold_gain":0.0,"event_name":"The Cleric","player_choice":"Leave","floor":4.0,"gold_loss":0.0,"damage_taken":0.0},{"damage_healed":0.0,"max_hp_gain":0.0,"max_hp_loss":0.0,"gold_gain":0.0,"cards_transformed":["Strike_G"],"event_name":"Living Wall","player_choice":"Change","floor":5.0,"gold_loss":0.0,"damage_taken":0.0,"cards_obtained":["Bouncing Flask"]},{"damage_healed":0.0,"max_hp_gain":0.0,"max_hp_loss":0.0,"gold_gain":0.0,"event_name":"Scrap Ooze","player_choice":"Success","floor":11.0,"gold_loss":0.0,"damage_taken":11.0,"relics_obtained":["Peace Pipe"]},{"cards_removed":["Strike_G"],"damage_healed":0.0,"max_hp_gain":0.0,"max_hp_loss":0.0,"gold_gain":0.0,"event_name":"Purifier","player_choice":"Purged","floor":19.0,"gold_loss":0.0,"damage_taken":0.0},{"damage_healed":0,"gold_gain":0,"player_choice":"Fight","damage_taken":0,"max_hp_gain":0,"max_hp_loss":0,"event_name":"Mysterious Sphere","floor":38,"gold_loss":0}],"is_beta":false,"boss_relics":[{"not_picked":["Runic Dome","Coffee Dripper"],"picked":"Runic Pyramid"},{"not_picked":["Philosopher\u0027s Stone","Snecko Eye","HoveringKite"]}],"items_purged_floors":[3,14,22,36],"is_endless":false,"potions_floor_spawned":[1,12,16,21,24,27,31,33,35,37,38,41,55],"ascension_level":20}