{"gold_per_floor":[115,190,204,76,126,126,157,157,181,66,77,77,102,113,113,190,190,209,1,1,11,25,55,55,55,105,124,150,165,193,210,210,285,285,298,317,36,36,56,56,56,85,85,111,125,143,488,501,501,501,501,501,501,22,51,51],"floor_reached":56,"playtime":2658,"items_purged":["Strike_G"],"score":2354,"play_id":"f92f985d-cbff-4523-841b-113904278b93","local_time":"20190208193423","is_ascension_mode":true,"campfire_choices":[{"data":"Blade Dance","floor":6.0,"key":"SMITH"},{"floor":8.0,"key":"REST"},{"data":"Footwork","floor":12.0,"key":"SMITH"},{"floor":15.0,"key":"REST"},{"data":"Well Laid Plans","floor":32.0,"key":"SMITH"},{"data":"After Image","floor":40.0,"key":"SMITH"},{"floor":49.0,"key":"RECALL"},{"data":"After Image","floor":53.0,"key":"SMITH"}],"neow_cost":"TEN_PERCENT_HP_LOSS","seed_source_timestamp":26397155334317,"circlet_count":0,"master_deck":["AscendersBane","Survivor","Neutralize","PiercingWail","Blade Dance+1","Accuracy","Die Die Die","Footwork+1","Footwork","Footwork","Storm of Steel","Well Laid Plans+1","Backstab","Cloak And Dagger","Terror","PiercingWail","Cloak And Dagger","Venomology","Blade Dance","Backstab","After Image+1","All Out Attack","Venomology","Bane","Malaise","Calculated Gamble","Underhanded Strike","Storm of Steel","After Image+1","Acrobatics","Cloak And Dagger","Infinite Blades+1","Distraction","Footwork+1","Blade Dance","PiercingWail","Cloak And Dagger+1"],"special_seed":0,"relics":["Ring of the Snake","Dead Branch","Centennial Puzzle","Ancient Tea Set","Bronze Scales","WristBlade","Ninja Scroll","Meat on the Bone","Bag of Marbles","Ornamental Fan","Question Card","Pandora\u0027s Box","Matryoshka","Thread and Needle","Orichalcum","PreservedInsect","Old Coin","Letter Opener","HandDrill","Pen Nib"],"potions_floor_usage":[56,56,56],"damage_taken":[{"damage":0.0,"enemies":"Jaw Worm","floor":1.0,"turns":3.0},{"damage":12.0,"enemies":"Cultist","floor":3.0,"turns":5.0},{"damage":27.0,"enemies":"3 Sentries","floor":7.0,"turns":8.0},{"damage":0.0,"enemies":"2 Louse","floor":11.0,"turns":3.0},{"damage":0.0,"enemies":"Lagavulin","floor":13.0,"turns":4.0},{"damage":25.0,"enemies":"Exordium Thugs","floor":14.0,"turns":6.0},{"damage":10.0,"enemies":"The Guardian","floor":16.0,"turns":11.0},{"damage":0.0,"enemies":"Chosen","floor":18.0,"turns":3.0},{"damage":0.0,"enemies":"Spheric Guardian","floor":21.0,"turns":1.0},{"damage":10.0,"enemies":"Chosen and Byrds","floor":22.0,"turns":5.0},{"damage":25.0,"enemies":"Book of Stabbing","floor":23.0,"turns":3.0},{"damage":0.0,"enemies":"Snecko","floor":27.0,"turns":2.0},{"damage":0.0,"enemies":"Slavers","floor":28.0,"turns":3.0},{"damage":0.0,"enemies":"Snake Plant","floor":29.0,"turns":2.0},{"damage":0.0,"enemies":"Book of Stabbing","floor":30.0,"turns":2.0},{"damage":0.0,"enemies":"Sentry and Sphere","floor":31.0,"turns":3.0},{"damage":28.0,"enemies":"Champ","floor":33.0,"turns":5.0},{"damage":0.0,"enemies":"Orb Walker","floor":35.0,"turns":1.0},{"damage":1.0,"enemies":"3 Shapes","floor":36.0,"turns":5.0},{"damage":0.0,"enemies":"Spire Growth","floor":39.0,"turns":4.0},{"damage":0.0,"enemies":"Reptomancer","floor":42.0,"turns":1.0},{"damage":5.0,"enemies":"Nemesis","floor":44.0,"turns":3.0},{"damage":7.0,"enemies":"Writhing Mass","floor":45.0,"turns":7.0},{"damage":10.0,"enemies":"Transient","floor":46.0,"turns":6.0},{"damage":0.0,"enemies":"2 Orb Walkers","floor":47.0,"turns":2.0},{"damage":9.0,"enemies":"4 Shapes","floor":48.0,"turns":8.0},{"damage":7.0,"enemies":"Awakened One","floor":50.0,"turns":10.0},{"damage":11.0,"enemies":"Donu and Deca","floor":51.0,"turns":9.0},{"damage":0.0,"enemies":"Shield and Spear","floor":55.0,"turns":3.0},{"damage":55,"enemies":"The Heart","floor":56,"turns":5}],"seed_played":"-6924528617739845411","potions_obtained":[{"floor":3.0,"key":"SteroidPotion"},{"floor":13.0,"key":"EntropicBrew"},{"floor":18.0,"key":"GamblersBrew"},{"floor":23.0,"key":"AttackPotion"},{"floor":29.0,"key":"Strength Potion"},{"floor":33.0,"key":"EssenceOfSteel"},{"floor":42.0,"key":"Swift Potion"},{"floor":44.0,"key":"PowerPotion"}],"is_trial":false,"path_per_floor":["M","?","M","$","?","R","E","R","T","$","M","R","E","M","R","B",null,"M","$","?","M","M","E","$","T","T","M","E","M","E","M","R","B",null,"M","M","$","?","M","R","$","E","T","E","M","M","?","M","R","B","B",null,"R","$","E","B"],"character_chosen":"THE_SILENT","items_purchased":["Blade Dance","Accuracy","Footwork","Well Laid Plans","Backstab","Cloak And Dagger","Matryoshka","Letter Opener","HandDrill"],"campfire_rested":2,"item_purchase_floors":[4,4,10,19,19,19,37,54,54],"current_hp_per_floor":[59,48,36,36,36,36,9,27,27,27,27,27,27,2,20,10,48,48,48,48,48,38,25,25,25,25,37,37,37,37,37,37,21,50,50,49,49,49,49,49,49,49,49,44,37,39,39,42,42,35,36,54,54,54,54,0],"gold":51,"neow_bonus":"ONE_RARE_RELIC","is_prod":false,"is_daily":false,"chose_seed":false,"campfire_upgraded":5,"win_rate":0,"timestamp":1549625663,"path_taken":["M","?","M","$","?","R","E","R","T","$","?","R","E","M","R","BOSS","M","$","?","M","M","E","?","?","T","M","E","M","E","M","R","BOSS","M","M","$","?","M","R","$","E","T","E","M","?","?","M","R","BOSS","BOSS","R","$","E","BOSS"],"build_version":"2019-01-23","purchased_purges":1,"victory":false,"max_hp_per_floor":[60,60,60,60,60,60,60,60,60,60,60,60,60,60,60,60,60,60,60,60,60,60,60,60,60,60,60,60,60,60,60,60,60,60,60,60,60,60,60,60,60,60,60,60,60,60,60,60,60,60,60,60,60,60,60,60],"card_choices":[{"not_picked":["Prepared","Escape Plan"],"picked":"PiercingWail","floor":1.0},{"not_picked":["Sucker Punch","Choke","Poisoned Stab"],"picked":"SKIP","floor":3.0},{"not_picked":["Quick Slash","Finisher"],"picked":"Die Die Die","floor":7.0},{"not_picked":["Bane","Sucker Punch"],"picked":"Footwork","floor":11.0},{"not_picked":["Prepared","Dodge and Roll"],"picked":"Footwork","floor":13.0},{"not_picked":["Riddle With Holes","Expertise","Bane"],"picked":"SKIP","floor":14.0},{"not_picked":["Phantasmal Killer","Tools of the Trade"],"picked":"Storm of Steel","floor":16.0},{"not_picked":["Deadly Poison","Deflect","Flechettes"],"picked":"SKIP","floor":18.0},{"not_picked":["Noxious Fumes","Outmaneuver"],"picked":"Terror","floor":21.0},{"not_picked":["Slice","Dagger Spray","Masterful Stab+1"],"picked":"SKIP","floor":22.0},{"not_picked":["Reflex","Underhanded Strike"],"picked":"PiercingWail","floor":23.0},{"not_picked":["Flying Knee","Outmaneuver"],"picked":"Cloak And Dagger","floor":27.0},{"not_picked":["Dagger Throw","Underhanded Strike"],"picked":"Venomology","floor":28.0},{"not_picked":["Crippling Poison","Dash+1"],"picked":"Blade Dance","floor":29.0},{"not_picked":["Tools of the Trade","Bane","Unload"],"picked":"SKIP","floor":30.0},{"not_picked":["Poisoned Stab","Quick Slash","Slice"],"picked":"Backstab","floor":31.0},{"not_picked":["Tools of the Trade","Venomology","Storm of Steel"],"picked":"After Image","floor":33.0},{"not_picked":["Deflect","Bane","Dodge and Roll"],"picked":"Acrobatics","floor":35.0},{"not_picked":["Bane","Sucker Punch","Slice"],"picked":"Cloak And Dagger","floor":36.0},{"not_picked":["Slice","Skewer","Acrobatics"],"picked":"Infinite Blades+1","floor":39.0},{"not_picked":["Noxious Fumes","Expertise","Outmaneuver"],"picked":"Distraction","floor":42.0},{"not_picked":["Choke","Prepared+1","Dagger Throw+1","Caltrops"],"picked":"SKIP","floor":44.0},{"not_picked":["Backstab","Infinite Blades","Caltrops"],"picked":"Footwork+1","floor":45.0},{"not_picked":["Deflect","Prepared+1","Dash+1"],"picked":"Blade Dance","floor":46.0},{"not_picked":["Corpse Explosion","Sucker Punch+1","Noxious Fumes"],"picked":"PiercingWail","floor":47.0},{"not_picked":["Heel Hook+1","Endless Agony","Backflip"],"picked":"Cloak And Dagger+1","floor":48.0},{"not_picked":["Prepared","All Out Attack","Unload","Blade Dance"],"picked":"SKIP","floor":55.0}],"player_experience":1448046,"relics_obtained":[{"floor":7.0,"key":"Centennial Puzzle"},{"floor":9.0,"key":"Ancient Tea Set"},{"floor":13.0,"key":"Bronze Scales"},{"floor":23.0,"key":"Ninja Scroll"},{"floor":25.0,"key":"Meat on the Bone"},{"floor":26.0,"key":"Bag of Marbles"},{"floor":28.0,"key":"Ornamental Fan"},{"floor":30.0,"key":"Question Card"},{"floor":42.0,"key":"Thread and Needle"},{"floor":43.0,"key":"Orichalcum"},{"floor":44.0,"key":"PreservedInsect"},{"floor":47.0,"key":"Old Coin"},{"floor":55.0,"key":"Pen Nib"}],"event_choices":[{"damage_healed":0.0,"max_hp_gain":0.0,"max_hp_loss":0.0,"gold_gain":75.0,"event_name":"World of Goop","player_choice":"Gather Gold","floor":2.0,"gold_loss":0.0,"damage_taken":11.0},{"damage_healed":0.0,"max_hp_gain":0.0,"max_hp_loss":0.0,"gold_gain":50.0,"event_name":"Golden Shrine","player_choice":"Pray","floor":5.0,"gold_loss":0.0,"damage_taken":0.0},{"cards_removed":["Strike_G"],"damage_healed":0.0,"max_hp_gain":0.0,"max_hp_loss":0.0,"gold_gain":0.0,"event_name":"Purifier","player_choice":"Purged","floor":20.0,"gold_loss":0.0,"damage_taken":0.0},{"damage_healed":0.0,"max_hp_gain":0.0,"max_hp_loss":0.0,"gold_gain":0.0,"event_name":"Match and Keep!","player_choice":"0 cards matched","floor":38.0,"gold_loss":0.0,"damage_taken":0.0,"cards_obtained":[]},{"damage_healed":0.0,"max_hp_gain":0.0,"max_hp_loss":0.0,"gold_gain":0.0,"event_name":"Mysterious Sphere","player_choice":"Fight","floor":47.0,"gold_loss":0.0,"damage_taken":0.0}],"is_beta":false,"boss_relics":[{"not_picked":["Eternal Feather","HoveringKite"],"picked":"WristBlade"},{"not_picked":["White Beast Statue","Calling Bell"],"picked":"Pandora\u0027s Box"}],"items_purged_floors":[10],"is_endless":false,"potions_floor_spawned":[3,13,16,18,21,23,29,33,42,44,46,47],"killed_by":"The Heart","ascension_level":20}