{"gold_per_floor":[110,130,130,130,141,141,141,156,179,179,104,104],"floor_reached":12,"playtime":125,"items_purged":["Strike_G"],"score":136,"play_id":"68889c17-b8cb-4496-92d6-ef8fcb08e6dd","local_time":"20190107183551","is_ascension_mode":true,"campfire_choices":[{"data":"Neutralize","floor":7,"key":"SMITH"},{"data":"Noxious Fumes","floor":10,"key":"SMITH"}],"neow_cost":"NONE","seed_source_timestamp":23929065997062,"circlet_count":0,"master_deck":["AscendersBane","Defend_G","Defend_G","Defend_G+1","Defend_G","Defend_G","Strike_G","Strike_G","Strike_G","Survivor+1","Neutralize+1","Noxious Fumes+1"],"relics":["Ring of the Snake","NeowsBlessing","War Paint"],"potions_floor_usage":[],"damage_taken":[{"damage":0,"enemies":"2 Louse","floor":1,"turns":1},{"damage":0,"enemies":"Cultist","floor":2,"turns":1},{"damage":0,"enemies":"Jaw Worm","floor":5,"turns":1},{"damage":1,"enemies":"2 Fungi Beasts","floor":8,"turns":5},{"damage":0,"enemies":"Large Slime","floor":12,"turns":1}],"seed_played":"1066495689270947141","potions_obtained":[{"floor":1,"key":"SpeedPotion"},{"floor":8,"key":"Dexterity Potion"}],"is_trial":false,"path_per_floor":["M","M","?","?","M","?","R","M","T","R","$","M"],"character_chosen":"THE_SILENT","items_purchased":[],"campfire_rested":0,"item_purchase_floors":[],"current_hp_per_floor":[59,59,64,64,64,64,64,63,63,63,63,63],"gold":104,"neow_bonus":"THREE_ENEMY_KILL","is_prod":false,"is_daily":false,"chose_seed":false,"campfire_upgraded":2,"win_rate":0,"timestamp":1546857351,"path_taken":["M","M","?","?","?","?","R","M","T","R","$","M"],"build_version":"2019-01-03v4","purchased_purges":1,"victory":false,"max_hp_per_floor":[66,66,71,71,71,71,71,71,71,71,71,71],"card_choices":[{"not_picked":["Predator","Backflip","Slice"],"picked":"SKIP","floor":1},{"not_picked":["Dodge and Roll","Finisher","Reflex"],"picked":"SKIP","floor":2},{"not_picked":["Dodge and Roll","Finisher"],"picked":"Reflex","floor":2},{"not_picked":["Eviscerate","Outmaneuver","Blur"],"picked":"SKIP","floor":5},{"not_picked":["Heel Hook","Quick Slash"],"picked":"Noxious Fumes","floor":8}],"player_experience":1823971,"relics_obtained":[],"event_choices":[{"damage_healed":0,"gold_gain":0,"player_choice":"Donut","damage_taken":0,"max_hp_gain":5,"max_hp_loss":0,"event_name":"Big Fish","floor":3,"gold_loss":0},{"cards_removed":["Strike_G"],"damage_healed":0,"gold_gain":0,"player_choice":"Offered Basic","damage_taken":0,"max_hp_gain":0,"max_hp_loss":0,"event_name":"Bonfire Elementals","floor":4,"gold_loss":0},{"cards_removed":["Reflex"],"damage_healed":0,"gold_gain":0,"player_choice":"Gave Card","damage_taken":0,"relics_obtained":["War Paint"],"max_hp_gain":0,"max_hp_loss":0,"event_name":"WeMeetAgain","floor":6,"gold_loss":0}],"is_beta":false,"boss_relics":[],"items_purged_floors":[11],"is_endless":false,"potions_floor_spawned":[1,8],"killed_by":"Large Slime","ascension_level":20}