{"gold_per_floor":[117,192,203,215,215,215,250,250,250,250,101,119,133,150,150,251,251,264,277,127,127,146,146,38,68,68,68,86,101,119,3,3,105,105,124,143,156,156,174,205,217,234,260,260,274,294,307,334,334,334,334,334,14,49,49],"floor_reached":56,"playtime":3215,"items_purged":[],"score":1387,"play_id":"f85a7ee2-c693-42e9-b01c-9711f55ab245","local_time":"20190201104038","is_ascension_mode":false,"campfire_choices":[{"floor":6.0,"key":"REST"},{"data":"Dualcast","floor":8.0,"key":"SMITH"},{"data":"Zap","floor":10.0,"key":"SMITH"},{"data":"Defragment","floor":15.0,"key":"SMITH"},{"data":"Defragment","floor":23.0,"key":"SMITH"},{"data":"Capacitor","floor":32.0,"key":"SMITH"},{"floor":44.0,"key":"RECALL"},{"floor":49.0,"key":"REST"},{"data":"Biased Cognition","floor":52.0,"key":"SMITH"}],"neow_cost":"PERCENT_DAMAGE","seed_source_timestamp":28578611399440,"circlet_count":0,"master_deck":["Zap+1","Dualcast+1","Finesse","Sadistic Nature","Stack","Leap","Machine Learning+1","Conserve Battery","Defragment+1","Redo","Cold Snap","Stack","Turbo","Conserve Battery","Electrodynamics","Chill+1","Loop+1","Defragment+1","Steam","Coolheaded","J.A.X.","Force Field","White Noise","Capacitor+1","Chaos+1","Regret","Buffer","Hologram","FTL","Conserve Battery","BootSequence","Redo+1","Reprogram","Darkness","Lockon","Biased Cognition+1","Core Surge","BootSequence","Hyperbeam","Electrodynamics","Genetic Algorithm","Buffer","Rebound","Redo","Skim","Darkness+1","Redo+1","Capacitor+1","Compile Driver+1","Static Discharge+1","All For One","Stack+1","White Noise","White Noise+1","Recycle+1","White Noise","All For One","Decay","Consume+1","Turbo","Cold Snap+1","Reprogram+1","Undo+1","Consume+1","Consume+1","Rebound","Hologram","Go for the Eyes","Meteor Strike"],"special_seed":0,"relics":["Cracked Core","Anchor","Gremlin Horn","Cursed Key","Bottled Tornado","Prayer Wheel","Pandora\u0027s Box","Bag of Preparation","Shuriken","Runic Capacitor","Centennial Puzzle"],"potions_floor_usage":[55,55,55],"damage_taken":[{"damage":7.0,"enemies":"Small Slimes","floor":1.0,"turns":3.0},{"damage":0.0,"enemies":"2 Louse","floor":3.0,"turns":2.0},{"damage":0.0,"enemies":"Cultist","floor":4.0,"turns":3.0},{"damage":11.0,"enemies":"3 Sentries","floor":7.0,"turns":9.0},{"damage":0.0,"enemies":"Large Slime","floor":12.0,"turns":7.0},{"damage":0.0,"enemies":"Exordium Thugs","floor":13.0,"turns":6.0},{"damage":0.0,"enemies":"Gremlin Gang","floor":14.0,"turns":2.0},{"damage":22.0,"enemies":"The Guardian","floor":16.0,"turns":16.0},{"damage":3.0,"enemies":"2 Thieves","floor":18.0,"turns":3.0},{"damage":0.0,"enemies":"Shell Parasite","floor":19.0,"turns":7.0},{"damage":5.0,"enemies":"Snake Plant","floor":22.0,"turns":5.0},{"damage":3.0,"enemies":"Gremlin Leader","floor":25.0,"turns":4.0},{"damage":4.0,"enemies":"3 Cultists","floor":28.0,"turns":6.0},{"damage":4.0,"enemies":"Snecko","floor":29.0,"turns":9.0},{"damage":1.0,"enemies":"Snake Plant","floor":30.0,"turns":6.0},{"damage":26.0,"enemies":"Automaton","floor":33.0,"turns":9.0},{"damage":0.0,"enemies":"Orb Walker","floor":35.0,"turns":4.0},{"damage":0.0,"enemies":"3 Darklings","floor":36.0,"turns":3.0},{"damage":2.0,"enemies":"Transient","floor":37.0,"turns":5.0},{"damage":3.0,"enemies":"Writhing Mass","floor":39.0,"turns":6.0},{"damage":5.0,"enemies":"Nemesis","floor":40.0,"turns":9.0},{"damage":16.0,"enemies":"Sphere and 2 Shapes","floor":41.0,"turns":6.0},{"damage":0.0,"enemies":"4 Shapes","floor":42.0,"turns":3.0},{"damage":0.0,"enemies":"Maw","floor":45.0,"turns":7.0},{"damage":0.0,"enemies":"Jaw Worm Horde","floor":46.0,"turns":5.0},{"damage":5.0,"enemies":"Transient","floor":47.0,"turns":5.0},{"damage":0.0,"enemies":"Reptomancer","floor":48.0,"turns":4.0},{"damage":55.0,"enemies":"Awakened One","floor":50.0,"turns":8.0},{"damage":9.0,"enemies":"Shield and Spear","floor":54.0,"turns":7.0},{"damage":61,"enemies":"The Heart","floor":55,"turns":11}],"seed_played":"6365961151831836925","potions_obtained":[{"floor":1.0,"key":"Explosive Potion"},{"floor":4.0,"key":"SteroidPotion"},{"floor":12.0,"key":"Poison Potion"},{"floor":16.0,"key":"Explosive Potion"},{"floor":19.0,"key":"SkillPotion"},{"floor":22.0,"key":"Block Potion"},{"floor":33.0,"key":"Weak Potion"},{"floor":36.0,"key":"LiquidBronze"},{"floor":37.0,"key":"EssenceOfSteel"},{"floor":38.0,"key":"Energy Potion"},{"floor":38.0,"key":"Block Potion"},{"floor":42.0,"key":"Poison Potion"},{"floor":45.0,"key":"PowerPotion"},{"floor":54.0,"key":"Dexterity Potion"}],"is_trial":false,"path_per_floor":["M","?","M","M","?","R","E","R","T","R","$","M","M","M","R","B",null,"M","M","$","?","M","R","$","E","T","?","M","M","M","$","R","B",null,"M","M","M","?","M","E","M","M","T","R","M","M","M","E","R","B",null,"R","$","E","B",null],"character_chosen":"DEFECT","items_purchased":["Defragment","Redo","Cold Snap","Defragment","Steam","Coolheaded","White Noise","Capacitor","Darkness","Lockon","Rebound","Runic Capacitor","Hologram","Go for the Eyes"],"campfire_rested":2,"item_purchase_floors":[11,11,11,20,20,20,24,24,31,31,53,53,53,53],"current_hp_per_floor":[47,36,36,36,36,58,47,47,47,47,47,47,47,47,47,25,75,72,72,72,72,67,67,67,64,64,64,60,56,55,55,55,29,75,75,75,73,73,70,65,49,49,49,49,49,49,44,44,66,11,75,75,75,66,5],"gold":49,"neow_bonus":"RANDOM_COLORLESS_2","is_prod":false,"is_daily":false,"chose_seed":false,"campfire_upgraded":6,"win_rate":0,"timestamp":1548988838,"path_taken":["M","?","M","M","?","R","E","R","T","R","$","M","M","M","R","BOSS","M","M","$","?","M","R","$","E","T","?","M","M","M","$","R","BOSS","M","M","M","?","M","E","M","M","T","R","M","M","M","E","R","BOSS","R","$","E","BOSS"],"build_version":"2019-01-23","purchased_purges":0,"victory":true,"max_hp_per_floor":[75,75,75,75,75,75,75,75,75,75,75,75,75,75,75,75,75,75,75,75,75,75,75,75,75,75,75,75,75,75,75,75,75,75,75,75,75,75,75,75,75,75,75,75,75,75,75,75,75,75,75,75,75,75,75],"card_choices":[{"not_picked":["Coolheaded","Gash"],"picked":"Stack","floor":1.0},{"not_picked":["Compile Driver","Rebound"],"picked":"Leap","floor":3.0},{"not_picked":["Tempest","BootSequence"],"picked":"Machine Learning","floor":4.0},{"not_picked":["Blizzard","BootSequence"],"picked":"Conserve Battery","floor":7.0},{"not_picked":["Doom and Gloom","Barrage"],"picked":"Stack","floor":12.0},{"not_picked":["Gash","Beam Cell"],"picked":"Turbo","floor":13.0},{"not_picked":["Rebound","Gash"],"picked":"Conserve Battery","floor":14.0},{"not_picked":["Machine Learning","Echo Form"],"picked":"Electrodynamics","floor":16.0},{"not_picked":["Rebound","Ball Lightning"],"picked":"Chill+1","floor":18.0},{"not_picked":["Gash+1","Go for the Eyes"],"picked":"Loop+1","floor":19.0},{"not_picked":["Double Energy","Reprogram"],"picked":"Force Field","floor":22.0},{"not_picked":["Redo","Sunder+1"],"picked":"Chaos+1","floor":25.0},{"not_picked":["Turbo","Rip and Tear"],"picked":"Hologram","floor":28.0},{"not_picked":["Redo","Skim"],"picked":"FTL","floor":28.0},{"not_picked":["Scrape","Lockon"],"picked":"Conserve Battery","floor":29.0},{"not_picked":["Gash+1","Genetic Algorithm"],"picked":"BootSequence","floor":29.0},{"not_picked":["Barrage","Rebound"],"picked":"Redo+1","floor":30.0},{"not_picked":["Blizzard","Lockon"],"picked":"Reprogram","floor":30.0},{"not_picked":["Rainbow","All For One"],"picked":"Biased Cognition","floor":33.0},{"not_picked":["Ball Lightning","Gash+1"],"picked":"Skim","floor":35.0},{"not_picked":["Melter+1","Beam Cell+1"],"picked":"Darkness+1","floor":35.0},{"not_picked":["Rebound+1","Barrage"],"picked":"Redo+1","floor":36.0},{"not_picked":["Compile Driver+1","Double Energy+1"],"picked":"Capacitor+1","floor":36.0},{"not_picked":["Go for the Eyes","Ball Lightning"],"picked":"Compile Driver+1","floor":37.0},{"not_picked":["Streamline","Scrape"],"picked":"Static Discharge+1","floor":37.0},{"not_picked":["Lockon","Conserve Battery"],"picked":"All For One","floor":39.0},{"not_picked":["Sweeping Beam+1","Chill+1"],"picked":"Stack+1","floor":39.0},{"not_picked":["Conserve Battery+1","Coolheaded"],"picked":"White Noise","floor":40.0},{"not_picked":["FTL","Coolheaded+1"],"picked":"White Noise+1","floor":41.0},{"not_picked":["Lockon+1","Barrage+1"],"picked":"Recycle+1","floor":41.0},{"not_picked":["Force Field","Reprogram+1"],"picked":"White Noise","floor":42.0},{"not_picked":["Loop+1","Leap"],"picked":"All For One","floor":42.0},{"not_picked":["Chaos+1","Cold Snap"],"picked":"Consume+1","floor":45.0},{"not_picked":["Gash","Barrage+1"],"picked":"Turbo","floor":45.0},{"not_picked":["Rebound+1","Darkness+1"],"picked":"Cold Snap+1","floor":46.0},{"not_picked":["Conserve Battery","Streamline+1"],"picked":"Reprogram+1","floor":46.0},{"not_picked":["Steam","Streamline+1"],"picked":"Undo+1","floor":47.0},{"not_picked":["Turbo+1","Sweeping Beam+1"],"picked":"Consume+1","floor":47.0},{"not_picked":["Amplify","Recycle"],"picked":"Consume+1","floor":48.0},{"not_picked":["Melter","Thunder Strike"],"picked":"Meteor Strike","floor":54.0}],"player_experience":2447110,"relics_obtained":[{"floor":7.0,"key":"Anchor"},{"floor":9.0,"key":"Gremlin Horn"},{"floor":25.0,"key":"Bottled Tornado"},{"floor":26.0,"key":"Prayer Wheel"},{"floor":40.0,"key":"Bag of Preparation"},{"floor":48.0,"key":"Shuriken"},{"floor":54.0,"key":"Centennial Puzzle"}],"event_choices":[{"damage_healed":0.0,"max_hp_gain":0.0,"max_hp_loss":0.0,"gold_gain":75.0,"event_name":"World of Goop","player_choice":"Gather Gold","floor":2.0,"gold_loss":0.0,"damage_taken":11.0},{"damage_healed":0.0,"max_hp_gain":0.0,"max_hp_loss":0.0,"gold_gain":0.0,"event_name":"Upgrade Shrine","player_choice":"Upgraded","floor":5.0,"gold_loss":0.0,"damage_taken":0.0,"cards_upgraded":["Machine Learning"]},{"damage_healed":0.0,"max_hp_gain":0.0,"max_hp_loss":0.0,"gold_gain":0.0,"event_name":"Drug Dealer","player_choice":"Obtain J.A.X.","floor":21.0,"gold_loss":0.0,"damage_taken":0.0,"cards_obtained":["J.A.X."]},{"damage_healed":0.0,"max_hp_gain":0.0,"max_hp_loss":0.0,"gold_gain":0.0,"event_name":"The Library","player_choice":"Read","floor":27.0,"gold_loss":0.0,"damage_taken":0.0,"cards_obtained":["Buffer"]},{"damage_healed":0.0,"max_hp_gain":0.0,"max_hp_loss":0.0,"gold_gain":0.0,"event_name":"Lab","player_choice":"Got Potions","floor":38.0,"gold_loss":0.0,"damage_taken":0.0}],"is_beta":false,"boss_relics":[{"not_picked":["Philosopher\u0027s Stone","Runic Dome"],"picked":"Cursed Key"},{"not_picked":["Empty Cage","Inserter"],"picked":"Pandora\u0027s Box"}],"items_purged_floors":[],"is_endless":false,"potions_floor_spawned":[1,4,12,16,19,22,33,36,37,42,45,47,54],"ascension_level":0}