{"gold_per_floor":[119,134,59,70,80,80,108,108,108,8,8,23,55,74,74,175,175,192,732,750,750,750,750,763,452,477,495,505,535,535,550,550,650,650,664,664,679,694,694,694,250,75,130,130,147,147,161,181,181,181],"floor_reached":51,"playtime":1724,"items_purged":["Defend_R","Defend_R","Strike_R","Strike_R","Strike_R"],"score":797,"play_id":"b0a16b67-ee4f-4506-a3d3-af725edc60eb","local_time":"20181008184538","is_ascension_mode":true,"campfire_choices":[{"data":"Bash","floor":6,"key":"SMITH"},{"data":"Fiend Fire","floor":8,"key":"SMITH"},{"data":"Clash","floor":11,"key":"SMITH"},{"data":"True Grit","floor":15,"key":"SMITH"},{"floor":23,"key":"REST"},{"floor":30,"key":"REST"},{"data":"Double Tap","floor":32,"key":"SMITH"},{"floor":40,"key":"REST"},{"data":"Offering","floor":46,"key":"SMITH"},{"floor":49,"key":"REST"}],"neow_cost":"NONE","seed_source_timestamp":40966160078475,"circlet_count":0,"master_deck":["Strike_R","Strike_R","Defend_R","Defend_R","Bash+1","Clash+1","Dropkick","Fiend Fire+1","True Grit+1","Limit Break","Double Tap+1","Inflame","Impervious","Shockwave+1","Thunderclap+1","Offering+1","Uppercut","Thunderclap+1"],"relics":["Burning Blood","NeowsBlessing","Regal Pillow","Question Card","Dodecahedron","Runic Dome","Gambling Chip","Centennial Puzzle","Anchor","PreservedInsect","Runic Cube","Bottled Tornado","Pocketwatch","Happy Flower"],"potions_floor_usage":[13,29,47,50,50,50,50,50,50],"damage_taken":[{"damage":0,"enemies":"Cultist","floor":1,"turns":1},{"damage":0,"enemies":"Small Slimes","floor":2,"turns":1},{"damage":0,"enemies":"2 Louse","floor":4,"turns":1},{"damage":3,"enemies":"Exordium Wildlife","floor":5,"turns":5},{"damage":21,"enemies":"Lagavulin","floor":7,"turns":4},{"damage":4,"enemies":"2 Fungi Beasts","floor":12,"turns":2},{"damage":14,"enemies":"Gremlin Nob","floor":13,"turns":3},{"damage":9,"enemies":"Blue Slaver","floor":14,"turns":3},{"damage":47,"enemies":"Hexaghost","floor":16,"turns":8},{"damage":7,"enemies":"Chosen","floor":18,"turns":3},{"damage":33,"enemies":"2 Thieves","floor":20,"turns":4},{"damage":21,"enemies":"Cultist and Chosen","floor":24,"turns":5},{"damage":20,"enemies":"Centurion and Healer","floor":27,"turns":4},{"damage":5,"enemies":"Snake Plant","floor":28,"turns":2},{"damage":13,"enemies":"Book of Stabbing","floor":29,"turns":3},{"damage":13,"enemies":"3 Cultists","floor":31,"turns":4},{"damage":37,"enemies":"Champ","floor":33,"turns":6},{"damage":25,"enemies":"3 Shapes","floor":35,"turns":4},{"damage":14,"enemies":"Orb Walker","floor":37,"turns":3},{"damage":13,"enemies":"3 Darklings","floor":38,"turns":4},{"damage":0,"enemies":"Spire Growth","floor":45,"turns":3},{"damage":31,"enemies":"4 Shapes","floor":47,"turns":12},{"damage":6,"enemies":"Reptomancer","floor":48,"turns":1},{"damage":28,"enemies":"Donu and Deca","floor":50,"turns":6}],"seed_played":"6481322521583930450","potions_obtained":[{"floor":7,"key":"SteroidPotion"},{"floor":12,"key":"Regen Potion"},{"floor":13,"key":"FairyPotion"},{"floor":18,"key":"FearPotion"},{"floor":24,"key":"PowerPotion"},{"floor":31,"key":"Poison Potion"},{"floor":48,"key":"EntropicBrew"}],"is_trial":false,"path_per_floor":["M","M","$","M","M","R","E","R","T","$","R","M","E","M","R","B",null,"M","?","M","?","T","R","M","$","T","M","M","E","R","M","R","B",null,"M","?","M","M","T","R","$","$","T","$","M","R","M","M","R","B"],"character_chosen":"IRONCLAD","items_purchased":["Centennial Puzzle","Inflame","Pocketwatch"],"campfire_rested":4,"item_purchase_floors":[25,25,41],"current_hp_per_floor":[80,80,80,80,80,80,65,65,65,65,65,67,59,56,56,15,80,79,23,14,14,14,53,38,38,38,24,25,27,66,59,59,28,80,61,61,53,46,46,80,80,80,80,80,80,80,55,55,80,58],"gold":181,"neow_bonus":"THREE_ENEMY_KILL","is_prod":false,"is_daily":false,"chose_seed":false,"campfire_upgraded":6,"win_rate":1,"timestamp":1538995538,"path_taken":["M","M","$","M","M","R","E","R","T","$","R","M","E","M","R","BOSS","M","?","M","?","?","R","M","$","T","?","M","E","R","M","R","BOSS","M","?","?","?","?","R","?","$","T","$","M","R","?","M","R","BOSS"],"build_version":"2018-10-04v2","purchased_purges":5,"victory":true,"max_hp_per_floor":[80,80,80,80,80,80,80,80,80,80,80,80,80,80,80,80,80,80,80,80,80,80,80,80,80,80,80,80,80,80,80,80,80,80,80,80,80,80,80,80,80,80,80,80,80,80,80,80,80,80],"card_choices":[{"not_picked":["Body Slam","Twin Strike"],"picked":"Clash","floor":1},{"not_picked":["Iron Wave","Headbutt","Pommel Strike"],"picked":"SKIP","floor":2},{"not_picked":["Body Slam","Rampage"],"picked":"Dropkick","floor":4},{"not_picked":["Shrug It Off","Cleave","Headbutt"],"picked":"SKIP","floor":5},{"not_picked":["Burning Pact","Infernal Blade"],"picked":"Fiend Fire","floor":7},{"not_picked":["Flex","Heavy Blade","Rage"],"picked":"True Grit","floor":12},{"not_picked":["Sword Boomerang","Headbutt","Warcry","Searing Blow"],"picked":"SKIP","floor":13},{"not_picked":["Anger","Twin Strike","Perfected Strike","Shrug It Off"],"picked":"SKIP","floor":14},{"not_picked":["Demon Form","Dark Embrace","Bludgeon"],"picked":"Limit Break","floor":16},{"not_picked":["Clothesline","Headbutt","Rage+1","Thunderclap"],"picked":"SKIP","floor":18},{"not_picked":["Second Wind","Pummel","Power Through"],"picked":"Double Tap","floor":20},{"not_picked":["Bloodletting+1","Iron Wave","Blood for Blood","Body Slam+1"],"picked":"SKIP","floor":24},{"not_picked":["Body Slam","Anger+1","Combust","Armaments"],"picked":"SKIP","floor":27},{"not_picked":["Fire Breathing","Thunderclap","Flame Barrier","Sword Boomerang+1"],"picked":"SKIP","floor":28},{"not_picked":["Headbutt","Rage+1","Uppercut","Shockwave"],"picked":"SKIP","floor":29},{"not_picked":["Flex","Twin Strike+1","Warcry","Perfected Strike"],"picked":"SKIP","floor":31},{"not_picked":["Double Tap","Brutality","Bludgeon"],"picked":"Impervious","floor":33},{"not_picked":["Heavy Blade+1","Twin Strike+1","Second Wind"],"picked":"Shockwave+1","floor":35},{"not_picked":["Rage","Warcry","Headbutt+1","Twin Strike"],"picked":"SKIP","floor":37},{"not_picked":["Inflame+1","Thunderclap+1","Clash+1","Iron Wave+1"],"picked":"SKIP","floor":38},{"not_picked":["Inflame+1","Clash+1","Iron Wave+1"],"picked":"Thunderclap+1","floor":38},{"not_picked":["Sword Boomerang+1","Body Slam","Clash"],"picked":"Offering","floor":45},{"not_picked":["Carnage","Body Slam","Searing Blow+1"],"picked":"Uppercut","floor":47},{"not_picked":["Flame Barrier","Perfected Strike","Sword Boomerang"],"picked":"Thunderclap+1","floor":48}],"player_experience":10844,"relics_obtained":[{"floor":7,"key":"Regal Pillow"},{"floor":9,"key":"Question Card"},{"floor":13,"key":"Dodecahedron"},{"floor":22,"key":"Gambling Chip"},{"floor":26,"key":"Anchor"},{"floor":29,"key":"PreservedInsect"},{"floor":39,"key":"Bottled Tornado"},{"floor":43,"key":"Happy Flower"}],"event_choices":[{"event_name":"Knowing Skull","player_choice":"GOLD GOLD GOLD GOLD GOLD GOLD ","floor":19,"damage_taken":0},{"event_name":"Vampires","player_choice":"Ignored","floor":21,"damage_taken":0},{"event_name":"Tomb of Lord Red Mask","player_choice":"Ignored","floor":36,"damage_taken":0}],"is_beta":false,"boss_relics":[{"not_picked":["Mark of Pain","Philosopher\u0027s Stone"],"picked":"Runic Dome"},{"not_picked":["Black Star","Snecko Eye"],"picked":"Runic Cube"}],"items_purged_floors":[3,10,25,41,42],"is_endless":false,"potions_floor_spawned":[7,12,13,18,24,31,38,45,48],"ascension_level":2}