{"gold_per_floor":[113,93,43,56,56,56,88,105,132,57,57,57,57,74,74,179,179,198,198,214,114,114,114,114],"floor_reached":24,"playtime":415,"items_purged":["Strike_R","Pain"],"score":347,"play_id":"9ccbaa2c-4fa9-4349-9be9-6c5d73166425","local_time":"20181020012221","is_ascension_mode":true,"campfire_choices":[{"data":"Inflame","floor":6,"key":"SMITH"},{"data":"Inflame","floor":13,"key":"SMITH"},{"data":"Heavy Blade","floor":15,"key":"SMITH"},{"data":"Seeing Red","floor":23,"key":"SMITH"}],"neow_cost":"NONE","seed_source_timestamp":199434895969262,"circlet_count":0,"master_deck":["Strike_R","Strike_R","Defend_R","Defend_R","Defend_R","Bash","AscendersBane","Inflame+1","Inflame+1","Shrug It Off","Heavy Blade+1","Demon Form","Inflame","Power Through","Seeing Red+1"],"relics":["Burning Blood","NeowsBlessing","Vajra","Strawberry","WarpedTongs","Turnip","Cursed Key"],"potions_floor_usage":[16,16,16,20,24,24],"damage_taken":[{"damage":0,"enemies":"Small Slimes","floor":1,"turns":1},{"damage":0,"enemies":"Cultist","floor":4,"turns":1},{"damage":0,"enemies":"3 Sentries","floor":7,"turns":2},{"damage":0,"enemies":"2 Louse","floor":8,"turns":3},{"damage":12,"enemies":"Looter","floor":14,"turns":3},{"damage":37,"enemies":"Hexaghost","floor":16,"turns":6},{"damage":27,"enemies":"Chosen","floor":18,"turns":5},{"damage":13,"enemies":"2 Thieves","floor":20,"turns":3},{"damage":35,"enemies":"Book of Stabbing","floor":24,"turns":5}],"seed_played":"-3021089299345520992","potions_obtained":[{"floor":1,"key":"Block Potion"},{"floor":2,"key":"EntropicBrew"},{"floor":18,"key":"Block Potion"},{"floor":20,"key":"Explosive Potion"}],"is_trial":false,"path_per_floor":["M","?","?","M","?","R","E","M","T","$","?","T","R","M","R","B",null,"M","?","M","$","?","R"],"character_chosen":"IRONCLAD","items_purchased":[],"campfire_rested":0,"item_purchase_floors":[],"current_hp_per_floor":[78,78,78,80,85,85,85,85,92,92,92,92,92,86,86,55,83,62,62,55,55,46,46,11],"gold":114,"neow_bonus":"THREE_ENEMY_KILL","is_prod":false,"is_daily":false,"chose_seed":false,"campfire_upgraded":4,"win_rate":0,"timestamp":1539969741,"path_taken":["M","?","?","M","?","R","E","M","T","$","?","?","R","M","R","BOSS","M","?","M","$","?","R","E"],"build_version":"2018-10-18","purchased_purges":2,"victory":false,"max_hp_per_floor":[80,80,80,80,85,85,85,85,92,92,92,92,92,92,92,92,92,92,92,92,92,92,92,92],"card_choices":[{"not_picked":["Spot Weakness","Armaments"],"picked":"Inflame","floor":1},{"not_picked":["Disarm","Rupture"],"picked":"Inflame","floor":4},{"not_picked":["Brutality","Rage"],"picked":"Shrug It Off","floor":7},{"not_picked":["Combust","Warcry"],"picked":"Heavy Blade","floor":8},{"not_picked":["Carnage","Infernal Blade","Fire Breathing"],"picked":"SKIP","floor":14},{"not_picked":["Bludgeon","Exhume"],"picked":"Demon Form","floor":16},{"not_picked":["Bloodletting","Rampage","Wild Strike"],"picked":"SKIP","floor":18},{"not_picked":["Havoc","Clash"],"picked":"Seeing Red","floor":20}],"player_experience":344878,"relics_obtained":[{"floor":7,"key":"Vajra"},{"floor":9,"key":"Strawberry"},{"floor":12,"key":"Turnip"}],"event_choices":[{"damage_healed":0,"gold_gain":0,"player_choice":"Bought 1 Potion","damage_taken":0,"max_hp_gain":0,"max_hp_loss":0,"event_name":"The Woman in Blue","floor":2,"gold_loss":0},{"cards_removed":["Strike_R"],"damage_healed":0,"gold_gain":0,"player_choice":"Card Removal","damage_taken":0,"max_hp_gain":0,"max_hp_loss":0,"event_name":"The Cleric","floor":3,"gold_loss":50},{"damage_healed":0,"gold_gain":0,"player_choice":"Donut","damage_taken":0,"max_hp_gain":5,"max_hp_loss":0,"event_name":"Big Fish","floor":5,"gold_loss":0},{"damage_healed":0,"gold_gain":0,"player_choice":"Rummage","damage_taken":0,"relics_obtained":["WarpedTongs"],"max_hp_gain":0,"max_hp_loss":0,"event_name":"Accursed Blacksmith","floor":11,"gold_loss":0,"cards_obtained":["Pain"]},{"damage_healed":0,"gold_gain":0,"cards_transformed":["Strike_R","Defend_R"],"player_choice":"Became Test Subject","damage_taken":0,"max_hp_gain":0,"max_hp_loss":0,"event_name":"Drug Dealer","floor":19,"gold_loss":0,"cards_obtained":["Inflame","Power Through"]},{"damage_healed":0,"gold_gain":0,"player_choice":"Damaged","damage_taken":9,"max_hp_gain":0,"max_hp_loss":0,"event_name":"Wheel of Change","floor":22,"gold_loss":0}],"is_beta":false,"boss_relics":[{"not_picked":["Runic Cube","Philosopher\u0027s Stone"],"picked":"Cursed Key"}],"items_purged_floors":[10,21],"is_endless":false,"potions_floor_spawned":[1,8,18,20],"killed_by":"Book of Stabbing","ascension_level":12}