{"gold_per_floor":[113,131,131,42,62,62,94,19,74,74,74,87,87,100,100,177,177,149,149,149,149,49,49,49],"floor_reached":24,"playtime":766,"items_purged":["Strike_G","Strike_G"],"score":384,"play_id":"cb4b2136-7e31-43cc-80fa-85d907ee075e","local_time":"20190414034414","is_ascension_mode":true,"campfire_choices":[{"data":"Neutralize","floor":6.0,"key":"SMITH"},{"data":"Expertise","floor":10.0,"key":"SMITH"},{"data":"Outmaneuver","floor":13.0,"key":"SMITH"},{"data":"Acrobatics","floor":15.0,"key":"SMITH"},{"data":"Acrobatics","floor":23.0,"key":"SMITH"}],"neow_cost":"NONE","seed_source_timestamp":0,"circlet_count":0,"master_deck":["AscendersBane","Defend_G","Defend_G","Defend_G","Defend_G","Defend_G","Strike_G+1","Strike_G+1","Strike_G","Survivor","Neutralize+1","Blur","Outmaneuver+1","Grand Finale","Dagger Throw","Expertise+1","Acrobatics+1","Acrobatics+1"],"special_seed":0,"relics":["Ring of the Snake","NeowsBlessing","Whetstone","Tiny Chest","Black Star"],"potions_floor_usage":[],"damage_taken":[{"damage":0.0,"enemies":"Small Slimes","floor":1.0,"turns":1.0},{"damage":0.0,"enemies":"Cultist","floor":2.0,"turns":1.0},{"damage":0.0,"enemies":"Jaw Worm","floor":5.0,"turns":1.0},{"damage":42.0,"enemies":"3 Sentries","floor":7.0,"turns":14.0},{"damage":0.0,"enemies":"2 Fungi Beasts","floor":12.0,"turns":5.0},{"damage":3.0,"enemies":"Exordium Wildlife","floor":14.0,"turns":4.0},{"damage":10.0,"enemies":"The Guardian","floor":16.0,"turns":10.0},{"damage":24.0,"enemies":"2 Thieves","floor":18.0,"turns":5.0},{"damage":14.0,"enemies":"Colosseum Slavers","floor":20.0,"turns":4.0},{"damage":0,"enemies":"Gremlin Leader","floor":24,"turns":2}],"seed_played":"-5481466457421581248","potions_obtained":[{"floor":2.0,"key":"PowerPotion"},{"floor":3.0,"key":"SkillPotion"},{"floor":3.0,"key":"Explosive Potion"},{"floor":12.0,"key":"Energy Potion"},{"floor":14.0,"key":"Fire Potion"}],"is_trial":false,"path_per_floor":["M","M","?","$","M","R","E","$","T","R","$","M","R","M","R","B",null,"M","?","?","$","$","R","E"],"character_chosen":"THE_SILENT","items_purchased":["Grand Finale"],"campfire_rested":0,"item_purchase_floors":[4],"current_hp_per_floor":[59,59,59,59,59,59,17,17,17,17,17,17,17,14,14,4,51,27,27,13,13,13,13,13],"gold":49,"neow_bonus":"THREE_ENEMY_KILL","is_prod":false,"is_daily":false,"chose_seed":false,"campfire_upgraded":5,"win_rate":0,"timestamp":1555184654,"path_taken":["M","M","?","?","?","R","E","$","T","R","$","M","R","M","R","BOSS","M","?","?","?","$","R","E"],"build_version":"2019-01-23","purchased_purges":2,"victory":false,"max_hp_per_floor":[66,66,66,66,66,66,66,66,66,66,66,66,66,66,66,66,66,66,66,66,66,66,66,66],"card_choices":[{"not_picked":["Underhanded Strike","Reflex"],"picked":"Blur","floor":1.0},{"not_picked":["Slice","Riddle With Holes"],"picked":"Outmaneuver","floor":2.0},{"not_picked":["Flying Knee","Poisoned Stab"],"picked":"Dagger Throw","floor":5.0},{"not_picked":["Acrobatics","Distraction"],"picked":"Expertise","floor":7.0},{"not_picked":["Dagger Throw","Deadly Poison","Cloak And Dagger"],"picked":"SKIP","floor":12.0},{"not_picked":["PiercingWail","Infinite Blades"],"picked":"Acrobatics","floor":14.0},{"not_picked":["Poisoned Stab","Predator"],"picked":"Acrobatics","floor":18.0}],"player_experience":4270149,"relics_obtained":[{"floor":7.0,"key":"Whetstone"},{"floor":9.0,"key":"Tiny Chest"}],"event_choices":[{"damage_healed":0.0,"max_hp_gain":0.0,"max_hp_loss":0.0,"gold_gain":0.0,"event_name":"Lab","player_choice":"Got Potions","floor":3.0,"gold_loss":0.0,"damage_taken":0.0},{"damage_healed":0.0,"max_hp_gain":0.0,"max_hp_loss":0.0,"gold_gain":0.0,"event_name":"Cursed Tome","player_choice":"Ignored","floor":19.0,"gold_loss":0.0,"damage_taken":0.0},{"damage_healed":0.0,"max_hp_gain":0.0,"max_hp_loss":0.0,"gold_gain":0.0,"event_name":"Colosseum","player_choice":"Fight","floor":20.0,"gold_loss":0.0,"damage_taken":0.0},{"damage_healed":0.0,"max_hp_gain":0.0,"max_hp_loss":0.0,"gold_gain":0.0,"event_name":"Colosseum","player_choice":"Fled From Nobs","floor":20.0,"gold_loss":0.0,"damage_taken":0.0}],"is_beta":false,"boss_relics":[{"not_picked":["White Beast Statue","WristBlade"],"picked":"Black Star"}],"items_purged_floors":[8,22],"is_endless":false,"potions_floor_spawned":[2,12,14,20],"killed_by":"Gremlin Leader","ascension_level":20}