{"gold_per_floor":[113,113,124,49,67,67,67,16,16,16,27,58,58,58,58,129,129,148,48,67,167,217,217,249,267,291,307,320,332,332,358,358,435,435,446,446,446,29,29,60,60,22,22,39,64,88,120,133,133,133,133,133,37,69,69],"floor_reached":56,"playtime":1891,"items_purged":["Strike_G","Strike_G","Strike_G"],"score":2668,"play_id":"8b0472e7-4c3a-4d58-8c3d-990d41a0ef30","local_time":"20190208000714","is_ascension_mode":true,"campfire_choices":[{"data":"Neutralize","floor":6.0,"key":"SMITH"},{"data":"Deadly Poison","floor":10.0,"key":"SMITH"},{"data":"Catalyst","floor":13.0,"key":"SMITH"},{"data":"Noxious Fumes","floor":15.0,"key":"SMITH"},{"data":"Burst","floor":23.0,"key":"SMITH"},{"data":"Footwork","floor":30.0,"key":"SMITH"},{"data":"Backflip","floor":32.0,"key":"SMITH"},{"floor":41.0,"key":"RECALL"},{"data":"Defend_G","floor":49.0,"key":"SMITH"},{"data":"Survivor","floor":52.0,"key":"SMITH"}],"neow_cost":"NONE","seed_source_timestamp":38344838521033,"circlet_count":0,"master_deck":["AscendersBane","Defend_G","Defend_G","Defend_G","Defend_G","Defend_G+1","Strike_G","Survivor+1","Neutralize+1","PiercingWail","Catalyst+1","Deadly Poison+1","Noxious Fumes+1","Burst+1","Backflip+1","Calculated Gamble+1","Footwork+1","Bouncing Flask+1","Acrobatics+1","Finesse+1","Secret Technique+1","Escape Plan+1","Adrenaline+1","Dodge and Roll+1","Deep Breath+1"],"special_seed":0,"relics":["Ring of the Serpent","Paper Crane","Bottled Lightning","Coffee Dripper","FossilizedHelix","Toxic Egg 2","Snake Skull","Oddly Smooth Stone","OrangePellets","PreservedInsect","Frozen Egg 2","Juzu Bracelet","Dream Catcher","Omamori","Vajra"],"potions_floor_usage":[55],"damage_taken":[{"damage":0.0,"enemies":"2 Louse","floor":1.0,"turns":5.0},{"damage":2.0,"enemies":"Cultist","floor":3.0,"turns":4.0},{"damage":1.0,"enemies":"Small Slimes","floor":5.0,"turns":5.0},{"damage":3.0,"enemies":"Looter","floor":11.0,"turns":3.0},{"damage":26.0,"enemies":"Gremlin Nob","floor":12.0,"turns":5.0},{"damage":12.0,"enemies":"The Guardian","floor":16.0,"turns":8.0},{"damage":0.0,"enemies":"Shell Parasite","floor":18.0,"turns":4.0},{"damage":0.0,"enemies":"Spheric Guardian","floor":20.0,"turns":4.0},{"damage":5.0,"enemies":"Colosseum Slavers","floor":21.0,"turns":7.0},{"damage":0.0,"enemies":"Colosseum Nobs","floor":21.0,"turns":6.0},{"damage":0.0,"enemies":"Book of Stabbing","floor":24.0,"turns":5.0},{"damage":0.0,"enemies":"Centurion and Healer","floor":25.0,"turns":6.0},{"damage":0.0,"enemies":"Chosen and Byrds","floor":27.0,"turns":5.0},{"damage":0.0,"enemies":"Snecko","floor":28.0,"turns":3.0},{"damage":0.0,"enemies":"3 Cultists","floor":29.0,"turns":4.0},{"damage":0.0,"enemies":"Slavers","floor":31.0,"turns":7.0},{"damage":0.0,"enemies":"Automaton","floor":33.0,"turns":6.0},{"damage":0.0,"enemies":"3 Darklings","floor":35.0,"turns":4.0},{"damage":0.0,"enemies":"Reptomancer","floor":40.0,"turns":2.0},{"damage":0.0,"enemies":"Orb Walker","floor":44.0,"turns":2.0},{"damage":0.0,"enemies":"Giant Head","floor":45.0,"turns":3.0},{"damage":0.0,"enemies":"Nemesis","floor":47.0,"turns":3.0},{"damage":0.0,"enemies":"Spire Growth","floor":48.0,"turns":3.0},{"damage":0.0,"enemies":"Awakened One","floor":50.0,"turns":13.0},{"damage":2.0,"enemies":"Shield and Spear","floor":54.0,"turns":6.0},{"damage":0,"enemies":"The Heart","floor":55,"turns":3}],"seed_played":"9159450374383682666","potions_obtained":[{"floor":0.0,"key":"Swift Potion"},{"floor":0.0,"key":"Fire Potion"},{"floor":16.0,"key":"EssenceOfSteel"},{"floor":21.0,"key":"Block Potion"},{"floor":24.0,"key":"GamblersBrew"},{"floor":33.0,"key":"SpeedPotion"},{"floor":40.0,"key":"Fruit Juice"},{"floor":45.0,"key":"EssenceOfSteel"}],"is_trial":false,"path_per_floor":["M","?","M","$","M","R","?","$","T","R","M","E","R","?","R","B",null,"M","$","M","?","?","R","E","M","T","M","M","M","R","E","R","B",null,"M","?","?","$","?","E","R","$","T","M","E","T","E","M","R","B",null,"R","$","E","B",null],"character_chosen":"THE_SILENT","items_purchased":["Deadly Poison","Finesse+1","OrangePellets","Escape Plan+1","Deep Breath+1"],"campfire_rested":0,"item_purchase_floors":[8,38,38,42,53],"current_hp_per_floor":[59,59,57,57,56,56,56,56,56,56,53,27,27,27,27,15,53,53,53,53,48,48,48,48,48,48,48,48,48,48,48,48,48,62,62,62,62,62,62,67,67,67,67,67,67,67,67,67,67,67,68,68,68,66,66],"gold":69,"neow_bonus":"THREE_SMALL_POTIONS","is_prod":false,"is_daily":false,"chose_seed":false,"campfire_upgraded":9,"win_rate":0,"timestamp":1549555634,"path_taken":["M","?","M","$","?","R","?","$","T","R","?","E","R","?","R","BOSS","M","$","M","?","?","R","E","?","T","M","M","M","R","E","R","BOSS","M","?","?","$","?","E","R","?","T","M","E","?","E","M","R","BOSS","R","$","E","BOSS"],"build_version":"2019-01-23","purchased_purges":3,"victory":true,"max_hp_per_floor":[66,66,66,66,66,66,66,66,66,66,66,66,66,66,66,66,66,66,66,66,66,66,66,66,66,66,66,66,66,66,66,66,66,66,66,66,63,63,63,68,68,68,68,68,68,68,68,68,68,68,68,68,68,68,68],"card_choices":[{"not_picked":["Accuracy","Poisoned Stab","Concentrate"],"picked":"SKIP","floor":1.0},{"not_picked":["Poisoned Stab","Dagger Spray"],"picked":"PiercingWail","floor":3.0},{"not_picked":["Flying Knee","Blade Dance"],"picked":"Catalyst","floor":5.0},{"not_picked":["Flying Knee","Cloak And Dagger","Outmaneuver"],"picked":"SKIP","floor":11.0},{"not_picked":["Poisoned Stab","PiercingWail"],"picked":"Noxious Fumes","floor":12.0},{"not_picked":["After Image","Malaise"],"picked":"Burst","floor":16.0},{"not_picked":["Deadly Poison","Bane"],"picked":"Backflip","floor":18.0},{"not_picked":["Acrobatics","Dagger Throw"],"picked":"Calculated Gamble+1","floor":20.0},{"not_picked":["Accuracy","Backflip+1","Storm of Steel+1"],"picked":"SKIP","floor":24.0},{"not_picked":["Dodge and Roll+1","Cloak And Dagger+1","Sucker Punch"],"picked":"SKIP","floor":25.0},{"not_picked":["Distraction+1","Poisoned Stab"],"picked":"Footwork","floor":27.0},{"not_picked":["Cloak And Dagger+1","Sucker Punch"],"picked":"Bouncing Flask+1","floor":28.0},{"not_picked":["Slice","Endless Agony"],"picked":"Acrobatics+1","floor":29.0},{"not_picked":["Leg Sweep+1","Flechettes","Blade Dance+1"],"picked":"SKIP","floor":31.0},{"not_picked":["Leg Sweep+1","Flechettes","Blade Dance+1"],"picked":"SKIP","floor":31.0},{"not_picked":["Leg Sweep+1","Flechettes","Blade Dance+1"],"picked":"SKIP","floor":31.0},{"not_picked":["Sucker Punch","Slice","All Out Attack"],"picked":"SKIP","floor":35.0},{"not_picked":["Panacea+1","Secret Weapon+1"],"picked":"Secret Technique+1","floor":39.0},{"not_picked":["Underhanded Strike","Prepared+1","Leg Sweep+1"],"picked":"SKIP","floor":40.0},{"not_picked":["Quick Slash","Skewer"],"picked":"Adrenaline+1","floor":44.0},{"not_picked":["Deadly Poison+1","Masterful Stab","Cloak And Dagger+1"],"picked":"SKIP","floor":45.0},{"not_picked":["Blade Dance+1","Deadly Poison+1","Predator"],"picked":"SKIP","floor":47.0},{"not_picked":["Crippling Poison+1","PiercingWail+1"],"picked":"Dodge and Roll+1","floor":48.0},{"not_picked":["Setup+1","Deflect+1","Storm of Steel+1"],"picked":"SKIP","floor":54.0}],"player_experience":1439863,"relics_obtained":[{"floor":9.0,"key":"Paper Crane"},{"floor":12.0,"key":"Bottled Lightning"},{"floor":21.0,"key":"FossilizedHelix"},{"floor":21.0,"key":"Toxic Egg 2"},{"floor":24.0,"key":"Snake Skull"},{"floor":31.0,"key":"Oddly Smooth Stone"},{"floor":40.0,"key":"PreservedInsect"},{"floor":43.0,"key":"Frozen Egg 2"},{"floor":45.0,"key":"Juzu Bracelet"},{"floor":46.0,"key":"Dream Catcher"},{"floor":47.0,"key":"Omamori"},{"floor":54.0,"key":"Vajra"}],"event_choices":[{"damage_healed":0.0,"max_hp_gain":0.0,"max_hp_loss":0.0,"gold_gain":0.0,"event_name":"Lab","player_choice":"Got Potions","floor":2.0,"gold_loss":0.0,"damage_taken":0.0},{"cards_removed":["Strike_G"],"damage_healed":0.0,"max_hp_gain":0.0,"max_hp_loss":0.0,"gold_gain":0.0,"event_name":"Bonfire Elementals","player_choice":"Offered Basic","floor":7.0,"gold_loss":0.0,"damage_taken":0.0},{"damage_healed":0.0,"max_hp_gain":0.0,"max_hp_loss":0.0,"gold_gain":0.0,"event_name":"Liars Game","player_choice":"Ignored","floor":14.0,"gold_loss":0.0,"damage_taken":0.0},{"damage_healed":0.0,"max_hp_gain":0.0,"max_hp_loss":0.0,"gold_gain":0.0,"event_name":"Colosseum","player_choice":"Fight","floor":21.0,"gold_loss":0.0,"damage_taken":0.0},{"damage_healed":0.0,"max_hp_gain":0.0,"max_hp_loss":0.0,"gold_gain":0.0,"event_name":"Colosseum","player_choice":"Fought Nobs","floor":21.0,"gold_loss":0.0,"damage_taken":0.0},{"damage_healed":0.0,"max_hp_gain":0.0,"max_hp_loss":0.0,"gold_gain":50.0,"event_name":"Golden Shrine","player_choice":"Pray","floor":22.0,"gold_loss":0.0,"damage_taken":0.0},{"damage_healed":0.0,"max_hp_gain":0.0,"max_hp_loss":0.0,"gold_gain":0.0,"event_name":"Tomb of Lord Red Mask","player_choice":"Ignored","floor":36.0,"gold_loss":0.0,"damage_taken":0.0},{"damage_healed":0.0,"max_hp_gain":0.0,"max_hp_loss":3.0,"gold_gain":0.0,"event_name":"Winding Halls","player_choice":"Max HP","floor":37.0,"gold_loss":0.0,"damage_taken":0.0},{"damage_healed":0.0,"max_hp_gain":0.0,"max_hp_loss":0.0,"gold_gain":0.0,"event_name":"SensoryStone","player_choice":"Memory 1","floor":39.0,"gold_loss":0.0,"damage_taken":0.0}],"is_beta":false,"boss_relics":[{"not_picked":["Pandora\u0027s Box","Runic Dome"],"picked":"Coffee Dripper"},{"not_picked":["HoveringKite","Philosopher\u0027s Stone"],"picked":"Ring of the Serpent"}],"items_purged_floors":[4,19,38],"is_endless":false,"potions_floor_spawned":[1,5,16,21,24,27,28,33,40,45,48],"ascension_level":15}