{"gold_per_floor":[111,111,134,134,209,248,248,273,273,298,298,336,366,366],"floor_reached":14,"playtime":259,"items_purged":[],"score":246,"play_id":"cc09224b-fa58-4401-ad12-aaa0b4a9a750","local_time":"20190321182945","is_ascension_mode":true,"campfire_choices":[{"data":"Darkness","floor":7.0,"key":"SMITH"},{"data":"Loop","floor":11.0,"key":"SMITH"}],"neow_cost":"NONE","seed_source_timestamp":24644164476857,"circlet_count":0,"master_deck":["AscendersBane","Strike_B","Strike_B","Strike_B","Strike_B","Defend_B","Defend_B","Defend_B","Defend_B","Zap","Dualcast","Darkness+1","Loop","Redo","Loop+1","Double Energy"],"special_seed":0,"relics":["Cracked Core","NeowsBlessing","Golden Idol","Ancient Tea Set","Shuriken"],"potions_floor_usage":[],"damage_taken":[{"damage":0.0,"enemies":"2 Louse","floor":1.0,"turns":1.0},{"damage":0.0,"enemies":"Small Slimes","floor":3.0,"turns":1.0},{"damage":0.0,"enemies":"Gremlin Nob","floor":6.0,"turns":1.0},{"damage":4.0,"enemies":"Jaw Worm","floor":8.0,"turns":4.0},{"damage":11.0,"enemies":"Blue Slaver","floor":10.0,"turns":5.0},{"damage":10.0,"enemies":"Lagavulin","floor":12.0,"turns":5.0},{"damage":25,"enemies":"3 Sentries","floor":14,"turns":4}],"seed_played":"-3579989604905870697","potions_obtained":[{"floor":1.0,"key":"EssenceOfSteel"},{"floor":12.0,"key":"Dexterity Potion"}],"is_trial":false,"path_per_floor":["M","?","M","?","?","E","R","M","T","M","R","E","?","E"],"character_chosen":"DEFECT","items_purchased":[],"campfire_rested":0,"item_purchase_floors":[],"current_hp_per_floor":[64,64,64,69,58,58,58,54,54,43,43,33,33,8],"gold":366,"neow_bonus":"THREE_ENEMY_KILL","is_prod":false,"is_daily":false,"chose_seed":false,"campfire_upgraded":2,"win_rate":0,"timestamp":1553164185,"path_taken":["M","?","M","?","?","E","R","M","T","M","R","E","?","E"],"build_version":"2019-01-23","purchased_purges":0,"victory":false,"max_hp_per_floor":[71,64,64,69,69,69,69,69,69,69,69,69,69,69],"card_choices":[{"not_picked":["Conserve Battery","Redo"],"picked":"Darkness","floor":1.0},{"not_picked":["Conserve Battery","Turbo"],"picked":"Loop","floor":3.0},{"not_picked":["FTL","Force Field","Static Discharge"],"picked":"SKIP","floor":6.0},{"not_picked":["Barrage","Streamline"],"picked":"Redo","floor":8.0},{"not_picked":["Conserve Battery","Ball Lightning"],"picked":"Loop","floor":10.0},{"not_picked":["Consume","Barrage"],"picked":"Double Energy","floor":12.0}],"player_experience":3773950,"relics_obtained":[{"floor":6.0,"key":"Ancient Tea Set"},{"floor":12.0,"key":"Shuriken"}],"event_choices":[{"damage_healed":0.0,"max_hp_gain":0.0,"max_hp_loss":7.0,"gold_gain":0.0,"event_name":"Golden Idol","player_choice":"Lose Max HP","floor":2.0,"gold_loss":0.0,"damage_taken":0.0,"relics_obtained":["Golden Idol"]},{"damage_healed":0.0,"max_hp_gain":5.0,"max_hp_loss":0.0,"gold_gain":0.0,"event_name":"Big Fish","player_choice":"Donut","floor":4.0,"gold_loss":0.0,"damage_taken":0.0},{"damage_healed":0.0,"max_hp_gain":0.0,"max_hp_loss":0.0,"gold_gain":75.0,"event_name":"World of Goop","player_choice":"Gather Gold","floor":5.0,"gold_loss":0.0,"damage_taken":11.0},{"damage_healed":0,"gold_gain":30,"player_choice":"Searched \u00271\u0027 times","damage_taken":0,"max_hp_gain":0,"max_hp_loss":0,"event_name":"Dead Adventurer","floor":13,"gold_loss":0}],"is_beta":false,"boss_relics":[],"items_purged_floors":[],"is_endless":false,"potions_floor_spawned":[1,12],"killed_by":"3 Sentries","ascension_level":20}