{"path_per_floor":["M","?","M","M","M","M","R","M","T","M","E","?","M","M","R"],"character_chosen":"IRONCLAD","items_purchased":[],"gold_per_floor":[119,119,138,161,186,202,202,222,222,247,287,317,336,349,349],"floor_reached":16,"campfire_rested":0,"playtime":1066,"current_hp_per_floor":[72,54,58,58,54,50,50,56,56,52,40,40,38,30,30],"items_purged":[],"gold":349,"score":108,"play_id":"df2a0d23-c397-40b2-a717-2c6e52016945","local_time":"20180314214905","is_prod":false,"is_daily":false,"is_ascension_mode":false,"campfire_upgraded":1,"timestamp":1521060545,"path_taken":["M","?","M","M","M","M","R","M","T","M","E","?","M","M","R","BOSS"],"build_version":"2018-03-09","purchased_purges":0,"victory":false,"master_deck":["Strike_R","Strike_R","Strike_R","Strike_R","Strike_R","Defend_R","Defend_R","Bash","Reckless Charge","Armaments","Sever Soul","Second Wind","Burning Pact","Infernal Blade","Feel No Pain+1","Juggernaut","Body Slam","Feel No Pain","True Grit","Warcry"],"max_hp_per_floor":[72,72,72,72,72,72,72,72,72,72,72,72,72,72,72],"relics":["Burning Blood","Golden Idol","Shovel","Champion Belt","Bag of Preparation","Regal Pillow"],"card_choices":[{"not_picked":["Clothesline","Shrug It Off"],"picked":"Sever Soul"},{"not_picked":["Iron Wave","Disarm"],"picked":"Second Wind"},{"not_picked":["Clothesline","Dual Wield"],"picked":"Burning Pact"},{"not_picked":["Carnage","Havoc"],"picked":"Infernal Blade"},{"not_picked":["Fire Breathing","Anger"],"picked":"Feel No Pain"},{"not_picked":["Shrug It Off","Armaments"],"picked":"Juggernaut"},{"not_picked":["Thunderclap","Wild Strike"],"picked":"Body Slam"},{"not_picked":["Shockwave","Flex"],"picked":"Feel No Pain"},{"not_picked":["Perfected Strike","Inflame"],"picked":"True Grit"},{"not_picked":["Clothesline","Shrug It Off"],"picked":"Warcry"}],"player_experience":142553,"potions_floor_usage":[14,16,16,16],"damage_taken":[{"damage":0,"enemies":"2 Louse","floor":1,"turns":2},{"damage":2,"enemies":"Small Slimes","floor":3,"turns":3},{"damage":6,"enemies":"Cultist","floor":4,"turns":3},{"damage":10,"enemies":"Looter","floor":5,"turns":2},{"damage":10,"enemies":"3 Louse","floor":6,"turns":4},{"damage":0,"enemies":"Exordium Wildlife","floor":8,"turns":3},{"damage":10,"enemies":"Looter","floor":10,"turns":3},{"damage":18,"enemies":"3 Sentries","floor":11,"turns":8},{"damage":8,"enemies":"2 Fungi Beasts","floor":13,"turns":3},{"damage":14,"enemies":"Lots of Slimes","floor":14,"turns":5},{"damage":39,"enemies":"Slime Boss","floor":16,"turns":3}],"event_choices":[{"event_name":"Golden Idol","player_choice":"Take Damage","floor":2,"damage_taken":0},{"event_name":"Dead Adventurer","player_choice":"Searched \u00273\u0027 times","floor":12,"damage_taken":0}],"boss_relics":[],"potions_floor_spawned":[4,8,10,11,14],"seed_played":"2878900916331648992","killed_by":"Slime Boss","ascension_level":0,"is_trial":false}