{"gold_per_floor":[114,114,114,114,137,137,180,180,206,222,245,245,263,8,8,99,99,114,114],"floor_reached":19,"playtime":369,"items_purged":[],"score":384,"play_id":"209af759-2763-4cc7-a21b-d179809e7398","local_time":"20190410203441","is_ascension_mode":true,"campfire_choices":[{"data":"Neutralize","floor":6.0,"key":"SMITH"},{"data":"Predator","floor":8.0,"key":"SMITH"},{"data":"Defend_G","floor":12.0,"key":"PURGE"},{"data":"Noxious Fumes","floor":15.0,"key":"SMITH"}],"neow_cost":"NONE","seed_source_timestamp":58442309193047,"circlet_count":0,"master_deck":["AscendersBane","Defend_G","Defend_G","Defend_G","Strike_G","Strike_G","Strike_G","Strike_G","Strike_G","Survivor","Neutralize+1","Predator+1","Adrenaline","Noxious Fumes+1","Envenom"],"special_seed":0,"relics":["Ring of the Snake","NeowsBlessing","Golden Idol","Peace Pipe","Lantern","Membership Card","Sozu"],"potions_floor_usage":[],"damage_taken":[{"damage":0.0,"enemies":"Small Slimes","floor":1.0,"turns":1.0},{"damage":0.0,"enemies":"2 Louse","floor":5.0,"turns":1.0},{"damage":0.0,"enemies":"3 Sentries","floor":7.0,"turns":1.0},{"damage":0.0,"enemies":"Cultist","floor":10.0,"turns":3.0},{"damage":8.0,"enemies":"Looter","floor":11.0,"turns":3.0},{"damage":0.0,"enemies":"Large Slime","floor":13.0,"turns":4.0},{"damage":23.0,"enemies":"Hexaghost","floor":16.0,"turns":9.0},{"damage":10,"enemies":"Shell Parasite","floor":18,"turns":7},{"damage":0,"enemies":"2 Thieves","floor":19,"turns":1}],"seed_played":"960762362347437991","potions_obtained":[{"floor":5.0,"key":"Swift Potion"},{"floor":7.0,"key":"Energy Potion"}],"is_trial":false,"path_per_floor":["M","?","?","?","M","R","E","R","T","M","M","R","M","$","R","B",null,"M","M"],"character_chosen":"THE_SILENT","items_purchased":["Membership Card","Envenom"],"campfire_rested":0,"item_purchase_floors":[14,14],"current_hp_per_floor":[59,52,52,57,57,57,57,57,57,57,49,49,49,49,49,26,55,45,45],"gold":114,"neow_bonus":"THREE_ENEMY_KILL","is_prod":false,"is_daily":false,"chose_seed":false,"campfire_upgraded":3,"win_rate":0,"timestamp":1554899681,"path_taken":["M","?","?","?","M","R","E","R","T","M","M","R","M","?","R","BOSS","M","M"],"build_version":"2019-01-23","purchased_purges":0,"victory":false,"max_hp_per_floor":[66,66,60,65,65,65,65,65,65,65,65,65,65,65,65,65,65,65,65],"card_choices":[{"not_picked":["Outmaneuver","Dodge and Roll","Expertise"],"picked":"SKIP","floor":1.0},{"not_picked":["Dagger Throw","Skewer","Eviscerate"],"picked":"SKIP","floor":5.0},{"not_picked":["Crippling Poison","Slice"],"picked":"Predator","floor":7.0},{"not_picked":["Choke","Sucker Punch","Acrobatics"],"picked":"SKIP","floor":10.0},{"not_picked":["Flying Knee","Sucker Punch"],"picked":"Adrenaline","floor":11.0},{"not_picked":["Acrobatics","Dagger Spray"],"picked":"Noxious Fumes","floor":13.0},{"not_picked":["Poisoned Stab+1","Blade Dance+1","Dodge and Roll"],"picked":"SKIP","floor":18}],"player_experience":4214793,"relics_obtained":[{"floor":7.0,"key":"Peace Pipe"},{"floor":9.0,"key":"Lantern"}],"event_choices":[{"cards_removed":["Defend_G"],"damage_healed":0.0,"max_hp_gain":0.0,"max_hp_loss":0.0,"gold_gain":0.0,"event_name":"Golden Wing","player_choice":"Card Removal","floor":2.0,"gold_loss":0.0,"damage_taken":7.0},{"damage_healed":0.0,"max_hp_gain":0.0,"max_hp_loss":6.0,"gold_gain":0.0,"event_name":"Golden Idol","player_choice":"Lose Max HP","floor":3.0,"gold_loss":0.0,"damage_taken":0.0,"relics_obtained":["Golden Idol"]},{"damage_healed":0.0,"max_hp_gain":5.0,"max_hp_loss":0.0,"gold_gain":0.0,"event_name":"Big Fish","player_choice":"Donut","floor":4.0,"gold_loss":0.0,"damage_taken":0.0}],"is_beta":false,"boss_relics":[{"not_picked":["Tiny House","Ring of the Serpent"],"picked":"Sozu"}],"items_purged_floors":[],"is_endless":false,"potions_floor_spawned":[5,7,11,13,16],"killed_by":"2 Thieves","ascension_level":20}