{"gold_per_floor":[113,123,35,35,35,35,35,35,103,103,115,130,130,143,143,220,220,239,73,223,236,236],"floor_reached":22,"playtime":688,"items_purged":[],"score":448,"play_id":"779d02ce-d0e3-43c8-9108-509521c6752f","local_time":"20190126171001","is_ascension_mode":true,"campfire_choices":[{"data":"Bash","floor":6.0,"key":"SMITH"},{"data":"Power Through","floor":8.0,"key":"SMITH"},{"data":"Second Wind","floor":13.0,"key":"SMITH"},{"data":"Evolve","floor":15.0,"key":"SMITH"}],"neow_cost":"NONE","seed_source_timestamp":30224958507282,"circlet_count":0,"master_deck":["AscendersBane","Strike_R+1","Strike_R","Strike_R","Strike_R","Defend_R","Defend_R","Defend_R","Defend_R","Bash+1","Bludgeon+1","Ghostly Armor","Evolve+1","Power Through+1","Second Wind+1","Barricade","Shrug It Off"],"special_seed":0,"relics":["Burning Blood","Eternal Feather","Art of War"],"potions_floor_usage":[22],"damage_taken":[{"damage":5.0,"enemies":"Small Slimes","floor":1.0,"turns":3.0},{"damage":0.0,"enemies":"Cultist","floor":2.0,"turns":2.0},{"damage":2.0,"enemies":"Jaw Worm","floor":11.0,"turns":3.0},{"damage":11.0,"enemies":"Looter","floor":12.0,"turns":2.0},{"damage":16.0,"enemies":"2 Fungi Beasts","floor":14.0,"turns":3.0},{"damage":0.0,"enemies":"Slime Boss","floor":16.0,"turns":8.0},{"damage":41.0,"enemies":"Shell Parasite","floor":18.0,"turns":10.0},{"damage":19.0,"enemies":"theJungle:GiantWrat","floor":21.0,"turns":8.0},{"damage":15,"enemies":"theJungle:2_Flameangoes","floor":22,"turns":3}],"seed_played":"-472903232135040484","potions_obtained":[{"floor":10.0,"key":"Swift Potion"},{"floor":10.0,"key":"Poison Potion"},{"floor":14.0,"key":"GamblersBrew"},{"floor":21.0,"key":"GamblersBrew"}],"is_trial":false,"path_per_floor":["M","M","$","?","?","R","?","R","T","?","M","M","R","M","R","B",null,"M","$","?","M","M"],"character_chosen":"IRONCLAD","items_purchased":["Power Through","Art of War"],"campfire_rested":0,"item_purchase_floors":[3,19],"current_hp_per_floor":[69,75,75,52,45,45,45,45,45,45,49,44,44,34,34,40,66,31,31,31,18,3],"gold":236,"neow_bonus":"ONE_RANDOM_RARE_CARD","is_prod":false,"is_daily":false,"chose_seed":false,"campfire_upgraded":4,"win_rate":0,"timestamp":1548493801,"path_taken":["M","M","$","?","?","R","?","R","T","?","M","M","R","?","R","BOSS","M","$","?","M","M"],"build_version":"2019-01-23","purchased_purges":0,"victory":false,"max_hp_per_floor":[75,75,75,75,75,75,75,75,75,75,75,75,75,75,75,75,75,75,75,75,75,75],"card_choices":[{"not_picked":["Clothesline","Headbutt","Ghostly Armor"],"picked":"SKIP","floor":1.0},{"not_picked":["Clothesline","Headbutt"],"picked":"Ghostly Armor","floor":1.0},{"not_picked":["Infernal Blade","Iron Wave"],"picked":"Evolve","floor":2.0},{"not_picked":["Iron Wave","Disarm"],"picked":"Second Wind","floor":11.0},{"not_picked":["True Grit","Warcry","Inflame"],"picked":"SKIP","floor":12.0},{"not_picked":["Pommel Strike","Cleave","Sword Boomerang"],"picked":"SKIP","floor":14.0},{"not_picked":["Double Tap","Dark Embrace"],"picked":"Barricade","floor":16.0},{"not_picked":["Ghostly Armor","Pommel Strike","Searing Blow"],"picked":"SKIP","floor":18.0},{"not_picked":["Ghostly Armor","Pommel Strike","Searing Blow"],"picked":"SKIP","floor":18.0},{"not_picked":["Shockwave","Thunderclap"],"picked":"Shrug It Off","floor":21.0}],"player_experience":2283339,"relics_obtained":[],"event_choices":[{"damage_healed":0.0,"max_hp_gain":0.0,"max_hp_loss":0.0,"gold_gain":0.0,"event_name":"Shining Light","player_choice":"Entered Light","floor":4.0,"gold_loss":0.0,"damage_taken":23.0,"cards_upgraded":["Bludgeon","Strike_R"]},{"cards_removed":["Strike_R"],"damage_healed":0.0,"max_hp_gain":0.0,"max_hp_loss":0.0,"gold_gain":0.0,"event_name":"Golden Wing","player_choice":"Card Removal","floor":5.0,"gold_loss":0.0,"damage_taken":7.0},{"damage_healed":0.0,"max_hp_gain":0.0,"max_hp_loss":0.0,"gold_gain":0.0,"event_name":"Liars Game","player_choice":"Ignored","floor":7.0,"gold_loss":0.0,"damage_taken":0.0},{"damage_healed":0.0,"max_hp_gain":0.0,"max_hp_loss":0.0,"gold_gain":0.0,"event_name":"Lab","player_choice":"Got Potions","floor":10.0,"gold_loss":0.0,"damage_taken":0.0}],"is_beta":false,"boss_relics":[{"not_picked":["Black Blood","Pandora\u0027s Box"],"picked":"Eternal Feather"}],"items_purged_floors":[],"is_endless":false,"potions_floor_spawned":[14,21],"killed_by":"theJungle:2_Flameangoes","ascension_level":20}