{"gold_per_floor":[112,112,37,52,69,69,69,69,116,127,127,127,27,57,57,135,135,147,72,47,47,32,32,67,67,90,102,128,140,171,216,228,311,323,354,366,478,508,536,548,592,604,641,682,705,750,762,825,837,849,861,873,885,76,103,103],"floor_reached":56,"playtime":4135,"items_purged":["Decay","Decay"],"score":2663,"play_id":"91f5692c-7f8e-4e05-904e-378bbd4b4e90","local_time":"20190307232727","is_ascension_mode":true,"campfire_choices":[{"data":"Neutralize","floor":6.0,"key":"SMITH"},{"data":"Burst","floor":8.0,"key":"SMITH"},{"data":"Tools of the Trade","floor":11.0,"key":"SMITH"},{"data":"Discovery","floor":15.0,"key":"SMITH"},{"data":"Tactician","floor":23.0,"key":"SMITH"},{"data":"Acrobatics","floor":25.0,"key":"SMITH"},{"data":"Catalyst","floor":27.0,"key":"SMITH"},{"data":"Calculated Gamble","floor":32.0,"key":"SMITH"},{"data":"Grand Finale","floor":40.0,"key":"SMITH"},{"data":"Bouncing Flask","floor":42.0,"key":"SMITH"},{"floor":49.0,"key":"RECALL"},{"data":"Leg Sweep","floor":53.0,"key":"SMITH"}],"neow_cost":"CURSE","seed_source_timestamp":37937900436139,"circlet_count":0,"master_deck":["AscendersBane","Defend_G","Defend_G","Defend_G+1","Defend_G","Defend_G","Strike_G+1","Strike_G","Survivor","Neutralize+1","Burst+1","Leg Sweep+1","Backstab+1","Backflip","Tools of the Trade+1","Discovery+1","After Image","Tactician+1","Acrobatics+1","Catalyst+1","Heel Hook+1","Prepared+1","Calculated Gamble+1","Grand Finale+1","Blur","Bouncing Flask+1","Unload","Concentrate"],"special_seed":0,"relics":["Ring of the Snake","Art of War","Runic Pyramid","Ancient Tea Set","MawBank","Oddly Smooth Stone","White Beast Statue","Unceasing Top","Vajra","PreservedInsect","Snake Skull","Whetstone","Tingsha","Letter Opener","Pen Nib","Frozen Eye","Bronze Scales"],"potions_floor_usage":[56],"damage_taken":[{"damage":11.0,"enemies":"Cultist","floor":1.0,"turns":5.0},{"damage":3.0,"enemies":"Jaw Worm","floor":4.0,"turns":6.0},{"damage":0.0,"enemies":"2 Louse","floor":5.0,"turns":2.0},{"damage":1.0,"enemies":"Red Slaver","floor":10.0,"turns":6.0},{"damage":13.0,"enemies":"Lagavulin","floor":14.0,"turns":12.0},{"damage":0.0,"enemies":"Hexaghost","floor":16.0,"turns":9.0},{"damage":10.0,"enemies":"Shell Parasite","floor":18.0,"turns":7.0},{"damage":7.0,"enemies":"2 Thieves","floor":22.0,"turns":5.0},{"damage":0.0,"enemies":"Book of Stabbing","floor":24.0,"turns":5.0},{"damage":10.0,"enemies":"Snecko","floor":28.0,"turns":6.0},{"damage":14.0,"enemies":"Cultist and Chosen","floor":30.0,"turns":11.0},{"damage":8.0,"enemies":"Slavers","floor":31.0,"turns":5.0},{"damage":0.0,"enemies":"Collector","floor":33.0,"turns":8.0},{"damage":0.0,"enemies":"3 Darklings","floor":35.0,"turns":6.0},{"damage":0.0,"enemies":"Mind Bloom Boss Battle","floor":37.0,"turns":3.0},{"damage":0.0,"enemies":"Orb Walker","floor":38.0,"turns":3.0},{"damage":1.0,"enemies":"Sphere and 2 Shapes","floor":39.0,"turns":6.0},{"damage":0.0,"enemies":"Nemesis","floor":41.0,"turns":7.0},{"damage":0.0,"enemies":"Giant Head","floor":44.0,"turns":5.0},{"damage":6.0,"enemies":"Jaw Worm Horde","floor":45.0,"turns":4.0},{"damage":0.0,"enemies":"Reptomancer","floor":46.0,"turns":5.0},{"damage":7.0,"enemies":"2 Orb Walkers","floor":48.0,"turns":4.0},{"damage":0.0,"enemies":"Donu and Deca","floor":50.0,"turns":12.0},{"damage":35.0,"enemies":"Time Eater","floor":51.0,"turns":9.0},{"damage":0.0,"enemies":"Shield and Spear","floor":55.0,"turns":3.0},{"damage":36,"enemies":"The Heart","floor":56,"turns":3}],"seed_played":"8278661580139705580","potions_obtained":[{"floor":2.0,"key":"Energy Potion"},{"floor":2.0,"key":"FearPotion"},{"floor":4.0,"key":"AttackPotion"},{"floor":28.0,"key":"GamblersBrew"},{"floor":30.0,"key":"Block Potion"},{"floor":33.0,"key":"Regen Potion"},{"floor":35.0,"key":"LiquidBronze"},{"floor":37.0,"key":"SpeedPotion"},{"floor":38.0,"key":"EssenceOfSteel"},{"floor":39.0,"key":"Explosive Potion"},{"floor":41.0,"key":"FearPotion"},{"floor":45.0,"key":"Block Potion"},{"floor":46.0,"key":"LiquidBronze"},{"floor":48.0,"key":"Regen Potion"},{"floor":55.0,"key":"GamblersBrew"}],"is_trial":false,"path_per_floor":["M","?","$","M","M","R","$","R","T","M","R","?","$","E","R","B",null,"M","?","$","?","M","R","E","R","T","R","M","?","M","E","R","B",null,"M","?","?","M","M","R","E","R","T","E","M","E","?","?","R","B","B",null,"R","$","E","B"],"character_chosen":"THE_SILENT","items_purchased":["Discovery","Acrobatics","Letter Opener","Pen Nib","Frozen Eye","Swift Potion"],"campfire_rested":0,"item_purchase_floors":[13,20,54,54,54,54],"current_hp_per_floor":[48,48,48,45,45,45,45,45,45,44,44,24,24,11,11,11,52,42,42,42,42,35,35,35,35,35,35,25,25,11,3,3,3,50,65,65,65,65,64,64,64,64,64,64,58,58,58,51,51,51,16,54,54,54,54,18],"gold":103,"neow_bonus":"THREE_RARE_CARDS","is_prod":false,"is_daily":false,"chose_seed":false,"campfire_upgraded":11,"win_rate":0,"timestamp":1551972447,"path_taken":["M","?","?","M","M","R","$","R","T","M","R","?","$","E","R","BOSS","M","?","$","?","M","R","E","R","T","R","?","?","M","E","R","BOSS","M","?","?","?","M","R","E","R","T","E","M","E","?","?","R","BOSS","BOSS","R","$","E","BOSS"],"build_version":"2019-01-23","purchased_purges":2,"victory":false,"max_hp_per_floor":[66,66,66,66,66,66,66,66,66,66,66,66,66,66,66,66,66,66,66,66,66,66,66,66,66,66,66,66,66,66,66,66,66,66,66,66,66,66,66,66,66,66,66,66,66,66,66,66,66,66,66,66,66,66,66,66],"card_choices":[{"not_picked":["Venomology","Phantasmal Killer"],"picked":"Burst","floor":0.0},{"not_picked":["Dagger Throw","Slice"],"picked":"Leg Sweep","floor":1.0},{"not_picked":["Escape Plan","Slice"],"picked":"Backstab","floor":4.0},{"not_picked":["Deflect","Dagger Spray"],"picked":"Backflip","floor":5.0},{"not_picked":["Deflect","Quick Slash"],"picked":"Tools of the Trade","floor":10.0},{"not_picked":["Quick Slash","Backflip","Dodge and Roll"],"picked":"SKIP","floor":14.0},{"not_picked":["Glass Knife","Tools of the Trade"],"picked":"After Image","floor":16.0},{"not_picked":["Sucker Punch","Dodge and Roll"],"picked":"Tactician","floor":18.0},{"not_picked":["Dagger Throw","Poisoned Stab"],"picked":"Catalyst","floor":22.0},{"not_picked":["Leg Sweep","Underhanded Strike"],"picked":"Heel Hook+1","floor":24.0},{"not_picked":["Blade Dance","Dodge and Roll+1"],"picked":"Prepared+1","floor":28.0},{"not_picked":["Flying Knee+1","Sucker Punch"],"picked":"Calculated Gamble","floor":30.0},{"not_picked":["Cloak And Dagger","Choke","Leg Sweep"],"picked":"SKIP","floor":31.0},{"not_picked":["Storm of Steel","Venomology"],"picked":"Grand Finale","floor":33.0},{"not_picked":["Deflect","Dodge and Roll","Prepared+1"],"picked":"SKIP","floor":35.0},{"not_picked":["Deadly Poison","Slice","Dagger Throw"],"picked":"SKIP","floor":38.0},{"not_picked":["Deadly Poison","Burst"],"picked":"Blur","floor":39.0},{"not_picked":["Bane","Cloak And Dagger"],"picked":"Bouncing Flask","floor":41.0},{"not_picked":["Skewer+1","Blur","Crippling Poison"],"picked":"SKIP","floor":44.0},{"not_picked":["Setup","Prepared","Caltrops"],"picked":"SKIP","floor":45.0},{"not_picked":["Bouncing Flask","Backstab"],"picked":"Unload","floor":46.0},{"not_picked":["Dodge and Roll+1","Outmaneuver+1"],"picked":"Concentrate","floor":55.0}],"player_experience":3390509,"relics_obtained":[{"floor":14.0,"key":"Art of War"},{"floor":24.0,"key":"Ancient Tea Set"},{"floor":26.0,"key":"MawBank"},{"floor":31.0,"key":"Oddly Smooth Stone"},{"floor":37.0,"key":"Unceasing Top"},{"floor":41.0,"key":"Vajra"},{"floor":43.0,"key":"PreservedInsect"},{"floor":44.0,"key":"Snake Skull"},{"floor":46.0,"key":"Whetstone"},{"floor":48.0,"key":"Tingsha"},{"floor":55.0,"key":"Bronze Scales"}],"event_choices":[{"damage_healed":0.0,"max_hp_gain":0.0,"max_hp_loss":0.0,"gold_gain":0.0,"event_name":"Lab","player_choice":"Got Potions","floor":2.0,"gold_loss":0.0,"damage_taken":0.0},{"damage_healed":0.0,"max_hp_gain":0.0,"max_hp_loss":0.0,"gold_gain":0.0,"event_name":"Shining Light","player_choice":"Entered Light","floor":12.0,"gold_loss":0.0,"damage_taken":20.0,"cards_upgraded":["Defend_G","Backstab"]},{"cards_removed":["Strike_G"],"damage_healed":0.0,"max_hp_gain":0.0,"max_hp_loss":0.0,"gold_gain":0.0,"event_name":"Beggar","player_choice":"Gave Gold","floor":19.0,"gold_loss":75.0,"damage_taken":0.0},{"cards_removed":["Strike_G"],"damage_healed":0.0,"max_hp_gain":0.0,"max_hp_loss":0.0,"gold_gain":0.0,"event_name":"Purifier","player_choice":"Purged","floor":21.0,"gold_loss":0.0,"damage_taken":0.0},{"damage_healed":0.0,"max_hp_gain":0.0,"max_hp_loss":0.0,"gold_gain":0.0,"event_name":"Forgotten Altar","player_choice":"Smashed Altar","floor":29.0,"gold_loss":0.0,"damage_taken":0.0,"cards_obtained":["Decay"]},{"damage_healed":0.0,"max_hp_gain":0.0,"max_hp_loss":0.0,"gold_gain":0.0,"event_name":"Tomb of Lord Red Mask","player_choice":"Ignored","floor":36.0,"gold_loss":0.0,"damage_taken":0.0},{"damage_healed":0.0,"max_hp_gain":0.0,"max_hp_loss":0.0,"gold_gain":0.0,"event_name":"MindBloom","player_choice":"Fight","floor":37.0,"gold_loss":0.0,"damage_taken":0.0},{"cards_removed":["Strike_G"],"damage_healed":0.0,"max_hp_gain":0.0,"max_hp_loss":0.0,"gold_gain":0.0,"event_name":"Falling","player_choice":"Removed Attack","floor":47.0,"gold_loss":0.0,"damage_taken":0.0},{"damage_healed":0.0,"max_hp_gain":0.0,"max_hp_loss":0.0,"gold_gain":0.0,"event_name":"Mysterious Sphere","player_choice":"Fight","floor":48.0,"gold_loss":0.0,"damage_taken":0.0}],"is_beta":false,"boss_relics":[{"not_picked":["Black Star","WristBlade"],"picked":"Runic Pyramid"},{"not_picked":["Velvet Choker","Ring of the Serpent"],"picked":"White Beast Statue"}],"items_purged_floors":[3,54],"is_endless":false,"potions_floor_spawned":[4,5,10,28,30,33,35,37,38,39,41,44,45,46,48,55],"killed_by":"The Heart","ascension_level":20}