{"gold_per_floor":[109,34,54,17,27,27,59,59,59,91,91],"floor_reached":11,"playtime":328,"items_purged":["Strike_G"],"score":162,"play_id":"0373751d-5ecb-4989-b929-fdeb932278a2","local_time":"20190319145031","is_ascension_mode":true,"campfire_choices":[{"data":"Noxious Fumes","floor":6,"key":"SMITH"},{"data":"Deadly Poison","floor":8,"key":"SMITH"}],"neow_cost":"TEN_PERCENT_HP_LOSS","seed_source_timestamp":14753267101968,"circlet_count":0,"master_deck":["AscendersBane","Defend_G","Defend_G","Defend_G","Defend_G","Strike_G","Strike_G","Strike_G","Survivor","Neutralize","Night Terror","Riddle With Holes","Footwork","Terror","Noxious Fumes+1","Deadly Poison+1"],"relics":["Ring of the Snake","WingedGreaves","The Courier","Anchor"],"potions_floor_usage":[7,10],"damage_taken":[{"damage":0,"enemies":"2 Louse","floor":1,"turns":3},{"damage":0,"enemies":"Small Slimes","floor":3,"turns":4},{"damage":0,"enemies":"Cultist","floor":5,"turns":5},{"damage":15,"enemies":"3 Sentries","floor":7,"turns":8},{"damage":42,"enemies":"Gremlin Nob","floor":10,"turns":5},{"damage":0,"enemies":"Gremlin Gang","floor":11,"turns":1}],"seed_played":"-6363248962283124667","potions_obtained":[{"floor":1,"key":"SpeedPotion"},{"floor":3,"key":"GhostInAJar"},{"floor":10,"key":"Dexterity Potion"}],"is_trial":false,"path_per_floor":["M","$","M","$","M","R","E","R","T","E","M"],"character_chosen":"THE_SILENT","items_purchased":["Noxious Fumes"],"campfire_rested":0,"item_purchase_floors":[4],"current_hp_per_floor":[59,59,59,59,59,59,44,44,44,2,2],"gold":91,"neow_bonus":"TRANSFORM_TWO_CARDS","is_prod":false,"is_daily":false,"chose_seed":false,"campfire_upgraded":2,"win_rate":0,"timestamp":1552978231,"path_taken":["M","$","M","$","M","R","E","R","T","E","M"],"build_version":"2019-01-23","purchased_purges":1,"victory":false,"max_hp_per_floor":[60,60,60,60,60,60,60,60,60,60,60],"card_choices":[{"not_picked":["Predator","Infinite Blades"],"picked":"Footwork","floor":1},{"not_picked":["Slice","Quick Slash"],"picked":"Terror","floor":3},{"not_picked":["Backflip","Flechettes"],"picked":"Deadly Poison","floor":5},{"not_picked":["Crippling Poison","Dagger Spray","All Out Attack"],"picked":"SKIP","floor":7},{"not_picked":["PiercingWail","Choke","Riddle With Holes"],"picked":"SKIP","floor":10}],"player_experience":3719086,"relics_obtained":[{"floor":7,"key":"WingedGreaves"},{"floor":9,"key":"The Courier"},{"floor":10,"key":"Anchor"}],"event_choices":[],"is_beta":false,"boss_relics":[],"items_purged_floors":[2],"is_endless":false,"potions_floor_spawned":[1,3,10],"killed_by":"Gremlin Gang","ascension_level":20}