{"gold_per_floor":[115,65,82,97,172,172,185,185,209,10,38,38,49,49,49,152,152,167,185,185,202,4,4,17,17,41,41,41,1,100,33,33,129,129,149,165,265,365,191,191,191,191,246,271,62,75,75,89,89,89],"floor_reached":51,"playtime":1691,"items_purged":["Strike_B","Zap","Defend_B","Defend_B"],"score":721,"play_id":"56a46ebb-e010-4f31-865c-19628391f0af","local_time":"20190616140224","is_ascension_mode":false,"campfire_choices":[{"data":"Chaos","floor":6.0,"key":"SMITH"},{"data":"Storm","floor":12.0,"key":"SMITH"},{"data":"Dualcast","floor":15.0,"key":"SMITH"},{"data":"Biased Cognition","floor":23.0,"key":"SMITH"},{"data":"Consume","floor":25.0,"key":"SMITH"},{"data":"White Noise","floor":28.0,"key":"SMITH"},{"data":"Storm","floor":32.0,"key":"SMITH"},{"data":"Heatsinks","floor":40,"key":"SMITH"},{"data":"Buffer","floor":42,"key":"SMITH"},{"floor":47,"key":"REST"},{"data":"Static Discharge","floor":49,"key":"SMITH"}],"neow_cost":"NONE","seed_source_timestamp":21714490945813,"circlet_count":0,"master_deck":["Defend_B","Dualcast+1","Self Repair","Chill","Chaos+1","White Noise+1","Melter","Storm+1","Darkness+1","Biased Cognition+1","Undo","Conserve Battery+1","Consume+1","Echo Form","Redo+1","White Noise+1","Storm+1","Skim+1","Buffer+1","Double Energy+1","Undo+1","Undo+1","Heatsinks+1","Impatience+1","Creative AI","Undo+1","Static Discharge+1"],"special_seed":0,"relics":["Cracked Core","Smiling Mask","Juzu Bracelet","Sozu","Strawberry","Anchor","Toxic Egg 2","Inserter","Ginger","Pen Nib","Mercury Hourglass"],"potions_floor_usage":[50],"damage_taken":[{"damage":5.0,"enemies":"Small Slimes","floor":1.0,"turns":4.0},{"damage":7.0,"enemies":"2 Louse","floor":3.0,"turns":3.0},{"damage":6.0,"enemies":"Jaw Worm","floor":4.0,"turns":3.0},{"damage":8.0,"enemies":"Exordium Thugs","floor":7.0,"turns":6.0},{"damage":9.0,"enemies":"3 Sentries","floor":11.0,"turns":7.0},{"damage":7.0,"enemies":"Blue Slaver","floor":13.0,"turns":2.0},{"damage":14.0,"enemies":"The Guardian","floor":16.0,"turns":7.0},{"damage":0.0,"enemies":"Spheric Guardian","floor":18.0,"turns":1.0},{"damage":12.0,"enemies":"3 Byrds","floor":19.0,"turns":4.0},{"damage":8.0,"enemies":"Snecko","floor":21.0,"turns":6.0},{"damage":11.0,"enemies":"Cultist and Chosen","floor":24.0,"turns":4.0},{"damage":35,"enemies":"Collector","floor":33,"turns":6},{"damage":6,"enemies":"3 Shapes","floor":35,"turns":3},{"damage":22,"enemies":"3 Darklings","floor":36,"turns":3},{"damage":26,"enemies":"Mind Bloom Boss Battle","floor":38,"turns":4},{"damage":0,"enemies":"Giant Head","floor":44,"turns":5},{"damage":11,"enemies":"4 Shapes","floor":46,"turns":3},{"damage":0,"enemies":"Jaw Worm Horde","floor":48,"turns":3},{"damage":42,"enemies":"Awakened One","floor":50,"turns":5}],"seed_played":"-3818630767820775105","potions_obtained":[{"floor":4.0,"key":"Energy Potion"},{"floor":7.0,"key":"LiquidBronze"},{"floor":11.0,"key":"Swift Potion"}],"is_trial":false,"path_per_floor":["M","?","M","M","?","R","M","?","T","$","E","R","M","?","R","B",null,"M","M","?","M","$","R","M","R","T","T","R","$","?","$","R","B",null,"M","M","?","?","$","R","?","R","T","E","$","M","R","M","R","B",null],"character_chosen":"DEFECT","items_purchased":["White Noise","Melter","Strawberry","Storm","Skim+1","Heatsinks","Impatience+1","Undo+1","Static Discharge"],"campfire_rested":1,"item_purchase_floors":[10,10,22,29,31,39,39,45,45],"current_hp_per_floor":[70,70,70,71,60,60,59,64,64,64,62,62,62,46,46,39,80,80,75,75,80,87,87,83,83,83,83,83,83,83,83,83,55,87,87,72,72,60,60,60,60,60,60,67,67,56,82,82,82,47],"gold":89,"neow_bonus":"REMOVE_CARD","is_prod":false,"is_daily":false,"chose_seed":false,"campfire_upgraded":10,"win_rate":0,"timestamp":1560664944,"path_taken":["M","?","M","M","?","R","M","?","T","?","E","R","M","?","R","BOSS","M","M","?","M","$","R","M","R","T","?","R","$","?","$","R","BOSS","M","M","?","?","$","R","?","R","T","E","$","M","R","M","R","BOSS"],"build_version":"2019-01-23","purchased_purges":4,"victory":true,"max_hp_per_floor":[75,75,75,75,75,75,75,80,80,80,80,80,80,80,80,80,80,80,80,80,80,87,87,87,87,87,87,87,87,87,87,87,87,87,87,87,87,87,87,87,87,87,87,87,87,87,87,87,87,87],"card_choices":[{"not_picked":["Turbo","Hello World"],"picked":"Self Repair","floor":1.0},{"not_picked":["Reprogram","Force Field"],"picked":"Chill","floor":3.0},{"not_picked":["Hello World","Hologram"],"picked":"Chaos","floor":4.0},{"not_picked":["Leap","Aggregate","Go for the Eyes"],"picked":"SKIP","floor":7.0},{"not_picked":["Rip and Tear","Hologram"],"picked":"Storm","floor":11.0},{"not_picked":["Steam","Gash"],"picked":"Darkness","floor":13.0},{"not_picked":["Seek","Amplify"],"picked":"Biased Cognition","floor":16.0},{"not_picked":["Turbo","Darkness"],"picked":"Undo","floor":18.0},{"not_picked":["Hologram","Compile Driver"],"picked":"Conserve Battery+1","floor":19.0},{"not_picked":["Turbo+1","Melter+1"],"picked":"Redo+1","floor":21.0},{"not_picked":["Blizzard+1","Hologram"],"picked":"White Noise","floor":24.0},{"not_picked":["Thunder Strike","Machine Learning"],"picked":"Buffer","floor":33},{"not_picked":["Conserve Battery+1","Scrape"],"picked":"Double Energy+1","floor":35},{"not_picked":["Doom and Gloom","Leap+1"],"picked":"Undo+1","floor":36},{"not_picked":["Double Energy+1","Hello World"],"picked":"Undo+1","floor":38},{"not_picked":["Steam Power+1","Redo+1"],"picked":"Creative AI","floor":44},{"not_picked":["Coolheaded+1","Streamline","Ball Lightning"],"picked":"SKIP","floor":46},{"not_picked":["Coolheaded+1","Leap+1","Reprogram+1"],"picked":"SKIP","floor":48}],"player_experience":5301956,"relics_obtained":[{"floor":9.0,"key":"Smiling Mask"},{"floor":11.0,"key":"Juzu Bracelet"},{"floor":26.0,"key":"Anchor"},{"floor":27.0,"key":"Toxic Egg 2"},{"floor":38,"key":"Ginger"},{"floor":43,"key":"Pen Nib"},{"floor":44,"key":"Mercury Hourglass"}],"event_choices":[{"cards_removed":["Defend_B"],"damage_healed":0.0,"max_hp_gain":0.0,"max_hp_loss":0.0,"gold_gain":0.0,"event_name":"The Cleric","player_choice":"Card Removal","floor":2.0,"gold_loss":50.0,"damage_taken":0.0},{"damage_healed":0.0,"max_hp_gain":0.0,"max_hp_loss":0.0,"gold_gain":75.0,"event_name":"World of Goop","player_choice":"Gather Gold","floor":5.0,"gold_loss":0.0,"damage_taken":11.0},{"damage_healed":0.0,"max_hp_gain":5.0,"max_hp_loss":0.0,"gold_gain":0.0,"event_name":"Big Fish","player_choice":"Donut","floor":8.0,"gold_loss":0.0,"damage_taken":0.0},{"damage_healed":0.0,"max_hp_gain":0.0,"max_hp_loss":0.0,"gold_gain":0.0,"event_name":"Shining Light","player_choice":"Entered Light","floor":14.0,"gold_loss":0.0,"damage_taken":16.0,"cards_upgraded":["Darkness","White Noise"]},{"damage_healed":0.0,"max_hp_gain":0.0,"max_hp_loss":0.0,"gold_gain":0.0,"cards_transformed":["Strike_B","Strike_B"],"event_name":"Drug Dealer","player_choice":"Became Test Subject","floor":20.0,"gold_loss":0.0,"damage_taken":0.0,"cards_obtained":["Consume","Echo Form"]},{"damage_healed":0.0,"max_hp_gain":0.0,"max_hp_loss":0.0,"gold_gain":99.0,"event_name":"Nest","player_choice":"Stole From Cult","floor":30.0,"gold_loss":0.0,"damage_taken":0.0},{"damage_healed":0,"gold_gain":100,"player_choice":"Pray","damage_taken":0,"max_hp_gain":0,"max_hp_loss":0,"event_name":"Golden Shrine","floor":37,"gold_loss":0},{"damage_healed":0,"gold_gain":0,"player_choice":"Fight","damage_taken":0,"max_hp_gain":0,"max_hp_loss":0,"event_name":"MindBloom","floor":38,"gold_loss":0},{"damage_healed":0,"gold_gain":0,"player_choice":"Ignored","damage_taken":0,"max_hp_gain":0,"max_hp_loss":0,"event_name":"Tomb of Lord Red Mask","floor":41,"gold_loss":0}],"is_beta":false,"boss_relics":[{"not_picked":["Ectoplasm","Tiny House"],"picked":"Sozu"},{"not_picked":["Calling Bell","Runic Dome"],"picked":"Inserter"}],"items_purged_floors":[10,22,39,45],"is_endless":false,"potions_floor_spawned":[4,7,11,16,19,21,36,38,46,48],"ascension_level":0}