{"gold_per_floor":[118,137,137,287,302,302,128,148,148,148,162,182,182,182,182,182],"floor_reached":16,"playtime":282,"items_purged":["Doubt"],"score":184,"play_id":"af8afc0a-1d33-49e1-8112-d428f56d234a","local_time":"20190223234301","is_ascension_mode":true,"campfire_choices":[{"data":"Static Discharge","floor":6.0,"key":"SMITH"},{"data":"Dualcast","floor":10.0,"key":"SMITH"},{"data":"Zap","floor":13,"key":"SMITH"},{"data":"Panacea","floor":15,"key":"SMITH"}],"neow_cost":"PERCENT_DAMAGE","seed_source_timestamp":5309793642988,"circlet_count":0,"master_deck":["AscendersBane","Strike_B","Strike_B","Strike_B","Defend_B","Defend_B","Defend_B","Defend_B","Zap+1","Dualcast+1","Electrodynamics","Self Repair","Ball Lightning","Static Discharge+1","Panacea+1","Echo Form"],"special_seed":0,"relics":["Cracked Core","Bronze Scales","Gremlin Horn"],"potions_floor_usage":[11,16],"damage_taken":[{"damage":12.0,"enemies":"Jaw Worm","floor":1.0,"turns":3.0},{"damage":4.0,"enemies":"Small Slimes","floor":2.0,"turns":4.0},{"damage":0.0,"enemies":"2 Louse","floor":5.0,"turns":1.0},{"damage":6.0,"enemies":"Blue Slaver","floor":8.0,"turns":3.0},{"damage":11,"enemies":"Exordium Thugs","floor":11,"turns":3},{"damage":12,"enemies":"Looter","floor":12,"turns":3},{"damage":0,"enemies":"The Guardian","floor":16,"turns":2}],"seed_played":"-1143017118419577118","potions_obtained":[{"floor":1.0,"key":"Swift Potion"},{"floor":2.0,"key":"Strength Potion"},{"floor":8.0,"key":"Block Potion"}],"is_trial":false,"path_per_floor":["M","M","?","?","M","R","$","M","T","R","M","M","R","?","R","B"],"character_chosen":"DEFECT","items_purchased":["Panacea"],"campfire_rested":0,"item_purchase_floors":[7],"current_hp_per_floor":[34,37,37,37,37,37,37,31,31,31,27,22,22,22,22,22],"gold":182,"neow_bonus":"THREE_RARE_CARDS","is_prod":false,"is_daily":false,"chose_seed":false,"campfire_upgraded":4,"win_rate":0,"timestamp":1550936581,"path_taken":["M","M","?","?","M","R","$","M","T","R","M","M","R","?","R","BOSS"],"build_version":"2019-01-23","purchased_purges":1,"victory":false,"max_hp_per_floor":[71,71,71,71,71,71,71,71,71,71,71,71,71,71,71,71],"card_choices":[{"not_picked":["Multi-Cast","Creative AI"],"picked":"Electrodynamics","floor":0.0},{"not_picked":["Ball Lightning","Loop"],"picked":"Self Repair","floor":1.0},{"not_picked":["Scrape","Turbo"],"picked":"Ball Lightning","floor":2.0},{"not_picked":["Steam","Go for the Eyes","Cold Snap"],"picked":"SKIP","floor":5.0},{"not_picked":["Turbo","Skim","Auto Shields"],"picked":"SKIP","floor":8.0},{"not_picked":["Hologram","Leap"],"picked":"Echo Form","floor":11},{"not_picked":["BootSequence","Coolheaded","Barrage"],"picked":"SKIP","floor":12}],"player_experience":3084995,"relics_obtained":[{"floor":9.0,"key":"Bronze Scales"}],"event_choices":[{"damage_healed":0.0,"max_hp_gain":0.0,"max_hp_loss":0.0,"gold_gain":0.0,"cards_transformed":["Strike_B"],"event_name":"Living Wall","player_choice":"Change","floor":3.0,"gold_loss":0.0,"damage_taken":0.0,"cards_obtained":["Static Discharge"]},{"damage_healed":0.0,"max_hp_gain":0.0,"max_hp_loss":0.0,"gold_gain":150.0,"event_name":"Liars Game","player_choice":"AGREE","floor":4.0,"gold_loss":0.0,"damage_taken":0.0,"cards_obtained":["Doubt"]},{"damage_healed":0,"gold_gain":0,"player_choice":"Searched \u00272\u0027 times","damage_taken":0,"relics_obtained":["Gremlin Horn"],"max_hp_gain":0,"max_hp_loss":0,"event_name":"Dead Adventurer","floor":14,"gold_loss":0}],"is_beta":false,"boss_relics":[],"items_purged_floors":[7],"is_endless":false,"potions_floor_spawned":[1,2,5,8],"killed_by":"The Guardian","ascension_level":20}