{"gold_per_floor":[363,438,363,363,375,375,389,389,412,162,162,87,87,98,98,98],"floor_reached":16,"playtime":272,"items_purged":["Strike_R","Defend_R"],"score":154,"play_id":"2af01c73-941c-4527-8456-55d82f4a9cd0","local_time":"20181110132659","is_ascension_mode":true,"campfire_choices":[{"data":"Disarm","floor":6,"key":"SMITH"},{"data":"Bash","floor":11,"key":"SMITH"},{"data":"Clash","floor":15,"key":"SMITH"}],"neow_cost":"TEN_PERCENT_HP_LOSS","seed_source_timestamp":3525530015522,"circlet_count":0,"master_deck":["AscendersBane","Strike_R","Strike_R","Strike_R","Defend_R","Defend_R","Defend_R","Bash+1","Disarm+1","Second Wind","Clash+1"],"relics":["Burning Blood","Gremlin Horn","Bag of Marbles","Membership Card","Darkstone Periapt"],"potions_floor_usage":[],"damage_taken":[{"damage":6,"enemies":"Cultist","floor":1,"turns":3},{"damage":7,"enemies":"Jaw Worm","floor":5,"turns":6},{"damage":7,"enemies":"2 Louse","floor":7,"turns":4},{"damage":0,"enemies":"Large Slime","floor":14,"turns":4},{"damage":63,"enemies":"The Guardian","floor":16,"turns":8}],"seed_played":"-3592990856684989350","potions_obtained":[{"floor":1,"key":"Poison Potion"}],"is_trial":false,"path_per_floor":["M","?","$","?","M","R","M","T","T","$","R","?","T","M","R","B"],"character_chosen":"IRONCLAD","items_purchased":["Membership Card"],"campfire_rested":0,"item_purchase_floors":[10],"current_hp_per_floor":[68,57,57,57,56,56,55,55,55,55,55,55,55,61,61,0],"gold":98,"neow_bonus":"TWO_FIFTY_GOLD","is_prod":false,"is_daily":false,"chose_seed":false,"campfire_upgraded":3,"win_rate":0,"timestamp":1541827619,"path_taken":["M","?","$","?","M","R","M","?","T","$","R","?","?","M","R","BOSS"],"build_version":"2018-11-08","purchased_purges":2,"victory":false,"max_hp_per_floor":[68,68,68,68,68,68,68,68,68,68,68,68,68,68,68,68],"card_choices":[{"not_picked":["Warcry","Anger"],"picked":"Disarm","floor":1},{"not_picked":["Burning Pact","Headbutt"],"picked":"Second Wind","floor":5},{"not_picked":["Anger","Twin Strike","Clothesline"],"picked":"SKIP","floor":7},{"not_picked":["Wild Strike","Shrug It Off"],"picked":"Clash","floor":14}],"player_experience":959484,"relics_obtained":[{"floor":8,"key":"Gremlin Horn"},{"floor":9,"key":"Bag of Marbles"},{"floor":13,"key":"Darkstone Periapt"}],"event_choices":[{"damage_healed":0,"gold_gain":75,"player_choice":"Gather Gold","damage_taken":11,"max_hp_gain":0,"max_hp_loss":0,"event_name":"World of Goop","floor":2,"gold_loss":0},{"damage_healed":0,"gold_gain":0,"player_choice":"Fled","damage_taken":0,"max_hp_gain":0,"max_hp_loss":0,"event_name":"Scrap Ooze","floor":4,"gold_loss":0},{"cards_removed":["Strike_R"],"damage_healed":0,"gold_gain":0,"player_choice":"Card Removal","damage_taken":0,"max_hp_gain":0,"max_hp_loss":0,"event_name":"The Cleric","floor":12,"gold_loss":75}],"is_beta":false,"boss_relics":[],"items_purged_floors":[3,10],"is_endless":false,"potions_floor_spawned":[1],"killed_by":"The Guardian","ascension_level":15}