{"gold_per_floor":[111,129,9,9,9,36,53,53,77,77,18,49,66,66,66,66],"floor_reached":16,"playtime":578,"items_purged":["Strike_G"],"score":266,"play_id":"b321a4ad-240a-45b0-833b-6bab6ef57bcd","local_time":"20190219170842","is_ascension_mode":true,"campfire_choices":[{"data":"Cloak And Dagger","floor":10,"key":"SMITH"},{"data":"Tactician","floor":15,"key":"SMITH"}],"neow_cost":"NONE","seed_source_timestamp":22535604337031,"circlet_count":0,"master_deck":["AscendersBane","Defend_G","Defend_G","Defend_G","Defend_G","Defend_G","Strike_G","Strike_G","Strike_G","Survivor","Neutralize","Backflip","Cloak And Dagger+1","Accuracy","Tactician+1","Regret","Acrobatics","Acrobatics"],"relics":["Ring of the Snake","NeowsBlessing","Bag of Marbles","Ice Cream","Lantern","Strawberry","Golden Idol"],"potions_floor_usage":[16],"damage_taken":[{"damage":0,"enemies":"Small Slimes","floor":1,"turns":1},{"damage":0,"enemies":"2 Louse","floor":2,"turns":1},{"damage":0,"enemies":"Lagavulin","floor":6,"turns":1},{"damage":0,"enemies":"Cultist","floor":7,"turns":5},{"damage":51,"enemies":"3 Sentries","floor":12,"turns":17},{"damage":8,"enemies":"Looter","floor":13,"turns":4},{"damage":10,"enemies":"Hexaghost","floor":16,"turns":7}],"seed_played":"5882321856025407508","potions_obtained":[{"floor":7,"key":"SneckoOil"},{"floor":12,"key":"GamblersBrew"}],"is_trial":false,"path_per_floor":["M","M","$","?","?","E","M","?","T","R","$","E","M","?","R","B"],"character_chosen":"THE_SILENT","items_purchased":["Accuracy","Acrobatics"],"campfire_rested":0,"item_purchase_floors":[3,11],"current_hp_per_floor":[59,59,59,59,59,59,59,59,59,59,59,15,7,7,7,0],"gold":66,"neow_bonus":"THREE_ENEMY_KILL","is_prod":false,"is_daily":false,"chose_seed":false,"campfire_upgraded":2,"win_rate":0,"timestamp":1550567322,"path_taken":["M","M","$","?","?","E","?","?","T","R","$","E","M","?","R","BOSS"],"build_version":"2019-01-23","purchased_purges":1,"victory":false,"max_hp_per_floor":[66,66,66,66,66,66,66,66,66,66,66,73,73,66,66,66],"card_choices":[{"not_picked":["Quick Slash","Deflect"],"picked":"Backflip","floor":1},{"not_picked":["Calculated Gamble","Bane"],"picked":"Cloak And Dagger","floor":2},{"not_picked":["Doppelganger","Outmaneuver","Poisoned Stab"],"picked":"SKIP","floor":6},{"not_picked":["PiercingWail","Blur"],"picked":"Tactician","floor":7},{"not_picked":["Underhanded Strike","Tools of the Trade","Prepared"],"picked":"SKIP","floor":12},{"not_picked":["Catalyst","PiercingWail"],"picked":"Acrobatics","floor":13}],"player_experience":1477169,"relics_obtained":[{"floor":6,"key":"Bag of Marbles"},{"floor":9,"key":"Lantern"},{"floor":12,"key":"Strawberry"}],"event_choices":[{"damage_healed":0,"gold_gain":0,"player_choice":"Leave","damage_taken":0,"max_hp_gain":0,"max_hp_loss":0,"event_name":"The Cleric","floor":4,"gold_loss":0},{"cards_removed":["Strike_G"],"damage_healed":0,"gold_gain":0,"player_choice":"Offered Basic","damage_taken":0,"max_hp_gain":0,"max_hp_loss":0,"event_name":"Bonfire Elementals","floor":5,"gold_loss":0},{"damage_healed":0,"gold_gain":0,"player_choice":"Box","damage_taken":0,"relics_obtained":["Ice Cream"],"max_hp_gain":0,"max_hp_loss":0,"event_name":"Big Fish","floor":8,"gold_loss":0,"cards_obtained":["Regret"]},{"damage_healed":0,"gold_gain":0,"player_choice":"Lose Max HP","damage_taken":0,"relics_obtained":["Golden Idol"],"max_hp_gain":0,"max_hp_loss":7,"event_name":"Golden Idol","floor":14,"gold_loss":0}],"is_beta":false,"boss_relics":[],"items_purged_floors":[3],"is_endless":false,"potions_floor_spawned":[7,12],"killed_by":"Hexaghost","ascension_level":20}