{"gold_per_floor":[109,129,147,147,11,42,63,63,63,63,97,111,143,163,163,237,237,207,257,257,270,55,87,87,107,107,107,138,9,9,27,27,104,104,123,398,409,424,103,131,143,143,166,166,266,0,0,25,25,25,25],"floor_reached":52,"playtime":8845,"items_purged":["Strike_G","Regret"],"score":2057,"play_id":"e5042afb-c67e-4cdf-b88c-a2c8eb4bbe94","local_time":"20190630170812","is_ascension_mode":true,"campfire_choices":[{"floor":8,"key":"REST"},{"data":"Noxious Fumes","floor":10,"key":"SMITH"},{"floor":15,"key":"REST"},{"data":"Burst","floor":24,"key":"SMITH"},{"data":"Well Laid Plans","floor":27,"key":"SMITH"},{"data":"Concentrate","floor":30,"key":"SMITH"},{"data":"Catalyst","floor":32,"key":"SMITH"},{"floor":42,"key":"RECALL"},{"data":"Well Laid Plans","floor":44,"key":"SMITH"},{"data":"Footwork","floor":47,"key":"SMITH"},{"data":"Leg Sweep","floor":49,"key":"SMITH"}],"neow_cost":"PERCENT_DAMAGE","seed_source_timestamp":3483992870278,"circlet_count":0,"master_deck":["AscendersBane","Defend_G","Defend_G","Defend_G","Defend_G","Defend_G","Strike_G","Strike_G","Strike_G","Strike_G","Survivor","Neutralize","Noxious Fumes+1","Predator","Footwork+1","Deadly Poison","Leg Sweep+1","Catalyst+1","Blur","Cloak And Dagger","Burst+1","Cloak And Dagger","Well Laid Plans+1","Dodge and Roll+1","Footwork","Well Laid Plans+1","Concentrate+1","Noxious Fumes","Escape Plan","Night Terror","Bouncing Flask","PiercingWail","Footwork"],"relics":["Ring of the Snake","Singing Bowl","Odd Mushroom","Pear","Centennial Puzzle","Incense Burner","Coffee Dripper","Paper Crane","Bird Faced Urn","Pantograph","Snecko Eye","Frozen Eye","Blue Candle","Happy Flower","Calipers","Red Mask","Bronze Scales"],"potions_floor_usage":[7,11,16,23,23,28,31,31,40,41],"damage_taken":[{"damage":0,"enemies":"Jaw Worm","floor":1,"turns":6},{"damage":7,"enemies":"Cultist","floor":2,"turns":5},{"damage":1,"enemies":"2 Louse","floor":3,"turns":3},{"damage":26,"enemies":"3 Sentries","floor":6,"turns":9},{"damage":21,"enemies":"The Mushroom Lair","floor":7,"turns":5},{"damage":26,"enemies":"Gremlin Nob","floor":11,"turns":4},{"damage":2,"enemies":"Looter","floor":12,"turns":4},{"damage":16,"enemies":"3 Sentries","floor":13,"turns":9},{"damage":4,"enemies":"Blue Slaver","floor":14,"turns":5},{"damage":45,"enemies":"Slime Boss","floor":16,"turns":13},{"damage":12,"enemies":"2 Thieves","floor":18,"turns":4},{"damage":12,"enemies":"Spheric Guardian","floor":21,"turns":5},{"damage":4,"enemies":"Book of Stabbing","floor":23,"turns":8},{"damage":5,"enemies":"Centurion and Healer","floor":25,"turns":7},{"damage":14,"enemies":"Slavers","floor":28,"turns":8},{"damage":0,"enemies":"Snecko","floor":31,"turns":8},{"damage":0,"enemies":"Champ","floor":33,"turns":7},{"damage":0,"enemies":"3 Shapes","floor":35,"turns":5},{"damage":4,"enemies":"3 Darklings","floor":37,"turns":6},{"damage":63,"enemies":"Spire Growth","floor":38,"turns":11},{"damage":48,"enemies":"Reptomancer","floor":40,"turns":9},{"damage":12,"enemies":"Transient","floor":41,"turns":6},{"damage":0,"enemies":"Mind Bloom Boss Battle","floor":45,"turns":7},{"damage":10,"enemies":"Giant Head","floor":48,"turns":9},{"damage":28,"enemies":"Time Eater","floor":50,"turns":16},{"damage":18,"enemies":"Awakened One","floor":51,"turns":20}],"seed_played":"4412001721698755148","potions_obtained":[{"floor":3,"key":"SteroidPotion"},{"floor":6,"key":"LiquidBronze"},{"floor":7,"key":"Energy Potion"},{"floor":16,"key":"Dexterity Potion"},{"floor":23,"key":"GhostInAJar"},{"floor":25,"key":"EssenceOfSteel"},{"floor":28,"key":"Regen Potion"},{"floor":33,"key":"Strength Potion"},{"floor":35,"key":"Weak Potion"}],"is_trial":false,"path_per_floor":["M","M","M","?","$","E","?","R","T","R","E","M","E","M","R","B",null,"M","?","?","M","$","E","R","M","T","R","E","$","R","M","R","B",null,"M","?","M","M","$","E","M","R","T","R","?","?","R","E","R","B","B",null],"character_chosen":"THE_SILENT","items_purchased":["Footwork","Deadly Poison","Footwork","Block Potion","Noxious Fumes","Escape Plan","Frozen Eye"],"campfire_rested":2,"item_purchase_floors":[5,5,22,22,29,29,39],"current_hp_per_floor":[56,49,48,78,78,54,33,57,67,67,41,39,23,21,48,3,70,58,58,58,46,46,42,42,37,37,37,35,35,35,62,62,96,96,98,98,96,48,48,18,26,26,26,26,75,75,75,79,79,82,96],"gold":25,"neow_bonus":"TWENTY_PERCENT_HP_BONUS","is_prod":false,"is_daily":false,"chose_seed":false,"campfire_upgraded":8,"win_rate":0,"timestamp":1561907292,"path_taken":["M","M","M","?","?","E","?","R","T","R","E","M","E","M","R","BOSS","M","?","?","M","$","E","R","M","T","R","E","?","R","M","R","BOSS","M","?","?","M","$","E","M","R","T","R","?","?","R","E","R","BOSS","BOSS"],"build_version":"2019-01-23","purchased_purges":2,"victory":true,"max_hp_per_floor":[78,78,78,78,78,80,80,80,90,90,90,90,90,92,92,92,92,92,92,92,92,92,92,92,92,92,92,94,94,94,94,94,96,96,98,98,98,100,100,100,102,102,102,102,104,104,104,104,104,104,104],"card_choices":[{"not_picked":["Prepared","Flying Knee"],"picked":"Heel Hook","floor":1},{"not_picked":["Bane","Heel Hook"],"picked":"Noxious Fumes","floor":2},{"not_picked":["Acrobatics","Finisher"],"picked":"Predator","floor":3},{"not_picked":["Underhanded Strike","Sucker Punch","Prepared"],"picked":"Singing Bowl","floor":6},{"not_picked":["Dagger Throw","Backflip"],"picked":"Leg Sweep","floor":7},{"not_picked":["Doppelganger","Deadly Poison"],"picked":"Catalyst","floor":11},{"not_picked":["Acrobatics","Prepared"],"picked":"Blur","floor":12},{"not_picked":["Blur","Endless Agony"],"picked":"Cloak And Dagger","floor":13},{"not_picked":["Outmaneuver","Storm of Steel","Prepared"],"picked":"Singing Bowl","floor":14},{"not_picked":["Phantasmal Killer","Bullet Time"],"picked":"Burst","floor":16},{"not_picked":["Reflex","Underhanded Strike"],"picked":"Cloak And Dagger","floor":18},{"not_picked":["Dagger Throw","Setup"],"picked":"Dodge and Roll+1","floor":21},{"not_picked":["Heel Hook","Flying Knee"],"picked":"Well Laid Plans","floor":23},{"not_picked":["Deadly Poison","Masterful Stab"],"picked":"Concentrate","floor":25},{"not_picked":["Dagger Throw","Finisher","Accuracy"],"picked":"Singing Bowl","floor":28},{"not_picked":["Dagger Throw","Deadly Poison"],"picked":"Night Terror","floor":31},{"not_picked":["Grand Finale","Unload","Storm of Steel"],"picked":"Singing Bowl","floor":33},{"not_picked":["Underhanded Strike","Infinite Blades","Prepared+1"],"picked":"Singing Bowl","floor":35},{"not_picked":["Calculated Gamble","Slice"],"picked":"Bouncing Flask","floor":37},{"not_picked":["Deflect","Bouncing Flask","Infinite Blades"],"picked":"Singing Bowl","floor":38},{"not_picked":["Escape Plan+1","Dash"],"picked":"PiercingWail","floor":40},{"not_picked":["Dagger Throw+1","Underhanded Strike","Flying Knee"],"picked":"Singing Bowl","floor":41},{"not_picked":["Tools of the Trade","Flying Knee","Heel Hook"],"picked":"Singing Bowl","floor":45},{"not_picked":["Accuracy","Tools of the Trade"],"picked":"Footwork","floor":48}],"player_experience":640058,"relics_obtained":[{"floor":6,"key":"Singing Bowl"},{"floor":7,"key":"Odd Mushroom"},{"floor":9,"key":"Pear"},{"floor":11,"key":"Centennial Puzzle"},{"floor":13,"key":"Incense Burner"},{"floor":23,"key":"Paper Crane"},{"floor":26,"key":"Bird Faced Urn"},{"floor":28,"key":"Pantograph"},{"floor":40,"key":"Blue Candle"},{"floor":43,"key":"Happy Flower"},{"floor":45,"key":"Calipers"},{"floor":48,"key":"Bronze Scales"}],"event_choices":[{"cards_removed":["Heel Hook"],"damage_healed":30,"gold_gain":0,"player_choice":"Offered Uncommon","damage_taken":0,"max_hp_gain":0,"max_hp_loss":0,"event_name":"Bonfire Elementals","floor":4,"gold_loss":0},{"damage_healed":0,"gold_gain":0,"player_choice":"Fought Mushrooms","damage_taken":0,"max_hp_gain":0,"max_hp_loss":0,"event_name":"Mushrooms","floor":7,"gold_loss":0},{"damage_healed":0,"gold_gain":50,"player_choice":"Stole From Cult","damage_taken":0,"max_hp_gain":0,"max_hp_loss":0,"event_name":"Nest","floor":19,"gold_loss":0},{"damage_healed":0,"gold_gain":0,"player_choice":"Read","damage_taken":0,"max_hp_gain":0,"max_hp_loss":0,"event_name":"The Library","floor":20,"gold_loss":0,"cards_obtained":["Well Laid Plans"]},{"damage_healed":0,"gold_gain":275,"player_choice":"Desecrate","damage_taken":0,"max_hp_gain":0,"max_hp_loss":0,"event_name":"Golden Shrine","floor":36,"gold_loss":0,"cards_obtained":["Regret"]},{"damage_healed":0,"gold_gain":0,"player_choice":"Fight","damage_taken":0,"max_hp_gain":0,"max_hp_loss":0,"event_name":"MindBloom","floor":45,"gold_loss":0},{"damage_healed":0,"gold_gain":0,"player_choice":"Paid","damage_taken":0,"relics_obtained":["Red Mask"],"max_hp_gain":0,"max_hp_loss":0,"event_name":"Tomb of Lord Red Mask","floor":46,"gold_loss":266}],"is_beta":false,"boss_relics":[{"not_picked":["Busted Crown","Astrolabe"],"picked":"Coffee Dripper"},{"not_picked":["Philosopher\u0027s Stone","Velvet Choker"],"picked":"Snecko Eye"}],"items_purged_floors":[22,39],"is_endless":false,"potions_floor_spawned":[3,6,7,16,23,25,28,33,35,37,38],"ascension_level":20}