{"gold_per_floor":[217,217,217,235,17,17,17,17,17,36,47,64,96,107,107,210,210,184,218,69,609,624,624,624,624,624,636,67,67,67,86,86,185,185,195,417,434,434,454,454,469,332,405,505,505,380,380,32,32,32],"floor_reached":51,"playtime":1342,"items_purged":["Strike_G","Strike_G","Strike_G","Defend_G"],"score":668,"play_id":"0eed97d2-278f-4764-8ab0-65eba4507d50","local_time":"20181031222756","is_ascension_mode":false,"campfire_choices":[{"data":"Night Terror","floor":6.0,"key":"SMITH"},{"data":"Leg Sweep","floor":8.0,"key":"SMITH"},{"data":"Cloak And Dagger","floor":15.0,"key":"SMITH"},{"data":"Accuracy","floor":23.0,"key":"SMITH"},{"data":"Noxious Fumes","floor":25.0,"key":"SMITH"},{"floor":32.0,"key":"REST"},{"data":"Apotheosis","floor":40.0,"key":"SMITH"},{"data":"Footwork","floor":45.0,"key":"SMITH"},{"data":"Adrenaline","floor":47.0,"key":"SMITH"},{"data":"After Image","floor":49.0,"key":"SMITH"}],"neow_cost":"NONE","seed_source_timestamp":45291823535046,"circlet_count":0,"master_deck":["Defend_G","Defend_G","Defend_G+1","Strike_G","Strike_G","Survivor","Neutralize+1","Leg Sweep+1","Cloak And Dagger+1","Night Terror+1","Infinite Blades","Noxious Fumes+1","Backstab","Leg Sweep","After Image+1","Leg Sweep","Accuracy+1","Backstab","Infinite Blades","Apotheosis+1","Adrenaline+1","Deflect+1","Terror+1","Night Terror+1","Blade Dance+1","Footwork+1","Cloak And Dagger"],"special_seed":0,"relics":["Ring of the Snake","Shuriken","WingedGreaves","Runic Dome","Red Mask","Bag of Marbles","Oddly Smooth Stone","Potion Belt","Runic Pyramid","Ornamental Fan"],"potions_floor_usage":[50],"damage_taken":[{"damage":0.0,"enemies":"Jaw Worm","floor":1.0,"turns":5.0},{"damage":0.0,"enemies":"2 Louse","floor":4.0,"turns":3.0},{"damage":0.0,"enemies":"Cultist","floor":10.0,"turns":3.0},{"damage":0.0,"enemies":"3 Louse","floor":11.0,"turns":5.0},{"damage":0.0,"enemies":"Large Slime","floor":12.0,"turns":4.0},{"damage":2.0,"enemies":"Lagavulin","floor":13.0,"turns":9.0},{"damage":7.0,"enemies":"2 Fungi Beasts","floor":14.0,"turns":4.0},{"damage":18.0,"enemies":"Slime Boss","floor":16.0,"turns":9.0},{"damage":0.0,"enemies":"2 Thieves","floor":18.0,"turns":5.0},{"damage":1.0,"enemies":"Masked Bandits","floor":19.0,"turns":5.0},{"damage":9.0,"enemies":"Spheric Guardian","floor":22.0,"turns":7.0},{"damage":4.0,"enemies":"Centurion and Healer","floor":27.0,"turns":6.0},{"damage":9.0,"enemies":"Sentry and Sphere","floor":31.0,"turns":5.0},{"damage":24.0,"enemies":"Collector","floor":33.0,"turns":8.0},{"damage":0.0,"enemies":"Orb Walker","floor":35.0,"turns":2.0},{"damage":0.0,"enemies":"3 Darklings","floor":37.0,"turns":7.0},{"damage":0.0,"enemies":"Maw","floor":39.0,"turns":8.0},{"damage":0.0,"enemies":"4 Shapes","floor":41.0,"turns":5.0},{"damage":6,"enemies":"Time Eater","floor":50,"turns":5}],"seed_played":"-99495251042243706","potions_obtained":[{"floor":4.0,"key":"Regen Potion"},{"floor":12.0,"key":"Strength Potion"},{"floor":13.0,"key":"PowerPotion"},{"floor":22.0,"key":"SkillPotion"},{"floor":37.0,"key":"EntropicBrew"}],"is_trial":false,"path_per_floor":["M","?","?","M","$","R","?","R","T","M","M","M","E","M","R","B",null,"M","?","$","?","M","R","?","R","T","M","$","?","?","M","R","B",null,"M","?","M","?","M","R","M","$","T","?","R","$","R","$","R","B"],"character_chosen":"THE_SILENT","items_purchased":["Night Terror","Infinite Blades","Accuracy","Oddly Smooth Stone","Potion Belt","Infinite Blades","Apotheosis","Footwork","Cloak And Dagger","Energy Potion","Ancient Potion","Fire Potion"],"campfire_rested":1,"item_purchase_floors":[5,5,20,28,28,28,28,42,48,48,48,48],"current_hp_per_floor":[70,63,49,49,49,49,70,70,70,70,70,70,68,61,61,43,70,70,69,69,20,26,26,49,49,49,45,45,45,32,23,45,21,75,75,75,75,75,75,75,75,75,75,75,75,75,75,75,75,69],"gold":32,"neow_bonus":"HUNDRED_GOLD","is_prod":false,"is_daily":false,"chose_seed":false,"campfire_upgraded":9,"win_rate":0,"timestamp":1540996076,"path_taken":["M","?","?","M","$","R","?","R","T","M","M","?","E","M","R","BOSS","M","?","$","?","?","R","?","R","T","M","$","?","?","?","R","BOSS","M","?","M","?","M","R","M","$","T","?","R","$","R","$","R","BOSS"],"build_version":"2018-10-25v2","purchased_purges":4,"victory":true,"max_hp_per_floor":[70,70,70,70,70,70,70,70,70,70,70,70,70,70,70,70,70,70,70,70,70,70,70,70,70,70,70,70,70,75,75,75,75,75,75,75,75,75,75,75,75,75,75,75,75,75,75,75,75,75],"card_choices":[{"not_picked":["Acrobatics","PiercingWail"],"picked":"Leg Sweep","floor":1.0},{"not_picked":["Acrobatics","Quick Slash"],"picked":"Cloak And Dagger","floor":4.0},{"not_picked":["Acrobatics","PiercingWail","Setup"],"picked":"SKIP","floor":10.0},{"not_picked":["Eviscerate","Prepared"],"picked":"Noxious Fumes","floor":11.0},{"not_picked":["Tactician","Prepared"],"picked":"Backstab","floor":12.0},{"not_picked":["Grand Finale","Dagger Spray"],"picked":"Leg Sweep","floor":13.0},{"not_picked":["Dagger Throw","Dagger Spray","Outmaneuver"],"picked":"SKIP","floor":14.0},{"not_picked":["Storm of Steel","Phantasmal Killer"],"picked":"After Image","floor":16.0},{"not_picked":["Acrobatics","Slice","Prepared"],"picked":"SKIP","floor":18.0},{"not_picked":["Sucker Punch+1","Dagger Spray+1"],"picked":"Leg Sweep","floor":19.0},{"not_picked":["Calculated Gamble","Deadly Poison+1","Concentrate"],"picked":"SKIP","floor":22.0},{"not_picked":["Prepared","Dash"],"picked":"Backstab","floor":27.0},{"not_picked":["Outmaneuver","Deadly Poison+1","Calculated Gamble"],"picked":"SKIP","floor":31.0},{"not_picked":["Tools of the Trade","A Thousand Cuts"],"picked":"Adrenaline","floor":33.0},{"not_picked":["Underhanded Strike+1","Dodge and Roll"],"picked":"Deflect+1","floor":35.0},{"not_picked":["Predator+1","Underhanded Strike"],"picked":"Terror+1","floor":37.0},{"not_picked":["Reflex+1","Blur+1"],"picked":"Blade Dance+1","floor":39.0},{"not_picked":["Poisoned Stab","Deadly Poison+1","Dodge and Roll"],"picked":"SKIP","floor":41.0}],"player_experience":791108,"relics_obtained":[{"floor":9.0,"key":"Shuriken"},{"floor":13.0,"key":"WingedGreaves"},{"floor":19.0,"key":"Red Mask"},{"floor":26.0,"key":"Bag of Marbles"},{"floor":43.0,"key":"Ornamental Fan"}],"event_choices":[{"cards_removed":["Defend_G"],"damage_healed":0.0,"max_hp_gain":0.0,"max_hp_loss":0.0,"gold_gain":0.0,"event_name":"Golden Wing","player_choice":"Card Removal","floor":2.0,"gold_loss":0.0,"damage_taken":7.0},{"damage_healed":0.0,"max_hp_gain":0.0,"max_hp_loss":0.0,"gold_gain":0.0,"event_name":"Shining Light","player_choice":"Entered Light","floor":3.0,"gold_loss":0.0,"damage_taken":14.0,"cards_upgraded":["Defend_G","Neutralize"]},{"damage_healed":23.0,"max_hp_gain":0.0,"max_hp_loss":0.0,"gold_gain":0.0,"event_name":"Big Fish","player_choice":"Banana","floor":7.0,"gold_loss":0.0,"damage_taken":0.0},{"damage_healed":0.0,"max_hp_gain":0.0,"max_hp_loss":0.0,"gold_gain":0.0,"event_name":"Masked Bandits","player_choice":"Fought Bandits","floor":19.0,"gold_loss":0.0,"damage_taken":0.0},{"damage_healed":0.0,"max_hp_gain":0.0,"max_hp_loss":0.0,"gold_gain":540.0,"event_name":"Knowing Skull","player_choice":"GOLD GOLD GOLD GOLD GOLD GOLD ","floor":21.0,"potions_obtained":[],"gold_loss":0.0,"damage_taken":49.0,"cards_obtained":[]},{"damage_healed":23.0,"max_hp_gain":0.0,"max_hp_loss":0.0,"gold_gain":0.0,"event_name":"The Library","player_choice":"Heal","floor":24.0,"gold_loss":0.0,"damage_taken":0.0},{"damage_healed":0.0,"max_hp_gain":0.0,"max_hp_loss":0.0,"gold_gain":0.0,"event_name":"Cursed Tome","player_choice":"Ignored","floor":29.0,"gold_loss":0.0,"damage_taken":0.0},{"damage_healed":0.0,"max_hp_gain":5.0,"max_hp_loss":0.0,"gold_gain":0.0,"event_name":"Forgotten Altar","player_choice":"Shed Blood","floor":30.0,"gold_loss":0.0,"damage_taken":18.0},{"damage_healed":0.0,"max_hp_gain":0.0,"max_hp_loss":0.0,"gold_gain":222.0,"event_name":"Tomb of Lord Red Mask","player_choice":"Wore Mask","floor":36.0,"gold_loss":0.0,"damage_taken":0.0},{"damage_healed":0.0,"max_hp_gain":0.0,"max_hp_loss":0.0,"gold_gain":0.0,"event_name":"Duplicator","player_choice":"Copied","floor":38.0,"gold_loss":0.0,"damage_taken":0.0,"cards_obtained":["Night Terror"]},{"damage_healed":0.0,"max_hp_gain":0.0,"max_hp_loss":0.0,"gold_gain":100.0,"event_name":"Golden Shrine","player_choice":"Pray","floor":44.0,"gold_loss":0.0,"damage_taken":0.0}],"is_beta":false,"boss_relics":[{"not_picked":["Philosopher\u0027s Stone","Eternal Feather"],"picked":"Runic Dome"},{"not_picked":["Black Star","Velvet Choker"],"picked":"Runic Pyramid"}],"items_purged_floors":[20,42,46,48],"is_endless":false,"potions_floor_spawned":[4,12,13,14,22,37],"ascension_level":0}