{"gold_per_floor":[109,34,34,34,34,65,65,105,131,131,147,72,110,110,110,201,201,226,226,46,70,70,70,70,70,124,167,42,66,66,100,100,198,198,216,66,82,150,150,181,181,199,199,213,233,233,233,273,273,273,273,273,273,98,141,141],"floor_reached":57,"playtime":2521,"items_purged":["Strike_G","Defend_G","Strike_G","Strike_G+1","Bane+1"],"score":3170,"play_id":"7de1e64d-bc1a-4fd1-824a-15cbc31a0228","local_time":"20190217093227","is_ascension_mode":true,"campfire_choices":[{"data":"Concentrate","floor":7.0,"key":"SMITH"},{"data":"Expertise","floor":10.0,"key":"SMITH"},{"data":"Deadly Poison","floor":15.0,"key":"SMITH"},{"data":"Expertise","floor":23.0,"key":"SMITH"},{"data":"Well Laid Plans","floor":25.0,"key":"SMITH"},{"data":"Acrobatics","floor":30.0,"key":"SMITH"},{"data":"Concentrate","floor":32.0,"key":"SMITH"},{"data":"Grand Finale","floor":41.0,"key":"SMITH"},{"floor":46.0,"key":"RECALL"},{"data":"Adrenaline","floor":49.0,"key":"SMITH"},{"floor":53.0,"key":"REST"}],"neow_cost":"NONE","seed_source_timestamp":0,"circlet_count":0,"master_deck":["AscendersBane","Defend_G+1","Defend_G+1","Neutralize+1","Concentrate+1","Concentrate+1","Expertise+1","Masterful Stab+1","Deadly Poison+1","Adrenaline+1","Concentrate+1","Well Laid Plans+1","Expertise+1","Acrobatics+1","Grand Finale+1"],"special_seed":0,"relics":["Ring of the Snake","NeowsBlessing","Golden Idol","Regal Pillow","Sundial","Pen Nib","War Paint","Empty Cage","Tiny Chest","Mango","Dream Catcher","Lizard Tail","Thread and Needle","Whetstone","Omamori","Strawberry"],"potions_floor_usage":[56,56],"damage_taken":[{"damage":0.0,"enemies":"Cultist","floor":1.0,"turns":1.0},{"damage":0.0,"enemies":"3 Sentries","floor":6.0,"turns":1.0},{"damage":0.0,"enemies":"Gremlin Nob","floor":8.0,"turns":1.0},{"damage":0.0,"enemies":"2 Louse","floor":11.0,"turns":2.0},{"damage":24.0,"enemies":"Lagavulin","floor":13.0,"turns":7.0},{"damage":11.0,"enemies":"Slime Boss","floor":16.0,"turns":11.0},{"damage":10.0,"enemies":"Spheric Guardian","floor":18.0,"turns":4.0},{"damage":15.0,"enemies":"Chosen","floor":21.0,"turns":5.0},{"damage":0.0,"enemies":"Gremlin Leader","floor":27.0,"turns":5.0},{"damage":0.0,"enemies":"Snecko","floor":29.0,"turns":3.0},{"damage":0.0,"enemies":"Book of Stabbing","floor":31.0,"turns":2.0},{"damage":0.0,"enemies":"Collector","floor":33.0,"turns":2.0},{"damage":0.0,"enemies":"Orb Walker","floor":35.0,"turns":1.0},{"damage":0.0,"enemies":"3 Darklings","floor":37.0,"turns":2.0},{"damage":7.0,"enemies":"2 Orb Walkers","floor":38.0,"turns":2.0},{"damage":0.0,"enemies":"Reptomancer","floor":40.0,"turns":2.0},{"damage":0.0,"enemies":"Transient","floor":42.0,"turns":6.0},{"damage":0.0,"enemies":"Spire Growth","floor":44.0,"turns":1.0},{"damage":2.0,"enemies":"4 Shapes","floor":45.0,"turns":2.0},{"damage":5.0,"enemies":"Nemesis","floor":48.0,"turns":5.0},{"damage":12.0,"enemies":"Donu and Deca","floor":50.0,"turns":3.0},{"damage":16.0,"enemies":"Awakened One","floor":51.0,"turns":5.0},{"damage":0.0,"enemies":"Shield and Spear","floor":55.0,"turns":1.0},{"damage":70,"enemies":"The Heart","floor":56,"turns":6}],"seed_played":"-5394936371437120927","potions_obtained":[{"floor":1.0,"key":"Fire Potion"},{"floor":8.0,"key":"GhostInAJar"},{"floor":16.0,"key":"Energy Potion"},{"floor":21.0,"key":"Ancient Potion"},{"floor":39.0,"key":"SpeedPotion"}],"is_trial":false,"path_per_floor":["M","$","?","?","$","E","R","E","T","R","M","?","E","?","R","B",null,"M","?","$","M","?","R","?","R","T","E","$","M","R","E","R","B",null,"M","$","M","?","?","E","R","M","T","M","M","R","?","E","R","B","B",null,"R","$","E","B",null],"character_chosen":"THE_SILENT","items_purchased":["Well Laid Plans"],"campfire_rested":1,"item_purchase_floors":[20],"current_hp_per_floor":[59,59,59,41,41,41,41,41,41,41,41,41,17,17,17,6,47,37,37,37,22,22,22,22,22,22,36,36,36,36,36,36,36,65,65,65,65,58,58,58,58,58,58,58,56,56,56,51,51,39,23,61,74,74,81,11],"gold":141,"neow_bonus":"THREE_ENEMY_KILL","is_prod":false,"is_daily":false,"chose_seed":false,"campfire_upgraded":9,"win_rate":0,"timestamp":1550367147,"path_taken":["M","$","?","?","$","E","R","E","T","R","M","?","E","?","R","BOSS","M","?","$","M","?","R","?","R","T","E","?","M","R","E","R","BOSS","M","$","M","?","?","E","R","M","T","M","?","R","?","E","R","BOSS","BOSS","R","$","E","BOSS"],"build_version":"2019-01-23","purchased_purges":5,"victory":true,"max_hp_per_floor":[66,66,60,60,60,60,60,60,60,60,60,60,60,60,60,60,60,60,60,60,60,60,60,60,60,60,74,74,74,74,74,74,74,74,74,74,74,74,74,74,74,74,74,74,74,74,74,74,74,74,74,74,74,74,81,81],"card_choices":[{"not_picked":["Cloak And Dagger","Distraction"],"picked":"Concentrate","floor":1.0},{"not_picked":["Dodge and Roll","Setup"],"picked":"Concentrate","floor":6.0},{"not_picked":["Backflip","Outmaneuver"],"picked":"Expertise","floor":8.0},{"not_picked":["Dodge and Roll","Heel Hook"],"picked":"Masterful Stab","floor":11.0},{"not_picked":["Poisoned Stab","Crippling Poison"],"picked":"Deadly Poison","floor":13.0},{"not_picked":["Envenom","Bullet Time"],"picked":"Adrenaline","floor":16.0},{"not_picked":["Acrobatics","Setup+1"],"picked":"Concentrate","floor":18.0},{"not_picked":["Sucker Punch","Quick Slash"],"picked":"Expertise","floor":21.0},{"not_picked":["Bane+1","Endless Agony","Dodge and Roll"],"picked":"SKIP","floor":27.0},{"not_picked":["Endless Agony","Dodge and Roll"],"picked":"Bane+1","floor":27.0},{"not_picked":["Endless Agony","Deadly Poison"],"picked":"Acrobatics","floor":29.0},{"not_picked":["Prepared","Noxious Fumes","Escape Plan"],"picked":"SKIP","floor":31.0},{"not_picked":["Wraith Form v2","Phantasmal Killer"],"picked":"Grand Finale","floor":33.0},{"not_picked":["Riddle With Holes","Escape Plan","Caltrops"],"picked":"SKIP","floor":35.0},{"not_picked":["Quick Slash","Backstab","Blade Dance+1"],"picked":"SKIP","floor":37.0},{"not_picked":["Tools of the Trade","PiercingWail","Crippling Poison+1"],"picked":"SKIP","floor":40.0},{"not_picked":["Blade Dance","Escape Plan","Accuracy"],"picked":"SKIP","floor":42.0},{"not_picked":["Slice","Poisoned Stab","Bouncing Flask"],"picked":"SKIP","floor":44.0},{"not_picked":["Terror","Poisoned Stab","Sucker Punch"],"picked":"SKIP","floor":45.0},{"not_picked":["Dagger Throw","Eviscerate","Escape Plan"],"picked":"SKIP","floor":48.0},{"not_picked":["Distraction","Eviscerate","Acrobatics"],"picked":"SKIP","floor":55.0}],"player_experience":2846024,"relics_obtained":[{"floor":6.0,"key":"Regal Pillow"},{"floor":8.0,"key":"Sundial"},{"floor":9.0,"key":"Pen Nib"},{"floor":13.0,"key":"War Paint"},{"floor":26.0,"key":"Tiny Chest"},{"floor":27.0,"key":"Mango"},{"floor":31.0,"key":"Dream Catcher"},{"floor":38.0,"key":"Thread and Needle"},{"floor":40.0,"key":"Whetstone"},{"floor":48.0,"key":"Omamori"},{"floor":55.0,"key":"Strawberry"}],"event_choices":[{"damage_healed":0.0,"max_hp_gain":0.0,"max_hp_loss":6.0,"gold_gain":0.0,"event_name":"Golden Idol","player_choice":"Lose Max HP","floor":3.0,"gold_loss":0.0,"damage_taken":0.0,"relics_obtained":["Golden Idol"]},{"damage_healed":0.0,"max_hp_gain":0.0,"max_hp_loss":0.0,"gold_gain":0.0,"event_name":"Shining Light","player_choice":"Entered Light","floor":4.0,"gold_loss":0.0,"damage_taken":18.0,"cards_upgraded":["Strike_G","Defend_G"]},{"cards_removed":["Strike_G"],"damage_healed":0.0,"max_hp_gain":0.0,"max_hp_loss":0.0,"gold_gain":0.0,"event_name":"The Cleric","player_choice":"Card Removal","floor":12.0,"gold_loss":75.0,"damage_taken":0.0},{"damage_healed":0.0,"max_hp_gain":0.0,"max_hp_loss":0.0,"gold_gain":0.0,"event_name":"Liars Game","player_choice":"Ignored","floor":14.0,"gold_loss":0.0,"damage_taken":0.0},{"cards_removed":["Defend_G"],"damage_healed":0.0,"max_hp_gain":0.0,"max_hp_loss":0.0,"gold_gain":0.0,"event_name":"Back to Basics","player_choice":"Elegance","floor":19.0,"gold_loss":0.0,"damage_taken":0.0},{"damage_healed":0.0,"max_hp_gain":0.0,"max_hp_loss":0.0,"gold_gain":0.0,"event_name":"Vampires","player_choice":"Ignored","floor":22.0,"gold_loss":0.0,"damage_taken":0.0},{"damage_healed":0.0,"max_hp_gain":0.0,"max_hp_loss":0.0,"gold_gain":0.0,"event_name":"The Mausoleum","player_choice":"Ignored","floor":24.0,"gold_loss":0.0,"damage_taken":0.0},{"damage_healed":0.0,"max_hp_gain":0.0,"max_hp_loss":0.0,"gold_gain":0.0,"event_name":"Mysterious Sphere","player_choice":"Fight","floor":38.0,"gold_loss":0.0,"damage_taken":0.0},{"damage_healed":0.0,"max_hp_gain":0.0,"max_hp_loss":0.0,"gold_gain":0.0,"event_name":"Lab","player_choice":"Got Potions","floor":39.0,"gold_loss":0.0,"damage_taken":0.0},{"cards_removed":["Survivor"],"damage_healed":0.0,"max_hp_gain":0.0,"max_hp_loss":0.0,"gold_gain":0.0,"event_name":"Bonfire Elementals","player_choice":"Offered Basic","floor":47.0,"gold_loss":0.0,"damage_taken":0.0}],"is_beta":false,"boss_relics":[{"not_picked":["Black Star","Snecko Eye"],"picked":"Empty Cage"},{"not_picked":["Philosopher\u0027s Stone","Eternal Feather"],"picked":"Lizard Tail"}],"items_purged_floors":[2,20,28,36,54],"is_endless":false,"potions_floor_spawned":[1,8,16,21,27,33,40,42,45],"ascension_level":20}