{"gold_per_floor":[116,140,28,43,63,63,92,115,173,185,211,223,245,30,30,30],"floor_reached":16,"playtime":310,"items_purged":["Strike_B"],"score":204,"play_id":"fd100ad0-0e21-472b-8bf4-32f915d5a9c3","local_time":"20190109203311","is_ascension_mode":true,"campfire_choices":[{"data":"Rip and Tear","floor":6,"key":"SMITH"},{"data":"Sunder","floor":10,"key":"SMITH"},{"data":"Buffer","floor":12,"key":"SMITH"},{"data":"Coolheaded","floor":15,"key":"SMITH"}],"neow_cost":"NONE","seed_source_timestamp":30562189061983,"circlet_count":0,"master_deck":["AscendersBane","Strike_B","Strike_B","Strike_B","Defend_B","Defend_B","Defend_B","Defend_B","Zap","Dualcast","Buffer+1","Coolheaded+1","Rip and Tear+1","Ball Lightning","Sunder+1","Chill","Hyperbeam"],"relics":["Cracked Core","Happy Flower","MawBank","DataDisk","PrismaticShard"],"potions_floor_usage":[7],"damage_taken":[{"damage":1,"enemies":"Cultist","floor":1,"turns":3},{"damage":0,"enemies":"Jaw Worm","floor":4,"turns":4},{"damage":0,"enemies":"2 Louse","floor":5,"turns":3},{"damage":28,"enemies":"Gremlin Nob","floor":7,"turns":4},{"damage":11,"enemies":"Lots of Slimes","floor":8,"turns":4},{"damage":0,"enemies":"Blue Slaver","floor":11,"turns":3},{"damage":0,"enemies":"3 Louse","floor":13,"turns":1},{"damage":31,"enemies":"Hexaghost","floor":16,"turns":7}],"seed_played":"2982324466334614842","potions_obtained":[{"floor":1,"key":"SteroidPotion"},{"floor":13,"key":"Explosive Potion"}],"is_trial":false,"path_per_floor":["M","T","$","M","M","R","E","M","T","R","M","R","M","$","R","B"],"character_chosen":"DEFECT","items_purchased":["Rip and Tear","PrismaticShard"],"campfire_rested":0,"item_purchase_floors":[3,14],"current_hp_per_floor":[63,63,63,63,63,63,35,24,24,24,24,24,24,24,24,0],"gold":30,"neow_bonus":"ONE_RANDOM_RARE_CARD","is_prod":false,"is_daily":false,"chose_seed":false,"campfire_upgraded":4,"win_rate":0,"timestamp":1547037191,"path_taken":["M","?","$","M","M","R","E","M","T","R","M","R","M","$","R","BOSS"],"build_version":"2019-01-03v4","purchased_purges":1,"victory":false,"max_hp_per_floor":[71,71,71,71,71,71,71,71,71,71,71,71,71,71,71,71],"card_choices":[{"not_picked":["Lockon","Conserve Battery"],"picked":"Coolheaded","floor":1},{"not_picked":["Coolheaded","Sweeping Beam"],"picked":"Ball Lightning","floor":4},{"not_picked":["Leap","Sweeping Beam","Cold Snap"],"picked":"SKIP","floor":5},{"not_picked":["Hello World","Blizzard"],"picked":"Sunder","floor":7},{"not_picked":["Leap","Skim"],"picked":"Chill","floor":8},{"not_picked":["Steam","Cold Snap"],"picked":"Hyperbeam","floor":11},{"not_picked":["Streamline","Steam Power","Barrage"],"picked":"SKIP","floor":13}],"player_experience":1890653,"relics_obtained":[{"floor":2,"key":"Happy Flower"},{"floor":7,"key":"MawBank"},{"floor":9,"key":"DataDisk"}],"event_choices":[],"is_beta":false,"boss_relics":[],"items_purged_floors":[3],"is_endless":false,"potions_floor_spawned":[1,13],"killed_by":"Hexaghost","ascension_level":20}