{"gold_per_floor":[10,24,38,51,51,77,77,97,97,97,97,97,172,188,188,288,288,306,320,320,320,337,337,352,292,317,317,347,347,267,281,281,377,377,390,134,153,253,268,268,1,1,1,1,1,21,41,263,263,263],"floor_reached":51,"playtime":1736,"items_purged":["Strike_B","Defend_B","Zap+1","Conserve Battery"],"score":722,"play_id":"a86703d6-5566-45f4-b245-123afb93d038","local_time":"20190614132144","is_ascension_mode":false,"campfire_choices":[{"data":"Chaos","floor":7.0,"key":"SMITH"},{"data":"Capacitor","floor":10.0,"key":"SMITH"},{"data":"Dualcast","floor":12.0,"key":"SMITH"},{"data":"Zap","floor":15.0,"key":"SMITH"},{"data":"Defragment","floor":23.0,"key":"SMITH"},{"data":"Rainbow","floor":29.0,"key":"SMITH"},{"data":"Machine Learning","floor":32.0,"key":"SMITH"},{"data":"Meteor Strike","floor":40,"key":"SMITH"},{"data":"Defragment","floor":44,"key":"SMITH"},{"data":"Meteor Strike","floor":49,"key":"SMITH"}],"neow_cost":"NO_GOLD","seed_source_timestamp":9356713972387,"circlet_count":0,"master_deck":["Dualcast+1","Rainbow+1","Chaos+1","Glacier","Creative AI","Capacitor+1","Glacier","Meteor Strike+1","Machine Learning+1","Defragment+1","Echo Form","Genetic Algorithm+1","Auto Shields+1","Chill+1","Meteor Strike+1","Heatsinks","Defragment+1","Storm","Blizzard+1"],"special_seed":0,"relics":["Cracked Core","Mummified Hand","The Courier","Snecko Eye","Blood Vial","Red Mask","Astrolabe","DollysMirror","Mango","Shovel"],"potions_floor_usage":[50],"damage_taken":[{"damage":0.0,"enemies":"Cultist","floor":1.0,"turns":3.0},{"damage":0.0,"enemies":"Small Slimes","floor":2.0,"turns":4.0},{"damage":0.0,"enemies":"2 Louse","floor":3.0,"turns":2.0},{"damage":0.0,"enemies":"Exordium Wildlife","floor":4.0,"turns":5.0},{"damage":0.0,"enemies":"Lagavulin","floor":6.0,"turns":8.0},{"damage":7.0,"enemies":"Exordium Thugs","floor":8.0,"turns":5.0},{"damage":1.0,"enemies":"Blue Slaver","floor":14.0,"turns":5.0},{"damage":1.0,"enemies":"Slime Boss","floor":16.0,"turns":7.0},{"damage":17.0,"enemies":"2 Thieves","floor":18.0,"turns":3.0},{"damage":3.0,"enemies":"Shell Parasite","floor":19.0,"turns":5.0},{"damage":4.0,"enemies":"Centurion and Healer","floor":22.0,"turns":6.0},{"damage":14.0,"enemies":"Shelled Parasite and Fungi","floor":24.0,"turns":6.0},{"damage":0.0,"enemies":"Masked Bandits","floor":28.0,"turns":4.0},{"damage":0.0,"enemies":"Snake Plant","floor":31.0,"turns":4.0},{"damage":0.0,"enemies":"Champ","floor":33.0,"turns":9.0},{"damage":0,"enemies":"Orb Walker","floor":35,"turns":4},{"damage":0,"enemies":"3 Shapes","floor":37,"turns":4},{"damage":0,"enemies":"Mind Bloom Boss Battle","floor":38,"turns":4},{"damage":7,"enemies":"3 Darklings","floor":39,"turns":4},{"damage":0,"enemies":"Spire Growth","floor":46,"turns":2},{"damage":0,"enemies":"Maw","floor":47,"turns":4},{"damage":1,"enemies":"Awakened One","floor":50,"turns":6}],"seed_played":"6895166375221135839","potions_obtained":[{"floor":1.0,"key":"FearPotion"},{"floor":2.0,"key":"EssenceOfSteel"},{"floor":3.0,"key":"SpeedPotion"},{"floor":19.0,"key":"Ancient Potion"},{"floor":37,"key":"FocusPotion"}],"is_trial":false,"path_per_floor":["M","M","M","M","?","E","R","M","T","R","?","R","?","M","R","B",null,"M","M","?","?","M","R","M","$","T","?","?","R","$","M","R","B",null,"M","$","M","?","M","R","$","?","T","R","?","M","M","?","R","B",null],"character_chosen":"DEFECT","items_purchased":["DollysMirror","Heatsinks","Defragment","Storm"],"campfire_rested":0,"item_purchase_floors":[36,41,41,41],"current_hp_per_floor":[75,75,75,75,68,68,68,61,61,61,66,66,55,54,54,53,80,63,60,80,72,68,68,54,54,54,54,56,56,56,58,58,60,80,80,80,80,94,87,87,87,87,87,87,87,89,89,89,89,88],"gold":263,"neow_bonus":"TRANSFORM_TWO_CARDS","is_prod":false,"is_daily":false,"chose_seed":false,"campfire_upgraded":10,"win_rate":0,"timestamp":1560489704,"path_taken":["M","M","M","M","?","E","R","M","T","R","?","R","?","M","R","BOSS","M","M","?","?","M","R","?","$","T","?","?","R","$","M","R","BOSS","M","$","M","?","M","R","$","?","T","R","?","M","M","?","R","BOSS"],"build_version":"2019-01-23","purchased_purges":4,"victory":true,"max_hp_per_floor":[75,75,75,75,75,75,75,75,75,75,80,80,80,80,80,80,80,80,80,80,80,80,80,80,80,80,80,80,80,80,80,80,80,80,80,80,80,94,94,94,94,89,89,89,89,89,89,89,89,89],"card_choices":[{"not_picked":["Sweeping Beam","Conserve Battery"],"picked":"Chaos","floor":1.0},{"not_picked":["Hologram","Barrage","White Noise"],"picked":"SKIP","floor":2.0},{"not_picked":["Turbo","Ball Lightning"],"picked":"Glacier","floor":3.0},{"not_picked":["Turbo","Compile Driver"],"picked":"Creative AI","floor":4.0},{"not_picked":["Turbo","Rebound"],"picked":"Capacitor","floor":6.0},{"not_picked":["Cold Snap","Rebound"],"picked":"Glacier","floor":8.0},{"not_picked":["Conserve Battery","Leap","Meteor Strike"],"picked":"SKIP","floor":14.0},{"not_picked":["Conserve Battery","Leap"],"picked":"Meteor Strike","floor":14.0},{"not_picked":["Buffer","Hyperbeam"],"picked":"Machine Learning","floor":16.0},{"not_picked":["Chaos","Compile Driver","Redo"],"picked":"SKIP","floor":18.0},{"not_picked":["Turbo","Melter"],"picked":"Defragment","floor":19.0},{"not_picked":["Gash","Streamline","Doom and Gloom"],"picked":"SKIP","floor":22.0},{"not_picked":["Double Energy","Leap","Conserve Battery"],"picked":"SKIP","floor":24.0},{"not_picked":["Hologram+1","Conserve Battery","Redo"],"picked":"SKIP","floor":31.0},{"not_picked":["Amplify","Seek"],"picked":"Echo Form","floor":33.0},{"not_picked":["Go for the Eyes","Conserve Battery+1","Streamline+1"],"picked":"SKIP","floor":35},{"not_picked":["Ball Lightning","Steam Power+1","Gash"],"picked":"SKIP","floor":37},{"not_picked":["Core Surge","Compile Driver+1","Redo+1"],"picked":"SKIP","floor":39},{"not_picked":["Steam","Ball Lightning+1","Leap"],"picked":"SKIP","floor":46},{"not_picked":["Stack","Blizzard+1","Turbo"],"picked":"SKIP","floor":47},{"not_picked":["Stack","Turbo"],"picked":"Blizzard+1","floor":47}],"player_experience":5188545,"relics_obtained":[{"floor":6.0,"key":"Mummified Hand"},{"floor":9.0,"key":"The Courier"},{"floor":26.0,"key":"Blood Vial"},{"floor":28.0,"key":"Red Mask"},{"floor":38,"key":"Mango"},{"floor":43,"key":"Shovel"}],"event_choices":[{"cards_removed":["Strike_B"],"damage_healed":0.0,"max_hp_gain":0.0,"max_hp_loss":0.0,"gold_gain":0.0,"event_name":"Golden Wing","player_choice":"Card Removal","floor":5.0,"gold_loss":0.0,"damage_taken":7.0},{"damage_healed":0.0,"max_hp_gain":5.0,"max_hp_loss":0.0,"gold_gain":0.0,"event_name":"Big Fish","player_choice":"Donut","floor":11.0,"gold_loss":0.0,"damage_taken":0.0},{"damage_healed":0.0,"max_hp_gain":0.0,"max_hp_loss":0.0,"gold_gain":75.0,"event_name":"World of Goop","player_choice":"Gather Gold","floor":13.0,"gold_loss":0.0,"damage_taken":11.0},{"damage_healed":26.0,"max_hp_gain":0.0,"max_hp_loss":0.0,"gold_gain":0.0,"event_name":"The Library","player_choice":"Heal","floor":20.0,"gold_loss":0.0,"damage_taken":0.0},{"damage_healed":0.0,"max_hp_gain":0.0,"max_hp_loss":0.0,"gold_gain":0.0,"event_name":"Wheel of Change","player_choice":"Damaged","floor":21.0,"gold_loss":0.0,"damage_taken":8.0},{"damage_healed":0.0,"max_hp_gain":0.0,"max_hp_loss":0.0,"gold_gain":0.0,"event_name":"Vampires","player_choice":"Ignored","floor":27.0,"gold_loss":0.0,"damage_taken":0.0},{"damage_healed":0.0,"max_hp_gain":0.0,"max_hp_loss":0.0,"gold_gain":0.0,"event_name":"Masked Bandits","player_choice":"Fought Bandits","floor":28.0,"gold_loss":0.0,"damage_taken":0.0},{"damage_healed":0,"gold_gain":0,"player_choice":"Fight","damage_taken":0,"max_hp_gain":0,"max_hp_loss":0,"event_name":"MindBloom","floor":38,"gold_loss":0},{"damage_healed":0,"gold_gain":0,"player_choice":"Max HP","damage_taken":0,"max_hp_gain":0,"max_hp_loss":5,"event_name":"Winding Halls","floor":42,"gold_loss":0},{"damage_healed":0,"gold_gain":0,"player_choice":"Ignored","damage_taken":0,"max_hp_gain":0,"max_hp_loss":0,"event_name":"Mysterious Sphere","floor":45,"gold_loss":0},{"damage_healed":0,"gold_gain":222,"player_choice":"Wore Mask","damage_taken":0,"max_hp_gain":0,"max_hp_loss":0,"event_name":"Tomb of Lord Red Mask","floor":48,"gold_loss":0}],"is_beta":false,"boss_relics":[{"not_picked":["Inserter","Empty Cage"],"picked":"Snecko Eye"},{"not_picked":["FrozenCore","Orrery"],"picked":"Astrolabe"}],"items_purged_floors":[25,30,36,41],"is_endless":false,"potions_floor_spawned":[1,2,3,19,24,28,37,39],"ascension_level":0}