{"gold_per_floor":[118,2,2,2,25,65,81,97,97,126,26,49,49,63,63,161,161,185,185],"floor_reached":19,"playtime":724,"items_purged":["Strike_G","Strike_G"],"score":359,"play_id":"577edee1-7a1a-4ece-a485-c4a3e026542f","local_time":"20181006134039","is_ascension_mode":true,"campfire_choices":[{"data":"Cloak And Dagger","floor":13,"key":"SMITH"},{"data":"Accuracy","floor":15,"key":"SMITH"}],"neow_cost":"NONE","seed_source_timestamp":344858036350922,"circlet_count":0,"master_deck":["Defend_G","Defend_G","Defend_G","Defend_G","Defend_G","Strike_G","Strike_G","Strike_G","Survivor","Neutralize","AscendersBane","Blade Dance","Escape Plan","Well Laid Plans","Accuracy+1","Escape Plan","Cloak And Dagger+1","Envenom"],"relics":["Ring of the Snake","NeowsBlessing","Golden Idol","Bronze Scales","Juzu Bracelet","Odd Mushroom","Black Star"],"potions_floor_usage":[10,12],"damage_taken":[{"damage":0,"enemies":"2 Louse","floor":1,"turns":1},{"damage":0,"enemies":"Small Slimes","floor":5,"turns":1},{"damage":0,"enemies":"Gremlin Nob","floor":6,"turns":1},{"damage":2,"enemies":"Jaw Worm","floor":7,"turns":4},{"damage":1,"enemies":"Blue Slaver","floor":8,"turns":4},{"damage":8,"enemies":"The Mushroom Lair","floor":10,"turns":5},{"damage":14,"enemies":"Large Slime","floor":12,"turns":7},{"damage":2,"enemies":"2 Fungi Beasts","floor":14,"turns":4},{"damage":19,"enemies":"Hexaghost","floor":16,"turns":11},{"damage":30,"enemies":"Shell Parasite","floor":18,"turns":9},{"damage":31,"enemies":"Spheric Guardian","floor":19,"turns":5}],"seed_played":"-4663305336330684061","potions_obtained":[{"floor":5,"key":"GhostInAJar"},{"floor":10,"key":"Poison Potion"}],"is_trial":false,"path_per_floor":["M","$","?","?","M","E","M","M","T","?","$","M","R","M","R","B",null,"M"],"character_chosen":"THE_SILENT","items_purchased":["Escape Plan"],"campfire_rested":0,"item_purchase_floors":[2],"current_hp_per_floor":[59,59,64,64,64,64,62,61,61,53,53,39,39,37,37,18,53,23,0],"gold":185,"neow_bonus":"THREE_ENEMY_KILL","is_prod":false,"is_daily":false,"chose_seed":false,"campfire_upgraded":2,"win_rate":0,"timestamp":1538804439,"path_taken":["M","$","?","?","M","E","?","M","T","?","?","M","R","M","R","BOSS","M","M"],"build_version":"2018-10-04v2","purchased_purges":2,"victory":false,"max_hp_per_floor":[66,66,71,64,64,64,64,64,64,64,64,64,64,64,64,64,64,64,64],"card_choices":[{"not_picked":["Deflect","Prepared"],"picked":"Blade Dance","floor":1},{"not_picked":["Outmaneuver","Sucker Punch"],"picked":"Well Laid Plans","floor":5},{"not_picked":["Poisoned Stab","Sucker Punch"],"picked":"Accuracy","floor":6},{"not_picked":["Eviscerate","Setup","Deadly Poison"],"picked":"SKIP","floor":7},{"not_picked":["Dagger Throw","Deadly Poison","Grand Finale"],"picked":"SKIP","floor":8},{"not_picked":["Outmaneuver","Quick Slash"],"picked":"Escape Plan","floor":10},{"not_picked":["Sucker Punch","Masterful Stab"],"picked":"Cloak And Dagger","floor":12},{"not_picked":["Acrobatics","Caltrops","Setup"],"picked":"SKIP","floor":14},{"not_picked":["Burst","Adrenaline"],"picked":"Envenom","floor":16},{"not_picked":["Prepared+1","Reflex+1","PiercingWail"],"picked":"SKIP","floor":18}],"player_experience":202180,"relics_obtained":[{"floor":6,"key":"Bronze Scales"},{"floor":9,"key":"Juzu Bracelet"},{"floor":10,"key":"Odd Mushroom"}],"event_choices":[{"event_name":"Big Fish","player_choice":"Donut","floor":3,"damage_taken":0},{"event_name":"Golden Idol","player_choice":"Lose Max HP","floor":4,"damage_taken":0},{"event_name":"Mushrooms","player_choice":"Fought Mushrooms","floor":10,"damage_taken":0}],"is_beta":false,"boss_relics":[{"not_picked":["Ectoplasm","Orrery"],"picked":"Black Star"}],"items_purged_floors":[2,11],"is_endless":false,"potions_floor_spawned":[5,10],"killed_by":"Spheric Guardian","ascension_level":17}