{"gold_per_floor":[112,37,112,14,25,25,39,39,64,79,79,89,104,124,124,202,202,215,215,215,215,215,215,227,244,244,244,255,255,273,0,0,74,74,92,107,57,0,0,33,45,45,45,77,96,112,11,31,31,31,31,31,31,31,62,62],"floor_reached":57,"playtime":2665,"items_purged":["Bash+1","Defend_R","Flex+1"],"score":3137,"play_id":"aac3fd35-4cf8-4f3b-af74-267cee793940","local_time":"20190801040602","is_ascension_mode":true,"campfire_choices":[{"data":"Flex","floor":6.0,"key":"SMITH"},{"data":"Bash","floor":8.0,"key":"SMITH"},{"data":"Battle Trance","floor":15.0,"key":"SMITH"},{"data":"Burning Pact","floor":23.0,"key":"SMITH"},{"data":"Body Slam","floor":29.0,"key":"SMITH"},{"data":"Feel No Pain","floor":32.0,"key":"SMITH"},{"data":"Juggernaut","floor":42.0,"key":"SMITH"},{"floor":49.0,"key":"RECALL"},{"data":"Offering","floor":53.0,"key":"SMITH"}],"neow_cost":"PERCENT_DAMAGE","seed_source_timestamp":291495025968243,"circlet_count":0,"master_deck":["AscendersBane","Defend_R","Defend_R","Defend_R","Second Wind","Flash of Steel","Battle Trance+1","Power Through","Inflame","Juggernaut+1","Body Slam+1","Burning Pact+1","Shrug It Off","Dual Wield","Ghostly","Ghostly","Ghostly","Feed","Ghostly","Feel No Pain+1","Havoc+1","Offering+1","Barricade"],"special_seed":0,"relics":["Burning Blood","Happy Flower","Orrery","Singing Bowl","Membership Card","Mark of Pain","Red Mask","Darkstone Periapt","PreservedInsect","Red Skull"],"potions_floor_usage":[56],"damage_taken":[{"damage":6.0,"enemies":"2 Louse","floor":1.0,"turns":3.0},{"damage":0.0,"enemies":"Small Slimes","floor":5.0,"turns":4.0},{"damage":7.0,"enemies":"Jaw Worm","floor":7.0,"turns":5.0},{"damage":28.0,"enemies":"Large Slime","floor":10.0,"turns":7.0},{"damage":3.0,"enemies":"2 Fungi Beasts","floor":12.0,"turns":4.0},{"damage":28.0,"enemies":"Exordium Thugs","floor":13.0,"turns":11.0},{"damage":0.0,"enemies":"Exordium Wildlife","floor":14.0,"turns":3.0},{"damage":0.0,"enemies":"Slime Boss","floor":16.0,"turns":11.0},{"damage":11.0,"enemies":"2 Thieves","floor":18.0,"turns":3.0},{"damage":13.0,"enemies":"3 Byrds","floor":24.0,"turns":7.0},{"damage":13.0,"enemies":"Sentry and Sphere","floor":25.0,"turns":7.0},{"damage":20.0,"enemies":"Centurion and Healer","floor":28.0,"turns":11.0},{"damage":3.0,"enemies":"Snake Plant","floor":30.0,"turns":5.0},{"damage":11.0,"enemies":"Automaton","floor":33.0,"turns":9.0},{"damage":2.0,"enemies":"3 Shapes","floor":35.0,"turns":6.0},{"damage":2.0,"enemies":"3 Darklings","floor":36.0,"turns":7.0},{"damage":0.0,"enemies":"Reptomancer","floor":40.0,"turns":5.0},{"damage":13.0,"enemies":"4 Shapes","floor":41.0,"turns":7.0},{"damage":0.0,"enemies":"Giant Head","floor":44.0,"turns":5.0},{"damage":1.0,"enemies":"Writhing Mass","floor":45.0,"turns":7.0},{"damage":7.0,"enemies":"3 Darklings","floor":46.0,"turns":5.0},{"damage":2.0,"enemies":"Transient","floor":48.0,"turns":6.0},{"damage":1.0,"enemies":"Donu and Deca","floor":50.0,"turns":8.0},{"damage":1.0,"enemies":"Time Eater","floor":51.0,"turns":7.0},{"damage":48.0,"enemies":"Shield and Spear","floor":55.0,"turns":8.0},{"damage":28,"enemies":"The Heart","floor":56,"turns":8}],"seed_played":"-5987947787951389829","potions_obtained":[{"floor":1.0,"key":"FairyPotion"},{"floor":7.0,"key":"SpeedPotion"}],"is_trial":false,"path_per_floor":["M","?","?","$","M","R","M","R","T","M","?","M","M","M","R","B",null,"M","?","?","?","?","R","M","M","T","?","M","R","M","$","R","B",null,"M","M","$","?","?","E","M","R","T","E","M","M","$","M","R","B","B",null,"R","$","E","B",null],"character_chosen":"IRONCLAD","items_purchased":["Flash of Steel","Membership Card","Feel No Pain","Barricade"],"campfire_rested":0,"item_purchase_floors":[4,31,31,47],"current_hp_per_floor":[50,50,39,39,45,45,44,44,44,22,47,50,28,34,34,40,66,61,61,37,37,37,37,36,32,32,32,26,26,31,31,31,26,49,56,61,61,61,61,63,61,61,61,70,76,77,77,80,80,80,80,80,80,80,40,18],"gold":62,"neow_bonus":"REMOVE_TWO","is_prod":false,"is_daily":false,"chose_seed":false,"campfire_upgraded":8,"win_rate":0,"timestamp":1564599962,"path_taken":["M","?","?","$","M","R","M","R","T","M","?","M","M","M","R","BOSS","M","?","?","?","?","R","M","M","T","?","M","R","M","$","R","BOSS","M","M","$","?","?","E","M","R","T","E","M","M","$","M","R","BOSS","BOSS","R","$","E","BOSS"],"build_version":"2019-07-17","purchased_purges":3,"victory":true,"max_hp_per_floor":[75,75,75,75,75,75,75,75,75,75,75,75,75,75,75,75,75,75,75,37,37,37,37,43,46,46,46,54,54,56,56,56,56,56,59,61,61,61,61,63,68,68,68,71,76,78,78,80,80,80,80,80,80,80,82,82],"card_choices":[{"not_picked":["Dual Wield","Infernal Blade"],"picked":"Second Wind","floor":1.0},{"not_picked":["Ghostly Armor","Sword Boomerang"],"picked":"Flex","floor":5.0},{"not_picked":["Hemokinesis","Spot Weakness","Wild Strike"],"picked":"SKIP","floor":7.0},{"not_picked":["Perfected Strike","Dual Wield"],"picked":"Battle Trance","floor":10.0},{"not_picked":["Fire Breathing","Anger"],"picked":"Power Through","floor":12.0},{"not_picked":["Entrench","Heavy Blade","Warcry"],"picked":"SKIP","floor":13.0},{"not_picked":["Sword Boomerang","Twin Strike"],"picked":"Inflame","floor":14.0},{"not_picked":["Offering","Limit Break"],"picked":"Juggernaut","floor":16.0},{"not_picked":["Clothesline","Heavy Blade"],"picked":"Body Slam","floor":17.0},{"not_picked":["Whirlwind+1","Iron Wave"],"picked":"Burning Pact","floor":18.0},{"not_picked":["Sword Boomerang","Anger","Armaments"],"picked":"SKIP","floor":24.0},{"not_picked":["Sword Boomerang","Anger","Armaments"],"picked":"SKIP","floor":24.0},{"not_picked":["Pommel Strike","Sword Boomerang","Shrug It Off+1"],"picked":"SKIP","floor":25.0},{"not_picked":["Burning Pact","Carnage","Clash+1"],"picked":"Singing Bowl","floor":28.0},{"not_picked":["Fiend Fire","Infernal Blade","Fire Breathing"],"picked":"Singing Bowl","floor":30.0},{"not_picked":["Bludgeon","Reaper"],"picked":"Offering","floor":33.0},{"not_picked":["Dropkick+1","Spot Weakness"],"picked":"Havoc+1","floor":35.0},{"not_picked":["Body Slam","Shrug It Off+1","Second Wind"],"picked":"Singing Bowl","floor":36.0},{"not_picked":["Anger","Ghostly Armor+1","Uppercut"],"picked":"Singing Bowl","floor":40.0},{"not_picked":["Entrench","Headbutt","Perfected Strike"],"picked":"Singing Bowl","floor":41.0},{"not_picked":["Armaments+1","Clash"],"picked":"Offering","floor":44.0},{"not_picked":["Headbutt+1","Havoc+1","Cleave"],"picked":"Singing Bowl","floor":45.0},{"not_picked":["Feel No Pain","Inflame","Shrug It Off"],"picked":"Singing Bowl","floor":46.0},{"not_picked":["Corruption","Headbutt","Perfected Strike"],"picked":"Singing Bowl","floor":48.0},{"not_picked":["Headbutt+1","Perfected Strike","Intimidate"],"picked":"Singing Bowl","floor":55.0}],"player_experience":713032,"relics_obtained":[{"floor":9.0,"key":"Happy Flower"},{"floor":26.0,"key":"Singing Bowl"},{"floor":40.0,"key":"Darkstone Periapt"},{"floor":44.0,"key":"PreservedInsect"},{"floor":55.0,"key":"Red Skull"}],"event_choices":[{"cards_removed":["Strike_R"],"damage_healed":0.0,"max_hp_gain":0.0,"max_hp_loss":0.0,"gold_gain":0.0,"event_name":"The Cleric","player_choice":"Card Removal","floor":2.0,"gold_loss":75.0,"damage_taken":0.0},{"damage_healed":0.0,"max_hp_gain":0.0,"max_hp_loss":0.0,"gold_gain":75.0,"event_name":"World of Goop","player_choice":"Gather Gold","floor":3.0,"gold_loss":0.0,"damage_taken":11.0},{"damage_healed":25.0,"max_hp_gain":0.0,"max_hp_loss":0.0,"gold_gain":0.0,"event_name":"Big Fish","player_choice":"Banana","floor":11.0,"gold_loss":0.0,"damage_taken":0.0},{"damage_healed":0.0,"max_hp_gain":0.0,"max_hp_loss":0.0,"gold_gain":0.0,"cards_transformed":["Strike_R","Strike_R"],"event_name":"Drug Dealer","player_choice":"Became Test Subject","floor":19.0,"gold_loss":0.0,"damage_taken":0.0,"cards_obtained":["Shrug It Off","Dual Wield"]},{"damage_healed":0.0,"max_hp_gain":0.0,"max_hp_loss":38.0,"gold_gain":0.0,"event_name":"Ghosts","player_choice":"Became a Ghost","floor":20.0,"gold_loss":0.0,"damage_taken":0.0,"cards_obtained":["Ghostly","Ghostly","Ghostly"]},{"damage_healed":0.0,"max_hp_gain":0.0,"max_hp_loss":0.0,"gold_gain":0.0,"event_name":"The Library","player_choice":"Read","floor":21.0,"gold_loss":0.0,"damage_taken":0.0,"cards_obtained":["Feed"]},{"damage_healed":0.0,"max_hp_gain":0.0,"max_hp_loss":0.0,"gold_gain":0.0,"event_name":"Vampires","player_choice":"Ignored","floor":22.0,"gold_loss":0.0,"damage_taken":0.0},{"damage_healed":0.0,"max_hp_gain":0.0,"max_hp_loss":0.0,"gold_gain":0.0,"event_name":"Duplicator","player_choice":"Copied","floor":27.0,"gold_loss":0.0,"damage_taken":0.0,"cards_obtained":["Ghostly"]},{"damage_healed":0.0,"max_hp_gain":0.0,"max_hp_loss":0.0,"gold_gain":0.0,"event_name":"Tomb of Lord Red Mask","player_choice":"Paid","floor":38.0,"gold_loss":57.0,"damage_taken":0.0,"relics_obtained":["Red Mask"]},{"cards_removed":["Offering"],"damage_healed":0.0,"max_hp_gain":0.0,"max_hp_loss":0.0,"gold_gain":0.0,"event_name":"Falling","player_choice":"Removed Skill","floor":39.0,"gold_loss":0.0,"damage_taken":0.0}],"is_beta":false,"boss_relics":[{"not_picked":["Black Star","Velvet Choker"],"picked":"Orrery"},{"not_picked":["Astrolabe","Runic Cube"],"picked":"Mark of Pain"}],"items_purged_floors":[31,37,47],"is_endless":false,"potions_floor_spawned":[1,7,16,25,28,30,35,36,41,55],"ascension_level":20}