{"gold_per_floor":[117,133,48,48,48,83,158,158,185,335,353,353,382,400,400,475,475,487,187,187,204,254,254,266,266],"floor_reached":25,"playtime":689,"items_purged":["Strike_G"],"score":468,"play_id":"dfe65d8f-017b-4b3e-955e-335d12f89bfc","local_time":"20190212205701","is_ascension_mode":true,"campfire_choices":[{"data":"Noxious Fumes","floor":8,"key":"SMITH"},{"data":"Neutralize","floor":12,"key":"SMITH"},{"data":"Well Laid Plans","floor":15,"key":"SMITH"},{"data":"Acrobatics","floor":23,"key":"SMITH"}],"neow_cost":"NONE","seed_source_timestamp":39962813752716,"circlet_count":0,"master_deck":["AscendersBane","Defend_G","Defend_G","Defend_G","Defend_G","Defend_G","Strike_G","Strike_G","Strike_G","Survivor","Neutralize+1","Caltrops","Noxious Fumes+1","Caltrops","Dash","Well Laid Plans+1","Caltrops","Acrobatics+1"],"special_seed":0,"relics":["Ring of the Snake","NeowsBlessing","Omamori","WingedGreaves","Coffee Dripper","Bronze Scales","Calipers"],"potions_floor_usage":[11,18,24,25],"damage_taken":[{"damage":0.0,"enemies":"Cultist","floor":1.0,"turns":1.0},{"damage":0.0,"enemies":"Jaw Worm","floor":2.0,"turns":1.0},{"damage":0.0,"enemies":"3 Sentries","floor":6.0,"turns":2.0},{"damage":1,"enemies":"2 Louse","floor":11,"turns":5},{"damage":11,"enemies":"Lagavulin","floor":13,"turns":10},{"damage":5,"enemies":"2 Fungi Beasts","floor":14,"turns":4},{"damage":32,"enemies":"The Guardian","floor":16,"turns":10},{"damage":23,"enemies":"Spheric Guardian","floor":18,"turns":6},{"damage":0,"enemies":"3 Byrds","floor":21,"turns":2},{"damage":27,"enemies":"Snecko","floor":24,"turns":7},{"damage":0,"enemies":"Centurion and Healer","floor":25,"turns":1}],"seed_played":"6430982837958444627","potions_obtained":[{"floor":1.0,"key":"Regen Potion"},{"floor":2.0,"key":"SpeedPotion"},{"floor":11,"key":"PowerPotion"},{"floor":24,"key":"Fire Potion"}],"is_trial":false,"path_per_floor":["M","M","$","?","$","E","?","R","T","?","M","R","E","M","R","B",null,"M","$","?","M","?","R","M","M"],"character_chosen":"THE_SILENT","items_purchased":["Caltrops","Bronze Scales","Swift Potion"],"campfire_rested":0,"item_purchase_floors":[3,19,19],"current_hp_per_floor":[59,59,59,59,59,59,48,48,48,48,62,62,51,46,46,14,53,30,30,30,30,30,30,3,3],"gold":266,"neow_bonus":"THREE_ENEMY_KILL","is_prod":false,"is_daily":false,"chose_seed":false,"campfire_upgraded":4,"win_rate":0,"timestamp":1549976221,"path_taken":["M","M","?","?","$","E","?","R","T","?","M","R","E","M","R","BOSS","M","$","?","M","?","R","?","M"],"build_version":"2019-01-23","purchased_purges":1,"victory":false,"max_hp_per_floor":[66,66,66,66,66,66,66,66,66,66,66,66,66,66,66,66,66,66,66,66,66,66,66,66,66],"card_choices":[{"not_picked":["Sucker Punch","Choke"],"picked":"Caltrops","floor":1.0},{"not_picked":["Poisoned Stab","PiercingWail"],"picked":"Noxious Fumes","floor":2.0},{"not_picked":["Blur","Flying Knee"],"picked":"Well Laid Plans","floor":6},{"not_picked":["Escape Plan","Dagger Spray","Eviscerate"],"picked":"SKIP","floor":11},{"not_picked":["Blade Dance","Backflip"],"picked":"Caltrops","floor":13},{"not_picked":["Quick Slash","Masterful Stab","Infinite Blades"],"picked":"SKIP","floor":14},{"not_picked":["Deflect","Dagger Spray","Tactician"],"picked":"SKIP","floor":18},{"not_picked":["Deadly Poison","Dodge and Roll"],"picked":"Acrobatics","floor":21},{"not_picked":["Outmaneuver","Noxious Fumes","Cloak And Dagger"],"picked":"SKIP","floor":24}],"player_experience":2661064,"relics_obtained":[{"floor":9,"key":"Omamori"},{"floor":13,"key":"WingedGreaves"}],"event_choices":[{"damage_healed":0.0,"max_hp_gain":0.0,"max_hp_loss":0.0,"gold_gain":0.0,"cards_transformed":["Strike_G"],"event_name":"Living Wall","player_choice":"Change","floor":4.0,"gold_loss":0.0,"damage_taken":0.0,"cards_obtained":["Dash"]},{"damage_healed":0,"gold_gain":75,"player_choice":"Gather Gold","damage_taken":11,"max_hp_gain":0,"max_hp_loss":0,"event_name":"World of Goop","floor":7,"gold_loss":0},{"damage_healed":0,"gold_gain":150,"player_choice":"AGREE","damage_taken":0,"max_hp_gain":0,"max_hp_loss":0,"event_name":"Liars Game","floor":10,"gold_loss":0,"cards_obtained":["Doubt"]},{"damage_healed":0,"gold_gain":0,"player_choice":"Opened","damage_taken":0,"relics_obtained":["Calipers"],"max_hp_gain":0,"max_hp_loss":0,"event_name":"The Mausoleum","floor":20,"gold_loss":0,"cards_obtained":["Writhe"]},{"damage_healed":0,"gold_gain":50,"player_choice":"Pray","damage_taken":0,"max_hp_gain":0,"max_hp_loss":0,"event_name":"Golden Shrine","floor":22,"gold_loss":0}],"is_beta":false,"boss_relics":[{"not_picked":["Busted Crown","White Beast Statue"],"picked":"Coffee Dripper"}],"items_purged_floors":[19],"is_endless":false,"potions_floor_spawned":[1,2,11,24],"killed_by":"Centurion and Healer","ascension_level":20}