{"gold_per_floor":[362,377,302,317,82,82,82,82,82,114,126,126,159,174,174,250,250,267,267,279,279,293,293,309,124,197,72,72,104,104,123,123,198,198,209,229,229,229,229,229,255,255,255,269,283,303,336,353,353,353,353,353,353,147,177,177],"floor_reached":57,"playtime":15557,"items_purged":["Strike_G","Defend_G","Defend_G","Bane+1"],"score":2834,"play_id":"6049b86c-9033-4623-9dd4-5d8feef850f8","local_time":"20190602100012","is_ascension_mode":true,"campfire_choices":[{"data":"Deadly Poison","floor":6.0,"key":"SMITH"},{"data":"Masterful Stab","floor":12.0,"key":"SMITH"},{"data":"Well Laid Plans","floor":15.0,"key":"SMITH"},{"data":"Neutralize","floor":23.0,"key":"SMITH"},{"data":"Noxious Fumes","floor":28.0,"key":"SMITH"},{"data":"Outmaneuver","floor":32.0,"key":"SMITH"},{"data":"Deep Breath","floor":40.0,"key":"SMITH"},{"data":"Burst","floor":42.0,"key":"SMITH"},{"floor":49.0,"key":"RECALL"},{"data":"Deep Breath","floor":53.0,"key":"SMITH"}],"neow_cost":"PERCENT_DAMAGE","seed_source_timestamp":33992110586320,"circlet_count":0,"master_deck":["AscendersBane","Survivor","Neutralize+1","Masterful Stab+1","Deadly Poison+1","After Image","Blur","Well Laid Plans+1","Tools of the Trade+1","Well Laid Plans+1","Terror+1","Backflip","Noxious Fumes+1","Outmaneuver+1","Burst+1","A Thousand Cuts+1","Accuracy+1","Deep Breath+1","Deep Breath+1"],"special_seed":0,"relics":["Ring of the Snake","Bag of Marbles","Ninja Scroll","Happy Flower","Turnip","Empty Cage","Pantograph","Dodecahedron","Astrolabe","Omamori","Bronze Scales","Art of War","Lantern"],"potions_floor_usage":[56,56],"damage_taken":[{"damage":1.0,"enemies":"Cultist","floor":1.0,"turns":4.0},{"damage":4.0,"enemies":"Jaw Worm","floor":2.0,"turns":4.0},{"damage":0.0,"enemies":"2 Louse","floor":4.0,"turns":2.0},{"damage":10.0,"enemies":"3 Sentries","floor":10.0,"turns":13.0},{"damage":0.0,"enemies":"Red Slaver","floor":11.0,"turns":2.0},{"damage":4.0,"enemies":"Lagavulin","floor":13.0,"turns":6.0},{"damage":0.0,"enemies":"Looter","floor":14.0,"turns":1.0},{"damage":0.0,"enemies":"Slime Boss","floor":16.0,"turns":17.0},{"damage":0.0,"enemies":"Spheric Guardian","floor":18.0,"turns":6.0},{"damage":0.0,"enemies":"Chosen","floor":20.0,"turns":6.0},{"damage":0.0,"enemies":"Centurion and Healer","floor":22.0,"turns":8.0},{"damage":0.0,"enemies":"Snake Plant","floor":24.0,"turns":5.0},{"damage":7.0,"enemies":"Gremlin Leader","floor":29.0,"turns":6.0},{"damage":0.0,"enemies":"Snecko","floor":31.0,"turns":7.0},{"damage":0.0,"enemies":"Automaton","floor":33.0,"turns":10.0},{"damage":0.0,"enemies":"Orb Walker","floor":35.0,"turns":2.0},{"damage":0.0,"enemies":"3 Shapes","floor":36.0,"turns":4.0},{"damage":31.0,"enemies":"Nemesis","floor":41.0,"turns":7.0},{"damage":6.0,"enemies":"Jaw Worm Horde","floor":44.0,"turns":4.0},{"damage":5.0,"enemies":"4 Shapes","floor":45.0,"turns":3.0},{"damage":0.0,"enemies":"Sphere and 2 Shapes","floor":46.0,"turns":4.0},{"damage":2.0,"enemies":"Reptomancer","floor":47.0,"turns":4.0},{"damage":2.0,"enemies":"Transient","floor":48.0,"turns":6.0},{"damage":38.0,"enemies":"Awakened One","floor":50.0,"turns":6.0},{"damage":27.0,"enemies":"Donu and Deca","floor":51.0,"turns":5.0},{"damage":17,"enemies":"Shield and Spear","floor":55,"turns":6},{"damage":46,"enemies":"The Heart","floor":56,"turns":11}],"seed_played":"-2901019338877518470","potions_obtained":[{"floor":1.0,"key":"SkillPotion"},{"floor":4.0,"key":"GhostInAJar"},{"floor":16.0,"key":"AttackPotion"},{"floor":20.0,"key":"Weak Potion"},{"floor":24.0,"key":"Swift Potion"},{"floor":41.0,"key":"Block Potion"},{"floor":47.0,"key":"SteroidPotion"}],"is_trial":false,"path_per_floor":["M","M","?","M","$","R","T","?","T","E","M","R","E","M","R","B",null,"M","?","M","?","M","R","M","$","T","$","R","E","$","M","R","B",null,"M","M","?","?","?","R","E","R","T","M","M","M","E","M","R","B","B",null,"R","$","E","B",null],"character_chosen":"THE_SILENT","items_purchased":["Bag of Marbles","Noxious Fumes","Dexterity Potion"],"campfire_rested":0,"item_purchase_floors":[5,25,54],"current_hp_per_floor":[43,39,39,39,39,39,39,32,32,22,22,22,18,18,18,18,54,54,54,54,54,54,54,54,54,54,54,54,47,47,47,47,66,66,66,66,56,56,63,63,32,32,32,26,21,21,19,17,17,4,2,48,48,48,31,10],"gold":177,"neow_bonus":"TWO_FIFTY_GOLD","is_prod":false,"is_daily":false,"chose_seed":false,"campfire_upgraded":9,"win_rate":0,"timestamp":1559440812,"path_taken":["M","M","?","M","$","R","?","?","T","E","M","R","E","M","R","BOSS","M","?","?","?","M","R","M","?","T","?","R","E","$","M","R","BOSS","M","M","?","?","?","R","E","R","T","?","M","M","E","M","R","BOSS","BOSS","R","$","E","BOSS"],"build_version":"2019-01-23","purchased_purges":4,"victory":true,"max_hp_per_floor":[66,66,66,66,66,66,66,66,66,66,66,66,66,66,66,66,66,66,66,66,66,66,66,66,66,66,66,66,66,66,66,66,66,66,66,66,66,63,63,63,63,63,63,63,63,63,63,63,63,63,63,63,63,63,63,63],"card_choices":[{"not_picked":["Dagger Spray","Deflect"],"picked":"Masterful Stab","floor":1.0},{"not_picked":["Masterful Stab","Sucker Punch"],"picked":"Deadly Poison","floor":2.0},{"not_picked":["Reflex","Dodge and Roll","Accuracy"],"picked":"SKIP","floor":4.0},{"not_picked":["Die Die Die","Leg Sweep"],"picked":"After Image","floor":10.0},{"not_picked":["Backflip","Endless Agony"],"picked":"Blur","floor":11.0},{"not_picked":["Deadly Poison","Prepared","Reflex"],"picked":"SKIP","floor":13.0},{"not_picked":["Deflect","Flying Knee"],"picked":"Well Laid Plans","floor":14.0},{"not_picked":["Envenom","Doppelganger"],"picked":"Tools of the Trade","floor":16.0},{"not_picked":["Prepared+1","Heel Hook","Blur"],"picked":"SKIP","floor":18.0},{"not_picked":["Prepared","Escape Plan","Predator"],"picked":"SKIP","floor":20.0},{"not_picked":["Acrobatics","Blade Dance+1"],"picked":"Terror+1","floor":22.0},{"not_picked":["Quick Slash","PiercingWail"],"picked":"Backflip","floor":24.0},{"not_picked":["Sucker Punch","Quick Slash"],"picked":"Outmaneuver","floor":29.0},{"not_picked":["Prepared","Flying Knee+1","Skewer"],"picked":"SKIP","floor":31.0},{"not_picked":["Envenom","Venomology"],"picked":"Burst","floor":33.0},{"not_picked":["Sucker Punch","Flying Knee+1","Poisoned Stab"],"picked":"SKIP","floor":35.0},{"not_picked":["Heel Hook","Prepared+1","Bane+1"],"picked":"SKIP","floor":36.0},{"not_picked":["Swift Strike","PanicButton"],"picked":"Deep Breath","floor":37.0},{"not_picked":["HandOfGreed","Sadistic Nature"],"picked":"Deep Breath","floor":37.0},{"not_picked":["Quick Slash","Dash","Dagger Throw"],"picked":"SKIP","floor":41.0},{"not_picked":["Deflect","Slice","PiercingWail"],"picked":"SKIP","floor":44.0},{"not_picked":["Poisoned Stab","Dodge and Roll","Crippling Poison+1"],"picked":"SKIP","floor":45.0},{"not_picked":["Deadly Poison","Dagger Spray","Noxious Fumes"],"picked":"SKIP","floor":46.0},{"not_picked":["Cloak And Dagger","Dagger Spray+1","Doppelganger"],"picked":"SKIP","floor":47.0},{"not_picked":["Underhanded Strike","Flying Knee","Dagger Spray"],"picked":"SKIP","floor":48.0},{"not_picked":["Dagger Spray","Flying Knee","Bane+1"],"picked":"SKIP","floor":55}],"player_experience":4987485,"relics_obtained":[{"floor":9.0,"key":"Ninja Scroll"},{"floor":10.0,"key":"Happy Flower"},{"floor":13.0,"key":"Turnip"},{"floor":26.0,"key":"Pantograph"},{"floor":29.0,"key":"Dodecahedron"},{"floor":41.0,"key":"Omamori"},{"floor":43.0,"key":"Bronze Scales"},{"floor":47.0,"key":"Art of War"},{"floor":55,"key":"Lantern"}],"event_choices":[{"cards_removed":["Strike_G"],"damage_healed":0.0,"max_hp_gain":0.0,"max_hp_loss":0.0,"gold_gain":0.0,"event_name":"The Cleric","player_choice":"Card Removal","floor":3.0,"gold_loss":75.0,"damage_taken":0.0},{"cards_removed":["Strike_G"],"damage_healed":0.0,"max_hp_gain":0.0,"max_hp_loss":0.0,"gold_gain":0.0,"event_name":"Golden Wing","player_choice":"Card Removal","floor":8.0,"gold_loss":0.0,"damage_taken":7.0},{"damage_healed":0.0,"max_hp_gain":0.0,"max_hp_loss":0.0,"gold_gain":0.0,"event_name":"Duplicator","player_choice":"Copied","floor":19.0,"gold_loss":0.0,"damage_taken":0.0,"cards_obtained":["Well Laid Plans"]},{"damage_healed":0.0,"max_hp_gain":0.0,"max_hp_loss":0.0,"gold_gain":0.0,"event_name":"Upgrade Shrine","player_choice":"Upgraded","floor":21.0,"gold_loss":0.0,"damage_taken":0.0,"cards_upgraded":["Tools of the Trade"]},{"damage_healed":0.0,"max_hp_gain":0.0,"max_hp_loss":0.0,"gold_gain":0.0,"event_name":"SensoryStone","player_choice":"Memory 3","floor":37.0,"gold_loss":0.0,"damage_taken":10.0},{"damage_healed":0.0,"max_hp_gain":0.0,"max_hp_loss":3.0,"gold_gain":0.0,"event_name":"Winding Halls","player_choice":"Max HP","floor":38.0,"gold_loss":0.0,"damage_taken":0.0},{"damage_healed":7.0,"max_hp_gain":0.0,"max_hp_loss":0.0,"gold_gain":0.0,"event_name":"Wheel of Change","player_choice":"Full Heal","floor":39.0,"gold_loss":0.0,"damage_taken":0.0}],"is_beta":false,"boss_relics":[{"not_picked":["Snecko Eye","Busted Crown"],"picked":"Empty Cage"},{"not_picked":["HoveringKite","Velvet Choker"],"picked":"Astrolabe"}],"items_purged_floors":[5,25,27,54],"is_endless":false,"potions_floor_spawned":[1,4,10,13,16,20,24,41,47,48],"ascension_level":20}