{"gold_per_floor":[111,111,111,36,47,47,74,94,120,120,20,20,33,50,50,146,176,190,206,206,206],"floor_reached":21,"playtime":799,"items_purged":["Defend_B","Strike_B"],"score":179,"play_id":"fccd0f54-a739-48b7-afcb-19a911cb1e37","local_time":"20180701183209","is_ascension_mode":false,"campfire_choices":[{"data":"Hologram","floor":6,"key":"SMITH"},{"floor":10,"key":"REST"},{"data":"Doom and Gloom","floor":15,"key":"SMITH"}],"neow_cost":"NONE","seed_source_timestamp":12617608261182,"circlet_count":0,"master_deck":["Strike_B","Strike_B","Defend_B+1","Defend_B","Zap+1","Dualcast","Hologram+1","Doom and Gloom+1","Buffer","Parasite","Pain","Parasite"],"relics":["Snecko Eye","Regal Pillow","War Paint","Mercury Hourglass","Calling Bell","Tiny Chest","Symbiotic Virus","Incense Burner"],"potions_floor_usage":[],"damage_taken":[{"damage":2,"enemies":"2 Louse","floor":1,"turns":5},{"damage":0,"enemies":"Small Slimes","floor":5,"turns":2},{"damage":31,"enemies":"Lagavulin","floor":7,"turns":9},{"damage":15,"enemies":"Jaw Worm","floor":8,"turns":4},{"damage":2,"enemies":"2 Fungi Beasts","floor":13,"turns":3},{"damage":1,"enemies":"Exordium Wildlife","floor":14,"turns":3},{"damage":37,"enemies":"The Guardian","floor":16,"turns":7},{"damage":23,"enemies":"2 Thieves","floor":18,"turns":4},{"damage":22,"enemies":"Chosen","floor":19,"turns":4},{"damage":0,"enemies":"Snake Plant","floor":21,"turns":1}],"seed_played":"2953135402348966236","potions_obtained":[{"floor":5,"key":"SpeedPotion"},{"floor":8,"key":"GamblersBrew"}],"is_trial":false,"path_per_floor":["M","?","?","$","M","R","E","M","T","R","$","T","M","M","R","B",null,"M","M","?"],"character_chosen":"DEFECT","items_purchased":[],"campfire_rested":1,"item_purchase_floors":[],"current_hp_per_floor":[73,73,66,66,66,66,35,20,20,57,57,57,55,54,54,17,75,52,30,30,30],"gold":206,"neow_bonus":"BOSS_RELIC","is_prod":false,"is_daily":false,"chose_seed":false,"campfire_upgraded":2,"win_rate":0,"timestamp":1530462729,"path_taken":["M","?","?","$","M","R","E","M","T","R","$","?","M","?","R","BOSS","M","?","?","M"],"build_version":"2018-06-28","purchased_purges":2,"victory":false,"max_hp_per_floor":[75,75,75,75,75,75,75,75,75,75,75,75,75,75,75,75,75,75,75,75,75],"card_choices":[{"not_picked":["Beam Cell","Reprogram"],"picked":"Hologram","floor":1},{"not_picked":["Rip and Tear","Rebound","Redo"],"picked":"SKIP","floor":5},{"not_picked":["Cold Snap","Leap","Hologram"],"picked":"SKIP","floor":7},{"not_picked":["Go for the Eyes","Darkness","Steam"],"picked":"SKIP","floor":8},{"not_picked":["Ball Lightning","BootSequence"],"picked":"Doom and Gloom","floor":13},{"not_picked":["Ball Lightning","Stack","Hologram"],"picked":"SKIP","floor":14},{"not_picked":["Seek","Reboot"],"picked":"Buffer","floor":16},{"not_picked":["Cold Snap","Blizzard","Ball Lightning+1"],"picked":"SKIP","floor":18},{"not_picked":["Redo+1","Hyperbeam","Static Discharge"],"picked":"SKIP","floor":19}],"player_experience":299912,"relics_obtained":[{"floor":7,"key":"Regal Pillow"},{"floor":9,"key":"War Paint"},{"floor":12,"key":"Mercury Hourglass"},{"floor":17,"key":"Tiny Chest"},{"floor":17,"key":"Symbiotic Virus"},{"floor":17,"key":"Incense Burner"}],"event_choices":[{"event_name":"Living Wall","player_choice":"Forget","floor":2,"damage_taken":0},{"event_name":"Golden Wing","player_choice":"Card Removal","floor":3,"damage_taken":0},{"event_name":"Drug Dealer","player_choice":"Ignored","floor":20,"damage_taken":0}],"boss_relics":[{"not_picked":["Eternal Feather","Busted Crown"],"picked":"Calling Bell"}],"items_purged_floors":[4,11],"is_endless":false,"potions_floor_spawned":[5,8],"killed_by":"Snake Plant","ascension_level":0}