{"gold_per_floor":[213,288,338,356,369,369,294,294,294,294,219,41,41,57,57,128,128,139,156,176,188,188],"floor_reached":22,"playtime":1015,"items_purged":["Strike_G","Strike_G"],"score":352,"play_id":"db10df34-bdd4-4048-9adb-2f20362ed65c","local_time":"20190105210540","is_ascension_mode":true,"campfire_choices":[{"data":"Deadly Poison","floor":6.0,"key":"SMITH"},{"data":"Neutralize","floor":8.0,"key":"SMITH"},{"data":"Well Laid Plans","floor":15,"key":"SMITH"}],"neow_cost":"NONE","seed_source_timestamp":37533275694323,"circlet_count":0,"master_deck":["AscendersBane","Defend_G","Defend_G","Defend_G","Defend_G","Defend_G","Strike_G","Strike_G","Survivor","Neutralize+1","Deadly Poison+1","Backflip","Well Laid Plans+1","Wraith Form v2","Bouncing Flask","Leg Sweep"],"special_seed":0,"relics":["Ring of the Snake","Philosopher\u0027s Stone"],"potions_floor_usage":[18,20],"damage_taken":[{"damage":0.0,"enemies":"Small Slimes","floor":1.0,"turns":6.0},{"damage":0.0,"enemies":"2 Louse","floor":4.0,"turns":3.0},{"damage":1.0,"enemies":"Cultist","floor":5.0,"turns":4.0},{"damage":2,"enemies":"3 Louse","floor":14,"turns":6},{"damage":15,"enemies":"The Guardian","floor":16,"turns":11},{"damage":0,"enemies":"Spheric Guardian","floor":18,"turns":7},{"damage":9,"enemies":"Shell Parasite","floor":19,"turns":6},{"damage":25,"enemies":"Chosen and Byrds","floor":20,"turns":8},{"damage":5,"enemies":"Centurion and Healer","floor":21,"turns":12},{"damage":17,"enemies":"3 Cultists","floor":22,"turns":6}],"seed_played":"-7085162834469459632","potions_obtained":[{"floor":13,"key":"SpeedPotion"},{"floor":13,"key":"Dexterity Potion"},{"floor":16,"key":"Fire Potion"},{"floor":18,"key":"FearPotion"}],"is_trial":false,"path_per_floor":["M","?","?","M","M","R","$","R","T","?","?","$","?","M","R","B",null,"M","M","M","M","M"],"character_chosen":"THE_SILENT","items_purchased":["Well Laid Plans"],"campfire_rested":0,"item_purchase_floors":[12],"current_hp_per_floor":[59,48,42,42,41,41,41,41,41,41,41,41,41,39,39,24,56,56,47,22,17,0],"gold":188,"neow_bonus":"HUNDRED_GOLD","is_prod":false,"is_daily":false,"chose_seed":false,"campfire_upgraded":3,"win_rate":0,"timestamp":1546693540,"path_taken":["M","?","?","M","?","R","$","R","T","?","?","$","?","M","R","BOSS","M","M","M","M","M"],"build_version":"2019-01-03v4","purchased_purges":2,"victory":false,"max_hp_per_floor":[66,66,66,66,66,66,66,66,66,66,66,66,66,66,66,66,66,66,66,66,66,66],"card_choices":[{"not_picked":["Acrobatics","Backflip"],"picked":"Deadly Poison","floor":1.0},{"not_picked":["Sucker Punch","Dagger Spray","Outmaneuver"],"picked":"SKIP","floor":4.0},{"not_picked":["Flechettes","Cloak And Dagger"],"picked":"Backflip","floor":5.0},{"not_picked":["Caltrops","Dagger Spray"],"picked":"Wraith Form v2","floor":14},{"not_picked":["Sucker Punch","Bane"],"picked":"Bouncing Flask","floor":18},{"not_picked":["Underhanded Strike","Blade Dance","Concentrate"],"picked":"SKIP","floor":19},{"not_picked":["Slice","Cloak And Dagger"],"picked":"Leg Sweep","floor":20},{"not_picked":["Blade Dance","Cloak And Dagger+1","Flechettes"],"picked":"SKIP","floor":21}],"player_experience":1760151,"relics_obtained":[],"event_choices":[{"damage_healed":0.0,"max_hp_gain":0.0,"max_hp_loss":0.0,"gold_gain":75.0,"event_name":"World of Goop","player_choice":"Gather Gold","floor":2.0,"gold_loss":0.0,"damage_taken":11.0},{"damage_healed":0.0,"max_hp_gain":0.0,"max_hp_loss":0.0,"gold_gain":50.0,"event_name":"FaceTrader","player_choice":"Touch","floor":3.0,"gold_loss":0.0,"damage_taken":6.0},{"damage_healed":0,"gold_gain":0,"player_choice":"Searched \u00270\u0027 times","damage_taken":0,"max_hp_gain":0,"max_hp_loss":0,"event_name":"Dead Adventurer","floor":10,"gold_loss":0},{"cards_removed":["Strike_G"],"damage_healed":0,"gold_gain":0,"player_choice":"Card Removal","damage_taken":0,"max_hp_gain":0,"max_hp_loss":0,"event_name":"The Cleric","floor":11,"gold_loss":75},{"damage_healed":0,"gold_gain":0,"player_choice":"Got Potions","damage_taken":0,"max_hp_gain":0,"max_hp_loss":0,"event_name":"Lab","floor":13,"gold_loss":0}],"is_beta":false,"boss_relics":[{"not_picked":["HoveringKite","White Beast Statue"],"picked":"Philosopher\u0027s Stone"}],"items_purged_floors":[7,12],"is_endless":false,"potions_floor_spawned":[14,16,18],"killed_by":"3 Cultists","ascension_level":20}