{"gold_per_floor":[212,212,224,237,65,65,77,77,77,103,103,103,121,140,140,217,217,233,258,258,274,287,287,307,307,333,95,126,139,139,154,154,229,229,249,109,209,209,260,260,276,301,301,301,13,13,13,47,47,47,47,47,47,2,29,29],"floor_reached":57,"playtime":2708,"items_purged":["Strike_B","Defend_B","Defend_B"],"score":2681,"play_id":"49041860-e126-466f-8f1d-4de8c557dcaf","local_time":"20190430155922","is_ascension_mode":true,"campfire_choices":[{"data":"Dualcast","floor":6.0,"key":"SMITH"},{"data":"Consume","floor":8.0,"key":"SMITH"},{"floor":12.0,"key":"REST"},{"data":"Zap","floor":15.0,"key":"SMITH"},{"floor":23.0,"key":"REST"},{"floor":30.0,"key":"REST"},{"floor":32.0,"key":"REST"},{"floor":40.0,"key":"DIG"},{"floor":44.0,"key":"DIG"},{"floor":46.0,"key":"DIG"},{"floor":49,"key":"RECALL"},{"floor":53,"key":"DIG"}],"neow_cost":"NONE","seed_source_timestamp":784451581901,"circlet_count":0,"master_deck":["AscendersBane","Defend_B","Zap+1","Dualcast+1","Ball Lightning","Reinforced Body","Consume+1","Undo+1","Self Repair","Recycle+1","Rainbow+1","Coolheaded+1","Thunder Strike","Biased Cognition","Defragment+1","Amplify+1","All For One+1","Tempest+1","Fission+1","Skim+1","Defragment","Hologram+1"],"special_seed":0,"relics":["Cracked Core","Orichalcum","Toxic Egg 2","Fusion Hammer","Anchor","Pear","Bag of Preparation","DataDisk","Boot","Astrolabe","Emotion Chip","Shovel","Omamori","Pen Nib","Blood Vial","Centennial Puzzle","Juzu Bracelet","Bag of Marbles","Gremlin Horn","Mango"],"potions_floor_usage":[55,56,56],"damage_taken":[{"damage":0.0,"enemies":"Cultist","floor":1.0,"turns":4.0},{"damage":7.0,"enemies":"Jaw Worm","floor":3.0,"turns":3.0},{"damage":8.0,"enemies":"Small Slimes","floor":4.0,"turns":3.0},{"damage":5.0,"enemies":"Red Slaver","floor":7.0,"turns":4.0},{"damage":14.0,"enemies":"Lagavulin","floor":10.0,"turns":6.0},{"damage":11.0,"enemies":"Exordium Thugs","floor":13.0,"turns":4.0},{"damage":7.0,"enemies":"Gremlin Gang","floor":14.0,"turns":5.0},{"damage":22.0,"enemies":"The Guardian","floor":16.0,"turns":11.0},{"damage":8.0,"enemies":"Shell Parasite","floor":18.0,"turns":4.0},{"damage":1.0,"enemies":"3 Byrds","floor":21.0,"turns":3.0},{"damage":6.0,"enemies":"Centurion and Healer","floor":22.0,"turns":8.0},{"damage":18.0,"enemies":"Shelled Parasite and Fungi","floor":24.0,"turns":5.0},{"damage":40.0,"enemies":"Book of Stabbing","floor":28.0,"turns":8.0},{"damage":8.0,"enemies":"Snake Plant","floor":29.0,"turns":4.0},{"damage":22.0,"enemies":"Snecko","floor":31.0,"turns":4.0},{"damage":1.0,"enemies":"Champ","floor":33.0,"turns":11.0},{"damage":0.0,"enemies":"3 Shapes","floor":35.0,"turns":3.0},{"damage":0.0,"enemies":"Mind Bloom Boss Battle","floor":37.0,"turns":3.0},{"damage":1.0,"enemies":"2 Orb Walkers","floor":39.0,"turns":3.0},{"damage":22.0,"enemies":"3 Darklings","floor":41.0,"turns":4.0},{"damage":0.0,"enemies":"Nemesis","floor":42.0,"turns":7.0},{"damage":35,"enemies":"Reptomancer","floor":48,"turns":7},{"damage":15,"enemies":"Time Eater","floor":50,"turns":7},{"damage":17,"enemies":"Donu and Deca","floor":51,"turns":7},{"damage":38,"enemies":"Shield and Spear","floor":55,"turns":5},{"damage":74,"enemies":"The Heart","floor":56,"turns":11}],"seed_played":"-5724686169984476275","potions_obtained":[{"floor":1.0,"key":"EssenceOfSteel"},{"floor":4.0,"key":"SpeedPotion"},{"floor":14.0,"key":"Ancient Potion"},{"floor":18.0,"key":"Explosive Potion"},{"floor":24.0,"key":"Energy Potion"},{"floor":28.0,"key":"EssenceOfSteel"},{"floor":29.0,"key":"Fruit Juice"},{"floor":31.0,"key":"Fire Potion"},{"floor":35.0,"key":"Block Potion"},{"floor":47.0,"key":"Fruit Juice"},{"floor":47.0,"key":"Block Potion"},{"floor":55,"key":"Block Potion"}],"is_trial":false,"path_per_floor":["M","?","M","M","$","R","M","R","T","E","?","R","M","M","R","B",null,"M","T","?","M","M","R","M","T","T","$","E","M","R","M","R","B",null,"M","$","?","?","?","R","M","E","T","R","$","R","?","E","R","B","B",null,"R","$","E","B",null],"character_chosen":"DEFECT","items_purchased":["Orichalcum","DataDisk","Tempest+1","Centennial Puzzle","Defragment"],"campfire_rested":4,"item_purchase_floors":[5,27,36,45,54],"current_hp_per_floor":[64,54,47,39,39,39,34,34,34,20,20,41,30,30,30,8,55,54,54,50,56,50,71,53,63,63,63,30,34,59,37,62,68,82,86,86,86,86,86,86,78,85,85,85,85,85,90,70,70,64,63,84,84,84,76,11],"gold":29,"neow_bonus":"HUNDRED_GOLD","is_prod":false,"is_daily":false,"chose_seed":false,"campfire_upgraded":3,"win_rate":0,"timestamp":1556611162,"path_taken":["M","?","?","M","$","R","M","R","T","E","?","R","M","M","R","BOSS","M","?","?","M","?","R","M","?","T","?","E","M","R","?","R","BOSS","M","$","?","?","?","R","M","E","T","R","?","R","?","E","R","BOSS","BOSS","R","$","E","BOSS"],"build_version":"2019-01-23","purchased_purges":3,"victory":true,"max_hp_per_floor":[71,71,71,71,71,71,71,71,71,71,71,71,71,71,71,71,71,71,71,71,71,71,71,71,81,81,81,81,86,86,86,86,86,86,86,86,86,86,86,86,86,86,86,86,86,86,91,91,91,91,91,91,91,91,105,105],"card_choices":[{"not_picked":["Tempest","Beam Cell"],"picked":"Ball Lightning","floor":1.0},{"not_picked":["Hello World","Compile Driver"],"picked":"Reinforced Body","floor":3.0},{"not_picked":["Hologram","Hello World"],"picked":"Consume","floor":4.0},{"not_picked":["Go for the Eyes","Darkness"],"picked":"Ball Lightning","floor":7.0},{"not_picked":["Tempest+1","Sweeping Beam"],"picked":"Undo+1","floor":10.0},{"not_picked":["Leap+1","Streamline"],"picked":"Self Repair","floor":13.0},{"not_picked":["Blizzard","Turbo+1"],"picked":"Recycle+1","floor":14.0},{"not_picked":["Multi-Cast+1","Echo Form"],"picked":"Rainbow+1","floor":16.0},{"not_picked":["Rip and Tear","FTL","Stack+1"],"picked":"SKIP","floor":18.0},{"not_picked":["Stack+1","Ball Lightning+1"],"picked":"Coolheaded+1","floor":21.0},{"not_picked":["Sunder","Tempest+1","Rip and Tear"],"picked":"SKIP","floor":22.0},{"not_picked":["Aggregate+1","Conserve Battery+1","Gash"],"picked":"SKIP","floor":24.0},{"not_picked":["Reprogram+1","Beam Cell"],"picked":"Thunder Strike","floor":28.0},{"not_picked":["Scrape","Recycle+1","Sweeping Beam"],"picked":"SKIP","floor":29.0},{"not_picked":["Stack+1","Aggregate+1","Gash"],"picked":"SKIP","floor":31.0},{"not_picked":["Multi-Cast+1","Fission+1"],"picked":"Biased Cognition","floor":33.0},{"not_picked":["Sweeping Beam+1","Compile Driver","Go for the Eyes"],"picked":"SKIP","floor":35.0},{"not_picked":["Coolheaded+1","Leap+1"],"picked":"Fission+1","floor":37.0},{"not_picked":["Reprogram+1","Storm+1"],"picked":"Skim+1","floor":39.0},{"not_picked":["Consume+1","Sweeping Beam","Force Field+1"],"picked":"SKIP","floor":41.0},{"not_picked":["Consume+1","Sweeping Beam","Force Field+1"],"picked":"SKIP","floor":41.0},{"not_picked":["Doom and Gloom","Sweeping Beam","Gash+1"],"picked":"SKIP","floor":42.0},{"not_picked":["Tempest+1","Compile Driver","Rip and Tear"],"picked":"SKIP","floor":48},{"not_picked":["Machine Learning","FTL+1"],"picked":"Hologram+1","floor":55}],"player_experience":4557133,"relics_obtained":[{"floor":9.0,"key":"Toxic Egg 2"},{"floor":19.0,"key":"Anchor"},{"floor":25.0,"key":"Pear"},{"floor":26.0,"key":"Bag of Preparation"},{"floor":28.0,"key":"Boot"},{"floor":37.0,"key":"Emotion Chip"},{"floor":39.0,"key":"Shovel"},{"floor":40.0,"key":"Omamori"},{"floor":42.0,"key":"Pen Nib"},{"floor":44.0,"key":"Blood Vial"},{"floor":46.0,"key":"Juzu Bracelet"},{"floor":48,"key":"Bag of Marbles"},{"floor":53,"key":"Gremlin Horn"},{"floor":55,"key":"Mango"}],"event_choices":[{"damage_healed":0.0,"max_hp_gain":0.0,"max_hp_loss":0.0,"gold_gain":0.0,"event_name":"Wheel of Change","player_choice":"Damaged","floor":2.0,"gold_loss":0.0,"damage_taken":10.0},{"cards_removed":["Strike_B"],"damage_healed":0.0,"max_hp_gain":0.0,"max_hp_loss":0.0,"gold_gain":0.0,"event_name":"Purifier","player_choice":"Purged","floor":11.0,"gold_loss":0.0,"damage_taken":0.0},{"damage_healed":0.0,"max_hp_gain":0.0,"max_hp_loss":0.0,"gold_gain":0.0,"event_name":"The Woman in Blue","player_choice":"Bought 0 Potions","floor":20.0,"gold_loss":0.0,"damage_taken":0.0},{"damage_healed":0.0,"max_hp_gain":0.0,"max_hp_loss":0.0,"gold_gain":0.0,"event_name":"MindBloom","player_choice":"Fight","floor":37.0,"gold_loss":0.0,"damage_taken":0.0},{"cards_removed":["Ball Lightning"],"damage_healed":0.0,"max_hp_gain":0.0,"max_hp_loss":0.0,"gold_gain":0.0,"event_name":"Falling","player_choice":"Removed Attack","floor":38.0,"gold_loss":0.0,"damage_taken":0.0},{"damage_healed":0.0,"max_hp_gain":0.0,"max_hp_loss":0.0,"gold_gain":0.0,"event_name":"Mysterious Sphere","player_choice":"Fight","floor":39.0,"gold_loss":0.0,"damage_taken":0.0},{"damage_healed":0.0,"max_hp_gain":0.0,"max_hp_loss":0.0,"gold_gain":0.0,"event_name":"Lab","player_choice":"Got Potions","floor":47.0,"gold_loss":0.0,"damage_taken":0.0}],"is_beta":false,"boss_relics":[{"not_picked":["Velvet Choker","Tiny House"],"picked":"Fusion Hammer"},{"not_picked":["Runic Dome","White Beast Statue"],"picked":"Astrolabe"}],"items_purged_floors":[27,36,45],"is_endless":false,"potions_floor_spawned":[1,4,14,18,24,28,29,31,35,48,55],"ascension_level":20}