{"gold_per_floor":[116,41,51,51,51,51,75,115,167,203,203],"floor_reached":11,"playtime":261,"items_purged":["Strike_B"],"score":142,"play_id":"02577a38-3cbb-4a1e-86b4-e94294744e5e","local_time":"20181119151339","is_ascension_mode":true,"campfire_choices":[{"data":"Chaos","floor":6,"key":"SMITH"}],"neow_cost":"TEN_PERCENT_HP_LOSS","seed_source_timestamp":1657329513600749,"circlet_count":0,"master_deck":["AscendersBane","Strike_B","Defend_B","Defend_B","Defend_B","Defend_B","Zap","Dualcast","Chaos+1","Ball Lightning","Turbo","Streamline","Echo Form"],"relics":["Cracked Core","Golden Idol","Bag of Preparation","Lantern","Odd Mushroom"],"potions_floor_usage":[],"damage_taken":[{"damage":1,"enemies":"Cultist","floor":1,"turns":4},{"damage":9,"enemies":"Jaw Worm","floor":3,"turns":4},{"damage":0,"enemies":"Small Slimes","floor":7,"turns":2},{"damage":27,"enemies":"3 Sentries","floor":8,"turns":8},{"damage":20,"enemies":"The Mushroom Lair","floor":10,"turns":3},{"damage":12,"enemies":"Exordium Wildlife","floor":11,"turns":1}],"seed_played":"6824404307191875800","potions_obtained":[{"floor":7,"key":"LiquidBronze"},{"floor":8,"key":"LiquidBronze"}],"is_trial":false,"path_per_floor":["M","$","M","?","?","R","M","E","T","?","M"],"character_chosen":"DEFECT","items_purchased":[],"campfire_rested":0,"item_purchase_floors":[],"current_hp_per_floor":[63,63,54,54,54,54,54,27,27,7,0],"gold":203,"neow_bonus":"TRANSFORM_TWO_CARDS","is_prod":false,"is_daily":false,"chose_seed":false,"campfire_upgraded":1,"win_rate":0,"timestamp":1542611619,"path_taken":["M","$","?","?","?","R","?","E","T","?","M"],"build_version":"2018-11-15","purchased_purges":1,"victory":false,"max_hp_per_floor":[64,64,64,58,58,58,58,58,58,58,58],"card_choices":[{"not_picked":["Sweeping Beam","Leap"],"picked":"Turbo","floor":1},{"not_picked":["Go for the Eyes","Recycle"],"picked":"Streamline","floor":3},{"not_picked":["Streamline","Compile Driver","Darkness"],"picked":"SKIP","floor":7},{"not_picked":["Machine Learning","Reinforced Body"],"picked":"Echo Form","floor":8}],"player_experience":550146,"relics_obtained":[{"floor":8,"key":"Bag of Preparation"},{"floor":9,"key":"Lantern"},{"floor":10,"key":"Odd Mushroom"}],"event_choices":[{"damage_healed":0,"gold_gain":0,"player_choice":"Lose Max HP","damage_taken":0,"relics_obtained":["Golden Idol"],"max_hp_gain":0,"max_hp_loss":6,"event_name":"Golden Idol","floor":4,"gold_loss":0},{"damage_healed":0,"gold_gain":0,"player_choice":"Leave","damage_taken":0,"max_hp_gain":0,"max_hp_loss":0,"event_name":"The Cleric","floor":5,"gold_loss":0},{"damage_healed":0,"gold_gain":0,"player_choice":"Fought Mushrooms","damage_taken":0,"max_hp_gain":0,"max_hp_loss":0,"event_name":"Mushrooms","floor":10,"gold_loss":0}],"is_beta":true,"boss_relics":[],"items_purged_floors":[2],"is_endless":false,"potions_floor_spawned":[7,8,10],"killed_by":"Exordium Wildlife","ascension_level":20}