{"gold_per_floor":[118,136,136,150,150,150,184,184,184,209,209,209],"floor_reached":12,"playtime":568,"items_purged":[],"score":129,"play_id":"dec4a872-14d6-4bd6-932e-21c93aa96603","local_time":"20190801085039","is_ascension_mode":true,"campfire_choices":[{"data":"Twin Strike","floor":6,"key":"SMITH"},{"data":"Pommel Strike","floor":8,"key":"SMITH"}],"neow_cost":"NONE","seed_source_timestamp":174869096818181,"circlet_count":0,"master_deck":["AscendersBane","Strike_R","Strike_R","Strike_R","Strike_R","Strike_R","Defend_R","Defend_R","Defend_R","Defend_R","Bash","Limit Break","Twin Strike+1","Feel No Pain","Pommel Strike+1","Shrug It Off"],"relics":["Burning Blood","Golden Idol","Ornamental Fan","Lantern","Peace Pipe"],"potions_floor_usage":[7],"damage_taken":[{"damage":14,"enemies":"Jaw Worm","floor":1,"turns":5},{"damage":8,"enemies":"Small Slimes","floor":2,"turns":3},{"damage":5,"enemies":"2 Louse","floor":4,"turns":3},{"damage":42,"enemies":"Lagavulin","floor":7,"turns":7},{"damage":6,"enemies":"Looter","floor":10,"turns":2},{"damage":9,"enemies":"Lots of Slimes","floor":12,"turns":3}],"seed_played":"8458422355378943141","potions_obtained":[{"floor":4,"key":"SkillPotion"}],"is_trial":false,"path_per_floor":["M","M","?","M","?","R","E","R","T","M","T","M"],"character_chosen":"IRONCLAD","items_purchased":[],"campfire_rested":0,"item_purchase_floors":[],"current_hp_per_floor":[64,62,42,43,43,43,7,7,7,7,7,0],"gold":209,"neow_bonus":"ONE_RANDOM_RARE_CARD","is_prod":false,"is_daily":false,"chose_seed":false,"campfire_upgraded":2,"win_rate":0,"timestamp":1564667439,"path_taken":["M","M","?","M","?","R","E","R","T","M","?","M"],"build_version":"2019-07-17","purchased_purges":0,"victory":false,"max_hp_per_floor":[80,80,80,80,80,80,80,80,80,80,80,80],"card_choices":[{"not_picked":["Clash","Dual Wield"],"picked":"Twin Strike","floor":1},{"not_picked":["Power Through","Armaments"],"picked":"Feel No Pain","floor":2},{"not_picked":["Body Slam","Perfected Strike"],"picked":"Pommel Strike","floor":4},{"not_picked":["Warcry","Wild Strike"],"picked":"Shrug It Off","floor":7},{"not_picked":["Intimidate","Clothesline","Evolve"],"picked":"SKIP","floor":10}],"player_experience":411155,"relics_obtained":[{"floor":7,"key":"Ornamental Fan"},{"floor":9,"key":"Lantern"},{"floor":11,"key":"Peace Pipe"}],"event_choices":[{"damage_healed":0,"gold_gain":0,"player_choice":"Take Damage","damage_taken":20,"relics_obtained":["Golden Idol"],"max_hp_gain":0,"max_hp_loss":0,"event_name":"Golden Idol","floor":3,"gold_loss":0},{"damage_healed":0,"gold_gain":0,"player_choice":"Ignored","damage_taken":0,"max_hp_gain":0,"max_hp_loss":0,"event_name":"Liars Game","floor":5,"gold_loss":0}],"is_beta":false,"boss_relics":[],"items_purged_floors":[],"is_endless":false,"potions_floor_spawned":[4],"killed_by":"Lots of Slimes","ascension_level":13}