{"gold_per_floor":[114,124,136,148,161,161,13,13,13,41,59,71,71,71,71,201,201,192,208,70,88,113,113,128,141,212,212,231,25,25,39,39,170,170,190,208,208,58,6,6,37,37,112,133,158,158,171,171,171,171],"floor_reached":51,"playtime":2513,"items_purged":["Defend_G","Strike_G","Defend_G","Pain"],"score":735,"play_id":"76e557c2-6830-43b5-abee-56706d753893","local_time":"20181020214815","is_ascension_mode":false,"campfire_choices":[{"data":"Neutralize","floor":6.0,"key":"SMITH"},{"data":"Noxious Fumes","floor":13,"key":"SMITH"},{"data":"Leg Sweep","floor":15,"key":"SMITH"},{"floor":23,"key":"REST"},{"floor":32,"key":"REST"}],"neow_cost":"NONE","seed_source_timestamp":39399757020010,"circlet_count":0,"master_deck":["Defend_G","Defend_G","Strike_G","Survivor","Neutralize+1","Backflip","All Out Attack","Bouncing Flask","Leg Sweep+1","Noxious Fumes+1","Escape Plan","Deadly Poison","Burst","PiercingWail+1","Well Laid Plans","Footwork","Leg Sweep","Cloak And Dagger+1","Slice","Crippling Poison","Tools of the Trade","After Image","Storm of Steel","Footwork+1","PiercingWail","Bouncing Flask+1","Footwork+1","PiercingWail+1","Well Laid Plans+1"],"special_seed":0,"relics":["Ring of the Snake","Vajra","Golden Idol","Fusion Hammer","Letter Opener","Coffee Dripper","WarpedTongs","Ice Cream","Matryoshka","Bag of Marbles","Molten Egg 2"],"potions_floor_usage":[10,41,50,50],"damage_taken":[{"damage":0.0,"enemies":"Small Slimes","floor":1.0,"turns":5.0},{"damage":1.0,"enemies":"Cultist","floor":2.0,"turns":6.0},{"damage":0.0,"enemies":"2 Louse","floor":3.0,"turns":3.0},{"damage":14.0,"enemies":"Exordium Wildlife","floor":4.0,"turns":14.0},{"damage":1.0,"enemies":"2 Fungi Beasts","floor":5.0,"turns":6.0},{"damage":11,"enemies":"3 Sentries","floor":10,"turns":7},{"damage":3,"enemies":"Exordium Thugs","floor":11,"turns":4},{"damage":0,"enemies":"Blue Slaver","floor":12,"turns":5},{"damage":36,"enemies":"Slime Boss","floor":16,"turns":11},{"damage":7,"enemies":"2 Thieves","floor":18,"turns":4},{"damage":0,"enemies":"Chosen","floor":19,"turns":5},{"damage":8,"enemies":"Centurion and Healer","floor":21,"turns":8},{"damage":6,"enemies":"Snecko","floor":22,"turns":5},{"damage":0,"enemies":"Snake Plant","floor":24,"turns":4},{"damage":0,"enemies":"Chosen and Byrds","floor":25,"turns":8},{"damage":4,"enemies":"Shelled Parasite and Fungi","floor":28,"turns":6},{"damage":9,"enemies":"Centurion and Healer","floor":31,"turns":5},{"damage":0,"enemies":"Automaton","floor":33,"turns":9},{"damage":12,"enemies":"3 Darklings","floor":35,"turns":4},{"damage":0,"enemies":"3 Shapes","floor":36,"turns":5},{"damage":11,"enemies":"Reptomancer","floor":41,"turns":7},{"damage":0,"enemies":"Transient","floor":44,"turns":5},{"damage":0,"enemies":"Maw","floor":45,"turns":7},{"damage":4,"enemies":"Sphere and 2 Shapes","floor":47,"turns":4},{"damage":12,"enemies":"Donu and Deca","floor":50,"turns":8}],"seed_played":"7771970602278988974","potions_obtained":[{"floor":2.0,"key":"SkillPotion"},{"floor":11,"key":"LiquidBronze"},{"floor":12,"key":"Explosive Potion"},{"floor":16,"key":"Dexterity Potion"},{"floor":21,"key":"Ancient Potion"},{"floor":44,"key":"AttackPotion"}],"is_trial":false,"path_per_floor":["M","M","M","M","M","R","$","?","T","E","M","M","R","?","R","B",null,"M","M","$","M","M","R","M","M","T","?","M","$","$","M","R","B",null,"M","M","?","$","?","R","E","R","T","M","M","?","M","?","R","B"],"character_chosen":"THE_SILENT","items_purchased":["Bouncing Flask","Footwork","Tools of the Trade"],"campfire_rested":2,"item_purchase_floors":[7,20,29],"current_hp_per_floor":[70,69,69,55,54,54,54,54,54,43,40,40,40,40,40,4,65,58,58,58,50,44,63,63,63,63,63,59,59,59,50,65,65,65,53,53,53,53,53,53,42,42,42,42,42,57,53,53,53,41],"gold":171,"neow_bonus":"REMOVE_CARD","is_prod":false,"is_daily":false,"chose_seed":false,"campfire_upgraded":3,"win_rate":0,"timestamp":1540043295,"path_taken":["M","M","M","M","M","R","$","?","T","E","M","M","R","?","R","BOSS","M","M","$","M","M","R","M","M","T","?","M","?","$","M","R","BOSS","M","M","?","$","?","R","E","R","T","?","M","?","M","?","R","BOSS"],"build_version":"2018-10-18","purchased_purges":4,"victory":true,"max_hp_per_floor":[70,70,70,70,70,70,70,70,70,70,70,70,70,65,65,65,65,65,65,65,65,65,65,65,65,65,65,65,65,65,65,65,65,65,65,65,65,65,65,65,65,65,65,65,65,57,57,57,57,57],"card_choices":[{"not_picked":["Deflect","Prepared","Dagger Spray"],"picked":"SKIP","floor":1.0},{"not_picked":["Quick Slash","Eviscerate","Deflect"],"picked":"SKIP","floor":2.0},{"not_picked":["Prepared","Flying Knee"],"picked":"Backflip","floor":3.0},{"not_picked":["Outmaneuver","Terror","PiercingWail"],"picked":"SKIP","floor":4.0},{"not_picked":["Setup","Blade Dance"],"picked":"All Out Attack","floor":5.0},{"not_picked":["Backflip","Underhanded Strike"],"picked":"Noxious Fumes","floor":10},{"not_picked":["Outmaneuver","PiercingWail"],"picked":"Escape Plan","floor":11},{"not_picked":["Unload","Poisoned Stab"],"picked":"Deadly Poison","floor":12},{"not_picked":["Bullet Time","After Image"],"picked":"Burst","floor":16},{"not_picked":["Crippling Poison","Infinite Blades+1"],"picked":"PiercingWail+1","floor":18},{"not_picked":["Underhanded Strike","Dagger Spray"],"picked":"Well Laid Plans","floor":19},{"not_picked":["Reflex","Skewer+1","Deadly Poison"],"picked":"SKIP","floor":21},{"not_picked":["PiercingWail+1","Backflip"],"picked":"Leg Sweep","floor":22},{"not_picked":["Skewer","Quick Slash+1","Tactician"],"picked":"SKIP","floor":24},{"not_picked":["Flying Knee","Slice"],"picked":"Cloak And Dagger+1","floor":25},{"not_picked":["Blur","Caltrops","Sucker Punch"],"picked":"SKIP","floor":28},{"not_picked":["Endless Agony","Backflip"],"picked":"After Image","floor":31},{"not_picked":["Phantasmal Killer","A Thousand Cuts"],"picked":"Storm of Steel","floor":33},{"not_picked":["Deflect+1","Leg Sweep"],"picked":"Footwork+1","floor":35},{"not_picked":["Cloak And Dagger","PiercingWail","Dash"],"picked":"SKIP","floor":36},{"not_picked":["Cloak And Dagger","Dash"],"picked":"PiercingWail","floor":36},{"not_picked":["Distraction","Blur"],"picked":"Bouncing Flask+1","floor":41},{"not_picked":["Dodge and Roll","Outmaneuver+1"],"picked":"Footwork+1","floor":44},{"not_picked":["Outmaneuver","Acrobatics"],"picked":"PiercingWail+1","floor":45},{"not_picked":["Concentrate+1","Leg Sweep+1"],"picked":"Well Laid Plans+1","floor":47}],"player_experience":421329,"relics_obtained":[{"floor":10,"key":"Vajra"},{"floor":26,"key":"Letter Opener"},{"floor":41,"key":"Matryoshka"},{"floor":43,"key":"Bag of Marbles"},{"floor":43,"key":"Molten Egg 2"}],"event_choices":[{"damage_healed":0,"gold_gain":0,"cards_transformed":["Strike_G"],"player_choice":"Transformed","damage_taken":0,"max_hp_gain":0,"max_hp_loss":0,"event_name":"Transmorgrifier","floor":8,"gold_loss":0,"cards_obtained":["Leg Sweep"]},{"damage_healed":0,"gold_gain":0,"player_choice":"Lose Max HP","damage_taken":0,"relics_obtained":["Golden Idol"],"max_hp_gain":0,"max_hp_loss":5,"event_name":"Golden Idol","floor":14,"gold_loss":0},{"damage_healed":0,"gold_gain":0,"cards_transformed":["Strike_G","Defend_G"],"player_choice":"Became Test Subject","damage_taken":0,"max_hp_gain":0,"max_hp_loss":0,"event_name":"Drug Dealer","floor":27,"gold_loss":0,"cards_obtained":["Slice","Crippling Poison"]},{"damage_healed":0,"gold_gain":0,"player_choice":"Rummage","damage_taken":0,"relics_obtained":["WarpedTongs"],"max_hp_gain":0,"max_hp_loss":0,"event_name":"Accursed Blacksmith","floor":37,"gold_loss":0,"cards_obtained":["Pain"]},{"damage_healed":0,"gold_gain":0,"player_choice":"Paid Gold","damage_taken":0,"relics_obtained":["Ice Cream"],"max_hp_gain":0,"max_hp_loss":0,"event_name":"WeMeetAgain","floor":39,"gold_loss":52},{"damage_healed":57,"gold_gain":0,"player_choice":"Heal","damage_taken":0,"max_hp_gain":0,"max_hp_loss":8,"event_name":"The Moai Head","floor":46,"gold_loss":0},{"damage_healed":0,"gold_gain":0,"player_choice":"Ignored","damage_taken":0,"max_hp_gain":0,"max_hp_loss":0,"event_name":"Mysterious Sphere","floor":48,"gold_loss":0}],"is_beta":false,"boss_relics":[{"not_picked":["HoveringKite","Eternal Feather"],"picked":"Fusion Hammer"},{"not_picked":["Ring of the Serpent","Lizard Tail"],"picked":"Coffee Dripper"}],"items_purged_floors":[7,20,29,38],"is_endless":false,"potions_floor_spawned":[2,11,12,16,21,22,24,31,33,44,47],"ascension_level":0}