{"gold_per_floor":[116,134,149,164,183,183,116,142,142,142,173,185,32,58,58,132,132,150,65,76,76,91,91,0,27,27,53,64,64,64,64,64,143,143,161,172,172,172,184,213,213,245,282,67,93,144,162,175,175,175],"floor_reached":51,"playtime":3715,"items_purged":["Strike_G","Prepared"],"score":1968,"play_id":"b73d6d14-3308-4569-9957-9ec0949b6236","local_time":"20180724003843","is_ascension_mode":true,"campfire_choices":[{"data":"Footwork","floor":6.0,"key":"SMITH"},{"data":"After Image","floor":10.0,"key":"SMITH"},{"data":"Noxious Fumes","floor":15.0,"key":"SMITH"},{"data":"Leg Sweep","floor":23.0,"key":"SMITH"},{"data":"Noxious Fumes","floor":32.0,"key":"SMITH"},{"data":"Sucker Punch","floor":49,"key":"SMITH"}],"neow_cost":"","seed_source_timestamp":0,"circlet_count":0,"master_deck":["Defend_G","Defend_G","Defend_G","Defend_G","Defend_G","Survivor","Neutralize","AscendersBane","Sucker Punch+1","Footwork+1","Escape Plan","Noxious Fumes+1","After Image+1","Backflip","Adrenaline","Leg Sweep+1","Well Laid Plans","Escape Plan","Tools of the Trade","Prepared+1","Noxious Fumes+1","Bite","Bite","Bite","Bite","Bite","Die Die Die","Deep Breath+1","Madness+1","Impatience+1","Madness+1","Madness+1","Noxious Fumes","Acrobatics+1"],"special_seed":0,"relics":["Ring of the Snake","Odd Mushroom","Matryoshka","Juzu Bracelet","Ice Cream","Coffee Dripper","Omamori","Art of War","Paper Crane","Mercury Hourglass","Toxic Egg 2","Cursed Key","Boot","Gambling Chip","MawBank","Anchor","Regal Pillow","Blue Candle","Nunchaku"],"potions_floor_usage":[45,50,50],"damage_taken":[{"damage":2.0,"enemies":"Jaw Worm","floor":1.0,"turns":7.0},{"damage":4.0,"enemies":"Small Slimes","floor":2.0,"turns":4.0},{"damage":0.0,"enemies":"2 Louse","floor":3.0,"turns":4.0},{"damage":2.0,"enemies":"Blue Slaver","floor":4.0,"turns":6.0},{"damage":2.0,"enemies":"Large Slime","floor":5.0,"turns":7.0},{"damage":2.0,"floor":8.0,"turns":6.0},{"damage":4.0,"enemies":"3 Sentries","floor":11.0,"turns":10.0},{"damage":0.0,"enemies":"Looter","floor":12.0,"turns":5.0},{"damage":0.0,"enemies":"Lagavulin","floor":14.0,"turns":11.0},{"damage":13.0,"enemies":"Hexaghost","floor":16.0,"turns":15.0},{"damage":0.0,"enemies":"Chosen","floor":18.0,"turns":6.0},{"damage":0.0,"enemies":"3 Byrds","floor":20.0,"turns":5.0},{"damage":0.0,"enemies":"Centurion and Healer","floor":22.0,"turns":9.0},{"damage":7.0,"enemies":"Slavers","floor":25.0,"turns":8.0},{"damage":0.0,"enemies":"Book of Stabbing","floor":27.0,"turns":8.0},{"damage":0.0,"enemies":"3 Cultists","floor":28.0,"turns":5.0},{"damage":0.0,"enemies":"Collector","floor":33.0,"turns":9.0},{"damage":5.0,"enemies":"3 Shapes","floor":35.0,"turns":5.0},{"damage":5.0,"enemies":"Orb Walker","floor":36.0,"turns":4.0},{"damage":10.0,"enemies":"4 Shapes","floor":39.0,"turns":4.0},{"damage":12.0,"enemies":"Nemesis","floor":40.0,"turns":9.0},{"damage":0.0,"floor":41.0,"turns":8.0},{"damage":0.0,"enemies":"Giant Head","floor":42.0,"turns":11.0},{"damage":3,"enemies":"Nemesis","floor":45,"turns":9},{"damage":0,"floor":46,"turns":4},{"damage":8,"enemies":"Transient","floor":47,"turns":5},{"damage":0,"enemies":"Flame Bruiser 2 Orb","floor":48,"turns":5},{"damage":27,"enemies":"Time Eater","floor":50,"turns":17}],"seed_played":"-6951538988982363730","potions_obtained":[{"floor":1.0,"key":"Swift Potion"},{"floor":4.0,"key":"GhostInAJar"},{"floor":12.0,"key":"Regen Potion"},{"floor":20.0,"key":"GamblersBrew"},{"floor":27.0,"key":"Block Potion"},{"floor":33.0,"key":"Poison Potion"},{"floor":42.0,"key":"PowerPotion"},{"floor":48,"key":"GhostInAJar"}],"is_trial":false,"path_per_floor":["M","M","M","M","M","R","?","?","T","R","E","M","$","E","R","B",null,"M","?","M","?","M","R","?","E","T","E","M","?","?","?","R","B",null,"M","M","?","?","M","E","?","E","T","$","E","?","M","M","R","B"],"character_chosen":"THE_SILENT","items_purchased":["Well Laid Plans","Noxious Fumes","Block Potion"],"campfire_rested":0,"item_purchase_floors":[13,44,44],"current_hp_per_floor":[57,53,53,51,49,49,49,47,47,47,43,43,43,58,58,45,61,61,61,63,63,65,65,65,59,59,61,63,63,63,45,45,71,71,71,71,61,48,48,71,71,71,71,71,68,71,65,71,71,71],"gold":175,"neow_bonus":"","is_prod":false,"is_daily":false,"chose_seed":false,"campfire_upgraded":6,"win_rate":0,"timestamp":1532363923,"path_taken":["M","M","M","M","M","R","?","?","T","R","E","M","$","E","R","BOSS","M","?","M","?","M","R","?","E","T","E","M","?","?","?","R","BOSS","M","M","?","?","M","E","?","E","T","?","E","?","M","M","R","BOSS"],"build_version":"2018-07-19","purchased_purges":2,"victory":true,"max_hp_per_floor":[66,66,66,66,66,66,66,66,66,66,66,66,66,66,66,66,66,66,66,66,66,66,66,66,66,66,66,66,66,66,71,71,71,71,71,71,71,71,71,71,71,71,71,71,71,71,71,71,71,71],"card_choices":[{"not_picked":["Calculated Gamble","Quick Slash"],"picked":"Sucker Punch","floor":1.0},{"not_picked":["Prepared","Underhanded Strike"],"picked":"Footwork","floor":2.0},{"not_picked":["Slice","Outmaneuver"],"picked":"Escape Plan","floor":3.0},{"not_picked":["Blade Dance","Cloak And Dagger"],"picked":"Noxious Fumes","floor":4.0},{"not_picked":["Blur","Slice"],"picked":"After Image","floor":5.0},{"not_picked":["Poisoned Stab","Dodge and Roll"],"picked":"Backflip","floor":8.0},{"not_picked":["Heel Hook","Dash"],"picked":"Adrenaline","floor":11.0},{"not_picked":["Deflect","Bane"],"picked":"Leg Sweep","floor":12.0},{"not_picked":["Bane","Finisher"],"picked":"Escape Plan","floor":14.0},{"not_picked":["Grand Finale","Unload"],"picked":"Tools of the Trade","floor":16.0},{"not_picked":["Backflip","Bouncing Flask"],"picked":"Prepared","floor":18.0},{"not_picked":["Poisoned Stab","Backflip"],"picked":"Prepared+1","floor":20.0},{"not_picked":["Backflip","PiercingWail","Dagger Throw"],"picked":"SKIP","floor":22.0},{"not_picked":["Endless Agony","Dagger Throw","Backflip"],"picked":"SKIP","floor":25.0},{"not_picked":["Slice","Acrobatics+1"],"picked":"Noxious Fumes","floor":27.0},{"not_picked":["Leg Sweep","Sucker Punch","Night Terror"],"picked":"SKIP","floor":28.0},{"not_picked":["After Image","Unload"],"picked":"Die Die Die","floor":33.0},{"not_picked":["Bane","Quick Slash","Prepared+1"],"picked":"SKIP","floor":35.0},{"not_picked":["Crippling Poison+1","Flying Knee","Escape Plan+1"],"picked":"SKIP","floor":36.0},{"not_picked":["Swift Strike","Forethought+1"],"picked":"Deep Breath+1","floor":37.0},{"not_picked":["Forethought+1","Dramatic Entrance"],"picked":"Madness+1","floor":37.0},{"not_picked":["Secret Weapon+1","Mind Blast"],"picked":"Impatience+1","floor":37.0},{"not_picked":["Well Laid Plans","Accuracy","Bane"],"picked":"SKIP","floor":39.0},{"not_picked":["Well Laid Plans","Accuracy","Bane"],"picked":"SKIP","floor":39.0},{"not_picked":["PiercingWail+1","Quick Slash","Bouncing Flask+1"],"picked":"SKIP","floor":40.0},{"not_picked":["Sucker Punch+1","Underhanded Strike+1","Dagger Throw"],"picked":"SKIP","floor":42.0},{"not_picked":["Backstab","Night Terror+1"],"picked":"Acrobatics+1","floor":45},{"not_picked":["Outmaneuver+1","Blade Dance+1","Flechettes+1"],"picked":"SKIP","floor":47},{"not_picked":["Backflip+1","Cloak And Dagger+1","Underhanded Strike+1"],"picked":"SKIP","floor":48}],"player_experience":781102,"relics_obtained":[{"floor":8.0,"key":"Odd Mushroom"},{"floor":9.0,"key":"Matryoshka"},{"floor":11.0,"key":"Juzu Bracelet"},{"floor":14.0,"key":"Ice Cream"},{"floor":25.0,"key":"Omamori"},{"floor":26.0,"key":"Art of War"},{"floor":26.0,"key":"Paper Crane"},{"floor":27.0,"key":"Mercury Hourglass"},{"floor":40.0,"key":"Boot"},{"floor":41.0,"key":"Gambling Chip"},{"floor":42.0,"key":"MawBank"},{"floor":43.0,"key":"Anchor"},{"floor":43.0,"key":"Regal Pillow"},{"floor":45,"key":"Blue Candle"},{"floor":46,"key":"Nunchaku"}],"event_choices":[{"event_name":"World of Goop","player_choice":"Left","floor":7.0,"damage_taken":0.0},{"event_name":"Mushrooms","player_choice":"Fought Mushrooms","floor":8.0,"damage_taken":0.0},{"event_name":"Addict","player_choice":"Obtained Relic","floor":19.0,"damage_taken":0.0},{"event_name":"Ghosts","player_choice":"Ignored","floor":21.0,"damage_taken":0.0},{"event_name":"Masked Bandits","player_choice":"Paid Bandits 91 gold","floor":24.0,"damage_taken":0.0},{"event_name":"The Mausoleum","player_choice":"Yes","floor":29.0,"damage_taken":0.0},{"event_name":"Vampires","player_choice":"Became a vampire (Vial)","floor":30.0,"damage_taken":0.0},{"event_name":"Forgotten Altar","player_choice":"Shed Blood","floor":31.0,"damage_taken":0.0},{"event_name":"SensoryStone","player_choice":"Memory 3","floor":37.0,"damage_taken":0.0},{"event_name":"Winding Halls","player_choice":"Embrace Madness","floor":38.0,"damage_taken":0.0},{"event_name":"MindBloom","player_choice":"Fight","floor":41.0,"damage_taken":0.0},{"event_name":"Mysterious Sphere","player_choice":"Fight","floor":46,"damage_taken":0}],"is_beta":true,"boss_relics":[{"not_picked":["Velvet Choker","White Beast Statue"],"picked":"Coffee Dripper"},{"not_picked":["Orrery","Lizard Tail"],"picked":"Cursed Key"}],"items_purged_floors":[13,44],"is_endless":false,"potions_floor_spawned":[1,4,5,12,20,27,33,35,39,42,48],"ascension_level":15}