{"gold_per_floor":[111,36,48,48,63,104,104,117,117,17,17,17,37,55,55,55],"floor_reached":16,"playtime":560,"items_purged":["Strike_R","Strike_R"],"score":204,"play_id":"5e39a724-8b75-4f33-b295-ee1887375cfb","local_time":"20190103183252","is_ascension_mode":true,"campfire_choices":[{"data":"Demon Form","floor":7.0,"key":"SMITH"},{"data":"True Grit","floor":11.0,"key":"SMITH"},{"data":"Armaments","floor":15,"key":"SMITH"}],"neow_cost":"NONE","seed_source_timestamp":23352004570740,"circlet_count":0,"master_deck":["AscendersBane","Strike_R","Strike_R","Strike_R","Defend_R","Defend_R","Defend_R","Defend_R","Bash","Demon Form+1","Disarm","Bloodletting","Fiend Fire","True Grit+1","Armaments+1","Disarm"],"special_seed":0,"relics":["Burning Blood","Golden Idol","Blood Vial","Sundial","Pantograph"],"potions_floor_usage":[16],"damage_taken":[{"damage":4.0,"enemies":"2 Louse","floor":1.0,"turns":4.0},{"damage":10.0,"enemies":"Jaw Worm","floor":3.0,"turns":9.0},{"damage":5.0,"enemies":"Small Slimes","floor":5.0,"turns":3.0},{"damage":37.0,"enemies":"Lagavulin","floor":6.0,"turns":8.0},{"damage":11.0,"enemies":"Looter","floor":8.0,"turns":5.0},{"damage":38.0,"enemies":"Gremlin Gang","floor":13.0,"turns":6.0},{"damage":9.0,"enemies":"3 Louse","floor":14.0,"turns":6.0},{"damage":24,"enemies":"Slime Boss","floor":16,"turns":8}],"seed_played":"3573210022073980672","potions_obtained":[{"floor":1.0,"key":"Regen Potion"},{"floor":3.0,"key":"GamblersBrew"},{"floor":8.0,"key":"Swift Potion"},{"floor":13.0,"key":"LiquidBronze"}],"is_trial":false,"path_per_floor":["M","$","M","?","M","E","R","M","T","$","R","?","M","M","R","B"],"character_chosen":"IRONCLAD","items_purchased":[],"campfire_rested":0,"item_purchase_floors":[],"current_hp_per_floor":[70,70,66,66,67,36,36,33,33,33,33,28,13,12,12,15],"gold":55,"neow_bonus":"ONE_RANDOM_RARE_CARD","is_prod":false,"is_daily":false,"chose_seed":false,"campfire_upgraded":3,"win_rate":0,"timestamp":1546511572,"path_taken":["M","$","M","?","M","E","R","M","T","$","R","?","M","M","R","BOSS"],"build_version":"2018-12-20","purchased_purges":2,"victory":false,"max_hp_per_floor":[75,75,75,68,68,68,68,68,68,68,68,68,68,68,68,68],"card_choices":[{"not_picked":["Perfected Strike","Havoc"],"picked":"Disarm","floor":1.0},{"not_picked":["Heavy Blade","Feel No Pain"],"picked":"Bloodletting","floor":3.0},{"not_picked":["Body Slam","Twin Strike","Wild Strike"],"picked":"SKIP","floor":5.0},{"not_picked":["Reckless Charge","Pommel Strike"],"picked":"Fiend Fire","floor":6.0},{"not_picked":["Headbutt","Warcry"],"picked":"True Grit","floor":8.0},{"not_picked":["Heavy Blade","Flex"],"picked":"Armaments","floor":13.0},{"not_picked":["Combust","Perfected Strike"],"picked":"Disarm","floor":14.0}],"player_experience":1699379,"relics_obtained":[{"floor":6.0,"key":"Blood Vial"},{"floor":9.0,"key":"Sundial"}],"event_choices":[{"damage_healed":0.0,"max_hp_gain":0.0,"max_hp_loss":7.0,"gold_gain":0.0,"event_name":"Golden Idol","player_choice":"Lose Max HP","floor":4.0,"gold_loss":0.0,"damage_taken":0.0,"relics_obtained":["Golden Idol"]},{"damage_healed":0.0,"max_hp_gain":0.0,"max_hp_loss":0.0,"gold_gain":0.0,"event_name":"Scrap Ooze","player_choice":"Success","floor":12.0,"gold_loss":0.0,"damage_taken":5.0,"relics_obtained":["Pantograph"]}],"is_beta":false,"boss_relics":[],"items_purged_floors":[2,10],"is_endless":false,"potions_floor_spawned":[1,3,8,13],"killed_by":"Slime Boss","ascension_level":20}