{"gold_per_floor":[16,16,34,52,52,52,68,68,68,87,87,105,105,30,30,126,126,126,225,150,54,54,54,74,74,124,124,124,24,35,54,54,151,151,171,171,46,58,69,69,0,0,0,11,11,26,126,126,126,126],"floor_reached":51,"playtime":2727,"items_purged":["Strike_G","Strike_G","Defend_G"],"score":685,"play_id":"dad31b86-863e-4908-b80b-fc8189857812","local_time":"20181030134159","is_ascension_mode":false,"campfire_choices":[{"data":"Poisoned Stab","floor":6.0,"key":"SMITH"},{"data":"Neutralize","floor":8.0,"key":"SMITH"},{"data":"Leg Sweep","floor":11.0,"key":"SMITH"},{"data":"Survivor","floor":13.0,"key":"SMITH"},{"data":"Heel Hook","floor":15.0,"key":"SMITH"},{"data":"Purity","floor":23,"key":"SMITH"},{"data":"Heel Hook","floor":25,"key":"SMITH"},{"data":"Malaise","floor":27,"key":"SMITH"},{"data":"Adrenaline","floor":32,"key":"SMITH"},{"data":"Adrenaline","floor":40,"key":"SMITH"},{"data":"Defend_G","floor":42,"key":"SMITH"},{"floor":49,"key":"REST"}],"neow_cost":"NO_GOLD","seed_source_timestamp":11111804250214,"circlet_count":0,"master_deck":["Defend_G+1","Survivor+1","Neutralize+1","Poisoned Stab+1","Leg Sweep+1","Heel Hook+1","Heel Hook+1","Malaise+1","Die Die Die+1","A Thousand Cuts+1","Purity+1","Adrenaline+1","Adrenaline+1","Adrenaline+1"],"special_seed":0,"relics":["Ring of the Snake","Pen Nib","Blue Candle","Astrolabe","Juzu Bracelet","Sozu","Red Mask","Anchor"],"potions_floor_usage":[],"damage_taken":[{"damage":0.0,"enemies":"Jaw Worm","floor":1.0,"turns":4.0},{"damage":0.0,"enemies":"2 Louse","floor":3.0,"turns":3.0},{"damage":0.0,"enemies":"Cultist","floor":4.0,"turns":5.0},{"damage":0.0,"enemies":"Blue Slaver","floor":7.0,"turns":4.0},{"damage":0.0,"enemies":"Looter","floor":10.0,"turns":4.0},{"damage":0.0,"enemies":"2 Fungi Beasts","floor":12.0,"turns":2.0},{"damage":34.0,"enemies":"Hexaghost","floor":16.0,"turns":10.0},{"damage":0.0,"enemies":"Spheric Guardian","floor":18.0,"turns":3.0},{"damage":0,"enemies":"3 Byrds","floor":24,"turns":3},{"damage":0,"enemies":"3 Cultists","floor":30,"turns":4},{"damage":9,"enemies":"Snecko","floor":31,"turns":5},{"damage":12,"enemies":"Champ","floor":33,"turns":3},{"damage":0,"enemies":"3 Shapes","floor":35,"turns":5},{"damage":0,"enemies":"3 Darklings","floor":38,"turns":2},{"damage":0,"enemies":"4 Shapes","floor":39,"turns":1},{"damage":0,"enemies":"Jaw Worm Horde","floor":44,"turns":2},{"damage":0,"enemies":"Writhing Mass","floor":46,"turns":1},{"damage":0,"enemies":"Mind Bloom Boss Battle","floor":47,"turns":1},{"damage":0,"enemies":"Awakened One","floor":50,"turns":2}],"seed_played":"-3406249640101332783","potions_obtained":[{"floor":4.0,"key":"AttackPotion"},{"floor":10.0,"key":"GhostInAJar"},{"floor":16.0,"key":"SmokeBomb"},{"floor":30,"key":"Fire Potion"},{"floor":31,"key":"EssenceOfSteel"}],"is_trial":false,"path_per_floor":["M","?","M","M","?","R","M","R","T","M","R","M","R","$","R","B",null,"M","?","?","$","?","R","M","R","T","R","$","$","M","M","R","B",null,"M","?","$","M","M","R","?","R","T","M","?","M","?","?","R","B"],"character_chosen":"THE_SILENT","items_purchased":["Purity"],"campfire_rested":1,"item_purchase_floors":[21],"current_hp_per_floor":[70,75,75,75,68,68,68,68,68,68,68,68,68,68,68,34,75,75,75,75,75,75,75,75,75,75,75,75,75,75,66,66,54,75,75,75,75,75,75,75,75,75,75,75,75,75,75,75,75,75],"gold":126,"neow_bonus":"REMOVE_TWO","is_prod":false,"is_daily":false,"chose_seed":false,"campfire_upgraded":11,"win_rate":0,"timestamp":1540878119,"path_taken":["M","?","M","M","?","R","M","R","T","M","R","M","R","$","R","BOSS","M","?","?","$","?","R","?","R","T","R","?","$","M","M","R","BOSS","M","?","$","M","M","R","?","R","T","M","?","M","?","?","R","BOSS"],"build_version":"2018-10-25v2","purchased_purges":3,"victory":true,"max_hp_per_floor":[70,75,75,75,75,75,75,75,75,75,75,75,75,75,75,75,75,75,75,75,75,75,75,75,75,75,75,75,75,75,75,75,75,75,75,75,75,75,75,75,75,75,75,75,75,75,75,75,75,75],"card_choices":[{"not_picked":["PiercingWail","Prepared"],"picked":"Poisoned Stab","floor":1.0},{"not_picked":["Prepared","Backflip"],"picked":"Leg Sweep","floor":3.0},{"not_picked":["Outmaneuver","Sucker Punch"],"picked":"Heel Hook","floor":4.0},{"not_picked":["Accuracy","Predator"],"picked":"Heel Hook","floor":7.0},{"not_picked":["Calculated Gamble","Skewer","Deflect"],"picked":"SKIP","floor":10.0},{"not_picked":["Riddle With Holes","PiercingWail","Calculated Gamble"],"picked":"SKIP","floor":12.0},{"not_picked":["Bullet Time","Doppelganger"],"picked":"Malaise","floor":16.0},{"not_picked":["Heel Hook","Deflect","Reflex"],"picked":"SKIP","floor":24},{"not_picked":["Prepared+1","Slice+1","All Out Attack"],"picked":"SKIP","floor":30},{"not_picked":["Prepared+1","Slice+1","All Out Attack"],"picked":"SKIP","floor":30},{"not_picked":["Distraction","Cloak And Dagger"],"picked":"Adrenaline","floor":31},{"not_picked":["Phantasmal Killer","A Thousand Cuts"],"picked":"Adrenaline","floor":33},{"not_picked":["Flying Knee+1","Accuracy+1","Expertise+1"],"picked":"SKIP","floor":35},{"not_picked":["Dagger Spray+1","Flying Knee","Poisoned Stab+1"],"picked":"SKIP","floor":38},{"not_picked":["Flying Knee+1","Deadly Poison+1"],"picked":"Adrenaline","floor":39},{"not_picked":["Dodge and Roll+1","Deadly Poison","Blur+1"],"picked":"SKIP","floor":44},{"not_picked":["Sucker Punch","Underhanded Strike+1","PiercingWail+1"],"picked":"SKIP","floor":46}],"player_experience":739243,"relics_obtained":[{"floor":9.0,"key":"Blue Candle"},{"floor":26,"key":"Juzu Bracelet"},{"floor":43,"key":"Anchor"}],"event_choices":[{"damage_healed":0.0,"max_hp_gain":5.0,"max_hp_loss":0.0,"gold_gain":0.0,"event_name":"Big Fish","player_choice":"Donut","floor":2.0,"gold_loss":0.0,"damage_taken":0.0},{"damage_healed":0.0,"max_hp_gain":0.0,"max_hp_loss":0.0,"gold_gain":0.0,"event_name":"Scrap Ooze","player_choice":"Success","floor":5.0,"gold_loss":0.0,"damage_taken":7.0,"relics_obtained":["Pen Nib"]},{"damage_healed":0.0,"max_hp_gain":0.0,"max_hp_loss":0.0,"gold_gain":99.0,"event_name":"Nest","player_choice":"Stole From Cult","floor":19.0,"gold_loss":0.0,"damage_taken":0.0},{"cards_removed":["Strike_G"],"damage_healed":0.0,"max_hp_gain":0.0,"max_hp_loss":0.0,"gold_gain":0.0,"event_name":"Beggar","player_choice":"Gave Gold","floor":20.0,"gold_loss":75.0,"damage_taken":0.0},{"damage_healed":0,"gold_gain":0,"player_choice":"Ignored","damage_taken":0,"max_hp_gain":0,"max_hp_loss":0,"event_name":"The Mausoleum","floor":22,"gold_loss":0},{"damage_healed":0,"gold_gain":0,"player_choice":"Upgraded","damage_taken":0,"max_hp_gain":0,"max_hp_loss":0,"event_name":"Upgrade Shrine","floor":36,"gold_loss":0,"cards_upgraded":["Adrenaline"]},{"damage_healed":0,"gold_gain":0,"player_choice":"Paid","damage_taken":0,"relics_obtained":["Red Mask"],"max_hp_gain":0,"max_hp_loss":0,"event_name":"Tomb of Lord Red Mask","floor":41,"gold_loss":69},{"cards_removed":["Skewer"],"damage_healed":0,"gold_gain":0,"player_choice":"Removed Attack","damage_taken":0,"max_hp_gain":0,"max_hp_loss":0,"event_name":"Falling","floor":45,"gold_loss":0},{"damage_healed":0,"gold_gain":0,"player_choice":"Fight","damage_taken":0,"max_hp_gain":0,"max_hp_loss":0,"event_name":"MindBloom","floor":47,"gold_loss":0},{"damage_healed":0,"gold_gain":0,"player_choice":"Got Potions","damage_taken":0,"max_hp_gain":0,"max_hp_loss":0,"event_name":"The Lab","floor":48,"gold_loss":0}],"is_beta":false,"boss_relics":[{"not_picked":["Lizard Tail","Calling Bell"],"picked":"Astrolabe"},{"not_picked":["Tiny House","Fusion Hammer"],"picked":"Sozu"}],"items_purged_floors":[14,29,37],"is_endless":false,"potions_floor_spawned":[4,10,16,30,31,33,35,38,44],"ascension_level":0}