{"gold_per_floor":[112,124,135,145,162,162,191,207,207,225,13,113,113,141,141,240,240,259,275,288,288,61,61,61,61,61,75,94,94,127,152,152,152],"floor_reached":33,"playtime":2692,"items_purged":["Strike_R","Strike_R"],"score":388,"play_id":"9774dd4f-fa9c-4b99-a38d-174fe118403d","local_time":"20190726035510","is_ascension_mode":true,"campfire_choices":[{"data":"Uppercut","floor":6.0,"key":"SMITH"},{"data":"Bludgeon","floor":13.0,"key":"SMITH"},{"data":"Entrench","floor":15.0,"key":"SMITH"},{"data":"Searing Blow+1","floor":23,"key":"SMITH"},{"data":"Searing Blow+2","floor":25,"key":"SMITH"},{"data":"Searing Blow+3","floor":29,"key":"SMITH"},{"data":"Searing Blow+4","floor":32,"key":"SMITH"}],"neow_cost":"NONE","seed_source_timestamp":0,"circlet_count":0,"master_deck":["Defend_R","Defend_R","Defend_R","Defend_R","Bash","Cleave","Uppercut+1","Entrench+1","Offering","Clothesline","Bludgeon+1","Spot Weakness","Juggernaut","Warcry+1","Searing Blow+5","Ghostly","Ghostly","Ghostly","Ghostly","Ghostly","Flame Barrier","Shrug It Off","Pommel Strike+1","Inflame","Limit Break"],"special_seed":0,"relics":["Burning Blood","Lantern","Anchor","Blood Vial","Empty Cage","Oddly Smooth Stone","Dream Catcher","Red Mask"],"potions_floor_usage":[19,19,33,33],"damage_taken":[{"damage":2.0,"enemies":"Jaw Worm","floor":1.0,"turns":3.0},{"damage":1.0,"enemies":"Cultist","floor":2.0,"turns":3.0},{"damage":8.0,"enemies":"Small Slimes","floor":3.0,"turns":3.0},{"damage":4.0,"enemies":"Looter","floor":4.0,"turns":3.0},{"damage":11.0,"enemies":"2 Fungi Beasts","floor":5.0,"turns":3.0},{"damage":37.0,"enemies":"Lagavulin","floor":7.0,"turns":6.0},{"damage":3.0,"enemies":"3 Louse","floor":8.0,"turns":3.0},{"damage":4.0,"enemies":"Red Slaver","floor":10.0,"turns":4.0},{"damage":16.0,"enemies":"3 Sentries","floor":14.0,"turns":4.0},{"damage":44.0,"enemies":"The Guardian","floor":16.0,"turns":8.0},{"damage":30,"enemies":"2 Thieves","floor":18,"turns":5},{"damage":11,"enemies":"3 Byrds","floor":19,"turns":6},{"damage":5,"enemies":"Snecko","floor":20,"turns":3},{"damage":15,"enemies":"3 Cultists","floor":27,"turns":6},{"damage":6,"enemies":"Snake Plant","floor":28,"turns":4},{"damage":13,"enemies":"Gremlin Leader","floor":30,"turns":6},{"damage":8,"enemies":"Masked Bandits","floor":31,"turns":5},{"damage":61,"enemies":"Collector","floor":33,"turns":10}],"seed_played":"-7611114993323518394","potions_obtained":[{"floor":3.0,"key":"PowerPotion"},{"floor":5.0,"key":"SteroidPotion"},{"floor":8.0,"key":"Poison Potion"},{"floor":10.0,"key":"PowerPotion"},{"floor":14.0,"key":"Dexterity Potion"},{"floor":16.0,"key":"Fire Potion"},{"floor":20,"key":"Energy Potion"},{"floor":27,"key":"AttackPotion"}],"is_trial":false,"path_per_floor":["M","M","M","M","M","R","E","M","T","M","$","?","R","E","R","B",null,"M","M","M","?","$","R","?","R","T","M","M","R","E","?","R","B"],"character_chosen":"IRONCLAD","items_purchased":["Bludgeon","Flame Barrier","Shrug It Off"],"campfire_rested":0,"item_purchase_floors":[11,22,22],"current_hp_per_floor":[84,88,86,88,83,83,52,55,55,57,57,57,57,47,47,11,69,47,44,47,44,44,44,44,44,44,35,37,37,32,32,32,0],"gold":152,"neow_bonus":"TEN_PERCENT_HP_BONUS","is_prod":false,"is_daily":false,"chose_seed":false,"campfire_upgraded":7,"win_rate":0,"timestamp":1564131310,"path_taken":["M","M","M","M","M","R","E","M","T","M","$","?","R","E","R","BOSS","M","?","M","?","$","R","?","R","T","M","M","R","E","?","R","BOSS"],"build_version":"2019-07-17","purchased_purges":2,"victory":false,"max_hp_per_floor":[88,88,88,88,88,88,88,88,88,88,88,88,88,88,88,88,88,88,88,88,44,44,44,44,44,44,44,44,44,44,44,44,44],"card_choices":[{"not_picked":["Heavy Blade","Flex"],"picked":"Cleave","floor":1.0},{"not_picked":["Heavy Blade","Armaments"],"picked":"Uppercut","floor":2.0},{"not_picked":["Heavy Blade","Body Slam"],"picked":"Entrench","floor":3.0},{"not_picked":["Clash","Fire Breathing","Combust"],"picked":"SKIP","floor":4.0},{"not_picked":["Anger","Cleave"],"picked":"Offering","floor":5.0},{"not_picked":["Twin Strike","Perfected Strike"],"picked":"Clothesline","floor":7.0},{"not_picked":["Clothesline","Anger","Havoc"],"picked":"SKIP","floor":8.0},{"not_picked":["Warcry","Armaments","Anger"],"picked":"SKIP","floor":10.0},{"not_picked":["Bludgeon","Feel No Pain"],"picked":"Spot Weakness","floor":14.0},{"not_picked":["Bludgeon","Brutality"],"picked":"Juggernaut","floor":16.0},{"not_picked":["Clash+1","Armaments"],"picked":"Warcry+1","floor":18},{"not_picked":["Flex+1","Perfected Strike+1"],"picked":"Searing Blow+1","floor":19},{"not_picked":["Armaments","Iron Wave","Clothesline"],"picked":"SKIP","floor":20},{"not_picked":["Warcry","Twin Strike"],"picked":"Pommel Strike+1","floor":27},{"not_picked":["Shrug It Off","Disarm+1","Clash"],"picked":"SKIP","floor":28},{"not_picked":["Feel No Pain","Clothesline"],"picked":"Inflame","floor":30},{"not_picked":["Wild Strike","Headbutt"],"picked":"Limit Break","floor":31}],"player_experience":310351,"relics_obtained":[{"floor":7.0,"key":"Lantern"},{"floor":9.0,"key":"Anchor"},{"floor":14.0,"key":"Blood Vial"},{"floor":26,"key":"Oddly Smooth Stone"},{"floor":30,"key":"Dream Catcher"},{"floor":31,"key":"Red Mask"}],"event_choices":[{"damage_healed":0.0,"max_hp_gain":0.0,"max_hp_loss":0.0,"gold_gain":100.0,"event_name":"Golden Shrine","player_choice":"Pray","floor":12.0,"gold_loss":0.0,"damage_taken":0.0},{"damage_healed":0,"gold_gain":0,"player_choice":"Became a Ghost","damage_taken":0,"max_hp_gain":0,"max_hp_loss":44,"event_name":"Ghosts","floor":21,"gold_loss":0,"cards_obtained":["Ghostly","Ghostly","Ghostly","Ghostly","Ghostly"]},{"cards_removed":["Strike_R"],"damage_healed":0,"gold_gain":0,"player_choice":"Elegance","damage_taken":0,"max_hp_gain":0,"max_hp_loss":0,"event_name":"Back to Basics","floor":24,"gold_loss":0},{"damage_healed":0,"gold_gain":0,"player_choice":"Fought Bandits","damage_taken":0,"max_hp_gain":0,"max_hp_loss":0,"event_name":"Masked Bandits","floor":31,"gold_loss":0}],"is_beta":false,"boss_relics":[{"not_picked":["Coffee Dripper","White Beast Statue"],"picked":"Empty Cage"}],"items_purged_floors":[11,22],"is_endless":false,"potions_floor_spawned":[3,5,8,10,14,16,20,27],"killed_by":"Collector","ascension_level":6}