{"gold_per_floor":[113,130,140,140,159,159,186,186,186,186,111,111],"floor_reached":12,"playtime":460,"items_purged":[],"score":156,"play_id":"60ae327e-9a00-4c95-b312-293546c995a7","local_time":"20181117230632","is_ascension_mode":true,"campfire_choices":[{"data":"Noxious Fumes","floor":6,"key":"SMITH"}],"neow_cost":"CURSE","seed_source_timestamp":1512701883256593,"circlet_count":0,"master_deck":["AscendersBane","Defend_G","Defend_G","Defend_G","Defend_G","Defend_G","Strike_G","Strike_G","Survivor","Neutralize","Distraction","Tools of the Trade","Catalyst","Acrobatics","Noxious Fumes+1"],"relics":["Ring of the Snake","Happy Flower","Frozen Egg 2"],"potions_floor_usage":[7],"damage_taken":[{"damage":21,"enemies":"Cultist","floor":1,"turns":7},{"damage":1,"enemies":"Small Slimes","floor":2,"turns":5},{"damage":1,"enemies":"2 Louse","floor":3,"turns":4},{"damage":1,"enemies":"2 Fungi Beasts","floor":5,"turns":4},{"damage":16,"enemies":"3 Sentries","floor":7,"turns":6},{"damage":11,"enemies":"Large Slime","floor":12,"turns":6}],"seed_played":"-6366143900817296618","potions_obtained":[{"floor":1,"key":"Strength Potion"},{"floor":2,"key":"SpeedPotion"}],"is_trial":false,"path_per_floor":["M","M","M","?","M","R","E","?","T","?","?","M"],"character_chosen":"THE_SILENT","items_purchased":[],"campfire_rested":0,"item_purchase_floors":[],"current_hp_per_floor":[38,37,36,36,35,35,19,19,19,12,12,1],"gold":111,"neow_bonus":"TRANSFORM_TWO_CARDS","is_prod":false,"is_daily":false,"chose_seed":false,"campfire_upgraded":1,"win_rate":0,"timestamp":1542467192,"path_taken":["M","?","?","?","M","R","E","?","T","?","?","M"],"build_version":"2018-11-15","purchased_purges":0,"victory":false,"max_hp_per_floor":[66,66,66,66,66,66,66,66,66,66,66,66],"card_choices":[{"not_picked":["Dodge and Roll","Riddle With Holes"],"picked":"Catalyst","floor":1},{"not_picked":["Caltrops","Heel Hook"],"picked":"Acrobatics","floor":2},{"not_picked":["Bane","Escape Plan"],"picked":"Noxious Fumes","floor":3},{"not_picked":["Deflect","Dagger Spray","Slice"],"picked":"SKIP","floor":5},{"not_picked":["Underhanded Strike","All Out Attack","Dodge and Roll"],"picked":"SKIP","floor":7}],"player_experience":517750,"relics_obtained":[{"floor":7,"key":"Happy Flower"},{"floor":9,"key":"Frozen Egg 2"}],"event_choices":[{"damage_healed":0,"gold_gain":0,"player_choice":"Ignored","damage_taken":0,"max_hp_gain":0,"max_hp_loss":0,"event_name":"Liars Game","floor":4,"gold_loss":0},{"damage_healed":0,"gold_gain":0,"player_choice":"Ignored","damage_taken":0,"max_hp_gain":0,"max_hp_loss":0,"event_name":"Shining Light","floor":8,"gold_loss":0},{"cards_removed":["Writhe"],"damage_healed":0,"gold_gain":0,"player_choice":"Card Removal","damage_taken":7,"max_hp_gain":0,"max_hp_loss":0,"event_name":"Golden Wing","floor":10,"gold_loss":0},{"cards_removed":["Strike_G"],"damage_healed":0,"gold_gain":0,"player_choice":"Card Removal","damage_taken":0,"max_hp_gain":0,"max_hp_loss":0,"event_name":"The Cleric","floor":11,"gold_loss":75}],"is_beta":true,"boss_relics":[],"items_purged_floors":[],"is_endless":false,"potions_floor_spawned":[1,2],"killed_by":"Large Slime","ascension_level":20}