{"gold_per_floor":[15,15,90,90,109,109,142,142,165,165,165,177,177,177,177,251,251,266,104,154,204,217,217,129,148,148,162,62,72,86,99,99,177,177,188,204,224,224,236,236,263,32,32,61,77,94,94,31,31,31,31,31,31,2,30,30],"floor_reached":57,"playtime":2973,"items_purged":["Strike_G","Strike_G","All Out Attack+1"],"score":2999,"play_id":"31fedbf1-bf5c-45e1-bd7e-9ede1acda0ce","local_time":"20190804150119","is_ascension_mode":true,"campfire_choices":[{"data":"All Out Attack","floor":6.0,"key":"SMITH"},{"data":"Deadly Poison","floor":8.0,"key":"SMITH"},{"data":"Neutralize","floor":10.0,"key":"SMITH"},{"data":"Leg Sweep","floor":13.0,"key":"SMITH"},{"floor":15.0,"key":"RECALL"},{"data":"Footwork","floor":23.0,"key":"SMITH"},{"data":"Noxious Fumes","floor":32.0,"key":"SMITH"},{"data":"Tactician","floor":40.0,"key":"SMITH"},{"data":"Catalyst","floor":49.0,"key":"SMITH"},{"data":"Well Laid Plans","floor":53.0,"key":"SMITH"}],"neow_cost":"NO_GOLD","seed_source_timestamp":681402713080800,"circlet_count":0,"master_deck":["AscendersBane","Survivor","Neutralize+1","Leg Sweep+1","Deadly Poison+1","Backflip","Adrenaline","Acrobatics+1","Footwork+1","Well Laid Plans+1","Noxious Fumes+1","After Image","Glass Knife","Prepared+1","Tactician+1","Skewer","Catalyst+1","Acrobatics+1","Catalyst"],"special_seed":0,"relics":["Ring of the Snake","Boot","Potion Belt","Strawberry","Turnip","Coffee Dripper","Tingsha","Pandora\u0027s Box","War Paint","Membership Card","Gremlin Horn"],"potions_floor_usage":[56,56,56,56],"damage_taken":[{"damage":4.0,"enemies":"Small Slimes","floor":1.0,"turns":5.0},{"damage":0.0,"enemies":"Jaw Worm","floor":5.0,"turns":4.0},{"damage":7.0,"enemies":"3 Sentries","floor":7.0,"turns":7.0},{"damage":0.0,"enemies":"Cultist","floor":12.0,"turns":3.0},{"damage":10.0,"enemies":"Hexaghost","floor":16.0,"turns":9.0},{"damage":5.0,"enemies":"Shell Parasite","floor":18.0,"turns":8.0},{"damage":0.0,"enemies":"Spheric Guardian","floor":22.0,"turns":6.0},{"damage":0.0,"enemies":"Snake Plant","floor":25.0,"turns":5.0},{"damage":2.0,"enemies":"Sentry and Sphere","floor":27.0,"turns":7.0},{"damage":0.0,"enemies":"Chosen and Byrds","floor":29.0,"turns":4.0},{"damage":7.0,"enemies":"Snake Plant","floor":30.0,"turns":4.0},{"damage":0.0,"enemies":"Snecko","floor":31.0,"turns":10.0},{"damage":15.0,"enemies":"Collector","floor":33.0,"turns":10.0},{"damage":0.0,"enemies":"3 Shapes","floor":35.0,"turns":4.0},{"damage":0.0,"enemies":"Orb Walker","floor":36.0,"turns":3.0},{"damage":2.0,"enemies":"4 Shapes","floor":37.0,"turns":8.0},{"damage":11.0,"enemies":"3 Darklings","floor":39.0,"turns":4.0},{"damage":0.0,"enemies":"Giant Head","floor":41.0,"turns":5.0},{"damage":0.0,"enemies":"Nemesis","floor":44.0,"turns":3.0},{"damage":0.0,"enemies":"Transient","floor":45.0,"turns":6.0},{"damage":8.0,"enemies":"Sphere and 2 Shapes","floor":46.0,"turns":4.0},{"damage":0.0,"enemies":"Time Eater","floor":50.0,"turns":6.0},{"damage":0.0,"enemies":"Donu and Deca","floor":51.0,"turns":3.0},{"damage":0,"enemies":"Shield and Spear","floor":55,"turns":2},{"damage":25,"enemies":"The Heart","floor":56,"turns":6}],"seed_played":"640156382280623893","potions_obtained":[{"floor":1.0,"key":"Fire Potion"},{"floor":7.0,"key":"PowerPotion"},{"floor":27.0,"key":"SteroidPotion"},{"floor":29.0,"key":"Fire Potion"},{"floor":33.0,"key":"Fire Potion"},{"floor":37.0,"key":"Energy Potion"},{"floor":41.0,"key":"Poison Potion"},{"floor":46.0,"key":"Energy Potion"},{"floor":55,"key":"GamblersBrew"}],"is_trial":false,"path_per_floor":["M","?","?","?","M","R","E","R","T","R","?","M","R","?","R","B",null,"M","$","?","?","M","R","$","M","T","M","$","M","M","M","R","B",null,"M","M","M","?","M","R","E","$","T","E","M","M","?","$","R","B","B",null,"R","$","E","B",null],"character_chosen":"THE_SILENT","items_purchased":["Footwork","Well Laid Plans","Membership Card","AttackPotion"],"campfire_rested":0,"item_purchase_floors":[19,24,42,54],"current_hp_per_floor":[55,55,44,18,18,18,11,11,18,18,18,18,18,18,18,8,57,52,52,52,45,45,45,45,45,45,43,43,43,36,36,36,21,60,60,60,58,58,47,47,47,47,47,47,47,39,39,39,39,39,39,65,65,65,65,40],"gold":30,"neow_bonus":"REMOVE_TWO","is_prod":false,"is_daily":false,"chose_seed":false,"campfire_upgraded":9,"win_rate":0,"timestamp":1564902079,"path_taken":["M","?","?","?","M","R","E","R","T","R","?","M","R","?","R","BOSS","M","$","?","?","?","R","$","M","T","?","$","M","M","M","R","BOSS","M","M","M","?","M","R","E","$","T","E","M","M","?","$","R","BOSS","BOSS","R","$","E","BOSS"],"build_version":"2019-07-17","purchased_purges":3,"victory":true,"max_hp_per_floor":[66,66,66,66,66,66,66,66,73,73,73,73,73,73,73,73,73,73,73,73,73,73,73,73,73,73,73,73,73,73,73,73,73,73,73,73,73,73,73,73,73,73,73,73,73,73,73,73,73,73,73,73,73,73,73,73],"card_choices":[{"not_picked":["Deflect","Accuracy"],"picked":"All Out Attack","floor":1.0},{"not_picked":["PiercingWail","Outmaneuver","Expertise"],"picked":"SKIP","floor":5.0},{"not_picked":["Escape Plan","Dodge and Roll"],"picked":"Deadly Poison","floor":7.0},{"not_picked":["Dagger Spray","Distraction"],"picked":"Backflip","floor":12.0},{"not_picked":["Phantasmal Killer","Wraith Form v2"],"picked":"Adrenaline","floor":16.0},{"not_picked":["Prepared","Expertise"],"picked":"Acrobatics","floor":18.0},{"not_picked":["Cloak And Dagger","Reflex","Flying Knee+1"],"picked":"SKIP","floor":22.0},{"not_picked":["Quick Slash","Bane","Backflip"],"picked":"SKIP","floor":25.0},{"not_picked":["Slice","Quick Slash"],"picked":"Noxious Fumes","floor":27.0},{"not_picked":["Outmaneuver","Dodge and Roll+1","Bane+1"],"picked":"SKIP","floor":29.0},{"not_picked":["All Out Attack","Dagger Throw","Glass Knife"],"picked":"SKIP","floor":30.0},{"not_picked":["Sucker Punch","Setup","Poisoned Stab"],"picked":"SKIP","floor":31.0},{"not_picked":["Venomology","Corpse Explosion"],"picked":"After Image","floor":33.0},{"not_picked":["Backflip+1","Underhanded Strike","Sucker Punch"],"picked":"SKIP","floor":35.0},{"not_picked":["Bane","Concentrate+1"],"picked":"Acrobatics","floor":36.0},{"not_picked":["Concentrate","Tools of the Trade","PiercingWail"],"picked":"SKIP","floor":37.0},{"not_picked":["Acrobatics","Bane","Backstab"],"picked":"SKIP","floor":39.0},{"not_picked":["Footwork","Dagger Throw","Deflect"],"picked":"SKIP","floor":41.0},{"not_picked":["Corpse Explosion","Dodge and Roll","Acrobatics+1"],"picked":"SKIP","floor":44.0},{"not_picked":["Masterful Stab","Blade Dance","Sucker Punch"],"picked":"SKIP","floor":45.0},{"not_picked":["Acrobatics+1","Dagger Throw","Tactician+1"],"picked":"SKIP","floor":46.0},{"not_picked":["Masterful Stab","Distraction"],"picked":"Catalyst","floor":55}],"player_experience":723976,"relics_obtained":[{"floor":7.0,"key":"Potion Belt"},{"floor":9.0,"key":"Strawberry"},{"floor":14.0,"key":"Turnip"},{"floor":26.0,"key":"Tingsha"},{"floor":41.0,"key":"War Paint"},{"floor":55,"key":"Gremlin Horn"}],"event_choices":[{"damage_healed":0.0,"max_hp_gain":0.0,"max_hp_loss":0.0,"gold_gain":0.0,"cards_transformed":["Strike_G"],"event_name":"Living Wall","player_choice":"Change","floor":2.0,"gold_loss":0.0,"damage_taken":0.0,"cards_obtained":["Leg Sweep"]},{"damage_healed":0.0,"max_hp_gain":0.0,"max_hp_loss":0.0,"gold_gain":75.0,"event_name":"World of Goop","player_choice":"Gather Gold","floor":3.0,"gold_loss":0.0,"damage_taken":11.0},{"damage_healed":0.0,"max_hp_gain":0.0,"max_hp_loss":0.0,"gold_gain":0.0,"event_name":"Scrap Ooze","player_choice":"Success","floor":4.0,"gold_loss":0.0,"damage_taken":26.0,"relics_obtained":["Boot"]},{"damage_healed":0.0,"max_hp_gain":0.0,"max_hp_loss":0.0,"gold_gain":0.0,"event_name":"Liars Game","player_choice":"Ignored","floor":11.0,"gold_loss":0.0,"damage_taken":0.0},{"damage_healed":0.0,"max_hp_gain":0.0,"max_hp_loss":0.0,"gold_gain":0.0,"event_name":"Wheel of Change","player_choice":"Relic","floor":14.0,"gold_loss":0.0,"damage_taken":0.0},{"damage_healed":0.0,"max_hp_gain":0.0,"max_hp_loss":0.0,"gold_gain":50.0,"event_name":"Nest","player_choice":"Stole From Cult","floor":20.0,"gold_loss":0.0,"damage_taken":0.0},{"damage_healed":0.0,"max_hp_gain":0.0,"max_hp_loss":0.0,"gold_gain":50.0,"event_name":"FaceTrader","player_choice":"Touch","floor":21.0,"gold_loss":0.0,"damage_taken":7.0},{"damage_healed":0.0,"max_hp_gain":0.0,"max_hp_loss":0.0,"gold_gain":0.0,"event_name":"SensoryStone","player_choice":"Memory 1","floor":38.0,"gold_loss":0.0,"damage_taken":0.0},{"damage_healed":0.0,"max_hp_gain":0.0,"max_hp_loss":0.0,"gold_gain":0.0,"event_name":"Accursed Blacksmith","player_choice":"Forge","floor":47.0,"gold_loss":0.0,"damage_taken":0.0,"cards_upgraded":["Prepared"]}],"is_beta":false,"boss_relics":[{"not_picked":["Snecko Eye","Eternal Feather"],"picked":"Coffee Dripper"},{"not_picked":["Fusion Hammer","Busted Crown"],"picked":"Pandora\u0027s Box"}],"items_purged_floors":[19,28,48],"is_endless":false,"potions_floor_spawned":[1,7,27,29,33,37,41,46,55],"ascension_level":20}