{"gold_per_floor":[118,41,58,58,71,71,101,101,124,151,171,171,202,202,202,305,305,318,318,30,43,60,60,260,270,325,325,343,362,36,56,56,159,159,176,176,194,94,94,122,122,142,167,167,167,184,184,194,194,194],"floor_reached":51,"playtime":2606,"items_purged":["Zap","Streamline"],"score":837,"play_id":"34455ced-a56a-484b-86aa-c7e25969308c","local_time":"20190611165604","is_ascension_mode":false,"campfire_choices":[{"data":"1","floor":6.0,"key":"LIFT"},{"data":"2","floor":8.0,"key":"LIFT"},{"data":"Darkness","floor":12.0,"key":"SMITH"},{"data":"3","floor":15.0,"key":"LIFT"},{"data":"Impatience","floor":23.0,"key":"SMITH"},{"data":"Recycle","floor":27,"key":"SMITH"},{"data":"Coolheaded","floor":32,"key":"SMITH"},{"data":"Dualcast","floor":41,"key":"SMITH"},{"data":"Skim","floor":45,"key":"SMITH"},{"data":"Undo","floor":47,"key":"PURGE"},{"data":"Consume","floor":49,"key":"PURGE"}],"neow_cost":"TEN_PERCENT_HP_LOSS","seed_source_timestamp":20388237869349,"circlet_count":0,"master_deck":["Dualcast+1","Chill+1","FTL","Darkness+1","Recycle+1","Hello World","Recycle","Reboot","Static Discharge","Seek","Hologram","Impatience+1","Coolheaded+1","Redo+1","Coolheaded+1","Turbo+1","Fission","Skim+1"],"special_seed":0,"relics":["Cracked Core","Girya","Odd Mushroom","Lantern","Matryoshka","Peace Pipe","Pandora\u0027s Box","Enchiridion","ClockworkSouvenir","Bag of Marbles","Art of War","Cables","Coffee Dripper","War Paint","Oddly Smooth Stone","Dream Catcher"],"potions_floor_usage":[50,50],"damage_taken":[{"damage":0.0,"enemies":"Small Slimes","floor":1.0,"turns":3.0},{"damage":2.0,"enemies":"2 Louse","floor":3.0,"turns":3.0},{"damage":0.0,"enemies":"Jaw Worm","floor":5.0,"turns":3.0},{"damage":1.0,"enemies":"The Mushroom Lair","floor":7.0,"turns":5.0},{"damage":8.0,"enemies":"Lagavulin","floor":10.0,"turns":6.0},{"damage":4.0,"enemies":"Red Slaver","floor":11.0,"turns":3.0},{"damage":4.0,"enemies":"3 Sentries","floor":13.0,"turns":8.0},{"damage":10.0,"enemies":"The Guardian","floor":16.0,"turns":9.0},{"damage":1.0,"enemies":"Shell Parasite","floor":18.0,"turns":3.0},{"damage":0.0,"enemies":"Spheric Guardian","floor":21.0,"turns":2.0},{"damage":15.0,"enemies":"Snake Plant","floor":22.0,"turns":3.0},{"damage":4,"enemies":"Centurion and Healer","floor":25,"turns":4},{"damage":0,"enemies":"Sentry and Sphere","floor":28,"turns":3},{"damage":0,"enemies":"Snake Plant","floor":29,"turns":3},{"damage":0,"enemies":"Centurion and Healer","floor":31,"turns":4},{"damage":0,"enemies":"Champ","floor":33,"turns":5},{"damage":9,"enemies":"3 Darklings","floor":35,"turns":4},{"damage":0,"enemies":"Orb Walker","floor":37,"turns":3},{"damage":0,"enemies":"Nemesis","floor":40,"turns":5},{"damage":0,"enemies":"Jaw Worm Horde","floor":42,"turns":2},{"damage":0,"enemies":"3 Darklings","floor":46,"turns":2},{"damage":0,"enemies":"Writhing Mass","floor":48,"turns":2},{"damage":0,"enemies":"Awakened One","floor":50,"turns":2}],"seed_played":"7773511826485227602","potions_obtained":[{"floor":3.0,"key":"SteroidPotion"},{"floor":7.0,"key":"Poison Potion"},{"floor":11.0,"key":"AttackPotion"},{"floor":29,"key":"FocusPotion"},{"floor":37,"key":"SkillPotion"},{"floor":46,"key":"Energy Potion"}],"is_trial":false,"path_per_floor":["M","$","M","?","M","R","?","R","T","E","M","R","E","?","R","B",null,"M","?","$","M","M","R","?","M","T","R","M","M","$","M","R","B",null,"M","?","M","$","$","E","R","M","T","?","R","M","R","M","R","B",null],"character_chosen":"DEFECT","items_purchased":["FTL","Impatience","ClockworkSouvenir","Cables"],"campfire_rested":0,"item_purchase_floors":[2,20,20,30],"current_hp_per_floor":[68,68,66,66,66,66,65,65,65,57,53,53,49,54,54,44,73,72,56,56,56,41,41,41,37,37,37,37,37,37,37,37,37,73,64,83,83,83,83,83,83,83,83,83,83,83,83,83,83,83],"gold":194,"neow_bonus":"ONE_RARE_RELIC","is_prod":false,"is_daily":false,"chose_seed":false,"campfire_upgraded":6,"win_rate":0,"timestamp":1560243364,"path_taken":["M","$","M","?","M","R","?","R","T","E","M","R","E","?","R","BOSS","M","?","$","M","M","R","?","M","T","R","M","?","$","M","R","BOSS","M","?","M","?","$","E","R","?","T","?","R","M","R","M","R","BOSS"],"build_version":"2019-01-23","purchased_purges":2,"victory":true,"max_hp_per_floor":[68,68,68,68,68,68,68,68,68,68,68,68,68,73,73,73,73,73,73,73,73,73,73,73,73,73,73,73,73,73,73,73,73,73,73,83,83,83,83,83,83,83,83,83,83,83,83,83,83,83],"card_choices":[{"not_picked":["Stack","Fusion"],"picked":"Chill","floor":1.0},{"not_picked":["Storm","Stack"],"picked":"Undo","floor":3.0},{"not_picked":["Force Field","Aggregate"],"picked":"Streamline","floor":5.0},{"not_picked":["Beam Cell","Tempest","Blizzard"],"picked":"SKIP","floor":10.0},{"not_picked":["Streamline","Conserve Battery"],"picked":"Darkness","floor":11.0},{"not_picked":["Auto Shields","Steam","Hello World"],"picked":"SKIP","floor":13.0},{"not_picked":["Static Discharge","Rebound"],"picked":"Hologram","floor":18.0},{"not_picked":["Genetic Algorithm","Consume","Aggregate"],"picked":"SKIP","floor":21.0},{"not_picked":["Cold Snap","Lockon"],"picked":"Coolheaded","floor":22.0},{"not_picked":["Darkness+1","Stack"],"picked":"Redo+1","floor":25},{"not_picked":["Stack","Ball Lightning+1"],"picked":"Coolheaded+1","floor":28},{"not_picked":["Hello World","Barrage"],"picked":"Turbo","floor":29},{"not_picked":["Hologram","Ball Lightning","Streamline+1"],"picked":"SKIP","floor":31},{"not_picked":["Amplify","Electrodynamics"],"picked":"Fission","floor":33},{"not_picked":["Gash","Turbo","Beam Cell+1"],"picked":"SKIP","floor":35},{"not_picked":["Tempest","Hologram+1","Glacier+1"],"picked":"SKIP","floor":37},{"not_picked":["Redo","Amplify"],"picked":"Skim","floor":40},{"not_picked":["FTL","Streamline+1","Consume+1"],"picked":"SKIP","floor":42},{"not_picked":["Compile Driver","Static Discharge+1","Reinforced Body+1"],"picked":"SKIP","floor":46},{"not_picked":["Hologram","Capacitor+1","Rebound"],"picked":"SKIP","floor":48}],"player_experience":5056624,"relics_obtained":[{"floor":7.0,"key":"Odd Mushroom"},{"floor":9.0,"key":"Lantern"},{"floor":10.0,"key":"Matryoshka"},{"floor":13.0,"key":"Peace Pipe"},{"floor":19.0,"key":"Enchiridion"},{"floor":26,"key":"Bag of Marbles"},{"floor":26,"key":"Art of War"},{"floor":40,"key":"War Paint"},{"floor":43,"key":"Oddly Smooth Stone"},{"floor":43,"key":"Dream Catcher"}],"event_choices":[{"damage_healed":0.0,"max_hp_gain":0.0,"max_hp_loss":0.0,"gold_gain":0.0,"event_name":"Liars Game","player_choice":"Ignored","floor":4.0,"gold_loss":0.0,"damage_taken":0.0},{"damage_healed":0.0,"max_hp_gain":0.0,"max_hp_loss":0.0,"gold_gain":0.0,"event_name":"Mushrooms","player_choice":"Fought Mushrooms","floor":7.0,"gold_loss":0.0,"damage_taken":0.0},{"damage_healed":0.0,"max_hp_gain":5.0,"max_hp_loss":0.0,"gold_gain":0.0,"event_name":"Big Fish","player_choice":"Donut","floor":14.0,"gold_loss":0.0,"damage_taken":0.0},{"damage_healed":0.0,"max_hp_gain":0.0,"max_hp_loss":0.0,"gold_gain":0.0,"event_name":"Cursed Tome","player_choice":"Obtained Book","floor":19.0,"gold_loss":0.0,"damage_taken":16.0},{"damage_healed":0,"gold_gain":250,"player_choice":"Bet on Owner","damage_taken":0,"max_hp_gain":0,"max_hp_loss":0,"event_name":"The Joust","floor":24,"gold_loss":50},{"cards_removed":["Thunder Strike"],"damage_healed":9,"gold_gain":0,"player_choice":"Offered Rare","damage_taken":0,"max_hp_gain":10,"max_hp_loss":0,"event_name":"Bonfire Elementals","floor":36,"gold_loss":0},{"damage_healed":0,"gold_gain":0,"player_choice":"Ignored","damage_taken":0,"max_hp_gain":0,"max_hp_loss":0,"event_name":"SecretPortal","floor":44,"gold_loss":0}],"is_beta":false,"boss_relics":[{"not_picked":["Calling Bell","Sozu"],"picked":"Pandora\u0027s Box"},{"not_picked":["Fusion Hammer","Cursed Key"],"picked":"Coffee Dripper"}],"items_purged_floors":[30,38],"is_endless":false,"potions_floor_spawned":[3,7,11,21,25,28,29,37,40,46,48],"ascension_level":0}