{"gold_per_floor":[119,119,119,119,134,134,164,164,233,260,1,14,14,28,28,105,105,124,124,74,85,2,2,27,39],"floor_reached":25,"playtime":582,"items_purged":["Pain","Normality","Parasite"],"score":503,"play_id":"848fb62c-d66c-445f-b81e-70d6a063b251","local_time":"20190405124252","is_ascension_mode":true,"campfire_choices":[{"data":"Deadly Poison","floor":6.0,"key":"SMITH"},{"data":"Caltrops","floor":8.0,"key":"SMITH"},{"data":"Well Laid Plans","floor":13.0,"key":"SMITH"},{"data":"Neutralize","floor":15.0,"key":"SMITH"},{"data":"Corpse Explosion","floor":23.0,"key":"SMITH"}],"neow_cost":"NONE","seed_source_timestamp":5676474546872,"circlet_count":0,"master_deck":["AscendersBane","Defend_G","Defend_G","Defend_G","Defend_G","Defend_G","Strike_G","Strike_G","Strike_G","Strike_G","Survivor","Neutralize+1","Caltrops+1","Deadly Poison+1","Well Laid Plans+1","Poisoned Stab","Corpse Explosion+1","Masterful Stab","Noxious Fumes"],"special_seed":0,"relics":["Ring of the Snake","NeowsBlessing","WarpedTongs","Vajra","Shuriken","Singing Bowl","Membership Card","Calling Bell","Dream Catcher","Paper Crane","Bird Faced Urn","Spirit Poop","MawBank"],"potions_floor_usage":[24],"damage_taken":[{"damage":0.0,"enemies":"Jaw Worm","floor":1.0,"turns":1.0},{"damage":1.0,"enemies":"Small Slimes","floor":5.0,"turns":2.0},{"damage":0.0,"enemies":"Gremlin Nob","floor":7.0,"turns":1.0},{"damage":12.0,"enemies":"Lagavulin","floor":10.0,"turns":7.0},{"damage":0.0,"enemies":"Cultist","floor":12.0,"turns":3.0},{"damage":1.0,"enemies":"Looter","floor":14.0,"turns":3.0},{"damage":6.0,"enemies":"The Guardian","floor":16.0,"turns":10.0},{"damage":15.0,"enemies":"2 Thieves","floor":18.0,"turns":3.0},{"damage":19.0,"enemies":"Shell Parasite","floor":21.0,"turns":5.0},{"damage":24,"enemies":"Slavers","floor":24,"turns":3},{"damage":2,"enemies":"Cultist and Chosen","floor":25,"turns":3}],"seed_played":"-4908904228592129766","potions_obtained":[{"floor":5.0,"key":"GamblersBrew"},{"floor":7.0,"key":"SteroidPotion"},{"floor":10.0,"key":"SkillPotion"},{"floor":18.0,"key":"Energy Potion"}],"is_trial":false,"path_per_floor":["M","?","?","?","M","R","E","R","T","E","$","M","R","M","R","B",null,"M","?","$","M","$","R","E","M"],"character_chosen":"THE_SILENT","items_purchased":["Membership Card","Masterful Stab"],"campfire_rested":0,"item_purchase_floors":[11,22],"current_hp_per_floor":[59,52,52,52,51,51,51,51,51,39,39,41,41,40,40,34,60,49,49,49,36,36,36,14,18],"gold":39,"neow_bonus":"THREE_ENEMY_KILL","is_prod":false,"is_daily":false,"chose_seed":false,"campfire_upgraded":5,"win_rate":0,"timestamp":1554439372,"path_taken":["M","?","?","?","M","R","E","R","T","E","$","M","R","?","R","BOSS","M","?","$","?","$","R","E","M"],"build_version":"2019-01-23","purchased_purges":3,"victory":false,"max_hp_per_floor":[66,66,66,66,66,66,66,66,66,66,66,68,68,68,68,68,68,70,70,70,72,69,69,69,69],"card_choices":[{"not_picked":["Quick Slash","Accuracy"],"picked":"Blade Dance","floor":1.0},{"not_picked":["Underhanded Strike","Slice"],"picked":"Deadly Poison","floor":5.0},{"not_picked":["Phantasmal Killer","Sucker Punch","Dagger Spray"],"picked":"SKIP","floor":7.0},{"not_picked":["Slice","Infinite Blades"],"picked":"Well Laid Plans","floor":10.0},{"not_picked":["Blur","Dodge and Roll","Deflect"],"picked":"Singing Bowl","floor":12.0},{"not_picked":["Dodge and Roll","Leg Sweep"],"picked":"Poisoned Stab","floor":14.0},{"not_picked":["Malaise","Venomology"],"picked":"Corpse Explosion","floor":16.0},{"not_picked":["Prepared","Poisoned Stab","Choke"],"picked":"Singing Bowl","floor":18.0},{"not_picked":["Deadly Poison+1","Sucker Punch","Riddle With Holes"],"picked":"Singing Bowl","floor":21.0},{"not_picked":["Reflex","Distraction"],"picked":"Noxious Fumes","floor":24}],"player_experience":4073565,"relics_obtained":[{"floor":7.0,"key":"Vajra"},{"floor":9.0,"key":"Shuriken"},{"floor":10.0,"key":"Singing Bowl"},{"floor":17.0,"key":"Dream Catcher"},{"floor":17.0,"key":"Paper Crane"},{"floor":17.0,"key":"Bird Faced Urn"},{"floor":24,"key":"MawBank"}],"event_choices":[{"cards_removed":["Strike_G"],"damage_healed":0.0,"max_hp_gain":0.0,"max_hp_loss":0.0,"gold_gain":0.0,"event_name":"Golden Wing","player_choice":"Card Removal","floor":2.0,"gold_loss":0.0,"damage_taken":7.0},{"damage_healed":0.0,"max_hp_gain":0.0,"max_hp_loss":0.0,"gold_gain":0.0,"cards_transformed":["Blade Dance"],"event_name":"Living Wall","player_choice":"Change","floor":3.0,"gold_loss":0.0,"damage_taken":0.0,"cards_obtained":["Caltrops"]},{"damage_healed":0.0,"max_hp_gain":0.0,"max_hp_loss":0.0,"gold_gain":0.0,"event_name":"Accursed Blacksmith","player_choice":"Rummage","floor":4.0,"gold_loss":0.0,"damage_taken":0.0,"relics_obtained":["WarpedTongs"],"cards_obtained":["Pain"]},{"cards_removed":["Pain"],"damage_healed":0.0,"max_hp_gain":0.0,"max_hp_loss":0.0,"gold_gain":0.0,"event_name":"Bonfire Elementals","player_choice":"Offered Curse","floor":19.0,"gold_loss":0.0,"damage_taken":0.0,"relics_obtained":["Spirit Poop"]}],"is_beta":false,"boss_relics":[{"not_picked":["HoveringKite","Ring of the Serpent"],"picked":"Calling Bell"}],"items_purged_floors":[11,20,22],"is_endless":false,"potions_floor_spawned":[5,7,10,18],"killed_by":"Cultist and Chosen","ascension_level":20}