{"gold_per_floor":[15,15,30,30,30,30,61,61,117,117,144,144,155,165,165,239,239,251,251,251,131,143,143,157,157,239,164,164,178,193,8,8,8],"floor_reached":33,"playtime":1082,"items_purged":["Wild Strike+1"],"score":506,"play_id":"50477f35-d1e5-4295-b14d-c42f772eb785","local_time":"20190724002031","is_ascension_mode":true,"campfire_choices":[{"data":"Blood for Blood","floor":6.0,"key":"SMITH"},{"floor":10.0,"key":"REST"},{"data":"Armaments","floor":12.0,"key":"SMITH"},{"data":"Wild Strike","floor":15.0,"key":"SMITH"},{"data":"Body Slam","floor":23.0,"key":"SMITH"},{"data":"Bloodletting","floor":25.0,"key":"SMITH"},{"data":"Demon Form","floor":28.0,"key":"SMITH"},{"data":"Pommel Strike","floor":32.0,"key":"SMITH"}],"neow_cost":"NO_GOLD","seed_source_timestamp":0,"circlet_count":0,"master_deck":["AscendersBane","Defend_R","Defend_R+1","Defend_R","Defend_R+1","Bash","Iron Wave","Shrug It Off","Armaments+1","Second Wind","Demon Form+1","Second Wind+1","Reaper+1","Power Through+1","Body Slam+1","Bloodletting+1","Pommel Strike+1","Metallicize","Feel No Pain"],"special_seed":0,"relics":["Burning Blood","Ancient Tea Set","Paper Frog","Tiny Chest","War Paint","Astrolabe","The Courier"],"potions_floor_usage":[],"damage_taken":[{"damage":1.0,"enemies":"Cultist","floor":1.0,"turns":4.0},{"damage":4.0,"enemies":"Jaw Worm","floor":3.0,"turns":5.0},{"damage":50.0,"enemies":"3 Sentries","floor":7.0,"turns":13.0},{"damage":55.0,"enemies":"Gremlin Nob","floor":11.0,"turns":5.0},{"damage":0.0,"enemies":"Small Slimes","floor":13.0,"turns":5.0},{"damage":0.0,"enemies":"Exordium Wildlife","floor":14.0,"turns":4.0},{"damage":19.0,"enemies":"The Guardian","floor":16.0,"turns":12.0},{"damage":37.0,"enemies":"Shell Parasite","floor":18.0,"turns":9.0},{"damage":33.0,"enemies":"2 Thieves","floor":21.0,"turns":5.0},{"damage":28.0,"enemies":"Centurion and Healer","floor":22.0,"turns":8.0},{"damage":20.0,"enemies":"Snake Plant","floor":24.0,"turns":6.0},{"damage":40.0,"enemies":"Snecko","floor":29.0,"turns":7.0},{"damage":63.0,"enemies":"Cultist and Chosen","floor":30.0,"turns":8.0},{"damage":29,"enemies":"Collector","floor":33,"turns":5}],"seed_played":"5107913379163705928","potions_obtained":[{"floor":11.0,"key":"SkillPotion"},{"floor":13.0,"key":"FearPotion"},{"floor":22.0,"key":"GamblersBrew"}],"is_trial":false,"path_per_floor":["M","$","M","?","$","R","E","T","T","R","E","R","M","M","R","B",null,"M","?","?","M","M","R","M","R","T","?","R","M","M","$","R","B"],"character_chosen":"IRONCLAD","items_purchased":["Metallicize","Feel No Pain"],"campfire_rested":1,"item_purchase_floors":[31,31],"current_hp_per_floor":[73,73,75,80,80,80,36,36,36,60,11,11,17,23,23,10,63,59,59,59,45,53,53,61,61,61,61,61,56,16,16,16,5],"gold":8,"neow_bonus":"TRANSFORM_TWO_CARDS","is_prod":false,"is_daily":false,"chose_seed":false,"campfire_upgraded":7,"win_rate":0,"timestamp":1563898831,"path_taken":["M","?","M","?","$","R","E","?","T","R","E","R","M","M","R","BOSS","M","?","?","M","?","R","M","R","T","?","R","M","M","$","R","BOSS"],"build_version":"2019-07-17","purchased_purges":1,"victory":false,"max_hp_per_floor":[75,75,75,80,80,80,80,80,80,80,80,80,80,80,80,80,80,80,80,80,80,80,80,80,80,80,80,80,80,80,80,80,80],"card_choices":[{"not_picked":["Cleave","Wild Strike"],"picked":"Shrug It Off","floor":1.0},{"not_picked":["Clothesline","Intimidate","Twin Strike"],"picked":"SKIP","floor":3.0},{"not_picked":["Warcry","Whirlwind","Havoc"],"picked":"SKIP","floor":7.0},{"not_picked":["Clash","Dark Embrace"],"picked":"Armaments","floor":11.0},{"not_picked":["Perfected Strike","Wild Strike"],"picked":"Second Wind","floor":13.0},{"not_picked":["Clothesline","Corruption"],"picked":"Wild Strike","floor":14.0},{"not_picked":["Impervious","Double Tap"],"picked":"Demon Form","floor":16.0},{"not_picked":["Fire Breathing+1","Shockwave","Spot Weakness"],"picked":"SKIP","floor":18.0},{"not_picked":["Warcry","Rupture","Pommel Strike"],"picked":"SKIP","floor":21.0},{"not_picked":["Power Through","Headbutt"],"picked":"Body Slam","floor":22.0},{"not_picked":["Perfected Strike","Anger"],"picked":"Bloodletting","floor":24.0},{"not_picked":["Iron Wave","Second Wind","Intimidate"],"picked":"SKIP","floor":29.0},{"not_picked":["Combust","Immolate","Pommel Strike"],"picked":"SKIP","floor":30.0},{"not_picked":["Combust","Immolate"],"picked":"Pommel Strike","floor":30.0}],"player_experience":676435,"relics_obtained":[{"floor":7.0,"key":"Ancient Tea Set"},{"floor":8.0,"key":"Paper Frog"},{"floor":9.0,"key":"Tiny Chest"},{"floor":11.0,"key":"War Paint"},{"floor":26.0,"key":"The Courier"}],"event_choices":[{"damage_healed":0.0,"max_hp_gain":5.0,"max_hp_loss":0.0,"gold_gain":0.0,"event_name":"Big Fish","player_choice":"Donut","floor":4.0,"gold_loss":0.0,"damage_taken":0.0},{"damage_healed":0.0,"max_hp_gain":0.0,"max_hp_loss":0.0,"gold_gain":0.0,"event_name":"Vampires","player_choice":"Ignored","floor":19.0,"gold_loss":0.0,"damage_taken":0.0},{"damage_healed":0.0,"max_hp_gain":0.0,"max_hp_loss":0.0,"gold_gain":0.0,"event_name":"The Mausoleum","player_choice":"Ignored","floor":20.0,"gold_loss":0.0,"damage_taken":0.0},{"cards_removed":["Strike_R"],"damage_healed":0.0,"max_hp_gain":0.0,"max_hp_loss":0.0,"gold_gain":0.0,"event_name":"Beggar","player_choice":"Gave Gold","floor":27.0,"gold_loss":75.0,"damage_taken":0.0}],"is_beta":false,"boss_relics":[{"not_picked":["Black Star","Runic Dome"],"picked":"Astrolabe"}],"items_purged_floors":[31],"is_endless":false,"potions_floor_spawned":[11,13,16,18,22],"killed_by":"Collector","ascension_level":20}