{"gold_per_floor":[116,136,136,151,30,58,58,58,83,83,83],"floor_reached":11,"playtime":343,"items_purged":[],"score":142,"play_id":"9b6ef7c4-d3f3-4b32-8fd7-af3caf921038","local_time":"20190422172102","is_ascension_mode":true,"campfire_choices":[{"data":"Noxious Fumes","floor":7,"key":"SMITH"},{"data":"Envenom","floor":10,"key":"SMITH"}],"neow_cost":"TEN_PERCENT_HP_LOSS","seed_source_timestamp":4199110196926,"circlet_count":0,"master_deck":["AscendersBane","Defend_G","Defend_G","Defend_G","Defend_G","Defend_G","Strike_G","Strike_G","Strike_G","Strike_G","Strike_G","Survivor","Neutralize","All Out Attack","Wraith Form v2","Noxious Fumes+1","Envenom+1","Bane","Tactician","Calculated Gamble","Escape Plan"],"special_seed":0,"relics":["Ring of the Snake","Ginger","Bronze Scales","Anchor"],"potions_floor_usage":[11],"damage_taken":[{"damage":4.0,"enemies":"Small Slimes","floor":1.0,"turns":4.0},{"damage":1.0,"enemies":"Cultist","floor":2.0,"turns":4.0},{"damage":10,"enemies":"Jaw Worm","floor":4,"turns":6},{"damage":19,"enemies":"3 Sentries","floor":6,"turns":6},{"damage":10,"enemies":"Lagavulin","floor":11,"turns":6}],"seed_played":"-5560282465273164305","potions_obtained":[{"floor":6,"key":"Block Potion"}],"is_trial":false,"path_per_floor":["M","M","?","M","$","E","R","?","T","R","E"],"character_chosen":"THE_SILENT","items_purchased":["Tactician","Calculated Gamble"],"campfire_rested":0,"item_purchase_floors":[5,5],"current_hp_per_floor":[55,54,54,44,44,25,25,25,25,25,15],"gold":83,"neow_bonus":"ONE_RARE_RELIC","is_prod":false,"is_daily":false,"chose_seed":false,"campfire_upgraded":2,"win_rate":0,"timestamp":1555924862,"path_taken":["M","M","?","?","$","E","R","?","T","R","E"],"build_version":"2019-01-23","purchased_purges":0,"victory":false,"max_hp_per_floor":[60,60,60,60,60,60,60,60,60,60,60],"card_choices":[{"not_picked":["Dodge and Roll","Prepared"],"picked":"All Out Attack","floor":1.0},{"not_picked":["Eviscerate","Flying Knee"],"picked":"Wraith Form v2","floor":2.0},{"not_picked":["Slice","PiercingWail"],"picked":"Bane","floor":4},{"not_picked":["Deadly Poison","Concentrate"],"picked":"Escape Plan","floor":6}],"player_experience":4434497,"relics_obtained":[{"floor":6,"key":"Bronze Scales"},{"floor":9,"key":"Anchor"}],"event_choices":[{"damage_healed":0,"gold_gain":0,"player_choice":"2 cards matched","damage_taken":0,"max_hp_gain":0,"max_hp_loss":0,"event_name":"Match and Keep!","floor":3,"gold_loss":0,"cards_obtained":["Noxious Fumes","Envenom"]},{"damage_healed":0,"gold_gain":0,"player_choice":"Ignored","damage_taken":0,"max_hp_gain":0,"max_hp_loss":0,"event_name":"Liars Game","floor":8,"gold_loss":0}],"is_beta":false,"boss_relics":[],"items_purged_floors":[],"is_endless":false,"potions_floor_spawned":[6],"killed_by":"Lagavulin","ascension_level":20}