{"gold_per_floor":[111,42,42,42,56,56,331,132,178,178,78,101,140,158,158,288,288,311,327,352,227,251,251,289,289,289,304,154,168,191,206,206,327,327,352,365,190,190,523,523,536,536,615,615,647,197,197,211,211,211],"floor_reached":51,"playtime":1273,"items_purged":["Regret","Defend_G","Strike_G","Strike_G","Defend_G","Defend_G"],"score":847,"play_id":"1b440b19-81b4-4af4-9c99-c5c90a48729d","local_time":"20181115144122","is_ascension_mode":false,"campfire_choices":[{"data":"Noxious Fumes","floor":6.0,"key":"SMITH"},{"data":"Catalyst","floor":10.0,"key":"SMITH"},{"data":"Catalyst","floor":15.0,"key":"SMITH"},{"data":"Catalyst","floor":23.0,"key":"SMITH"},{"data":"Deadly Poison","floor":25.0,"key":"SMITH"},{"data":"Corpse Explosion","floor":32.0,"key":"SMITH"},{"data":"Burst","floor":40,"key":"SMITH"},{"data":"Venomology","floor":42,"key":"SMITH"},{"data":"Survivor","floor":49,"key":"SMITH"}],"neow_cost":"PERCENT_DAMAGE","seed_source_timestamp":16032395009196,"circlet_count":0,"master_deck":["Survivor+1","Neutralize","Catalyst+1","Deadly Poison+1","Catalyst+1","Corpse Explosion+1","Escape Plan","Catalyst+1","Escape Plan","Venomology+1","Burst+1","Escape Plan+1","Noxious Fumes+1"],"special_seed":0,"relics":["Ring of the Snake","PreservedInsect","Coffee Dripper","Bottled Lightning","Bottled Flame","Empty Cage","Paper Crane","Orichalcum","Anchor","Gremlin Horn"],"potions_floor_usage":[36,45,48,50],"damage_taken":[{"damage":0.0,"enemies":"Cultist","floor":1.0,"turns":5.0},{"damage":0.0,"enemies":"2 Louse","floor":5.0,"turns":3.0},{"damage":0.0,"enemies":"Jaw Worm","floor":12.0,"turns":3.0},{"damage":2.0,"enemies":"3 Sentries","floor":13.0,"turns":5.0},{"damage":0.0,"enemies":"Looter","floor":14.0,"turns":2.0},{"damage":24.0,"enemies":"Slime Boss","floor":16.0,"turns":7.0},{"damage":0.0,"enemies":"3 Byrds","floor":18.0,"turns":3.0},{"damage":2.0,"enemies":"2 Thieves","floor":19.0,"turns":2.0},{"damage":7.0,"enemies":"Snake Plant","floor":20.0,"turns":2.0},{"damage":0.0,"enemies":"Centurion and Healer","floor":22.0,"turns":2.0},{"damage":0.0,"enemies":"Slavers","floor":24.0,"turns":1.0},{"damage":0.0,"enemies":"Shelled Parasite and Fungi","floor":27.0,"turns":2.0},{"damage":0.0,"enemies":"3 Cultists","floor":29.0,"turns":2.0},{"damage":0.0,"enemies":"Centurion and Healer","floor":30.0,"turns":2.0},{"damage":0.0,"enemies":"Snake Plant","floor":31.0,"turns":2.0},{"damage":22.0,"enemies":"Automaton","floor":33.0,"turns":3.0},{"damage":0.0,"enemies":"Orb Walker","floor":35.0,"turns":2.0},{"damage":0,"enemies":"3 Darklings","floor":36,"turns":3},{"damage":0,"enemies":"Transient","floor":41,"turns":3},{"damage":0,"enemies":"Nemesis","floor":45,"turns":1},{"damage":0,"enemies":"Sphere and 2 Shapes","floor":48,"turns":2},{"damage":0,"enemies":"Donu and Deca","floor":50,"turns":2}],"seed_played":"7726557126184269795","potions_obtained":[{"floor":5.0,"key":"Block Potion"},{"floor":12.0,"key":"Regen Potion"},{"floor":14.0,"key":"Poison Potion"},{"floor":18.0,"key":"Swift Potion"},{"floor":19.0,"key":"SmokeBomb"},{"floor":22.0,"key":"AttackPotion"},{"floor":31.0,"key":"AttackPotion"},{"floor":33.0,"key":"SpeedPotion"},{"floor":36,"key":"Poison Potion"}],"is_trial":false,"path_per_floor":["M","$","?","?","M","R","?","$","T","R","$","M","E","E","M","R","B",null,"M","M","M","$","M","R","E","R","T","M","$","M","M","M","R","B",null,"M","M","$","?","?","R","M","R","T","?","E","$","T","M","R","B",null],"character_chosen":"THE_SILENT","items_purchased":["Noxious Fumes","Catalyst","Deadly Poison","Anchor","Poison Potion","SkillPotion"],"campfire_rested":0,"item_purchase_floors":[2,8,8,46,46,46],"current_hp_per_floor":[49,49,49,42,42,42,42,42,42,42,42,42,40,40,40,16,65,65,63,56,56,65,65,65,65,65,65,65,65,65,65,65,43,65,65,65,65,62,62,62,62,62,62,62,62,62,62,62,62,62],"gold":211,"neow_bonus":"REMOVE_TWO","is_prod":false,"is_daily":false,"chose_seed":false,"campfire_upgraded":9,"win_rate":0,"timestamp":1542264082,"path_taken":["M","$","?","?","M","R","?","$","T","R","$","M","E","M","R","BOSS","M","M","?","$","M","R","E","R","T","M","$","M","M","M","R","BOSS","M","M","$","?","?","R","M","R","T","?","E","$","?","M","R","BOSS"],"build_version":"2018-11-08","purchased_purges":6,"victory":true,"max_hp_per_floor":[70,70,65,65,65,65,65,65,65,65,65,65,65,65,65,65,65,65,65,65,65,65,65,65,65,65,65,65,65,65,65,65,65,65,65,65,65,62,62,62,62,62,62,62,62,62,62,62,62,62],"card_choices":[{"not_picked":["Bane","Quick Slash","Dodge and Roll"],"picked":"SKIP","floor":1.0},{"not_picked":["Dodge and Roll","Setup","Dagger Throw"],"picked":"SKIP","floor":5.0},{"not_picked":["Tactician","Cloak And Dagger","Underhanded Strike"],"picked":"SKIP","floor":12.0},{"not_picked":["Cloak And Dagger","Expertise"],"picked":"Catalyst","floor":13.0},{"not_picked":["Riddle With Holes","Prepared","Acrobatics"],"picked":"SKIP","floor":14.0},{"not_picked":["Envenom","Adrenaline"],"picked":"Corpse Explosion","floor":16.0},{"not_picked":["Backflip","Bouncing Flask","Deflect"],"picked":"SKIP","floor":18.0},{"not_picked":["Dagger Throw+1","Underhanded Strike+1"],"picked":"Escape Plan","floor":19.0},{"not_picked":["Dagger Throw","Flying Knee+1"],"picked":"Catalyst","floor":20.0},{"not_picked":["Accuracy","Skewer+1","Outmaneuver+1"],"picked":"SKIP","floor":22.0},{"not_picked":["Prepared+1","Dodge and Roll+1","Cloak And Dagger+1"],"picked":"SKIP","floor":24.0},{"not_picked":["Heel Hook","Dagger Spray"],"picked":"Escape Plan","floor":27.0},{"not_picked":["Backflip+1","Blade Dance","Terror"],"picked":"SKIP","floor":29.0},{"not_picked":["Flying Knee+1","Dodge and Roll","Deadly Poison"],"picked":"SKIP","floor":30.0},{"not_picked":["Accuracy","PiercingWail"],"picked":"Venomology","floor":31.0},{"not_picked":["Venomology","Corpse Explosion"],"picked":"Burst","floor":33.0},{"not_picked":["Poisoned Stab+1","Concentrate+1"],"picked":"Escape Plan+1","floor":35.0},{"not_picked":["All Out Attack+1","Setup","Backflip"],"picked":"SKIP","floor":36},{"not_picked":["Endless Agony+1","Reflex","Tactician"],"picked":"SKIP","floor":41},{"not_picked":["Setup+1","Deflect+1"],"picked":"Noxious Fumes+1","floor":45},{"not_picked":["Heel Hook+1","Prepared+1","Dagger Spray+1"],"picked":"SKIP","floor":48}],"player_experience":1022362,"relics_obtained":[{"floor":9.0,"key":"PreservedInsect"},{"floor":24.0,"key":"Bottled Lightning"},{"floor":26.0,"key":"Bottled Flame"},{"floor":43,"key":"Paper Crane"},{"floor":45,"key":"Orichalcum"},{"floor":47,"key":"Gremlin Horn"}],"event_choices":[{"damage_healed":0.0,"max_hp_gain":0.0,"max_hp_loss":5.0,"gold_gain":0.0,"event_name":"Golden Idol","player_choice":"Lose Max HP","floor":3.0,"gold_loss":0.0,"damage_taken":0.0,"relics_obtained":["Golden Idol"]},{"cards_removed":["Strike_G"],"damage_healed":0.0,"max_hp_gain":0.0,"max_hp_loss":0.0,"gold_gain":0.0,"event_name":"Golden Wing","player_choice":"Card Removal","floor":4.0,"gold_loss":0.0,"damage_taken":7.0},{"damage_healed":0.0,"max_hp_gain":0.0,"max_hp_loss":0.0,"gold_gain":275.0,"event_name":"Golden Shrine","player_choice":"Desecrate","floor":7.0,"gold_loss":0.0,"damage_taken":0.0,"cards_obtained":["Regret"]},{"damage_healed":0,"gold_gain":0,"player_choice":"Max HP","damage_taken":0,"max_hp_gain":0,"max_hp_loss":3,"event_name":"Winding Halls","floor":38,"gold_loss":0},{"damage_healed":0,"gold_gain":333,"player_choice":"Gave Idol","damage_taken":0,"max_hp_gain":0,"max_hp_loss":0,"event_name":"The Moai Head","floor":39,"relics_lost":["Golden Idol"],"gold_loss":0},{"cards_removed":["Noxious Fumes"],"damage_healed":0,"gold_gain":0,"player_choice":"Removed Power","damage_taken":0,"max_hp_gain":0,"max_hp_loss":0,"event_name":"Falling","floor":44,"gold_loss":0}],"is_beta":false,"boss_relics":[{"not_picked":["Runic Dome","Black Star"],"picked":"Coffee Dripper"},{"not_picked":["Snecko Eye","Lizard Tail"],"picked":"Empty Cage"}],"items_purged_floors":[8,11,21,28,37,46],"is_endless":false,"potions_floor_spawned":[5,12,14,18,19,22,24,31,33,36,41,45,48],"ascension_level":0}