{"gold_per_floor":[112,112,27,27,41,41,75,93,116,116,150,160,160,186,186,265,265,278,328,303,353,363,363,69,104,131,131,381,381,401,435,435,508,508,522,672,216,226,256,289,289,315,342,342,360,371,438,488,488,488,488,488,488,79,113,113],"floor_reached":56,"playtime":3438,"items_purged":["Strike_B","Defend_B","Defend_B"],"score":1943,"play_id":"4b1a6311-7cc3-4a68-b56e-c0f1bcbcc52b","local_time":"20190213090919","is_ascension_mode":true,"campfire_choices":[{"data":"Consume","floor":6.0,"key":"SMITH"},{"data":"Capacitor","floor":10.0,"key":"SMITH"},{"data":"Dualcast","floor":13.0,"key":"SMITH"},{"data":"Hologram","floor":15.0,"key":"SMITH"},{"floor":23.0,"key":"REST"},{"data":"Coolheaded","floor":27.0,"key":"SMITH"},{"floor":29.0,"key":"REST"},{"data":"Skim","floor":32.0,"key":"SMITH"},{"data":"True Grit","floor":41.0,"key":"SMITH"},{"data":"Defragment","floor":44.0,"key":"SMITH"},{"floor":49.0,"key":"RECALL"},{"data":"Turbo","floor":53.0,"key":"SMITH"}],"neow_cost":"NONE","seed_source_timestamp":354905717575,"circlet_count":0,"master_deck":["AscendersBane","Defend_B","Zap","Dualcast+1","Capacitor+1","Hologram+1","Consume+1","Cold Snap","Coolheaded+1","Turbo+1","Hyperbeam","Undo","Electrodynamics","Skim+1","Self Repair","Undo+1","Defragment+1","True Grit+1","Bullet Time","Footwork","Parasite","Finesse"],"special_seed":0,"relics":["Cracked Core","NeowsBlessing","SsserpentHead","Art of War","Oddly Smooth Stone","Strawberry","Sundial","Inserter","Runic Capacitor","Regal Pillow","DataDisk","Dodecahedron","Empty Cage","Pocketwatch","PrismaticShard","Pen Nib","Unceasing Top","Letter Opener","Mercury Hourglass"],"potions_floor_usage":[56,56],"damage_taken":[{"damage":0.0,"enemies":"Small Slimes","floor":1.0,"turns":1.0},{"damage":0.0,"enemies":"Cultist","floor":5.0,"turns":1.0},{"damage":0.0,"enemies":"Gremlin Nob","floor":7.0,"turns":1.0},{"damage":8.0,"enemies":"2 Louse","floor":8.0,"turns":2.0},{"damage":4.0,"enemies":"Lagavulin","floor":11.0,"turns":8.0},{"damage":9.0,"enemies":"Exordium Thugs","floor":12.0,"turns":4.0},{"damage":10.0,"enemies":"3 Sentries","floor":14.0,"turns":6.0},{"damage":24.0,"enemies":"Slime Boss","floor":16.0,"turns":9.0},{"damage":24.0,"enemies":"2 Thieves","floor":18.0,"turns":3.0},{"damage":6.0,"enemies":"3 Byrds","floor":22.0,"turns":2.0},{"damage":7.0,"enemies":"Slavers","floor":25.0,"turns":3.0},{"damage":15.0,"enemies":"Sentry and Sphere","floor":30.0,"turns":7.0},{"damage":32.0,"enemies":"Gremlin Leader","floor":31.0,"turns":7.0},{"damage":8.0,"enemies":"Champ","floor":33.0,"turns":12.0},{"damage":2.0,"enemies":"3 Shapes","floor":35.0,"turns":4.0},{"damage":1.0,"enemies":"Mind Bloom Boss Battle","floor":36.0,"turns":8.0},{"damage":4.0,"enemies":"Orb Walker","floor":38.0,"turns":4.0},{"damage":17.0,"enemies":"Nemesis","floor":40.0,"turns":29.0},{"damage":7.0,"enemies":"Giant Head","floor":42.0,"turns":9.0},{"damage":0.0,"enemies":"Jaw Worm Horde","floor":45.0,"turns":4.0},{"damage":7.0,"enemies":"4 Shapes","floor":46.0,"turns":2.0},{"damage":0.0,"enemies":"Writhing Mass","floor":47.0,"turns":7.0},{"damage":36.0,"enemies":"Awakened One","floor":50.0,"turns":15.0},{"damage":37.0,"enemies":"Time Eater","floor":51.0,"turns":13.0},{"damage":53.0,"enemies":"Shield and Spear","floor":55.0,"turns":8.0},{"damage":52,"enemies":"The Heart","floor":56,"turns":3}],"seed_played":"6924400747005014125","potions_obtained":[{"floor":1.0,"key":"GamblersBrew"},{"floor":7.0,"key":"Dexterity Potion"},{"floor":12.0,"key":"Ancient Potion"},{"floor":25.0,"key":"Strength Potion"},{"floor":31.0,"key":"Swift Potion"},{"floor":39.0,"key":"Ancient Potion"},{"floor":42.0,"key":"Block Potion"},{"floor":45.0,"key":"EssenceOfSteel"},{"floor":55.0,"key":"Block Potion"}],"is_trial":false,"path_per_floor":["M","?","$","?","M","R","E","M","T","R","E","M","R","E","R","B",null,"M","?","?","?","M","R","$","E","T","R","?","R","M","E","R","B",null,"M","?","$","M","?","E","R","E","T","R","M","M","M","?","R","B","B",null,"R","$","E","B"],"character_chosen":"DEFECT","items_purchased":["Consume","Runic Capacitor","PrismaticShard","Defragment","AttackPotion","Letter Opener"],"campfire_rested":2,"item_purchase_floors":[3,24,37,37,37,54],"current_hp_per_floor":[64,64,64,64,64,64,64,56,56,56,59,50,50,40,40,16,63,39,17,17,17,11,35,35,35,35,35,35,74,66,41,41,40,72,77,83,83,83,83,73,73,73,73,73,80,73,80,79,79,50,20,64,64,64,18,0],"gold":113,"neow_bonus":"THREE_ENEMY_KILL","is_prod":false,"is_daily":false,"chose_seed":false,"campfire_upgraded":9,"win_rate":0,"timestamp":1550020159,"path_taken":["M","?","$","?","M","R","E","M","T","R","E","M","R","E","R","BOSS","M","?","?","?","M","R","$","E","T","R","?","R","M","E","R","BOSS","M","?","$","M","?","E","R","E","T","R","M","M","?","?","R","BOSS","BOSS","R","$","E","BOSS"],"build_version":"2019-01-23","purchased_purges":3,"victory":false,"max_hp_per_floor":[71,71,71,71,71,71,71,71,71,71,78,78,78,78,78,78,78,78,83,83,83,83,83,83,83,83,83,83,83,83,83,83,83,83,83,83,83,83,83,83,83,83,83,83,83,83,83,79,79,79,79,79,79,79,79,79],"card_choices":[{"not_picked":["Ball Lightning","Steam Power"],"picked":"Capacitor","floor":1.0},{"not_picked":["Sunder","Sweeping Beam"],"picked":"Cold Snap","floor":5.0},{"not_picked":["Go for the Eyes","Sweeping Beam"],"picked":"Coolheaded","floor":7.0},{"not_picked":["Sweeping Beam","Turbo","Go for the Eyes"],"picked":"SKIP","floor":8.0},{"not_picked":["Sweeping Beam","Go for the Eyes"],"picked":"Turbo","floor":8.0},{"not_picked":["Hyperbeam","Streamline","FTL"],"picked":"SKIP","floor":11.0},{"not_picked":["Streamline","FTL"],"picked":"Hyperbeam","floor":11.0},{"not_picked":["Static Discharge","Compile Driver","Hologram"],"picked":"SKIP","floor":12.0},{"not_picked":["Streamline","Skim"],"picked":"Undo","floor":14.0},{"not_picked":["Thunder Strike","Meteor Strike"],"picked":"Electrodynamics","floor":16.0},{"not_picked":["Gash","Streamline+1"],"picked":"Skim","floor":18.0},{"not_picked":["Stack","Chaos"],"picked":"Self Repair","floor":22.0},{"not_picked":["Ball Lightning","Hologram","Stack+1"],"picked":"SKIP","floor":25.0},{"not_picked":["Coolheaded","Hologram"],"picked":"Undo+1","floor":30.0},{"not_picked":["Gash","Stack","Multi-Cast"],"picked":"SKIP","floor":31.0},{"not_picked":["Aggregate+1","Ball Lightning","Compile Driver+1"],"picked":"SKIP","floor":35.0},{"not_picked":["Sucker Punch+1","Masterful Stab+1"],"picked":"True Grit","floor":38.0},{"not_picked":["Outmaneuver","Havoc"],"picked":"Bullet Time","floor":40.0},{"not_picked":["Carnage","Streamline","Deflect"],"picked":"SKIP","floor":42.0},{"not_picked":["Thunderclap","Catalyst+1"],"picked":"Footwork","floor":45.0},{"not_picked":["Pommel Strike","Backstab","Wild Strike+1"],"picked":"SKIP","floor":46.0},{"not_picked":["Slice+1","Beam Cell","Fusion"],"picked":"SKIP","floor":47.0},{"not_picked":["Coolheaded","Ball Lightning+1"],"picked":"Finesse","floor":55.0}],"player_experience":2668787,"relics_obtained":[{"floor":7.0,"key":"Art of War"},{"floor":9.0,"key":"Oddly Smooth Stone"},{"floor":11.0,"key":"Strawberry"},{"floor":14.0,"key":"Sundial"},{"floor":25.0,"key":"Regal Pillow"},{"floor":26.0,"key":"DataDisk"},{"floor":31.0,"key":"Dodecahedron"},{"floor":36.0,"key":"Pocketwatch"},{"floor":40.0,"key":"Pen Nib"},{"floor":42.0,"key":"Unceasing Top"},{"floor":55.0,"key":"Mercury Hourglass"}],"event_choices":[{"damage_healed":0.0,"max_hp_gain":0.0,"max_hp_loss":0.0,"gold_gain":0.0,"cards_transformed":["Strike_B"],"event_name":"Living Wall","player_choice":"Change","floor":2.0,"gold_loss":0.0,"damage_taken":0.0,"cards_obtained":["Hologram"]},{"damage_healed":0.0,"max_hp_gain":0.0,"max_hp_loss":0.0,"gold_gain":0.0,"event_name":"FaceTrader","player_choice":"Trade","floor":4.0,"gold_loss":0.0,"damage_taken":0.0,"relics_obtained":["SsserpentHead"]},{"damage_healed":0.0,"max_hp_gain":5.0,"max_hp_loss":0.0,"gold_gain":0.0,"event_name":"Forgotten Altar","player_choice":"Shed Blood","floor":19.0,"gold_loss":0.0,"damage_taken":27.0},{"cards_removed":["Strike_B"],"damage_healed":0.0,"max_hp_gain":0.0,"max_hp_loss":0.0,"gold_gain":0.0,"event_name":"Beggar","player_choice":"Gave Gold","floor":20.0,"gold_loss":75.0,"damage_taken":0.0},{"damage_healed":0.0,"max_hp_gain":0.0,"max_hp_loss":0.0,"gold_gain":0.0,"event_name":"Vampires","player_choice":"Ignored","floor":21.0,"gold_loss":0.0,"damage_taken":0.0},{"damage_healed":0.0,"max_hp_gain":0.0,"max_hp_loss":0.0,"gold_gain":200.0,"event_name":"Wheel of Change","player_choice":"Gold","floor":28.0,"gold_loss":0.0,"damage_taken":0.0},{"damage_healed":0.0,"max_hp_gain":0.0,"max_hp_loss":0.0,"gold_gain":0.0,"event_name":"MindBloom","player_choice":"Fight","floor":36.0,"gold_loss":0.0,"damage_taken":0.0},{"damage_healed":0.0,"max_hp_gain":0.0,"max_hp_loss":0.0,"gold_gain":0.0,"event_name":"The Woman in Blue","player_choice":"Bought 1 Potion","floor":39.0,"gold_loss":0.0,"damage_taken":0.0},{"damage_healed":0.0,"max_hp_gain":0.0,"max_hp_loss":4.0,"gold_gain":0.0,"event_name":"Winding Halls","player_choice":"Max HP","floor":48.0,"gold_loss":0.0,"damage_taken":0.0}],"is_beta":false,"boss_relics":[{"not_picked":["Nuclear Battery","Astrolabe"],"picked":"Inserter"},{"not_picked":["Eternal Feather","Velvet Choker"],"picked":"Empty Cage"}],"items_purged_floors":[24,37,54],"is_endless":false,"potions_floor_spawned":[1,7,12,14,22,25,31,38,40,42,45,55],"killed_by":"The Heart","ascension_level":20}