{"gold_per_floor":[112,38,51,1,76,76,89,89,114,114,125,144,156,29,29,29],"floor_reached":16,"playtime":443,"items_purged":[],"score":110,"play_id":"7c7e3161-8016-420a-aa40-b91a4b251512","local_time":"20181009123054","is_ascension_mode":true,"campfire_choices":[{"data":"Zap","floor":6,"key":"SMITH"},{"data":"Dualcast","floor":8,"key":"SMITH"},{"data":"Gash","floor":10,"key":"SMITH"},{"data":"Capacitor","floor":15,"key":"SMITH"}],"neow_cost":"NONE","seed_source_timestamp":6699811172523,"circlet_count":0,"master_deck":["Strike_B","Strike_B","Strike_B","Defend_B","Defend_B","Defend_B","Zap+1","Dualcast+1","Gash+1","Machine Learning","Self Repair","Leap","Capacitor","Capacitor+1","Cold Snap","Purity"],"relics":["Cracked Core","Smiling Mask"],"potions_floor_usage":[16,16],"damage_taken":[{"damage":2,"enemies":"2 Louse","floor":1,"turns":2},{"damage":0,"enemies":"Small Slimes","floor":3,"turns":2},{"damage":12,"enemies":"Jaw Worm","floor":7,"turns":3},{"damage":3,"enemies":"Blue Slaver","floor":11,"turns":3},{"damage":6,"enemies":"Looter","floor":12,"turns":2},{"damage":10,"enemies":"Exordium Wildlife","floor":13,"turns":6},{"damage":66,"enemies":"Slime Boss","floor":16,"turns":13}],"seed_played":"5503976667428093282","potions_obtained":[{"floor":7,"key":"GamblersBrew"},{"floor":12,"key":"SpeedPotion"}],"is_trial":false,"path_per_floor":["M","$","M","?","?","R","M","R","T","R","M","M","M","$","R"],"character_chosen":"DEFECT","items_purchased":["Machine Learning","Cold Snap","Purity"],"campfire_rested":0,"item_purchase_floors":[2,14,14],"current_hp_per_floor":[73,73,73,73,62,62,57,57,57,57,61,62,59,59,59,0],"gold":29,"neow_bonus":"REMOVE_CARD","is_prod":false,"is_daily":false,"chose_seed":false,"campfire_upgraded":4,"win_rate":0,"timestamp":1539059454,"path_taken":["M","$","M","?","?","R","M","R","T","R","M","M","M","?","R","BOSS"],"build_version":"2018-10-04v2","purchased_purges":0,"victory":false,"max_hp_per_floor":[75,75,75,75,75,75,75,75,75,75,75,75,75,75,75,75],"card_choices":[{"not_picked":["Sweeping Beam","Skim"],"picked":"Gash","floor":1},{"not_picked":["Conserve Battery","Barrage"],"picked":"Self Repair","floor":3},{"not_picked":["Rebound","Redo"],"picked":"Leap","floor":7},{"not_picked":["Cold Snap","Hologram","Compile Driver"],"picked":"SKIP","floor":11},{"not_picked":["Chill","Compile Driver"],"picked":"Capacitor","floor":12},{"not_picked":["Conserve Battery","Cold Snap"],"picked":"Capacitor","floor":13}],"player_experience":29986,"relics_obtained":[{"floor":9,"key":"Smiling Mask"}],"event_choices":[{"event_name":"The Cleric","player_choice":"Card Removal","floor":4,"damage_taken":0},{"event_name":"World of Goop","player_choice":"Gather Gold","floor":5,"damage_taken":0}],"is_beta":false,"boss_relics":[],"items_purged_floors":[],"is_endless":false,"potions_floor_spawned":[7,12],"killed_by":"Slime Boss","ascension_level":4}