{"gold_per_floor":[119,130,25,25,48,48,48,82,82,123,144,162,142,183,183,274,274,288,311,346,361,361,361,395,395,477,493,493,534,557,632,632,731,731,747,768,784,852,569,569,284,323,348,348,348,386,208,251,251,251,251,251,33,66,66],"floor_reached":56,"playtime":4034,"items_purged":["Strike_G","Backflip","Calculated Gamble+1"],"score":2258,"play_id":"bdb5111a-1a04-4165-85ac-7c04e3ac55cb","local_time":"20190314032209","is_ascension_mode":true,"campfire_choices":[{"data":"Bouncing Flask","floor":6.0,"key":"SMITH"},{"data":"Calculated Gamble","floor":15.0,"key":"SMITH"},{"floor":23.0,"key":"REST"},{"data":"Tactician","floor":28.0,"key":"SMITH"},{"data":"Night Terror","floor":32.0,"key":"SMITH"},{"data":"Acrobatics","floor":40.0,"key":"SMITH"},{"data":"Well Laid Plans","floor":44.0,"key":"SMITH"},{"floor":49.0,"key":"RECALL"},{"data":"Madness","floor":52.0,"key":"PURGE"}],"neow_cost":"PERCENT_DAMAGE","seed_source_timestamp":729691489597,"circlet_count":0,"master_deck":["AscendersBane","Defend_G","Defend_G","Defend_G","Defend_G","Defend_G","Survivor","Neutralize+1","After Image","Backstab+1","Bouncing Flask+1","Noxious Fumes","Tactician+1","Backflip","Acrobatics+1","Calculated Gamble+1","Night Terror+1","Prepared","Malaise","Adrenaline","Well Laid Plans+1","Madness","Blur+1","PanicButton+1","Venomology+1"],"special_seed":0,"relics":["Ring of the Snake","Golden Idol","Peace Pipe","FossilizedHelix","Nunchaku","Boot","Empty Cage","Red Mask","Whetstone","Meat on the Bone","Mummified Hand","Coffee Dripper","OrangePellets","TheAbacus","Ice Cream","Bag of Preparation","Toxic Egg 2","Bottled Lightning","Kunai"],"potions_floor_usage":[55,55],"damage_taken":[{"damage":0.0,"enemies":"Small Slimes","floor":1.0,"turns":8.0},{"damage":0.0,"enemies":"2 Louse","floor":2.0,"turns":3.0},{"damage":0.0,"enemies":"Cultist","floor":5.0,"turns":4.0},{"damage":16.0,"enemies":"Lagavulin","floor":8.0,"turns":7.0},{"damage":9.0,"enemies":"Gremlin Nob","floor":10.0,"turns":5.0},{"damage":0.0,"enemies":"Looter","floor":11.0,"turns":3.0},{"damage":0.0,"enemies":"Lots of Slimes","floor":12.0,"turns":5.0},{"damage":15.0,"enemies":"3 Sentries","floor":14.0,"turns":9.0},{"damage":11.0,"enemies":"Slime Boss","floor":16.0,"turns":10.0},{"damage":0.0,"enemies":"Spheric Guardian","floor":18.0,"turns":3.0},{"damage":6.0,"enemies":"Chosen","floor":19.0,"turns":5.0},{"damage":22.0,"enemies":"Masked Bandits","floor":20.0,"turns":5.0},{"damage":11.0,"enemies":"Snake Plant","floor":21.0,"turns":8.0},{"damage":0.0,"enemies":"Colosseum Slavers","floor":22.0,"turns":5.0},{"damage":14.0,"enemies":"Book of Stabbing","floor":24.0,"turns":14.0},{"damage":20.0,"enemies":"Cultist and Chosen","floor":27.0,"turns":7.0},{"damage":12.0,"enemies":"Gremlin Leader","floor":29.0,"turns":10.0},{"damage":0.0,"enemies":"Chosen and Byrds","floor":30.0,"turns":9.0},{"damage":25.0,"enemies":"Collector","floor":33.0,"turns":12.0},{"damage":0.0,"enemies":"Orb Walker","floor":35.0,"turns":4.0},{"damage":0.0,"enemies":"3 Shapes","floor":36.0,"turns":4.0},{"damage":6.0,"enemies":"Jaw Worm Horde","floor":37.0,"turns":5.0},{"damage":0.0,"enemies":"Giant Head","floor":42.0,"turns":8.0},{"damage":0.0,"enemies":"Reptomancer","floor":46.0,"turns":6.0},{"damage":0.0,"enemies":"Nemesis","floor":48.0,"turns":7.0},{"damage":0.0,"enemies":"Donu and Deca","floor":50.0,"turns":7.0},{"damage":8.0,"enemies":"Shield and Spear","floor":54.0,"turns":8.0},{"damage":5,"enemies":"The Heart","floor":55,"turns":12}],"seed_played":"-1639453641998994617","potions_obtained":[{"floor":1.0,"key":"Regen Potion"},{"floor":10.0,"key":"GhostInAJar"},{"floor":13.0,"key":"PowerPotion"},{"floor":16.0,"key":"GhostInAJar"},{"floor":21.0,"key":"PowerPotion"},{"floor":29.0,"key":"EssenceOfSteel"},{"floor":30.0,"key":"SteroidPotion"},{"floor":35.0,"key":"Strength Potion"},{"floor":46.0,"key":"Swift Potion"},{"floor":54.0,"key":"Weak Potion"}],"is_trial":false,"path_per_floor":["M","M","$","?","M","R","?","E","T","E","M","M","?","E","R","B",null,"M","M","?","M","?","R","E","?","T","M","R","E","M","?","R","B",null,"M","M","M","T","$","R","$","E","T","R","?","E","$","E","R","B",null,"R","$","E","B",null],"character_chosen":"THE_SILENT","items_purchased":["Bouncing Flask","Noxious Fumes","OrangePellets","TheAbacus","Regen Potion","Blur+1","PanicButton+1"],"campfire_rested":1,"item_purchase_floors":[3,3,39,41,41,47,53],"current_hp_per_floor":[45,45,45,45,45,45,45,29,29,20,20,35,35,20,20,9,51,51,45,23,12,12,31,17,38,38,30,30,30,42,36,36,23,55,55,55,49,49,49,49,49,49,49,49,41,53,53,53,53,53,62,62,62,54,49],"gold":66,"neow_bonus":"TRANSFORM_TWO_CARDS","is_prod":false,"is_daily":false,"chose_seed":false,"campfire_upgraded":6,"win_rate":0,"timestamp":1552501329,"path_taken":["M","M","$","?","M","R","?","E","T","E","?","M","?","E","R","BOSS","M","?","?","M","?","R","E","?","T","M","R","E","?","?","R","BOSS","M","?","M","?","$","R","$","E","T","R","?","E","?","E","R","BOSS","R","$","E","BOSS"],"build_version":"2019-01-23","purchased_purges":3,"victory":true,"max_hp_per_floor":[70,70,70,65,65,65,65,65,65,65,65,65,65,65,65,65,65,65,65,65,65,65,65,65,65,65,65,65,65,65,65,65,65,65,65,65,65,65,65,65,65,65,65,65,65,65,65,65,65,65,65,65,65,65,65],"card_choices":[{"not_picked":["Catalyst","PiercingWail"],"picked":"Backstab","floor":1.0},{"not_picked":["Poisoned Stab","Cloak And Dagger","Deflect"],"picked":"SKIP","floor":2.0},{"not_picked":["Quick Slash","Flying Knee","Concentrate"],"picked":"SKIP","floor":5.0},{"not_picked":["Backstab","Blade Dance"],"picked":"Backflip","floor":8.0},{"not_picked":["Dash","Bullet Time"],"picked":"Acrobatics","floor":10.0},{"not_picked":["Quick Slash","Dagger Throw","Dagger Spray"],"picked":"SKIP","floor":11.0},{"not_picked":["Distraction","Finisher","Underhanded Strike"],"picked":"SKIP","floor":12.0},{"not_picked":["Distraction","Finisher","Underhanded Strike"],"picked":"SKIP","floor":12.0},{"not_picked":["Slice","Predator"],"picked":"Calculated Gamble","floor":14.0},{"not_picked":["Storm of Steel","Glass Knife"],"picked":"Night Terror","floor":16.0},{"not_picked":["Riddle With Holes","Distraction","Slice"],"picked":"SKIP","floor":18.0},{"not_picked":["Poisoned Stab","Accuracy"],"picked":"Calculated Gamble+1","floor":19.0},{"not_picked":["Terror","Riddle With Holes","Backflip"],"picked":"SKIP","floor":21.0},{"not_picked":["Terror","Riddle With Holes"],"picked":"Backflip","floor":21.0},{"not_picked":["Glass Knife","Dodge and Roll","Flying Knee"],"picked":"SKIP","floor":24.0},{"not_picked":["Backflip","Flying Knee"],"picked":"Prepared","floor":27.0},{"not_picked":["Quick Slash","Glass Knife"],"picked":"Malaise","floor":29.0},{"not_picked":["Flechettes","PiercingWail","Sucker Punch"],"picked":"SKIP","floor":30.0},{"not_picked":["Doppelganger","Die Die Die"],"picked":"Adrenaline","floor":33.0},{"not_picked":["Leg Sweep","PiercingWail","Dash"],"picked":"SKIP","floor":35.0},{"not_picked":["Masterful Stab","Finisher"],"picked":"Well Laid Plans","floor":36.0},{"not_picked":["Flying Knee+1","Dodge and Roll","Blade Dance+1"],"picked":"SKIP","floor":37.0},{"not_picked":["Blade Dance+1","Accuracy+1","Cloak And Dagger"],"picked":"SKIP","floor":42.0},{"not_picked":["Slice","Terror","All Out Attack"],"picked":"SKIP","floor":46.0},{"not_picked":["Backstab","Leg Sweep+1","Die Die Die"],"picked":"SKIP","floor":48.0},{"not_picked":["Eviscerate+1","Backflip+1"],"picked":"Venomology+1","floor":54.0}],"player_experience":86574,"relics_obtained":[{"floor":8.0,"key":"Peace Pipe"},{"floor":9.0,"key":"FossilizedHelix"},{"floor":10.0,"key":"Nunchaku"},{"floor":14.0,"key":"Boot"},{"floor":20.0,"key":"Red Mask"},{"floor":24.0,"key":"Whetstone"},{"floor":26.0,"key":"Meat on the Bone"},{"floor":29.0,"key":"Mummified Hand"},{"floor":42.0,"key":"Ice Cream"},{"floor":43.0,"key":"Bag of Preparation"},{"floor":46.0,"key":"Toxic Egg 2"},{"floor":48.0,"key":"Bottled Lightning"},{"floor":54.0,"key":"Kunai"}],"event_choices":[{"damage_healed":0.0,"max_hp_gain":0.0,"max_hp_loss":5.0,"gold_gain":0.0,"event_name":"Golden Idol","player_choice":"Lose Max HP","floor":4.0,"gold_loss":0.0,"damage_taken":0.0,"relics_obtained":["Golden Idol"]},{"damage_healed":0.0,"max_hp_gain":0.0,"max_hp_loss":0.0,"gold_gain":0.0,"cards_transformed":["Eviscerate"],"event_name":"Transmorgrifier","player_choice":"Transformed","floor":7.0,"gold_loss":0.0,"damage_taken":0.0,"cards_obtained":["Tactician"]},{"damage_healed":0.0,"max_hp_gain":0.0,"max_hp_loss":0.0,"gold_gain":0.0,"event_name":"The Woman in Blue","player_choice":"Bought 1 Potion","floor":13.0,"gold_loss":0.0,"damage_taken":0.0},{"damage_healed":0.0,"max_hp_gain":0.0,"max_hp_loss":0.0,"gold_gain":0.0,"event_name":"Masked Bandits","player_choice":"Fought Bandits","floor":20.0,"gold_loss":0.0,"damage_taken":0.0},{"damage_healed":0.0,"max_hp_gain":0.0,"max_hp_loss":0.0,"gold_gain":0.0,"event_name":"Colosseum","player_choice":"Fight","floor":22.0,"gold_loss":0.0,"damage_taken":0.0},{"damage_healed":0.0,"max_hp_gain":0.0,"max_hp_loss":0.0,"gold_gain":0.0,"event_name":"Colosseum","player_choice":"Fled From Nobs","floor":22.0,"gold_loss":0.0,"damage_taken":0.0},{"damage_healed":21.0,"max_hp_gain":0.0,"max_hp_loss":0.0,"gold_gain":0.0,"event_name":"The Library","player_choice":"Heal","floor":25.0,"gold_loss":0.0,"damage_taken":0.0},{"damage_healed":0.0,"max_hp_gain":0.0,"max_hp_loss":0.0,"gold_gain":75.0,"event_name":"FaceTrader","player_choice":"Touch","floor":31.0,"gold_loss":0.0,"damage_taken":6.0},{"damage_healed":0.0,"max_hp_gain":0.0,"max_hp_loss":0.0,"gold_gain":0.0,"event_name":"Winding Halls","player_choice":"Embrace Madness","floor":45.0,"gold_loss":0.0,"damage_taken":8.0,"cards_obtained":["Madness","Madness"]}],"is_beta":false,"boss_relics":[{"not_picked":["Velvet Choker","Cursed Key"],"picked":"Empty Cage"},{"not_picked":["Black Star","Runic Dome"],"picked":"Coffee Dripper"}],"items_purged_floors":[39,47,53],"is_endless":false,"potions_floor_spawned":[1,10,14,16,19,21,29,30,35,36,37,46,48,54],"ascension_level":13}