{"gold_per_floor":[118,136,136,136,146,146,71,101,101,101,114,94],"floor_reached":12,"playtime":592,"items_purged":["Strike_B"],"score":156,"play_id":"852bcfce-a659-4c1b-9c08-e21e03f601ae","local_time":"20190123222504","is_ascension_mode":true,"campfire_choices":[{"data":"Rip and Tear","floor":6,"key":"SMITH"},{"data":"Loop","floor":10,"key":"SMITH"}],"neow_cost":"TEN_PERCENT_HP_LOSS","seed_source_timestamp":32477800443383,"circlet_count":0,"master_deck":["AscendersBane","Strike_B","Defend_B","Defend_B","Defend_B","Zap","Dualcast","Genetic Algorithm","Echo Form","Rip and Tear+1","Loop+1","Echo Form"],"relics":["Cracked Core","Shuriken","Art of War"],"potions_floor_usage":[],"damage_taken":[{"damage":3,"enemies":"Cultist","floor":1,"turns":4},{"damage":7,"enemies":"Small Slimes","floor":2,"turns":4},{"damage":5,"enemies":"Jaw Worm","floor":5,"turns":3},{"damage":10,"enemies":"Lagavulin","floor":8,"turns":7},{"damage":35,"enemies":"Gremlin Gang","floor":11,"turns":4},{"damage":11,"enemies":"Exordium Thugs","floor":12,"turns":1}],"seed_played":"-8153265075934071142","potions_obtained":[{"floor":8,"key":"SpeedPotion"}],"is_trial":false,"path_per_floor":["M","M","?","?","M","R","$","E","T","R","M","M"],"character_chosen":"DEFECT","items_purchased":[],"campfire_rested":0,"item_purchase_floors":[],"current_hp_per_floor":[61,54,54,54,49,49,49,39,39,39,4,0],"gold":94,"neow_bonus":"TRANSFORM_TWO_CARDS","is_prod":false,"is_daily":false,"chose_seed":false,"campfire_upgraded":2,"win_rate":0,"timestamp":1548253504,"path_taken":["M","?","?","?","?","R","?","E","T","R","M","M"],"build_version":"2019-01-17v2","purchased_purges":1,"victory":false,"max_hp_per_floor":[64,64,64,64,64,64,64,64,64,64,64,64],"card_choices":[{"not_picked":["Cold Snap","Barrage"],"picked":"Rip and Tear","floor":1},{"not_picked":["Hologram","Streamline"],"picked":"Loop","floor":2},{"not_picked":["Rebound","Hologram","Beam Cell"],"picked":"SKIP","floor":5},{"not_picked":["Defragment","Barrage"],"picked":"Echo Form","floor":8},{"not_picked":["Sweeping Beam","Hologram","Cold Snap"],"picked":"SKIP","floor":11}],"player_experience":2182672,"relics_obtained":[{"floor":8,"key":"Shuriken"},{"floor":9,"key":"Art of War"}],"event_choices":[{"damage_healed":0,"gold_gain":0,"player_choice":"Ignored","damage_taken":0,"max_hp_gain":0,"max_hp_loss":0,"event_name":"Liars Game","floor":3,"gold_loss":0},{"cards_removed":["Defend_B"],"damage_healed":0,"gold_gain":0,"player_choice":"Offered Basic","damage_taken":0,"max_hp_gain":0,"max_hp_loss":0,"event_name":"Bonfire Elementals","floor":4,"gold_loss":0}],"is_beta":false,"boss_relics":[],"items_purged_floors":[7],"is_endless":false,"potions_floor_spawned":[8],"killed_by":"Exordium Thugs","ascension_level":20}