{"gold_per_floor":[115,40,40,40,54,54,119,145,172,172,38,38,58,85,85,85],"floor_reached":16,"playtime":277,"items_purged":["Defend_G"],"score":262,"play_id":"8581debf-f7f4-4c99-954e-6e88e92900a4","local_time":"20190414035105","is_ascension_mode":true,"campfire_choices":[{"data":"Well Laid Plans","floor":6,"key":"SMITH"},{"data":"Neutralize","floor":10,"key":"SMITH"},{"data":"Flechettes","floor":12,"key":"SMITH"},{"data":"Acrobatics","floor":15,"key":"SMITH"}],"neow_cost":"NONE","seed_source_timestamp":57828565743377,"circlet_count":0,"master_deck":["AscendersBane","Defend_G","Defend_G","Defend_G","Defend_G","Strike_G","Strike_G","Strike_G","Strike_G","Survivor","Neutralize+1","Well Laid Plans+1","Die Die Die","Leg Sweep","Flechettes+1","Acrobatics+1","Catalyst"],"relics":["Ring of the Snake","NeowsBlessing","Tiny Chest","Lantern","Art of War","Snake Skull"],"potions_floor_usage":[14],"damage_taken":[{"damage":0,"enemies":"2 Louse","floor":1,"turns":1},{"damage":0,"enemies":"Jaw Worm","floor":5,"turns":1},{"damage":0,"enemies":"Lagavulin","floor":7,"turns":1},{"damage":0,"enemies":"Cultist","floor":13,"turns":3},{"damage":6,"enemies":"Gremlin Nob","floor":14,"turns":3},{"damage":26,"enemies":"Hexaghost","floor":16,"turns":11}],"seed_played":"-4728649359014912122","potions_obtained":[{"floor":5,"key":"SpeedPotion"},{"floor":7,"key":"SteroidPotion"}],"is_trial":false,"path_per_floor":["M","$","?","?","M","R","E","T","T","R","$","R","M","E","R","B"],"character_chosen":"THE_SILENT","items_purchased":["Flechettes","Acrobatics"],"campfire_rested":0,"item_purchase_floors":[11,11],"current_hp_per_floor":[59,59,64,64,64,64,64,64,64,64,64,64,64,58,58,32],"gold":85,"neow_bonus":"THREE_ENEMY_KILL","is_prod":false,"is_daily":false,"chose_seed":false,"campfire_upgraded":4,"win_rate":0,"timestamp":1555185065,"path_taken":["M","$","?","?","M","R","E","?","T","R","$","R","M","E","R","BOSS"],"build_version":"2019-01-23","purchased_purges":1,"victory":false,"max_hp_per_floor":[66,66,71,71,71,71,71,71,71,71,71,71,71,71,71,71],"card_choices":[{"not_picked":["Underhanded Strike","Setup"],"picked":"Well Laid Plans","floor":1},{"not_picked":["Masterful Stab","Slice"],"picked":"Leg Sweep","floor":5},{"not_picked":["Blade Dance","Slice","Flying Knee"],"picked":"SKIP","floor":7},{"not_picked":["All Out Attack","Accuracy","Predator"],"picked":"SKIP","floor":13},{"not_picked":["Acrobatics","All Out Attack"],"picked":"Catalyst","floor":14}],"player_experience":4270983,"relics_obtained":[{"floor":7,"key":"Tiny Chest"},{"floor":8,"key":"Lantern"},{"floor":9,"key":"Art of War"},{"floor":14,"key":"Snake Skull"}],"event_choices":[{"damage_healed":0,"gold_gain":0,"player_choice":"Donut","damage_taken":0,"max_hp_gain":5,"max_hp_loss":0,"event_name":"Big Fish","floor":3,"gold_loss":0},{"damage_healed":0,"gold_gain":0,"cards_transformed":["Strike_G"],"player_choice":"Change","damage_taken":0,"max_hp_gain":0,"max_hp_loss":0,"event_name":"Living Wall","floor":4,"gold_loss":0,"cards_obtained":["Die Die Die"]}],"is_beta":false,"boss_relics":[],"items_purged_floors":[2],"is_endless":false,"potions_floor_spawned":[5,7],"killed_by":"Hexaghost","ascension_level":20}