{"gold_per_floor":[118,132,132,145,67,96,96,126,153,78,78,103,118,118,118,194,194,212,112,129,30,30,61,61,86,86,86,121,121,150,25,25,98,98,115,1114,1114,1125,200,233,233,267,337,337,366,17,44,54,54,54,54,54,54,0,29,29],"floor_reached":57,"playtime":3144,"items_purged":["Pain","Writhe","Normality","Normality"],"score":3641,"play_id":"b446a4fc-a504-4571-96c6-d769e1b3a6f9","local_time":"20190312210258","is_ascension_mode":true,"campfire_choices":[{"data":"Recycle","floor":7.0,"key":"SMITH"},{"data":"Dualcast","floor":11.0,"key":"SMITH"},{"floor":15.0,"key":"REST"},{"data":"Biased Cognition","floor":24.0,"key":"SMITH"},{"data":"Recycle","floor":32.0,"key":"SMITH"},{"floor":41.0,"key":"RECALL"},{"data":"Machine Learning","floor":44.0,"key":"SMITH"},{"data":"Loop","floor":49.0,"key":"SMITH"},{"data":"Buffer","floor":53.0,"key":"SMITH"}],"neow_cost":"NONE","seed_source_timestamp":26361122007748,"circlet_count":0,"master_deck":["AscendersBane","Defend_B+1","Defend_B","Defend_B","Defend_B","Zap","Dualcast+1","Glacier+1","Cold Snap","Rip and Tear+1","Electrodynamics","Recycle+1","Recycle+1","Ball Lightning+1","Cold Snap","Biased Cognition+1","Doubt","Coolheaded+1","Reprogram+1","Reinforced Body+1","Steam+1","Turbo+1","Glacier+1","Bite","Bite","Cold Snap","Conserve Battery+1","The Bomb+1","Jack Of All Trades+1","Heatsinks+1","Seek+1","Turbo+1","Tempest+1","Stack+1","Reprogram+1","Heatsinks","Stack+1","Machine Learning+1","White Noise+1","Buffer+1","Skim+1","Loop+1","Stack+1","White Noise+1"],"special_seed":0,"relics":["Cracked Core","NeowsBlessing","WarpedTongs","Bag of Marbles","Vajra","Calling Bell","Lantern","Toxic Egg 2","Prayer Wheel","Ice Cream","Shuriken","Bird Faced Urn","Omamori","Du-Vu Doll","Whetstone","Coffee Dripper","WingedGreaves","Incense Burner","Mercury Hourglass","Mango","Mummified Hand","Singing Bowl","ClockworkSouvenir","Thread and Needle","Centennial Puzzle"],"potions_floor_usage":[56],"damage_taken":[{"damage":0.0,"enemies":"Jaw Worm","floor":1.0,"turns":1.0},{"damage":0.0,"enemies":"Cultist","floor":2.0,"turns":1.0},{"damage":0.0,"enemies":"Small Slimes","floor":4.0,"turns":1.0},{"damage":12.0,"enemies":"Gremlin Nob","floor":6.0,"turns":4.0},{"damage":16.0,"enemies":"Lagavulin","floor":8.0,"turns":8.0},{"damage":6.0,"enemies":"Gremlin Nob","floor":12.0,"turns":3.0},{"damage":4.0,"enemies":"2 Fungi Beasts","floor":13.0,"turns":2.0},{"damage":0.0,"enemies":"The Guardian","floor":16.0,"turns":10.0},{"damage":24.0,"enemies":"2 Thieves","floor":18.0,"turns":4.0},{"damage":0.0,"enemies":"3 Byrds","floor":20.0,"turns":2.0},{"damage":10.0,"enemies":"Gremlin Leader","floor":23.0,"turns":8.0},{"damage":0.0,"enemies":"Book of Stabbing","floor":25.0,"turns":4.0},{"damage":29.0,"enemies":"Slavers","floor":28.0,"turns":3.0},{"damage":0.0,"enemies":"Gremlin Leader","floor":30.0,"turns":5.0},{"damage":37.0,"enemies":"Collector","floor":33.0,"turns":10.0},{"damage":0.0,"enemies":"3 Darklings","floor":35.0,"turns":3.0},{"damage":0.0,"enemies":"Orb Walker","floor":38.0,"turns":2.0},{"damage":0.0,"enemies":"Nemesis","floor":40.0,"turns":5.0},{"damage":0.0,"enemies":"Reptomancer","floor":42.0,"turns":6.0},{"damage":0.0,"enemies":"Giant Head","floor":45.0,"turns":5.0},{"damage":16.0,"enemies":"Nemesis","floor":47.0,"turns":3.0},{"damage":0.0,"enemies":"Maw","floor":48.0,"turns":6.0},{"damage":0.0,"enemies":"Awakened One","floor":50.0,"turns":6.0},{"damage":0.0,"enemies":"Donu and Deca","floor":51.0,"turns":10.0},{"damage":26.0,"enemies":"Shield and Spear","floor":55.0,"turns":3.0},{"damage":26,"enemies":"The Heart","floor":56,"turns":8}],"seed_played":"434487929906108003","potions_obtained":[{"floor":2.0,"key":"FocusPotion"},{"floor":4.0,"key":"Block Potion"},{"floor":13.0,"key":"FearPotion"},{"floor":18.0,"key":"Fire Potion"},{"floor":28.0,"key":"FocusPotion"},{"floor":30.0,"key":"PowerPotion"},{"floor":42.0,"key":"Weak Potion"},{"floor":55.0,"key":"Ancient Potion"}],"is_trial":false,"path_per_floor":["M","M","?","M","$","E","R","E","T","$","R","E","M","?","R","B",null,"M","$","M","$","?","E","R","E","T","?","E","?","E","$","R","B",null,"M","?","?","M","$","E","R","E","T","R","E","$","E","M","R","B","B",null,"R","$","E","B",null],"character_chosen":"DEFECT","items_purchased":["Electrodynamics","Turbo+1","Glacier+1","Heatsinks","Stack+1","WingedGreaves","Incense Burner","ClockworkSouvenir","Skim+1","Loop","SkillPotion"],"campfire_rested":1,"item_purchase_floors":[5,21,21,39,39,39,39,46,46,46,54],"current_hp_per_floor":[64,64,64,64,64,52,52,36,36,36,36,30,28,7,28,30,61,39,39,41,41,41,43,43,51,51,51,26,26,39,39,39,26,60,70,70,70,71,71,71,71,85,85,85,85,85,85,89,89,89,89,89,89,89,79,79],"gold":29,"neow_bonus":"THREE_ENEMY_KILL","is_prod":false,"is_daily":false,"chose_seed":false,"campfire_upgraded":7,"win_rate":0,"timestamp":1552395778,"path_taken":["M","M","?","?","?","E","R","E","T","$","R","E","M","?","R","BOSS","M","$","M","$","?","E","R","E","T","?","E","?","E","$","R","BOSS","M","?","?","M","$","E","R","E","T","R","E","$","E","M","R","BOSS","BOSS","R","$","E","BOSS"],"build_version":"2019-01-23","purchased_purges":4,"victory":true,"max_hp_per_floor":[71,71,71,71,71,71,71,71,71,71,71,71,71,71,71,71,71,71,71,71,71,71,71,71,71,71,71,71,71,71,71,71,71,71,71,71,71,71,71,71,71,85,85,85,85,85,87,89,89,89,89,89,89,89,89,89],"card_choices":[{"not_picked":["Gash","Go for the Eyes"],"picked":"Glacier","floor":1.0},{"not_picked":["Turbo","Go for the Eyes"],"picked":"Cold Snap","floor":2.0},{"not_picked":["Conserve Battery","Turbo"],"picked":"Rip and Tear","floor":4.0},{"not_picked":["Coolheaded","Rip and Tear"],"picked":"Recycle","floor":6.0},{"not_picked":["Turbo","Scrape"],"picked":"Recycle","floor":8.0},{"not_picked":["Leap","Gash"],"picked":"Ball Lightning","floor":12.0},{"not_picked":["Storm","Beam Cell"],"picked":"Cold Snap","floor":13.0},{"not_picked":["Electrodynamics","All For One"],"picked":"Biased Cognition","floor":16.0},{"not_picked":["Capacitor","Ball Lightning"],"picked":"Coolheaded+1","floor":18.0},{"not_picked":["Blizzard","Beam Cell"],"picked":"Reprogram+1","floor":18.0},{"not_picked":["Barrage","Hyperbeam"],"picked":"Reinforced Body+1","floor":20.0},{"not_picked":["Ball Lightning","Streamline"],"picked":"Steam+1","floor":20.0},{"not_picked":["Sweeping Beam","Streamline"],"picked":"Cold Snap","floor":23.0},{"not_picked":["Static Discharge+1","Rebound"],"picked":"Conserve Battery+1","floor":25.0},{"not_picked":["Amplify+1","Redo+1"],"picked":"Heatsinks+1","floor":28.0},{"not_picked":["Blizzard+1","Rip and Tear","Beam Cell"],"picked":"SKIP","floor":30.0},{"not_picked":["Electrodynamics","Multi-Cast+1"],"picked":"Seek+1","floor":33.0},{"not_picked":["Streamline+1","Cold Snap"],"picked":"Turbo+1","floor":35.0},{"not_picked":["Gash","Auto Shields+1"],"picked":"Tempest+1","floor":35.0},{"not_picked":["Sweeping Beam","Force Field+1"],"picked":"Stack+1","floor":38.0},{"not_picked":["Ball Lightning","Compile Driver"],"picked":"Reprogram+1","floor":38.0},{"not_picked":["Stack+1","Tempest+1"],"picked":"Machine Learning","floor":40.0},{"not_picked":["Cold Snap+1","Sunder"],"picked":"White Noise+1","floor":42.0},{"not_picked":["Barrage+1","Rebound"],"picked":"Buffer","floor":45.0},{"not_picked":["Compile Driver","Sweeping Beam","Steam+1"],"picked":"Singing Bowl","floor":47.0},{"not_picked":["Sweeping Beam","Gash+1","Rebound"],"picked":"Singing Bowl","floor":48.0},{"not_picked":["Sweeping Beam","Redo+1"],"picked":"Stack+1","floor":48.0},{"not_picked":["Cold Snap","Multi-Cast+1"],"picked":"White Noise+1","floor":55.0}],"player_experience":3526306,"relics_obtained":[{"floor":6.0,"key":"Bag of Marbles"},{"floor":8.0,"key":"Vajra"},{"floor":12.0,"key":"Blood Vial"},{"floor":17.0,"key":"Lantern"},{"floor":17.0,"key":"Toxic Egg 2"},{"floor":17.0,"key":"Prayer Wheel"},{"floor":23.0,"key":"Ice Cream"},{"floor":25.0,"key":"Shuriken"},{"floor":26.0,"key":"Bird Faced Urn"},{"floor":28.0,"key":"Omamori"},{"floor":30.0,"key":"Whetstone"},{"floor":40.0,"key":"Mercury Hourglass"},{"floor":42.0,"key":"Mango"},{"floor":43.0,"key":"Mummified Hand"},{"floor":45.0,"key":"Singing Bowl"},{"floor":47.0,"key":"Thread and Needle"},{"floor":55.0,"key":"Centennial Puzzle"}],"event_choices":[{"damage_healed":0.0,"max_hp_gain":0.0,"max_hp_loss":0.0,"gold_gain":0.0,"event_name":"Accursed Blacksmith","player_choice":"Rummage","floor":3.0,"gold_loss":0.0,"damage_taken":0.0,"relics_obtained":["WarpedTongs"],"cards_obtained":["Pain"]},{"damage_healed":0.0,"max_hp_gain":0.0,"max_hp_loss":0.0,"gold_gain":0.0,"event_name":"Shining Light","player_choice":"Entered Light","floor":14.0,"gold_loss":0.0,"damage_taken":21.0,"cards_upgraded":["Glacier","Defend_B"]},{"damage_healed":0.0,"max_hp_gain":0.0,"max_hp_loss":0.0,"gold_gain":0.0,"event_name":"Vampires","player_choice":"Became a vampire (Vial)","floor":22.0,"relics_lost":["Blood Vial"],"gold_loss":0.0,"damage_taken":0.0,"cards_obtained":["Bite","Bite","Bite","Bite","Bite"]},{"damage_healed":0.0,"max_hp_gain":0.0,"max_hp_loss":0.0,"gold_gain":0.0,"cards_transformed":["Bite","Bite"],"event_name":"Drug Dealer","player_choice":"Became Test Subject","floor":27.0,"gold_loss":0.0,"damage_taken":0.0,"cards_obtained":["The Bomb","Jack Of All Trades"]},{"damage_healed":0.0,"max_hp_gain":0.0,"max_hp_loss":0.0,"gold_gain":0.0,"event_name":"Addict","player_choice":"Stole Relic","floor":29.0,"gold_loss":0.0,"damage_taken":0.0,"relics_obtained":["Du-Vu Doll"],"cards_obtained":["Shame"]},{"damage_healed":0.0,"max_hp_gain":0.0,"max_hp_loss":0.0,"gold_gain":999.0,"event_name":"MindBloom","player_choice":"Gold","floor":36.0,"gold_loss":0.0,"damage_taken":0.0,"cards_obtained":["Normality","Normality"]},{"cards_removed":["Bite"],"damage_healed":0.0,"max_hp_gain":0.0,"max_hp_loss":0.0,"gold_gain":0.0,"event_name":"Falling","player_choice":"Removed Attack","floor":37.0,"gold_loss":0.0,"damage_taken":0.0}],"is_beta":false,"boss_relics":[{"not_picked":["Busted Crown","White Beast Statue"],"picked":"Calling Bell"},{"not_picked":["Pandora\u0027s Box","FrozenCore"],"picked":"Coffee Dripper"}],"items_purged_floors":[10,19,31,39],"is_endless":false,"potions_floor_spawned":[2,4,13,18,28,30,42,45,55],"ascension_level":20}