{"gold_per_floor":[113,128,146,146,196,196,214,233,233,233,245,257,257,275,275,351,351,371,27,39,58,8,8,20,20,20,34,34],"floor_reached":28,"playtime":1131,"items_purged":[],"score":432,"play_id":"5a33911f-15be-4765-a30c-64e2074b8f04","local_time":"20190413121715","is_ascension_mode":true,"campfire_choices":[{"data":"Noxious Fumes","floor":6.0,"key":"SMITH"},{"data":"Neutralize","floor":10.0,"key":"SMITH"},{"data":"Predator","floor":13,"key":"SMITH"},{"data":"Grand Finale","floor":15,"key":"SMITH"},{"data":"Apotheosis","floor":23,"key":"SMITH"},{"data":"Calculated Gamble","floor":25,"key":"SMITH"}],"neow_cost":"NONE","seed_source_timestamp":880835509217,"circlet_count":0,"master_deck":["AscendersBane","Defend_G","Defend_G","Defend_G","Defend_G","Defend_G","Strike_G","Strike_G","Strike_G","Strike_G","Strike_G","Survivor","Neutralize+1","Masterful Stab","Predator+1","Noxious Fumes+1","Escape Plan","Concentrate","Grand Finale+1","Malaise","Calculated Gamble+1","Apotheosis+1","Prepared","Backflip","Catalyst+1"],"special_seed":0,"relics":["Runic Pyramid","Blue Candle","Coffee Dripper","Bag of Preparation","Mummified Hand"],"potions_floor_usage":[11,11],"damage_taken":[{"damage":0.0,"enemies":"Cultist","floor":1.0,"turns":4.0},{"damage":2.0,"enemies":"Jaw Worm","floor":2.0,"turns":4.0},{"damage":9.0,"enemies":"Small Slimes","floor":3.0,"turns":2.0},{"damage":0.0,"enemies":"Red Slaver","floor":7.0,"turns":4.0},{"damage":6.0,"enemies":"Lots of Slimes","floor":8.0,"turns":4.0},{"damage":0,"enemies":"Gremlin Gang","floor":11,"turns":6},{"damage":3,"enemies":"Looter","floor":12,"turns":3},{"damage":0,"enemies":"Exordium Wildlife","floor":14,"turns":5},{"damage":10,"enemies":"Slime Boss","floor":16,"turns":5},{"damage":20,"enemies":"Spheric Guardian","floor":18,"turns":4},{"damage":8,"enemies":"Shell Parasite","floor":20,"turns":3},{"damage":0,"enemies":"Snecko","floor":21,"turns":4},{"damage":0,"enemies":"Cultist and Chosen","floor":24,"turns":6},{"damage":11,"enemies":"Snake Plant","floor":27,"turns":5},{"damage":22,"enemies":"Chosen and Byrds","floor":28,"turns":3}],"seed_played":"-4995779058560677156","potions_obtained":[{"floor":1.0,"key":"LiquidBronze"},{"floor":3.0,"key":"PowerPotion"},{"floor":7.0,"key":"SteroidPotion"},{"floor":18,"key":"Strength Potion"},{"floor":21,"key":"PowerPotion"}],"is_trial":false,"path_per_floor":["M","M","M","?","?","R","M","M","T","R","M","M","R","M","R","B",null,"M","$","M","M","$","R","M","R","T","M","M"],"character_chosen":"THE_SILENT","items_purchased":["Bag of Preparation","Apotheosis","Backflip"],"campfire_rested":0,"item_purchase_floors":[19,19,22],"current_hp_per_floor":[59,57,48,30,30,30,30,24,24,24,24,21,21,21,21,11,52,32,32,24,24,24,24,24,24,24,13,0],"gold":34,"neow_bonus":"BOSS_RELIC","is_prod":false,"is_daily":false,"chose_seed":false,"campfire_upgraded":6,"win_rate":0,"timestamp":1555129035,"path_taken":["M","?","M","?","?","R","M","M","T","R","M","M","R","M","R","BOSS","M","?","M","?","?","R","M","R","T","?","M"],"build_version":"2019-01-23","purchased_purges":0,"victory":false,"max_hp_per_floor":[66,66,66,66,66,66,66,66,66,66,66,66,66,66,66,66,66,66,66,66,66,66,66,66,66,66,66,66],"card_choices":[{"not_picked":["PiercingWail","Skewer"],"picked":"Masterful Stab","floor":1.0},{"not_picked":["Flying Knee","Slice"],"picked":"Predator","floor":2.0},{"not_picked":["All Out Attack","Caltrops"],"picked":"Noxious Fumes","floor":3.0},{"not_picked":["Dodge and Roll","Underhanded Strike"],"picked":"Escape Plan","floor":7.0},{"not_picked":["Finisher","Sucker Punch","Dagger Spray"],"picked":"SKIP","floor":8.0},{"not_picked":["Poisoned Stab","Deflect","Bane"],"picked":"SKIP","floor":11},{"not_picked":["Skewer","Dagger Spray"],"picked":"Concentrate","floor":12},{"not_picked":["Concentrate","Bane"],"picked":"Grand Finale","floor":14},{"not_picked":["Doppelganger","Die Die Die"],"picked":"Malaise","floor":16},{"not_picked":["Endless Agony","Acrobatics"],"picked":"Calculated Gamble","floor":18},{"not_picked":["Bane","Caltrops"],"picked":"Prepared","floor":20},{"not_picked":["Outmaneuver","PiercingWail","Prepared"],"picked":"SKIP","floor":21},{"not_picked":["Bouncing Flask","Prepared","Outmaneuver"],"picked":"SKIP","floor":24},{"not_picked":["Infinite Blades","Backflip"],"picked":"Catalyst+1","floor":27}],"player_experience":4241810,"relics_obtained":[{"floor":26,"key":"Mummified Hand"}],"event_choices":[{"damage_healed":0.0,"max_hp_gain":0.0,"max_hp_loss":0.0,"gold_gain":0.0,"event_name":"Scrap Ooze","player_choice":"Success","floor":4.0,"gold_loss":0.0,"damage_taken":18.0,"relics_obtained":["Blue Candle"]},{"damage_healed":0.0,"max_hp_gain":0.0,"max_hp_loss":0.0,"gold_gain":50.0,"event_name":"Golden Shrine","player_choice":"Pray","floor":5.0,"gold_loss":0.0,"damage_taken":0.0}],"is_beta":false,"boss_relics":[{"not_picked":["Ectoplasm","Empty Cage"],"picked":"Coffee Dripper"}],"items_purged_floors":[],"is_endless":false,"potions_floor_spawned":[1,3,7,18,21,27],"killed_by":"Chosen and Byrds","ascension_level":20}