{"gold_per_floor":[110,130,140,140,156,156,182,182,182,182,210,220,220,254,254,325,325,325],"floor_reached":18,"playtime":557,"items_purged":[],"score":360,"play_id":"c0df205f-188b-4e7a-873d-fcafae32a009","local_time":"20190219210339","is_ascension_mode":true,"campfire_choices":[{"data":"Deadly Poison","floor":6.0,"key":"SMITH"},{"data":"Predator","floor":8.0,"key":"SMITH"},{"data":"Calculated Gamble","floor":10.0,"key":"SMITH"},{"data":"Burst","floor":13.0,"key":"SMITH"},{"floor":15.0,"key":"REST"}],"neow_cost":"NONE","seed_source_timestamp":45977704305059,"circlet_count":0,"master_deck":["AscendersBane","Defend_G","Defend_G","Defend_G","Defend_G","Defend_G","Strike_G","Strike_G+1","Strike_G","Strike_G","Strike_G+1","Survivor","Neutralize","Predator+1","Tactician","Deadly Poison+1","Calculated Gamble+1","Burst+1","Corpse Explosion"],"special_seed":0,"relics":["Ring of the Snake","NeowsBlessing","Paper Crane","Ninja Scroll","Art of War","Whetstone","Coffee Dripper"],"potions_floor_usage":[18],"damage_taken":[{"damage":0.0,"enemies":"Cultist","floor":1.0,"turns":1.0},{"damage":0.0,"enemies":"Jaw Worm","floor":2.0,"turns":1.0},{"damage":0.0,"enemies":"Small Slimes","floor":3.0,"turns":1.0},{"damage":0.0,"enemies":"Exordium Wildlife","floor":5.0,"turns":5.0},{"damage":4.0,"enemies":"Lagavulin","floor":7.0,"turns":6.0},{"damage":7.0,"enemies":"3 Sentries","floor":11.0,"turns":8.0},{"damage":10.0,"enemies":"Large Slime","floor":12.0,"turns":5.0},{"damage":11.0,"enemies":"Gremlin Nob","floor":14.0,"turns":3.0},{"damage":32.0,"enemies":"The Guardian","floor":16.0,"turns":9.0},{"damage":10,"enemies":"Chosen","floor":18,"turns":5}],"seed_played":"-6110200537965902408","potions_obtained":[{"floor":1.0,"key":"AttackPotion"},{"floor":2.0,"key":"Poison Potion"},{"floor":7.0,"key":"FearPotion"},{"floor":12.0,"key":"SpeedPotion"},{"floor":16.0,"key":"Swift Potion"}],"is_trial":false,"path_per_floor":["M","M","M","?","M","R","E","R","T","R","E","M","R","E","R","B",null,"M"],"character_chosen":"THE_SILENT","items_purchased":[],"campfire_rested":1,"item_purchase_floors":[],"current_hp_per_floor":[59,59,59,48,48,48,44,44,44,44,37,27,27,16,35,3,50,40],"gold":325,"neow_bonus":"THREE_ENEMY_KILL","is_prod":false,"is_daily":false,"chose_seed":false,"campfire_upgraded":4,"win_rate":0,"timestamp":1550581419,"path_taken":["M","M","?","?","M","R","E","R","T","R","E","M","R","E","R","BOSS","M"],"build_version":"2019-01-23","purchased_purges":0,"victory":false,"max_hp_per_floor":[66,66,66,66,66,66,66,66,66,66,66,66,66,66,66,66,66,66],"card_choices":[{"not_picked":["Riddle With Holes","Accuracy"],"picked":"Predator","floor":1.0},{"not_picked":["Deflect","Blade Dance"],"picked":"Tactician","floor":2.0},{"not_picked":["Underhanded Strike","Dash"],"picked":"Deadly Poison","floor":3.0},{"not_picked":["Sucker Punch","Die Die Die"],"picked":"Calculated Gamble","floor":5.0},{"not_picked":["Dagger Throw","Bane"],"picked":"Burst","floor":7.0},{"not_picked":["Accuracy","Concentrate","Cloak And Dagger"],"picked":"SKIP","floor":11.0},{"not_picked":["Heel Hook","Dagger Throw","Flying Knee"],"picked":"SKIP","floor":12.0},{"not_picked":["All Out Attack","Predator","Deadly Poison"],"picked":"SKIP","floor":14.0},{"not_picked":["Adrenaline","Doppelganger"],"picked":"Corpse Explosion","floor":16.0}],"player_experience":2970997,"relics_obtained":[{"floor":7.0,"key":"Ninja Scroll"},{"floor":11.0,"key":"Art of War"},{"floor":14.0,"key":"Whetstone"}],"event_choices":[{"damage_healed":0.0,"max_hp_gain":0.0,"max_hp_loss":0.0,"gold_gain":0.0,"event_name":"Scrap Ooze","player_choice":"Success","floor":4.0,"gold_loss":0.0,"damage_taken":11.0,"relics_obtained":["Paper Crane"]}],"is_beta":false,"boss_relics":[{"not_picked":["Astrolabe","Orrery"],"picked":"Coffee Dripper"}],"items_purged_floors":[],"is_endless":false,"potions_floor_spawned":[1,2,7,12,16],"killed_by":"Chosen","ascension_level":20}