{"gold_per_floor":[111,126,137,156,176,176,193,193,193,67,81,81],"floor_reached":12,"playtime":326,"items_purged":["Strike_B"],"score":148,"play_id":"a7717eb6-6361-427e-b94b-8314b10d52d7","local_time":"20190316170008","is_ascension_mode":true,"campfire_choices":[{"data":"Consume","floor":6,"key":"SMITH"},{"data":"Zap","floor":8,"key":"SMITH"}],"neow_cost":"TEN_PERCENT_HP_LOSS","seed_source_timestamp":1203218106699701,"circlet_count":0,"master_deck":["AscendersBane","Strike_B","Defend_B","Defend_B","Defend_B","Defend_B","Zap+1","Dualcast","Conserve Battery","Force Field","Ball Lightning","Electrodynamics","Consume+1","Double Energy","Capacitor","Cold Snap","Turbo"],"relics":["Cracked Core","Gremlin Horn"],"potions_floor_usage":[12],"damage_taken":[{"damage":0,"enemies":"Cultist","floor":1,"turns":4},{"damage":0,"enemies":"Jaw Worm","floor":2,"turns":4},{"damage":0,"enemies":"2 Louse","floor":3,"turns":2},{"damage":14,"enemies":"Exordium Wildlife","floor":4,"turns":3},{"damage":19,"enemies":"Exordium Thugs","floor":5,"turns":5},{"damage":1,"enemies":"2 Fungi Beasts","floor":7,"turns":2},{"damage":7,"enemies":"Lots of Slimes","floor":11,"turns":4},{"damage":36,"enemies":"Gremlin Nob","floor":12,"turns":3}],"seed_played":"5755950662107095383","potions_obtained":[{"floor":2,"key":"Strength Potion"},{"floor":7,"key":"Energy Potion"}],"is_trial":false,"path_per_floor":["M","M","M","M","M","R","M","R","T","$","M","E"],"character_chosen":"DEFECT","items_purchased":["Cold Snap"],"campfire_rested":0,"item_purchase_floors":[10],"current_hp_per_floor":[64,64,64,50,31,31,30,30,30,30,23,0],"gold":81,"neow_bonus":"TRANSFORM_TWO_CARDS","is_prod":false,"is_daily":false,"chose_seed":false,"campfire_upgraded":2,"win_rate":0,"timestamp":1552726808,"path_taken":["M","M","M","M","M","R","?","R","T","?","M","E"],"build_version":"2019-01-23","purchased_purges":1,"victory":false,"max_hp_per_floor":[64,64,64,64,64,64,64,64,64,64,64,64],"card_choices":[{"not_picked":["Barrage","Conserve Battery"],"picked":"Ball Lightning","floor":1},{"not_picked":["Sweeping Beam","Capacitor"],"picked":"Electrodynamics","floor":2},{"not_picked":["Self Repair","Rebound"],"picked":"Consume","floor":3},{"not_picked":["Static Discharge","Cold Snap"],"picked":"Double Energy","floor":4},{"not_picked":["Steam","White Noise"],"picked":"Capacitor","floor":5},{"not_picked":["Static Discharge","Sweeping Beam","FTL"],"picked":"SKIP","floor":7},{"not_picked":["Genetic Algorithm","Go for the Eyes"],"picked":"Turbo","floor":11}],"player_experience":1201417,"relics_obtained":[{"floor":9,"key":"Gremlin Horn"}],"event_choices":[],"is_beta":false,"boss_relics":[],"items_purged_floors":[10],"is_endless":false,"potions_floor_spawned":[2,7],"killed_by":"Gremlin Nob","ascension_level":20}