{"gold_per_floor":[117,117,36,36,55,88,88,123,150,165,181,198,198,214,214,289,289,308,85,85,9,24,24,84,94,174,187,212,226,226,239,239,316,316,332,231,231,231,249,249,274,274,274,274,287,322,332,349,349,349,349,349,349,96,96],"floor_reached":55,"playtime":1756,"items_purged":["Bash","Shrug It Off","Whirlwind+1"],"score":1958,"play_id":"b838e44a-5432-4ad9-8c2b-540cec23ea79","local_time":"20190724005423","is_ascension_mode":true,"campfire_choices":[{"data":"Whirlwind","floor":7.0,"key":"SMITH"},{"data":"Body Slam","floor":15.0,"key":"SMITH"},{"data":"Armaments","floor":23.0,"key":"SMITH"},{"data":"Limit Break","floor":32.0,"key":"SMITH"},{"data":"Inflame","floor":40,"key":"SMITH"},{"data":"Trip","floor":42,"key":"SMITH"},{"floor":49,"key":"RECALL"},{"data":"Offering","floor":53,"key":"SMITH"}],"neow_cost":"NONE","seed_source_timestamp":426314888992500,"circlet_count":0,"master_deck":["AscendersBane","Inflame+1","Armaments+1","Limit Break+1","Shrug It Off","Reaper","Battle Trance+1","Sword Boomerang","Trip+1","Power Through","Offering+1","Dual Wield+1","Evolve","True Grit"],"special_seed":0,"relics":["Burning Blood","NeowsBlessing","Red Skull","Potion Belt","Smiling Mask","Art of War","PreservedInsect","Pandora\u0027s Box","Medical Kit","Tiny Chest","Mercury Hourglass","Meat on the Bone","Empty Cage","Ornamental Fan","Singing Bowl"],"potions_floor_usage":[41,41,51,55],"damage_taken":[{"damage":0.0,"enemies":"Small Slimes","floor":1.0,"turns":1.0},{"damage":0.0,"enemies":"2 Louse","floor":5.0,"turns":1.0},{"damage":0.0,"enemies":"3 Sentries","floor":6.0,"turns":1.0},{"damage":56.0,"enemies":"Gremlin Nob","floor":8.0,"turns":5.0},{"damage":0.0,"enemies":"Cultist","floor":10.0,"turns":2.0},{"damage":8.0,"enemies":"Blue Slaver","floor":11.0,"turns":4.0},{"damage":9.0,"enemies":"Red Slaver","floor":12.0,"turns":4.0},{"damage":2.0,"enemies":"2 Fungi Beasts","floor":14.0,"turns":3.0},{"damage":32.0,"enemies":"The Guardian","floor":16.0,"turns":13.0},{"damage":10.0,"enemies":"Chosen","floor":18.0,"turns":4.0},{"damage":7.0,"enemies":"Spheric Guardian","floor":22.0,"turns":4.0},{"damage":39.0,"enemies":"Book of Stabbing","floor":24.0,"turns":5.0},{"damage":6.0,"enemies":"Shelled Parasite and Fungi","floor":25.0,"turns":6.0},{"damage":0.0,"enemies":"3 Cultists","floor":27.0,"turns":3.0},{"damage":7.0,"enemies":"Slavers","floor":28.0,"turns":2.0},{"damage":15.0,"enemies":"Snake Plant","floor":29.0,"turns":3.0},{"damage":18.0,"enemies":"Chosen and Byrds","floor":31.0,"turns":4.0},{"damage":40.0,"enemies":"Collector","floor":33.0,"turns":6.0},{"damage":32,"enemies":"3 Darklings","floor":35,"turns":4},{"damage":6,"enemies":"Orb Walker","floor":39,"turns":2},{"damage":47,"enemies":"Nemesis","floor":41,"turns":5},{"damage":64,"enemies":"4 Shapes","floor":45,"turns":4},{"damage":5,"enemies":"Giant Head","floor":46,"turns":4},{"damage":16,"enemies":"3 Darklings","floor":47,"turns":3},{"damage":17,"enemies":"Transient","floor":48,"turns":6},{"damage":84,"enemies":"Donu and Deca","floor":50,"turns":8},{"damage":104,"enemies":"Time Eater","floor":51,"turns":6},{"damage":132,"enemies":"Shield and Spear","floor":55,"turns":3}],"seed_played":"3489630384918963520","potions_obtained":[{"floor":6.0,"key":"GamblersBrew"},{"floor":8.0,"key":"Strength Potion"},{"floor":10.0,"key":"Block Potion"},{"floor":12.0,"key":"BloodPotion"},{"floor":18.0,"key":"SkillPotion"},{"floor":25.0,"key":"Dexterity Potion"},{"floor":27.0,"key":"BloodPotion"},{"floor":28.0,"key":"Weak Potion"},{"floor":39,"key":"Poison Potion"},{"floor":45,"key":"GamblersBrew"},{"floor":48,"key":"Ancient Potion"}],"is_trial":false,"path_per_floor":["M","?","$","?","M","E","R","E","T","M","M","M","?","M","R","B",null,"M","$","?","$","M","R","E","M","T","M","E","M","?","M","R","B",null,"M","$","?","?","M","R","E","R","T","?","M","E","M","M","R","B","B",null,"R","$","E"],"character_chosen":"IRONCLAD","items_purchased":["Inflame","Medical Kit","Armaments","Sword Boomerang","Evolve","True Grit","Energy Potion","Dexterity Potion"],"campfire_rested":0,"item_purchase_floors":[3,19,21,36,54,54,54,54],"current_hp_per_floor":[74,67,67,67,73,75,75,25,25,31,29,26,21,25,25,17,61,57,57,57,57,56,56,23,23,23,29,28,49,49,49,49,27,63,66,66,56,56,56,56,75,75,75,71,71,71,71,73,73,73,38,64,64,64,0],"gold":96,"neow_bonus":"THREE_ENEMY_KILL","is_prod":false,"is_daily":false,"chose_seed":false,"campfire_upgraded":7,"win_rate":0,"timestamp":1563900863,"path_taken":["M","?","$","?","M","E","R","E","T","M","M","?","?","M","R","BOSS","M","$","?","$","M","R","E","M","T","M","E","?","?","M","R","BOSS","M","$","?","?","M","R","E","R","T","?","M","E","M","?","R","BOSS","BOSS","R","$","E"],"build_version":"2019-07-17","purchased_purges":3,"victory":false,"max_hp_per_floor":[75,75,75,75,75,75,75,75,75,75,75,75,75,75,75,75,75,75,75,75,75,75,75,75,75,75,75,75,75,75,75,75,75,75,75,75,75,75,75,75,75,75,75,71,71,71,71,73,73,73,73,73,73,73,73],"card_choices":[{"not_picked":["Heavy Blade","Spot Weakness"],"picked":"Cleave","floor":1.0},{"not_picked":["Blood for Blood","Wild Strike"],"picked":"Whirlwind","floor":5.0},{"not_picked":["Bloodletting","Second Wind"],"picked":"Body Slam","floor":6.0},{"not_picked":["Combust","Juggernaut","Perfected Strike"],"picked":"SKIP","floor":8.0},{"not_picked":["Sword Boomerang","Thunderclap"],"picked":"Shrug It Off","floor":10.0},{"not_picked":["Iron Wave","Perfected Strike","Pummel"],"picked":"SKIP","floor":11.0},{"not_picked":["Heavy Blade","Spot Weakness","Clothesline"],"picked":"SKIP","floor":12.0},{"not_picked":["Clothesline","Warcry","Cleave"],"picked":"SKIP","floor":14.0},{"not_picked":["Reaper","Immolate"],"picked":"Fiend Fire","floor":16.0},{"not_picked":["Fire Breathing","Flex","Iron Wave"],"picked":"SKIP","floor":18.0},{"not_picked":["Clash","Warcry","Thunderclap"],"picked":"SKIP","floor":22.0},{"not_picked":["Reckless Charge","Havoc","Disarm"],"picked":"SKIP","floor":24.0},{"not_picked":["Clash","Inflame","Fire Breathing"],"picked":"SKIP","floor":25.0},{"not_picked":["Body Slam","True Grit","Corruption"],"picked":"SKIP","floor":27.0},{"not_picked":["Sever Soul","Flex","Thunderclap+1"],"picked":"SKIP","floor":28.0},{"not_picked":["True Grit","Infernal Blade"],"picked":"Limit Break","floor":29.0},{"not_picked":["Perfected Strike","Combust","True Grit"],"picked":"SKIP","floor":31.0},{"not_picked":["Berserk","Immolate"],"picked":"Reaper","floor":33.0},{"not_picked":["Body Slam","Headbutt"],"picked":"Battle Trance+1","floor":35},{"not_picked":["Jack Of All Trades","Madness"],"picked":"Trip","floor":37},{"not_picked":["Warcry+1","Headbutt+1"],"picked":"Power Through","floor":39},{"not_picked":["Sword Boomerang","Shrug It Off","Clash"],"picked":"SKIP","floor":41},{"not_picked":["Twin Strike","Flex+1","Pommel Strike"],"picked":"SKIP","floor":45},{"not_picked":["Twin Strike","Flex+1","Pommel Strike"],"picked":"SKIP","floor":45},{"not_picked":["Rupture","Headbutt"],"picked":"Offering","floor":46},{"not_picked":["Heavy Blade","Burning Pact"],"picked":"Dual Wield+1","floor":47},{"not_picked":["Iron Wave","Carnage","Anger"],"picked":"Singing Bowl","floor":48}],"player_experience":677517,"relics_obtained":[{"floor":6.0,"key":"Potion Belt"},{"floor":8.0,"key":"Smiling Mask"},{"floor":9.0,"key":"Art of War"},{"floor":24.0,"key":"Tiny Chest"},{"floor":26.0,"key":"Mercury Hourglass"},{"floor":28.0,"key":"Meat on the Bone"},{"floor":41,"key":"Ornamental Fan"},{"floor":46,"key":"Singing Bowl"}],"event_choices":[{"cards_removed":["Strike_R"],"damage_healed":0.0,"max_hp_gain":0.0,"max_hp_loss":0.0,"gold_gain":0.0,"event_name":"Golden Wing","player_choice":"Card Removal","floor":2.0,"gold_loss":0.0,"damage_taken":7.0},{"cards_removed":["Cleave"],"damage_healed":0.0,"max_hp_gain":0.0,"max_hp_loss":0.0,"gold_gain":0.0,"event_name":"WeMeetAgain","player_choice":"Gave Card","floor":4.0,"gold_loss":0.0,"damage_taken":0.0,"relics_obtained":["Red Skull"]},{"damage_healed":0.0,"max_hp_gain":0.0,"max_hp_loss":0.0,"gold_gain":0.0,"event_name":"Scrap Ooze","player_choice":"Success","floor":13.0,"gold_loss":0.0,"damage_taken":5.0,"relics_obtained":["PreservedInsect"]},{"damage_healed":0.0,"max_hp_gain":0.0,"max_hp_loss":0.0,"gold_gain":0.0,"event_name":"Match and Keep!","player_choice":"1 cards matched","floor":20.0,"gold_loss":0.0,"damage_taken":0.0,"cards_obtained":["Flame Barrier"]},{"damage_healed":0.0,"max_hp_gain":0.0,"max_hp_loss":0.0,"gold_gain":0.0,"event_name":"The Library","player_choice":"Read","floor":30.0,"gold_loss":0.0,"damage_taken":0.0,"cards_obtained":["Shrug It Off"]},{"damage_healed":0,"gold_gain":0,"player_choice":"Memory 3","damage_taken":10,"max_hp_gain":0,"max_hp_loss":0,"event_name":"SensoryStone","floor":37,"gold_loss":0},{"cards_removed":["Body Slam"],"damage_healed":0,"gold_gain":0,"player_choice":"Removed Attack","damage_taken":0,"max_hp_gain":0,"max_hp_loss":0,"event_name":"Falling","floor":38,"gold_loss":0},{"damage_healed":0,"gold_gain":0,"player_choice":"Max HP","damage_taken":0,"max_hp_gain":0,"max_hp_loss":4,"event_name":"Winding Halls","floor":44,"gold_loss":0}],"is_beta":false,"boss_relics":[{"not_picked":["Sozu","Fusion Hammer"],"picked":"Pandora\u0027s Box"},{"not_picked":["Black Star","Lizard Tail"],"picked":"Empty Cage"}],"items_purged_floors":[21,36,54],"is_endless":false,"potions_floor_spawned":[6,8,10,12,18,25,27,28,39,45,48],"killed_by":"Shield and Spear","ascension_level":20}