{"gold_per_floor":[368,379,392,63,77,77,87,98,173,173,173,203,217,44,44,119,119,129,29,29,45,45,45,45,63,63,81,93,112,112,132,132,210,210,220,95,115,115,115,115,115,141,216,246,246,246,100,135,135,135,135,135,135,32,66,66],"floor_reached":57,"playtime":3958,"items_purged":["Shame","Strike_G","Strike_G","Defend_G+1","Defend_G+1"],"score":3309,"play_id":"29def481-61c6-40b9-8229-5a8db6a70d3b","local_time":"20190515141557","is_ascension_mode":true,"campfire_choices":[{"data":"Deadly Poison","floor":6.0,"key":"SMITH"},{"data":"Accuracy","floor":11.0,"key":"SMITH"},{"floor":15.0,"key":"REST"},{"data":"Acrobatics","floor":23.0,"key":"SMITH"},{"data":"Tactician","floor":32.0,"key":"SMITH"},{"floor":40.0,"key":"RECALL"},{"data":"Reflex","floor":49.0,"key":"SMITH"},{"data":"Prepared","floor":53.0,"key":"SMITH"}],"neow_cost":"CURSE","seed_source_timestamp":6876518538976,"circlet_count":0,"master_deck":["AscendersBane","Defend_G+1","Defend_G+1","Defend_G+1","Survivor+1","Neutralize+1","Deadly Poison+1","Accuracy+1","Storm of Steel+1","Noxious Fumes+1","Tactician+1","After Image+1","Acrobatics+1","Ghostly+1","Ghostly+1","Ghostly+1","Calculated Gamble+1","Acrobatics+1","Backflip+1","Well Laid Plans+1","Doppelganger+1","Venomology+1","After Image+1","Reflex+1","Prepared+1"],"special_seed":0,"relics":["Ring of the Snake","Art of War","Mummified Hand","Kunai","Regal Pillow","Coffee Dripper","Nunchaku","Matryoshka","Busted Crown","Mark of the Bloom","Blood Vial","Juzu Bracelet","Smiling Mask","Omamori","Whetstone"],"potions_floor_usage":[56,56],"damage_taken":[{"damage":5.0,"enemies":"Cultist","floor":1.0,"turns":5.0},{"damage":0.0,"enemies":"Small Slimes","floor":2.0,"turns":4.0},{"damage":0.0,"enemies":"Jaw Worm","floor":3.0,"turns":5.0},{"damage":3.0,"enemies":"Blue Slaver","floor":5.0,"turns":4.0},{"damage":9.0,"enemies":"Large Slime","floor":7.0,"turns":6.0},{"damage":3.0,"enemies":"Gremlin Gang","floor":8.0,"turns":6.0},{"damage":20.0,"enemies":"Lagavulin","floor":12.0,"turns":6.0},{"damage":2.0,"enemies":"Looter","floor":13.0,"turns":5.0},{"damage":25.0,"enemies":"Slime Boss","floor":16.0,"turns":11.0},{"damage":26.0,"enemies":"Chosen","floor":18.0,"turns":6.0},{"damage":6.0,"enemies":"Shell Parasite","floor":21.0,"turns":6.0},{"damage":1.0,"enemies":"Colosseum Slavers","floor":22.0,"turns":6.0},{"damage":13.0,"enemies":"Centurion and Healer","floor":25.0,"turns":7.0},{"damage":6.0,"enemies":"Snecko","floor":27.0,"turns":7.0},{"damage":10.0,"enemies":"Cultist and Chosen","floor":28.0,"turns":8.0},{"damage":1.0,"enemies":"Shelled Parasite and Fungi","floor":29.0,"turns":6.0},{"damage":0.0,"enemies":"Snake Plant","floor":31.0,"turns":4.0},{"damage":0.0,"enemies":"Champ","floor":33.0,"turns":14.0},{"damage":0.0,"enemies":"3 Shapes","floor":35.0,"turns":5.0},{"damage":0.0,"enemies":"Orb Walker","floor":37.0,"turns":4.0},{"damage":0.0,"enemies":"Giant Head","floor":42.0,"turns":4.0},{"damage":0.0,"enemies":"Reptomancer","floor":44.0,"turns":4.0},{"damage":0.0,"enemies":"Nemesis","floor":48.0,"turns":7.0},{"damage":0.0,"enemies":"Donu and Deca","floor":50.0,"turns":8.0},{"damage":0.0,"enemies":"Awakened One","floor":51.0,"turns":8.0},{"damage":0.0,"enemies":"Shield and Spear","floor":55.0,"turns":6.0},{"damage":0,"enemies":"The Heart","floor":56,"turns":6}],"seed_played":"2190844222507801357","potions_obtained":[{"floor":1.0,"key":"SteroidPotion"},{"floor":5.0,"key":"Block Potion"},{"floor":16.0,"key":"Regen Potion"},{"floor":21.0,"key":"Energy Potion"},{"floor":25.0,"key":"EssenceOfSteel"},{"floor":29.0,"key":"Block Potion"},{"floor":42.0,"key":"EntropicBrew"}],"is_trial":false,"path_per_floor":["M","M","M","$","M","R","M","M","T","?","R","E","M","$","R","B",null,"M","$","?","M","?","R","?","M","T","M","M","M","?","M","R","B",null,"M","$","M","?","?","R","$","E","T","E","R","?","$","E","R","B","B",null,"R","$","E","B",null],"character_chosen":"THE_SILENT","items_purchased":["Art of War","Masterful Stab","Regal Pillow","Reflex","Prepared","AttackPotion"],"campfire_rested":1,"item_purchase_floors":[4,4,14,47,47,54],"current_hp_per_floor":[54,54,54,54,51,51,42,39,39,39,39,19,17,17,51,26,56,30,30,30,24,33,33,33,20,20,14,4,3,3,3,3,3,26,33,33,33,33,33,33,33,33,33,33,33,33,33,33,33,33,33,33,33,33,33,33],"gold":66,"neow_bonus":"TWO_FIFTY_GOLD","is_prod":false,"is_daily":false,"chose_seed":false,"campfire_upgraded":6,"win_rate":0,"timestamp":1557900957,"path_taken":["M","?","M","$","M","R","M","M","T","?","R","E","?","?","R","BOSS","M","$","?","M","?","R","?","M","T","?","M","M","?","M","R","BOSS","M","$","M","?","?","R","?","E","T","E","R","?","$","E","R","BOSS","BOSS","R","$","E","BOSS"],"build_version":"2019-01-23","purchased_purges":5,"victory":true,"max_hp_per_floor":[66,66,66,66,66,66,66,66,66,66,66,66,66,66,66,66,66,66,66,33,33,33,33,33,33,33,33,33,33,33,33,33,33,33,33,33,33,33,33,33,33,33,33,33,33,33,33,33,33,33,33,33,33,33,33,33],"card_choices":[{"not_picked":["Slice","Bane"],"picked":"Deadly Poison","floor":1.0},{"not_picked":["Blade Dance","Sucker Punch"],"picked":"Accuracy","floor":2.0},{"not_picked":["Quick Slash","Cloak And Dagger"],"picked":"Storm of Steel","floor":3.0},{"not_picked":["Dagger Throw","Accuracy","Flying Knee"],"picked":"SKIP","floor":5.0},{"not_picked":["PiercingWail","Heel Hook","Slice"],"picked":"SKIP","floor":7.0},{"not_picked":["Poisoned Stab","Finisher","Accuracy"],"picked":"SKIP","floor":8.0},{"not_picked":["Wraith Form v2","Sucker Punch"],"picked":"Noxious Fumes","floor":12.0},{"not_picked":["Flechettes","Bane"],"picked":"Tactician","floor":13.0},{"not_picked":["Venomology","Doppelganger"],"picked":"After Image","floor":16.0},{"not_picked":["Flechettes","Sucker Punch"],"picked":"Acrobatics","floor":18.0},{"not_picked":["Quick Slash","Underhanded Strike","Endless Agony"],"picked":"SKIP","floor":21.0},{"not_picked":["Bouncing Flask","Underhanded Strike"],"picked":"Calculated Gamble","floor":25.0},{"not_picked":["Backflip","All Out Attack"],"picked":"Acrobatics","floor":27.0},{"not_picked":["Bouncing Flask","Heel Hook"],"picked":"Backflip","floor":28.0},{"not_picked":["Flechettes+1","Dodge and Roll"],"picked":"Well Laid Plans","floor":29.0},{"not_picked":["Poisoned Stab","Blade Dance","Expertise+1"],"picked":"SKIP","floor":31.0},{"not_picked":["Poisoned Stab","Blade Dance","Expertise+1"],"picked":"SKIP","floor":31.0},{"not_picked":["Poisoned Stab","Blade Dance","Expertise+1"],"picked":"SKIP","floor":31.0},{"not_picked":["Poisoned Stab","Blade Dance","Expertise+1"],"picked":"SKIP","floor":31.0},{"not_picked":["Phantasmal Killer","Envenom"],"picked":"After Image","floor":33.0},{"not_picked":["Underhanded Strike"],"picked":"SKIP","floor":35.0},{"not_picked":["Dagger Spray"],"picked":"SKIP","floor":37.0},{"not_picked":["Escape Plan"],"picked":"SKIP","floor":42.0},{"not_picked":["Infinite Blades"],"picked":"SKIP","floor":44.0},{"not_picked":["Flying Knee+1"],"picked":"SKIP","floor":48.0},{"not_picked":["Accuracy"],"picked":"SKIP","floor":55.0}],"player_experience":4774946,"relics_obtained":[{"floor":9.0,"key":"Mummified Hand"},{"floor":12.0,"key":"Kunai"},{"floor":26.0,"key":"Matryoshka"},{"floor":42.0,"key":"Blood Vial"},{"floor":43.0,"key":"Juzu Bracelet"},{"floor":44.0,"key":"Smiling Mask"},{"floor":48.0,"key":"Omamori"},{"floor":55.0,"key":"Whetstone"}],"event_choices":[{"cards_removed":["Strike_G"],"damage_healed":0.0,"max_hp_gain":0.0,"max_hp_loss":0.0,"gold_gain":0.0,"event_name":"Purifier","player_choice":"Purged","floor":10.0,"gold_loss":0.0,"damage_taken":0.0},{"damage_healed":0.0,"max_hp_gain":0.0,"max_hp_loss":33.0,"gold_gain":0.0,"event_name":"Ghosts","player_choice":"Became a Ghost","floor":20.0,"gold_loss":0.0,"damage_taken":0.0,"cards_obtained":["Ghostly","Ghostly","Ghostly"]},{"damage_healed":0.0,"max_hp_gain":0.0,"max_hp_loss":0.0,"gold_gain":0.0,"event_name":"Colosseum","player_choice":"Fight","floor":22.0,"gold_loss":0.0,"damage_taken":0.0},{"damage_healed":0.0,"max_hp_gain":0.0,"max_hp_loss":0.0,"gold_gain":0.0,"event_name":"Colosseum","player_choice":"Fled From Nobs","floor":22.0,"gold_loss":0.0,"damage_taken":0.0},{"cards_removed":["Masterful Stab"],"damage_healed":0.0,"max_hp_gain":0.0,"max_hp_loss":0.0,"gold_gain":0.0,"event_name":"WeMeetAgain","player_choice":"Gave Card","floor":24.0,"gold_loss":0.0,"damage_taken":0.0,"relics_obtained":["Nunchaku"]},{"damage_healed":0.0,"max_hp_gain":0.0,"max_hp_loss":0.0,"gold_gain":0.0,"cards_transformed":["Strike_G","Strike_G"],"event_name":"Drug Dealer","player_choice":"Became Test Subject","floor":30.0,"gold_loss":0.0,"damage_taken":0.0,"cards_obtained":["Doppelganger","Venomology"]},{"damage_healed":0.0,"max_hp_gain":0.0,"max_hp_loss":0.0,"gold_gain":0.0,"event_name":"MindBloom","player_choice":"Upgrade","floor":38.0,"gold_loss":0.0,"damage_taken":0.0,"cards_upgraded":["Defend_G","Defend_G","Defend_G","Defend_G","Defend_G","Survivor","Neutralize","Storm of Steel","Noxious Fumes","After Image","Ghostly","Ghostly","Ghostly","Calculated Gamble","Acrobatics","Backflip","Well Laid Plans","Doppelganger","Venomology","After Image"],"relics_obtained":["Mark of the Bloom"]},{"damage_healed":0.0,"max_hp_gain":0.0,"max_hp_loss":0.0,"gold_gain":0.0,"event_name":"Tomb of Lord Red Mask","player_choice":"Ignored","floor":39.0,"gold_loss":0.0,"damage_taken":0.0},{"damage_healed":0.0,"max_hp_gain":0.0,"max_hp_loss":0.0,"gold_gain":0.0,"event_name":"Upgrade Shrine","player_choice":"Ignored","floor":46.0,"gold_loss":0.0,"damage_taken":0.0}],"is_beta":false,"boss_relics":[{"not_picked":["Lizard Tail","Velvet Choker"],"picked":"Coffee Dripper"},{"not_picked":["HoveringKite","Snecko Eye"],"picked":"Busted Crown"}],"items_purged_floors":[4,19,36,47,54],"is_endless":false,"potions_floor_spawned":[1,5,16,21,25,29,42],"ascension_level":20}