{"gold_per_floor":[109,109,21,40,40,40,59,59,84,84,102,123,137,153,153,153],"floor_reached":16,"playtime":544,"items_purged":[],"score":188,"play_id":"442853af-ed9e-4ad2-970c-e584d9806828","local_time":"20190716223554","is_ascension_mode":true,"campfire_choices":[{"data":"Noxious Fumes","floor":6.0,"key":"SMITH"},{"data":"Neutralize","floor":8.0,"key":"SMITH"},{"floor":10.0,"key":"RECALL"},{"floor":15.0,"key":"REST"}],"neow_cost":"NONE","seed_source_timestamp":15566308302954,"circlet_count":0,"master_deck":["AscendersBane","Strike_G","Strike_G","Strike_G","Strike_G","Strike_G","Defend_G","Defend_G","Defend_G","Defend_G+1","Defend_G","Survivor","Neutralize+1","Terror+1","Noxious Fumes+1","Pain","Acrobatics","Concentrate","Backflip"],"special_seed":0,"relics":["Ring of the Snake","Golden Idol","WarpedTongs","War Paint"],"potions_floor_usage":[],"damage_taken":[{"damage":4.0,"enemies":"Small Slimes","floor":1.0,"turns":4.0},{"damage":1.0,"enemies":"Cultist","floor":4.0,"turns":3.0},{"damage":7.0,"enemies":"Jaw Worm","floor":7.0,"turns":5.0},{"damage":8.0,"enemies":"3 Louse","floor":11.0,"turns":3.0},{"damage":1.0,"enemies":"Looter","floor":12.0,"turns":4.0},{"damage":2.0,"enemies":"Exordium Wildlife","floor":13.0,"turns":6.0},{"damage":12.0,"enemies":"Large Slime","floor":14.0,"turns":10.0},{"damage":27,"enemies":"Hexaghost","floor":16,"turns":9}],"seed_played":"5753054150993954134","potions_obtained":[{"floor":1.0,"key":"Ancient Potion"},{"floor":4.0,"key":"Ancient Potion"},{"floor":7.0,"key":"SpeedPotion"},{"floor":11.0,"key":"Dexterity Potion"}],"is_trial":false,"path_per_floor":["M","?","$","M","?","R","M","R","T","R","M","M","M","M","R","B"],"character_chosen":"THE_SILENT","items_purchased":["Noxious Fumes"],"campfire_rested":1,"item_purchase_floors":[3],"current_hp_per_floor":[61,36,36,35,35,35,28,28,28,28,20,19,17,5,26,0],"gold":153,"neow_bonus":"TEN_PERCENT_HP_BONUS","is_prod":false,"is_daily":false,"chose_seed":false,"campfire_upgraded":2,"win_rate":0,"timestamp":1563287754,"path_taken":["M","?","$","M","?","R","M","R","T","R","M","?","M","M","R","BOSS"],"build_version":"2019-07-05","purchased_purges":0,"victory":false,"max_hp_per_floor":[72,72,72,72,72,72,72,72,72,72,72,72,72,72,72,72],"card_choices":[{"not_picked":["Choke","Heel Hook"],"picked":"Terror","floor":1.0},{"not_picked":["Masterful Stab","Dagger Throw","Bane"],"picked":"SKIP","floor":4.0},{"not_picked":["Eviscerate","Outmaneuver","Reflex"],"picked":"SKIP","floor":7.0},{"not_picked":["Dash","Infinite Blades","Slice"],"picked":"SKIP","floor":11.0},{"not_picked":["Dash","Infinite Blades","Slice"],"picked":"SKIP","floor":11.0},{"not_picked":["Dagger Spray","Quick Slash"],"picked":"Acrobatics","floor":12.0},{"not_picked":["Acrobatics","Concentrate","Dagger Spray"],"picked":"SKIP","floor":13.0},{"not_picked":["Acrobatics","Dagger Spray"],"picked":"Concentrate","floor":13.0},{"not_picked":["Flying Knee","Quick Slash"],"picked":"Backflip","floor":14.0}],"player_experience":5735816,"relics_obtained":[{"floor":9.0,"key":"War Paint"}],"event_choices":[{"damage_healed":0.0,"max_hp_gain":0.0,"max_hp_loss":0.0,"gold_gain":0.0,"event_name":"Golden Idol","player_choice":"Take Damage","floor":2.0,"gold_loss":0.0,"damage_taken":25.0,"relics_obtained":["Golden Idol"]},{"damage_healed":0.0,"max_hp_gain":0.0,"max_hp_loss":0.0,"gold_gain":0.0,"event_name":"Accursed Blacksmith","player_choice":"Rummage","floor":5.0,"gold_loss":0.0,"damage_taken":0.0,"relics_obtained":["WarpedTongs"],"cards_obtained":["Pain"]}],"is_beta":false,"boss_relics":[],"items_purged_floors":[],"is_endless":false,"potions_floor_spawned":[1,4,7,11],"killed_by":"Hexaghost","ascension_level":20}