{"path_per_floor":["M","?","$","?","M","R","E","$","T","R","M","$","E","M","R","B",null,"M","?","M","?","T","E","?","R","T","M","E","$","R"],"character_chosen":"THE_SILENT","items_purchased":["Poisoned Stab","Thread and Needle"],"gold_per_floor":[118,118,118,68,79,79,111,111,111,111,124,81,107,118,118,219,219,236,236,248,248,248,281,241,241,265,279,314,10,10,10],"floor_reached":31,"campfire_rested":1,"playtime":862,"item_purchase_floors":[12,29],"current_hp_per_floor":[63,60,60,60,58,58,26,26,26,26,26,26,18,18,18,5,54,50,50,28,28,28,11,11,32,32,19,5,5,5,0],"items_purged":["Strike_G"],"gold":10,"score":419,"play_id":"f24dcde5-f685-49ac-ae2b-01f1e887c643","local_time":"20180612211553","is_prod":false,"is_daily":false,"chose_seed":false,"is_ascension_mode":true,"campfire_upgraded":4,"win_rate":0,"timestamp":1528809353,"campfire_choices":[{"data":"Glass Knife","floor":6,"key":"SMITH"},{"data":"Neutralize","floor":10,"key":"SMITH"},{"data":"Footwork","floor":15,"key":"SMITH"},{"floor":25,"key":"REST"},{"data":"Footwork","floor":30,"key":"SMITH"}],"path_taken":["M","?","?","?","M","R","E","$","T","R","M","?","E","M","R","BOSS","M","?","M","?","?","E","?","R","T","M","E","?","R","?"],"build_version":"2018-06-11","seed_source_timestamp":42268163331470,"purchased_purges":1,"victory":false,"master_deck":["Defend_G","Defend_G","Defend_G","Defend_G","Strike_G+1","Survivor","Neutralize+1","AscendersBane","Glass Knife+1","Flying Knee+1","Deadly Poison+1","Terror","Escape Plan","Poisoned Stab","Footwork+1","Bane","Die Die Die","Noxious Fumes+1","Calculated Gamble+1","Wraith Form v2+1","Prepared+1","Poisoned Stab","Footwork+1","Footwork+1"],"max_hp_per_floor":[70,70,70,70,70,70,70,70,70,70,70,70,70,70,70,70,70,70,70,70,70,70,70,70,70,70,75,75,75,75,75],"special_seed":0,"relics":["Ring of the Snake","The Courier","Pantograph","Ninja Scroll","Matryoshka","Astrolabe","Question Card","Shuriken","Juzu Bracelet","Boot","Whetstone","Blue Candle","Thread and Needle"],"card_choices":[{"not_picked":["Dagger Spray","Outmaneuver"],"picked":"Flying Knee","floor":1},{"not_picked":["Flying Knee","Bane"],"picked":"Deadly Poison","floor":5},{"not_picked":["Heel Hook","Slice"],"picked":"Terror","floor":7},{"not_picked":["Terror","Slice"],"picked":"Escape Plan","floor":11},{"not_picked":["All Out Attack","Dash"],"picked":"Footwork","floor":13},{"not_picked":["Outmaneuver","Flechettes"],"picked":"Bane","floor":14},{"not_picked":["Unload","Wraith Form v2"],"picked":"Die Die Die","floor":16},{"not_picked":["Dagger Spray+1","Outmaneuver"],"picked":"Prepared+1","floor":18},{"not_picked":["Eviscerate","Endless Agony"],"picked":"Poisoned Stab","floor":20},{"not_picked":["Dagger Throw","Caltrops","Outmaneuver"],"picked":"Footwork+1","floor":23},{"not_picked":["Dagger Spray","Flying Knee+1","Caltrops","Deflect"],"picked":"SKIP","floor":27},{"not_picked":["Caltrops","Terror","Eviscerate"],"picked":"Footwork","floor":28}],"player_experience":579822,"potions_floor_usage":[16,23,23,27,27],"damage_taken":[{"damage":0,"enemies":"2 Louse","floor":1,"turns":3},{"damage":2,"enemies":"Small Slimes","floor":5,"turns":3},{"damage":32,"enemies":"Lagavulin","floor":7,"turns":6},{"damage":0,"enemies":"Cultist","floor":11,"turns":2},{"damage":8,"enemies":"Gremlin Nob","floor":13,"turns":3},{"damage":0,"enemies":"3 Louse","floor":14,"turns":2},{"damage":38,"enemies":"Hexaghost","floor":16,"turns":8},{"damage":4,"enemies":"3 Byrds","floor":18,"turns":6},{"damage":22,"enemies":"Shell Parasite","floor":20,"turns":4},{"damage":17,"enemies":"Book of Stabbing","floor":23,"turns":5},{"damage":18,"enemies":"Cultist and Chosen","floor":27,"turns":6},{"damage":14,"enemies":"Gremlin Leader","floor":28,"turns":8}],"relics_obtained":[{"floor":7,"key":"Pantograph"},{"floor":9,"key":"Ninja Scroll"},{"floor":13,"key":"Matryoshka"},{"floor":22,"key":"Question Card"},{"floor":22,"key":"Shuriken"},{"floor":23,"key":"Juzu Bracelet"},{"floor":26,"key":"Boot"},{"floor":26,"key":"Whetstone"},{"floor":28,"key":"Blue Candle"}],"event_choices":[{"event_name":"Scrap Ooze","player_choice":"success","floor":2,"damage_taken":3},{"event_name":"The Cleric","player_choice":"Card Removal","floor":4,"damage_taken":0},{"event_name":"Accursed Blacksmith","player_choice":"Forge","floor":19,"damage_taken":0},{"event_name":"Ghosts","player_choice":"Ignored","floor":21,"damage_taken":0},{"event_name":"The Woman in Blue","player_choice":"Bought 3 Potions","floor":24,"damage_taken":0}],"boss_relics":[{"not_picked":["Runic Pyramid","Busted Crown"],"picked":"Astrolabe"}],"items_purged_floors":[29],"potions_floor_spawned":[5,16,18,28],"seed_played":"5760928999546797740","ascension_level":10,"potions_obtained":[{"floor":5,"key":"Strength Potion"},{"floor":16,"key":"AttackPotion"},{"floor":18,"key":"FearPotion"},{"floor":24,"key":"FairyPotion"},{"floor":24,"key":"Fruit Juice"},{"floor":24,"key":"AttackPotion"},{"floor":28,"key":"PowerPotion"}],"is_trial":false}