{"gold_per_floor":[118,118,129,44,44,76,89,99,99,116,166],"floor_reached":11,"playtime":225,"items_purged":[],"score":200,"play_id":"6953674c-fa9e-43dd-bcc8-61179883152c","local_time":"20190107220430","is_ascension_mode":true,"campfire_choices":[],"neow_cost":"NONE","seed_source_timestamp":36321419834139,"circlet_count":0,"master_deck":["AscendersBane","Defend_G","Defend_G","Defend_G","Defend_G","Defend_G","Strike_G","Strike_G","Strike_G","Strike_G","Survivor","Neutralize","Tactician","Acrobatics","Catalyst"],"special_seed":0,"relics":["Ring of the Snake","NeowsBlessing","Oddly Smooth Stone","Toxic Egg 2"],"potions_floor_usage":[8],"damage_taken":[{"damage":0.0,"enemies":"2 Louse","floor":1.0,"turns":1.0},{"damage":0.0,"enemies":"Small Slimes","floor":3.0,"turns":1.0},{"damage":0.0,"enemies":"Lagavulin","floor":6.0,"turns":1.0},{"damage":0.0,"enemies":"Cultist","floor":7.0,"turns":5.0},{"damage":43,"enemies":"Gremlin Gang","floor":8,"turns":8},{"damage":11,"enemies":"2 Fungi Beasts","floor":10,"turns":6}],"seed_played":"-1458688949796636630","potions_obtained":[{"floor":1.0,"key":"Block Potion"},{"floor":7.0,"key":"PowerPotion"},{"floor":8,"key":"GhostInAJar"}],"is_trial":false,"path_per_floor":["M","?","M","$","?","E","M","M","T","M","?"],"character_chosen":"THE_SILENT","items_purchased":["Catalyst"],"campfire_rested":0,"item_purchase_floors":[4],"current_hp_per_floor":[59,59,59,59,59,59,59,16,16,5,0],"gold":166,"neow_bonus":"THREE_ENEMY_KILL","is_prod":false,"is_daily":false,"chose_seed":false,"campfire_upgraded":0,"win_rate":0,"timestamp":1546869870,"path_taken":["M","?","M","$","?","E","M","M","T","M","?"],"build_version":"2019-01-03v4","purchased_purges":0,"victory":false,"max_hp_per_floor":[66,66,66,66,66,66,66,66,66,66,66],"card_choices":[{"not_picked":["Dagger Throw","Flying Knee","Dodge and Roll"],"picked":"SKIP","floor":1.0},{"not_picked":["Sucker Punch","Dagger Spray"],"picked":"Acrobatics","floor":3.0},{"not_picked":["Distraction","Tactician","Slice"],"picked":"SKIP","floor":6.0},{"not_picked":["Skewer","Phantasmal Killer","Predator"],"picked":"SKIP","floor":7.0},{"not_picked":["Sucker Punch","Caltrops","Flying Knee"],"picked":"SKIP","floor":8},{"not_picked":["Blade Dance+1","Dodge and Roll+1","Bane"],"picked":"SKIP","floor":10}],"player_experience":1834740,"relics_obtained":[{"floor":6.0,"key":"Oddly Smooth Stone"},{"floor":9,"key":"Toxic Egg 2"}],"event_choices":[{"damage_healed":0.0,"max_hp_gain":0.0,"max_hp_loss":0.0,"gold_gain":0.0,"cards_transformed":["Strike_G"],"event_name":"Living Wall","player_choice":"Change","floor":2.0,"gold_loss":0.0,"damage_taken":0.0,"cards_obtained":["Tactician"]},{"damage_healed":0.0,"max_hp_gain":0.0,"max_hp_loss":0.0,"gold_gain":0.0,"event_name":"Liars Game","player_choice":"Ignored","floor":5.0,"gold_loss":0.0,"damage_taken":0.0},{"damage_healed":0,"gold_gain":50,"player_choice":"Touch","damage_taken":6,"max_hp_gain":0,"max_hp_loss":0,"event_name":"FaceTrader","floor":11,"gold_loss":0}],"is_beta":false,"boss_relics":[],"items_purged_floors":[],"is_endless":false,"potions_floor_spawned":[1,7,8],"ascension_level":20}