{"gold_per_floor":[119,119,119,139,157,157,215,20,44,54,54,72,72,82,82,187,187,204,204,231,242,72,72,83,182,182,182,200,75,75,75,75,173,173,189,202,214,227,77,77,129,129,129,147,147,163,163,189,189,189],"floor_reached":51,"playtime":1535,"items_purged":["Strike_G","Strike_G","Strike_G","Defend_G"],"score":662,"play_id":"925bde8b-69a7-48a0-9059-9a737e698f60","local_time":"20181027142332","is_ascension_mode":false,"campfire_choices":[{"data":"Glass Knife","floor":6.0,"key":"SMITH"},{"data":"Noxious Fumes","floor":11.0,"key":"SMITH"},{"data":"Deadly Poison","floor":15.0,"key":"SMITH"},{"data":"Well Laid Plans","floor":23.0,"key":"SMITH"},{"data":"Well Laid Plans","floor":27.0,"key":"SMITH"},{"data":"Deadly Poison","floor":30.0,"key":"SMITH"},{"data":"Neutralize","floor":32.0,"key":"SMITH"},{"data":"Malaise","floor":40,"key":"SMITH"},{"data":"Footwork","floor":42,"key":"SMITH"},{"data":"Defend_G","floor":47,"key":"SMITH"},{"data":"Defend_G","floor":49,"key":"SMITH"}],"neow_cost":"PERCENT_DAMAGE","seed_source_timestamp":13301315003516,"circlet_count":0,"master_deck":["Defend_G+1","Defend_G+1","Defend_G+1","Defend_G+1","Strike_G+1","Strike_G+1","Survivor","Neutralize+1","Glass Knife+1","Deadly Poison+1","Noxious Fumes+1","Deadly Poison+1","Venomology","Well Laid Plans+1","Footwork+1","Well Laid Plans+1","Malaise+1","Deadly Poison+1","Backflip+1"],"special_seed":0,"relics":["Ring of the Snake","Whetstone","Pen Nib","War Paint","Mercury Hourglass","Coffee Dripper","Red Mask","Bag of Marbles","Enchiridion","Busted Crown","Ginger","Sundial","Dream Catcher"],"potions_floor_usage":[36,37,38,41,41,44,46,50,50],"damage_taken":[{"damage":0.0,"enemies":"Cultist","floor":1.0,"turns":5.0},{"damage":0.0,"enemies":"Small Slimes","floor":4.0,"turns":4.0},{"damage":1.0,"enemies":"Jaw Worm","floor":5.0,"turns":3.0},{"damage":18.0,"enemies":"3 Sentries","floor":7.0,"turns":7.0},{"damage":2.0,"enemies":"Exordium Wildlife","floor":10.0,"turns":4.0},{"damage":1.0,"enemies":"Exordium Thugs","floor":12.0,"turns":3.0},{"damage":0.0,"enemies":"Large Slime","floor":14.0,"turns":3.0},{"damage":8.0,"enemies":"Slime Boss","floor":16.0,"turns":5.0},{"damage":2.0,"enemies":"2 Thieves","floor":18.0,"turns":4.0},{"damage":0.0,"enemies":"Masked Bandits","floor":20.0,"turns":2.0},{"damage":13.0,"enemies":"Shell Parasite","floor":21.0,"turns":4.0},{"damage":0.0,"enemies":"Snake Plant","floor":24.0,"turns":1.0},{"damage":0.0,"enemies":"Sentry and Sphere","floor":28.0,"turns":3.0},{"damage":3.0,"enemies":"Champ","floor":33.0,"turns":10.0},{"damage":0,"enemies":"Orb Walker","floor":35,"turns":2},{"damage":0,"enemies":"3 Darklings","floor":36,"turns":5},{"damage":0,"enemies":"4 Shapes","floor":37,"turns":4},{"damage":6,"enemies":"Writhing Mass","floor":38,"turns":5},{"damage":43,"enemies":"2 Orb Walkers","floor":41,"turns":5},{"damage":0,"enemies":"Transient","floor":44,"turns":5},{"damage":0,"enemies":"Maw","floor":46,"turns":6},{"damage":2,"enemies":"Time Eater","floor":50,"turns":11}],"seed_played":"-2331921807472381412","potions_obtained":[{"floor":4.0,"key":"Poison Potion"},{"floor":5.0,"key":"SteroidPotion"},{"floor":10.0,"key":"Explosive Potion"},{"floor":14.0,"key":"AttackPotion"},{"floor":18.0,"key":"SteroidPotion"},{"floor":21.0,"key":"LiquidBronze"},{"floor":28.0,"key":"AttackPotion"},{"floor":33.0,"key":"Regen Potion"},{"floor":37,"key":"Regen Potion"},{"floor":41,"key":"EssenceOfSteel"},{"floor":44,"key":"PowerPotion"}],"is_trial":false,"path_per_floor":["M","?","T","M","M","R","?","$","T","M","R","M","T","M","R","B",null,"M","?","?","M","$","R","M","?","T","R","M","$","R","?","R","B",null,"M","M","M","M","$","R","?","R","T","M","?","M","R","T","R","B"],"character_chosen":"THE_SILENT","items_purchased":["Noxious Fumes","Fire Potion","Well Laid Plans"],"campfire_rested":0,"item_purchase_floors":[8,8,22],"current_hp_per_floor":[49,49,49,49,48,48,30,30,30,28,28,27,27,27,27,19,70,68,68,68,55,55,55,55,55,55,55,55,55,55,39,39,36,70,70,70,70,64,64,64,57,57,57,57,57,57,57,57,57,55],"gold":189,"neow_bonus":"THREE_RARE_CARDS","is_prod":false,"is_daily":false,"chose_seed":false,"campfire_upgraded":11,"win_rate":0,"timestamp":1540621412,"path_taken":["M","?","?","M","?","R","?","$","T","M","R","?","?","?","R","BOSS","M","?","?","?","$","R","M","?","T","R","M","$","R","?","R","BOSS","M","M","M","M","$","R","?","R","T","M","?","M","R","?","R","BOSS"],"build_version":"2018-10-25v2","purchased_purges":4,"victory":true,"max_hp_per_floor":[70,70,70,70,70,70,70,70,70,70,70,70,70,70,70,70,70,70,70,70,70,70,70,70,70,70,70,70,70,70,70,70,70,70,70,70,70,70,70,70,70,70,70,70,70,70,70,70,70,70],"card_choices":[{"not_picked":["Unload","Grand Finale"],"picked":"Glass Knife","floor":0.0},{"not_picked":["Sucker Punch","Cloak And Dagger","Endless Agony"],"picked":"SKIP","floor":1.0},{"not_picked":["Prepared","Calculated Gamble"],"picked":"Deadly Poison","floor":4.0},{"not_picked":["Quick Slash","Deflect","Setup"],"picked":"SKIP","floor":5.0},{"not_picked":["Underhanded Strike","PiercingWail","Distraction"],"picked":"SKIP","floor":10.0},{"not_picked":["PiercingWail","Backflip"],"picked":"Deadly Poison","floor":12.0},{"not_picked":["Crippling Poison","Backflip","Dodge and Roll"],"picked":"SKIP","floor":14.0},{"not_picked":["Bullet Time","Doppelganger"],"picked":"Venomology","floor":16.0},{"not_picked":["Underhanded Strike","Choke+1","Finisher"],"picked":"SKIP","floor":18.0},{"not_picked":["Sucker Punch","Reflex"],"picked":"Footwork","floor":21.0},{"not_picked":["Quick Slash","Prepared+1","Flechettes"],"picked":"SKIP","floor":24.0},{"not_picked":["Terror","Caltrops","Dagger Spray"],"picked":"SKIP","floor":28.0},{"not_picked":["Envenom","A Thousand Cuts"],"picked":"Malaise","floor":33.0},{"not_picked":["Dagger Throw"],"picked":"SKIP","floor":35},{"not_picked":["Backstab+1"],"picked":"SKIP","floor":36},{"not_picked":[],"picked":"Deadly Poison+1","floor":37},{"not_picked":["Caltrops"],"picked":"SKIP","floor":38},{"not_picked":[],"picked":"Backflip+1","floor":41},{"not_picked":["Quick Slash+1"],"picked":"SKIP","floor":44},{"not_picked":["Poisoned Stab"],"picked":"SKIP","floor":46}],"player_experience":671091,"relics_obtained":[{"floor":3.0,"key":"Whetstone"},{"floor":9.0,"key":"War Paint"},{"floor":13.0,"key":"Mercury Hourglass"},{"floor":20.0,"key":"Red Mask"},{"floor":26.0,"key":"Bag of Marbles"},{"floor":31.0,"key":"Enchiridion"},{"floor":41,"key":"Ginger"},{"floor":43,"key":"Sundial"},{"floor":48,"key":"Dream Catcher"}],"event_choices":[{"damage_healed":0.0,"max_hp_gain":0.0,"max_hp_loss":0.0,"gold_gain":0.0,"event_name":"The Woman in Blue","player_choice":"Bought 0 Potions","floor":2.0,"gold_loss":0.0,"damage_taken":0.0},{"damage_healed":0.0,"max_hp_gain":0.0,"max_hp_loss":0.0,"gold_gain":0.0,"event_name":"Dead Adventurer","player_choice":"Searched \u00272\u0027 times","floor":7.0,"gold_loss":0.0,"damage_taken":0.0,"relics_obtained":["Pen Nib"]},{"damage_healed":0.0,"max_hp_gain":0.0,"max_hp_loss":0.0,"gold_gain":0.0,"event_name":"The Library","player_choice":"Read","floor":19.0,"gold_loss":0.0,"damage_taken":0.0,"cards_obtained":["Well Laid Plans"]},{"damage_healed":0.0,"max_hp_gain":0.0,"max_hp_loss":0.0,"gold_gain":0.0,"event_name":"Masked Bandits","player_choice":"Fought Bandits","floor":20.0,"gold_loss":0.0,"damage_taken":0.0},{"damage_healed":0.0,"max_hp_gain":0.0,"max_hp_loss":0.0,"gold_gain":99.0,"event_name":"Nest","player_choice":"Stole From Cult","floor":25.0,"gold_loss":0.0,"damage_taken":0.0},{"damage_healed":0.0,"max_hp_gain":0.0,"max_hp_loss":0.0,"gold_gain":0.0,"event_name":"Cursed Tome","player_choice":"Obtained Book","floor":31.0,"gold_loss":0.0,"damage_taken":16.0},{"damage_healed":0,"gold_gain":0,"player_choice":"Fight","damage_taken":0,"max_hp_gain":0,"max_hp_loss":0,"event_name":"Mysterious Sphere","floor":41,"gold_loss":0},{"damage_healed":0,"gold_gain":0,"player_choice":"Memory 1","damage_taken":0,"max_hp_gain":0,"max_hp_loss":0,"event_name":"SensoryStone","floor":45,"gold_loss":0}],"is_beta":false,"boss_relics":[{"not_picked":["Philosopher\u0027s Stone","White Beast Statue"],"picked":"Coffee Dripper"},{"not_picked":["Sozu","Astrolabe"],"picked":"Busted Crown"}],"items_purged_floors":[8,22,29,39],"is_endless":false,"potions_floor_spawned":[4,5,10,14,18,21,28,33,37,41,44],"ascension_level":0}