{"gold_per_floor":[209,225,225,225,7,38,38,38,38,53,64,80,80,80,80,178,178,190,190,210,135,135,161,11,11,11,30,30,30,50,111,111,212,212,228,138,158,176,26,26,26,26,26,26,126,32,46,46,46,46],"floor_reached":51,"playtime":1147,"items_purged":["Strike_B","Strike_B","Defend_B"],"score":756,"play_id":"abc150f1-d1a4-4d97-8094-aadfc04d6a25","local_time":"20190616032401","is_ascension_mode":false,"campfire_choices":[{"data":"Defragment","floor":8.0,"key":"SMITH"},{"data":"Turbo","floor":13.0,"key":"SMITH"},{"data":"Streamline","floor":15.0,"key":"SMITH"},{"data":"Beam Cell","floor":25.0,"key":"SMITH"},{"data":"Skim","floor":28.0,"key":"SMITH"},{"data":"Gash","floor":32.0,"key":"SMITH"},{"data":"Auto Shields","floor":40,"key":"SMITH"},{"data":"Cold Snap","floor":42,"key":"SMITH"},{"data":"Defend_B","floor":44,"key":"SMITH"},{"data":"Defend_B","floor":49,"key":"SMITH"}],"neow_cost":"NONE","seed_source_timestamp":30516443099631,"circlet_count":0,"master_deck":["Defend_B+1","Defend_B+1","Defend_B+1","Dualcast+1","Streamline+1","Beam Cell+1","Skim+1","Turbo+1","Defragment+1","Gash+1","Cold Snap+1","Auto Shields+1","All For One+1","Gash+1","Necronomicurse","Coolheaded+1","Gash+1","Multi-Cast+1","Coolheaded+1","Coolheaded+1","Coolheaded+1","Hologram+1"],"special_seed":0,"relics":["Cracked Core","PreservedInsect","Ice Cream","Potion Belt","Ancient Tea Set","Black Star","Necronomicon","Pen Nib","Toxic Egg 2","Pocketwatch","Tiny Chest","Mummified Hand","Sozu","Mango","StoneCalendar"],"potions_floor_usage":[50],"damage_taken":[{"damage":0.0,"enemies":"Small Slimes","floor":1.0,"turns":2.0},{"damage":0.0,"enemies":"2 Louse","floor":2.0,"turns":1.0},{"damage":14.0,"enemies":"3 Sentries","floor":6.0,"turns":5.0},{"damage":0.0,"enemies":"Cultist","floor":10.0,"turns":2.0},{"damage":1.0,"enemies":"2 Fungi Beasts","floor":11.0,"turns":2.0},{"damage":6.0,"enemies":"Gremlin Gang","floor":12.0,"turns":3.0},{"damage":7.0,"enemies":"Slime Boss","floor":16.0,"turns":8.0},{"damage":0.0,"enemies":"Shell Parasite","floor":18.0,"turns":3.0},{"damage":0.0,"enemies":"3 Byrds","floor":20.0,"turns":4.0},{"damage":0.0,"enemies":"Book of Stabbing","floor":23.0,"turns":3.0},{"damage":0.0,"enemies":"Snake Plant","floor":27.0,"turns":2.0},{"damage":4.0,"enemies":"Shelled Parasite and Fungi","floor":30.0,"turns":2.0},{"damage":4.0,"enemies":"Slavers","floor":31.0,"turns":2.0},{"damage":37.0,"enemies":"Collector","floor":33.0,"turns":4.0},{"damage":0.0,"enemies":"Orb Walker","floor":35.0,"turns":2.0},{"damage":0.0,"enemies":"3 Shapes","floor":37.0,"turns":3.0},{"damage":0,"enemies":"Transient","floor":38,"turns":5},{"damage":0,"enemies":"Mind Bloom Boss Battle","floor":45,"turns":3},{"damage":0,"enemies":"Maw","floor":47,"turns":4},{"damage":30,"enemies":"Time Eater","floor":50,"turns":9}],"seed_played":"-7207684186058840345","potions_obtained":[{"floor":6.0,"key":"SpeedPotion"},{"floor":10.0,"key":"Block Potion"},{"floor":11.0,"key":"Poison Potion"},{"floor":16.0,"key":"SkillPotion"},{"floor":23.0,"key":"Swift Potion"},{"floor":30.0,"key":"GamblersBrew"}],"is_trial":false,"path_per_floor":["M","M","?","?","$","E","?","R","T","M","M","M","R","?","R","B",null,"M","?","M","$","?","E","$","R","T","M","R","?","M","E","R","B",null,"M","?","M","M","$","R","$","R","T","R","?","$","M","?","R","B",null],"character_chosen":"DEFECT","items_purchased":["Skim","Turbo","Defragment","Gash","Coolheaded+1","Coolheaded+1","Hologram+1","Defragment"],"campfire_rested":0,"item_purchase_floors":[5,5,5,5,24,39,46,46],"current_hp_per_floor":[75,75,72,57,57,43,43,43,43,43,42,36,36,36,36,29,75,75,75,75,75,59,59,59,59,59,59,59,59,55,51,51,14,75,75,75,75,75,75,75,75,75,89,89,89,89,89,89,89,59],"gold":46,"neow_bonus":"HUNDRED_GOLD","is_prod":false,"is_daily":false,"chose_seed":false,"campfire_upgraded":10,"win_rate":0,"timestamp":1560626641,"path_taken":["M","M","?","?","$","E","?","R","T","?","M","M","R","?","R","BOSS","M","?","?","?","?","E","$","R","T","M","R","?","M","E","R","BOSS","M","?","M","M","?","R","$","R","T","R","?","$","M","?","R","BOSS"],"build_version":"2019-01-23","purchased_purges":3,"victory":true,"max_hp_per_floor":[75,75,75,75,75,75,75,75,75,75,75,75,75,75,75,75,75,75,75,75,75,75,75,75,75,75,75,75,75,75,75,75,75,75,75,75,75,75,75,75,75,75,89,89,89,89,89,89,89,89],"card_choices":[{"not_picked":["Leap","Force Field"],"picked":"Streamline","floor":1.0},{"not_picked":["Double Energy","Streamline"],"picked":"Beam Cell","floor":2.0},{"not_picked":["Blizzard","Sweeping Beam","Compile Driver"],"picked":"SKIP","floor":6.0},{"not_picked":["White Noise","Fusion"],"picked":"Auto Shields","floor":10.0},{"not_picked":["Chaos","Compile Driver","Leap"],"picked":"SKIP","floor":11.0},{"not_picked":["Streamline","FTL","Rebound"],"picked":"SKIP","floor":12.0},{"not_picked":["Hyperbeam","Seek"],"picked":"All For One","floor":16.0},{"not_picked":["Ball Lightning","Turbo","Redo"],"picked":"SKIP","floor":18.0},{"not_picked":["Self Repair","Capacitor"],"picked":"Gash+1","floor":20.0},{"not_picked":["Ball Lightning+1","Static Discharge+1","Beam Cell"],"picked":"SKIP","floor":23.0},{"not_picked":["Turbo+1","Storm"],"picked":"Gash+1","floor":27.0},{"not_picked":["Beam Cell","Rebound","Streamline"],"picked":"SKIP","floor":30.0},{"not_picked":["Rip and Tear","Barrage","Beam Cell+1"],"picked":"SKIP","floor":31.0},{"not_picked":["Thunder Strike","Meteor Strike"],"picked":"Multi-Cast+1","floor":33.0},{"not_picked":["Streamline+1","Ball Lightning","Consume+1"],"picked":"SKIP","floor":35.0},{"not_picked":["Streamline","Stack+1"],"picked":"Coolheaded+1","floor":37.0},{"not_picked":["Sweeping Beam","Stack+1","Cold Snap"],"picked":"SKIP","floor":38},{"not_picked":["Steam Power+1","FTL+1"],"picked":"Coolheaded+1","floor":45},{"not_picked":["Rebound+1","Streamline","Darkness+1"],"picked":"SKIP","floor":47}],"player_experience":5281056,"relics_obtained":[{"floor":6.0,"key":"Ice Cream"},{"floor":9.0,"key":"Potion Belt"},{"floor":22.0,"key":"Necronomicon"},{"floor":23.0,"key":"Pen Nib"},{"floor":23.0,"key":"Toxic Egg 2"},{"floor":26.0,"key":"Pocketwatch"},{"floor":31.0,"key":"Tiny Chest"},{"floor":31.0,"key":"Mummified Hand"},{"floor":43,"key":"Mango"},{"floor":45,"key":"StoneCalendar"}],"event_choices":[{"damage_healed":0.0,"max_hp_gain":0.0,"max_hp_loss":0.0,"gold_gain":0.0,"event_name":"Scrap Ooze","player_choice":"Success","floor":3.0,"gold_loss":0.0,"damage_taken":3.0,"relics_obtained":["PreservedInsect"]},{"damage_healed":0.0,"max_hp_gain":0.0,"max_hp_loss":0.0,"gold_gain":0.0,"event_name":"Shining Light","player_choice":"Entered Light","floor":4.0,"gold_loss":0.0,"damage_taken":15.0,"cards_upgraded":["Dualcast","Defend_B"]},{"damage_healed":0.0,"max_hp_gain":0.0,"max_hp_loss":0.0,"gold_gain":0.0,"cards_transformed":["Strike_B"],"event_name":"Transmorgrifier","player_choice":"Transformed","floor":7.0,"gold_loss":0.0,"damage_taken":0.0,"cards_obtained":["Cold Snap"]},{"damage_healed":0.0,"max_hp_gain":0.0,"max_hp_loss":0.0,"gold_gain":0.0,"event_name":"Dead Adventurer","player_choice":"Searched \u00271\u0027 times","floor":14.0,"gold_loss":0.0,"damage_taken":0.0,"relics_obtained":["Ancient Tea Set"]},{"cards_removed":["Strike_B"],"damage_healed":0.0,"max_hp_gain":0.0,"max_hp_loss":0.0,"gold_gain":0.0,"event_name":"Purifier","player_choice":"Purged","floor":19.0,"gold_loss":0.0,"damage_taken":0.0},{"damage_healed":0.0,"max_hp_gain":0.0,"max_hp_loss":0.0,"gold_gain":0.0,"event_name":"Cursed Tome","player_choice":"Obtained Book","floor":22.0,"gold_loss":0.0,"damage_taken":16.0},{"cards_removed":["Zap"],"damage_healed":0.0,"max_hp_gain":0.0,"max_hp_loss":0.0,"gold_gain":0.0,"event_name":"Designer","player_choice":"Upgrade and Remove","floor":36.0,"gold_loss":90.0,"damage_taken":0.0,"cards_upgraded":["All For One"]},{"damage_healed":0,"gold_gain":0,"player_choice":"Fight","damage_taken":0,"max_hp_gain":0,"max_hp_loss":0,"event_name":"MindBloom","floor":45,"gold_loss":0},{"cards_removed":["Defragment"],"damage_healed":0,"gold_gain":0,"player_choice":"Removed Power","damage_taken":0,"max_hp_gain":0,"max_hp_loss":0,"event_name":"Falling","floor":48,"gold_loss":0}],"is_beta":false,"boss_relics":[{"not_picked":["Fusion Hammer","Ectoplasm"],"picked":"Black Star"},{"not_picked":["Tiny House","Snecko Eye"],"picked":"Sozu"}],"items_purged_floors":[21,24,39],"is_endless":false,"potions_floor_spawned":[6,10,11,16,23,30,47],"ascension_level":0}