{"gold_per_floor":[116,116,191,203,45,45,45,45,68,68,68,80,110,84,84,161,161,180,194,206,224,224,124,124,135,206,7,57,2,31,44,44,44],"floor_reached":33,"playtime":1796,"items_purged":["Strike_G","Strike_G","Strike_G"],"score":576,"play_id":"b7663434-fc2f-4cd7-b518-97344afb8c75","local_time":"20190126230841","is_ascension_mode":true,"campfire_choices":[{"data":"Well Laid Plans","floor":6.0,"key":"SMITH"},{"data":"Catalyst","floor":8.0,"key":"SMITH"},{"data":"Neutralize","floor":10.0,"key":"SMITH"},{"data":"Deadly Poison","floor":15.0,"key":"SMITH"},{"data":"Night Terror","floor":24.0,"key":"SMITH"},{"data":"Footwork","floor":32.0,"key":"SMITH"}],"neow_cost":"NONE","seed_source_timestamp":50368635262185,"circlet_count":0,"master_deck":["AscendersBane","Defend_G","Defend_G","Defend_G","Defend_G","Defend_G","Strike_G","Strike_G","Survivor","Neutralize+1","Leg Sweep+1","Well Laid Plans+1","Catalyst+1","Predator","Night Terror+1","Deadly Poison+1","Corpse Explosion","Footwork+1"],"special_seed":0,"relics":["Ring of the Snake","NeowsBlessing","Orichalcum","Mummified Hand","Busted Crown","Happy Flower"],"potions_floor_usage":[],"damage_taken":[{"damage":0.0,"enemies":"Cultist","floor":1.0,"turns":1.0},{"damage":0.0,"enemies":"Jaw Worm","floor":4.0,"turns":1.0},{"damage":0.0,"enemies":"2 Louse","floor":12.0,"turns":1.0},{"damage":22.0,"enemies":"Lagavulin","floor":13.0,"turns":10.0},{"damage":2.0,"enemies":"Hexaghost","floor":16.0,"turns":7.0},{"damage":9.0,"enemies":"theJungle:Flameango_and_Byrd","floor":18.0,"turns":5.0},{"damage":1.0,"enemies":"theJungle:5_Spyders","floor":19.0,"turns":4.0},{"damage":6.0,"enemies":"theJungle:2_Flameangoes","floor":20.0,"turns":5.0},{"damage":1.0,"enemies":"theJungle:SlimyTreeVines","floor":21.0,"turns":7.0},{"damage":0.0,"enemies":"theJungle:JungleHuntersEncounter","floor":25.0,"turns":3.0},{"damage":2.0,"enemies":"theJungle:Cassacara","floor":30.0,"turns":8.0},{"damage":1.0,"enemies":"theJungle:Lyon","floor":31.0,"turns":4.0},{"damage":31,"enemies":"theJungle:TotemBoss","floor":33,"turns":3}],"seed_played":"48588697164147781","potions_obtained":[{"floor":12.0,"key":"EssenceOfSteel"},{"floor":18.0,"key":"GhostInAJar"},{"floor":20.0,"key":"Swift Potion"},{"floor":21.0,"key":"PowerPotion"},{"floor":22.0,"key":"Energy Potion"}],"is_trial":false,"path_per_floor":["M","?","?","M","$","R","$","R","T","R","?","M","E","$","R","B",null,"M","M","M","M","?","$","R","M","T","$","?","$","E","M","R","B"],"character_chosen":"THE_SILENT","items_purchased":["Catalyst","Deadly Poison","Footwork","Swift Potion"],"campfire_rested":0,"item_purchase_floors":[5,14,27,29],"current_hp_per_floor":[59,64,53,53,53,53,53,53,53,53,53,53,31,31,31,29,61,52,51,45,50,50,50,50,50,50,50,43,43,41,40,40,9],"gold":44,"neow_bonus":"THREE_ENEMY_KILL","is_prod":false,"is_daily":false,"chose_seed":false,"campfire_upgraded":6,"win_rate":0,"timestamp":1548515321,"path_taken":["M","?","?","M","$","R","$","R","T","R","?","?","E","$","R","BOSS","M","?","M","M","?","?","R","?","T","$","?","?","E","M","R","BOSS"],"build_version":"2019-01-23","purchased_purges":3,"victory":false,"max_hp_per_floor":[66,71,71,71,71,71,71,71,71,71,71,71,71,71,71,71,71,71,71,71,71,71,71,71,71,71,71,71,71,71,71,71,71],"card_choices":[{"not_picked":["Cloak And Dagger","Quick Slash"],"picked":"Leg Sweep","floor":1.0},{"not_picked":["Setup","Deflect"],"picked":"Well Laid Plans","floor":4.0},{"not_picked":["Blur","Dagger Spray"],"picked":"Predator","floor":12.0},{"not_picked":["Leg Sweep","Deadly Poison"],"picked":"Night Terror","floor":13.0},{"not_picked":["Venomology","Bullet Time"],"picked":"Corpse Explosion","floor":16.0},{"not_picked":["Tactician"],"picked":"SKIP","floor":18.0},{"not_picked":["Quick Slash"],"picked":"SKIP","floor":19.0},{"not_picked":["Eviscerate"],"picked":"SKIP","floor":20.0},{"not_picked":["Masterful Stab"],"picked":"SKIP","floor":21.0},{"not_picked":["Bouncing Flask"],"picked":"SKIP","floor":25.0},{"not_picked":["Envenom"],"picked":"SKIP","floor":30.0},{"not_picked":["Poisoned Stab"],"picked":"SKIP","floor":31.0}],"player_experience":2299382,"relics_obtained":[{"floor":9.0,"key":"Orichalcum"},{"floor":13.0,"key":"Mummified Hand"},{"floor":30.0,"key":"Happy Flower"}],"event_choices":[{"damage_healed":0.0,"max_hp_gain":5.0,"max_hp_loss":0.0,"gold_gain":0.0,"event_name":"Big Fish","player_choice":"Donut","floor":2.0,"gold_loss":0.0,"damage_taken":0.0},{"damage_healed":0.0,"max_hp_gain":0.0,"max_hp_loss":0.0,"gold_gain":75.0,"event_name":"World of Goop","player_choice":"Gather Gold","floor":3.0,"gold_loss":0.0,"damage_taken":11.0},{"damage_healed":0.0,"max_hp_gain":0.0,"max_hp_loss":0.0,"gold_gain":0.0,"event_name":"Upgrade Shrine","player_choice":"Upgraded","floor":11.0,"gold_loss":0.0,"damage_taken":0.0,"cards_upgraded":["Leg Sweep"]},{"damage_healed":0.0,"max_hp_gain":0.0,"max_hp_loss":0.0,"gold_gain":0.0,"event_name":"Lab","player_choice":"Got Potions","floor":22.0,"gold_loss":0.0,"damage_taken":0.0},{"damage_healed":0.0,"max_hp_gain":0.0,"max_hp_loss":0.0,"gold_gain":50.0,"event_name":"FaceTrader","player_choice":"Touch","floor":28.0,"gold_loss":0.0,"damage_taken":7.0}],"is_beta":false,"boss_relics":[{"not_picked":["Astrolabe","Pandora\u0027s Box"],"picked":"Busted Crown"}],"items_purged_floors":[5,23,27],"is_endless":false,"potions_floor_spawned":[12,18,20,21],"killed_by":"theJungle:TotemBoss","ascension_level":20}