{"gold_per_floor":[363,26,44,102,0,0,19,53,53,53,63,63,63,73,73,151,151,163,181,215,265,68,101,113,125,137,149,189,220,251,283,295,386,398,426,99,111,129,42,74,89,89,89,119,134,151,151,1,1,1,1,1,1,1,28,28],"floor_reached":57,"playtime":3525,"items_purged":["Doubt","Strike_G","Defend_G","Dagger Spray+1"],"score":3354,"play_id":"d46d9e2d-162f-4b44-94b6-3ab2a4adc987","local_time":"20190312161141","is_ascension_mode":true,"campfire_choices":[{"data":"Deadly Poison","floor":6.0,"key":"SMITH"},{"data":"Well Laid Plans","floor":10.0,"key":"SMITH"},{"data":"Blade Dance","floor":12.0,"key":"SMITH"},{"data":"Footwork","floor":15.0,"key":"SMITH"},{"data":"Reflex","floor":25.0,"key":"SMITH"},{"data":"Concentrate","floor":27.0,"key":"SMITH"},{"data":"Calculated Gamble","floor":32.0,"key":"SMITH"},{"data":"Acrobatics","floor":42.0,"key":"SMITH"},{"floor":49.0,"key":"RECALL"},{"floor":53.0,"key":"REST"}],"neow_cost":"CURSE","seed_source_timestamp":8511621804499,"circlet_count":0,"master_deck":["AscendersBane","Defend_G+1","Defend_G+1","Defend_G+1","Survivor+1","Neutralize+1","Masterful Stab+1","Deadly Poison+1","Well Laid Plans+1","Dagger Throw+1","Blade Dance+1","Footwork+1","Finisher+1","Corpse Explosion+1","Concentrate+1","Escape Plan+1","Reflex+1","Calculated Gamble+1","Reflex+1","Acrobatics+1","Backstab+1","Deflect+1","Acrobatics+1","Expertise+1","Reflex+1","Night Terror+1","Backflip+1"],"special_seed":0,"relics":["Ring of the Snake","Kunai","Gremlin Horn","Empty Cage","Red Mask","MawBank","Sundial","Lantern","Astrolabe","Omamori","Bag of Preparation","Ornamental Fan","Centennial Puzzle","Mark of the Bloom","War Paint"],"potions_floor_usage":[56,56],"damage_taken":[{"damage":21.0,"enemies":"Cultist","floor":1.0,"turns":7.0},{"damage":0.0,"enemies":"Jaw Worm","floor":3.0,"turns":3.0},{"damage":0.0,"enemies":"Small Slimes","floor":7.0,"turns":2.0},{"damage":17.0,"enemies":"Gremlin Nob","floor":8.0,"turns":4.0},{"damage":0.0,"enemies":"Red Slaver","floor":11.0,"turns":3.0},{"damage":0.0,"enemies":"Blue Slaver","floor":14.0,"turns":2.0},{"damage":6.0,"enemies":"Hexaghost","floor":16.0,"turns":8.0},{"damage":9.0,"enemies":"3 Byrds","floor":18.0,"turns":3.0},{"damage":3.0,"enemies":"Chosen","floor":19.0,"turns":5.0},{"damage":12.0,"enemies":"Masked Bandits","floor":20.0,"turns":2.0},{"damage":0.0,"enemies":"Gremlin Leader","floor":23.0,"turns":6.0},{"damage":15.0,"enemies":"Slavers","floor":28.0,"turns":4.0},{"damage":8.0,"enemies":"Snake Plant","floor":29.0,"turns":6.0},{"damage":3.0,"enemies":"Centurion and Healer","floor":30.0,"turns":6.0},{"damage":0.0,"enemies":"Cultist and Chosen","floor":31.0,"turns":4.0},{"damage":0.0,"enemies":"Automaton","floor":33.0,"turns":11.0},{"damage":0.0,"enemies":"3 Darklings","floor":35.0,"turns":1.0},{"damage":0.0,"enemies":"3 Shapes","floor":37.0,"turns":6.0},{"damage":0.0,"enemies":"3 Darklings","floor":38.0,"turns":2.0},{"damage":0.0,"enemies":"Reptomancer","floor":40.0,"turns":3.0},{"damage":0.0,"enemies":"Transient","floor":41.0,"turns":6.0},{"damage":0.0,"enemies":"Nemesis","floor":44.0,"turns":5.0},{"damage":0.0,"enemies":"Sphere and 2 Shapes","floor":45.0,"turns":3.0},{"damage":0.0,"enemies":"Maw","floor":46.0,"turns":6.0},{"damage":0.0,"enemies":"Donu and Deca","floor":50.0,"turns":5.0},{"damage":0.0,"enemies":"Awakened One","floor":51.0,"turns":4.0},{"damage":0.0,"enemies":"Shield and Spear","floor":55.0,"turns":2.0},{"damage":30,"enemies":"The Heart","floor":56,"turns":8}],"seed_played":"7476284940936486210","potions_obtained":[{"floor":1.0,"key":"GhostInAJar"},{"floor":8.0,"key":"SneckoOil"},{"floor":11.0,"key":"SteroidPotion"},{"floor":23.0,"key":"SkillPotion"},{"floor":28.0,"key":"Fire Potion"},{"floor":29.0,"key":"Strength Potion"},{"floor":30.0,"key":"AttackPotion"},{"floor":35.0,"key":"Weak Potion"},{"floor":44.0,"key":"PowerPotion"}],"is_trial":false,"path_per_floor":["M","$","M","?","$","R","M","E","T","R","M","R","?","M","R","B",null,"M","M","?","?","$","E","$","R","T","R","E","M","M","M","R","B",null,"M","$","M","M","$","E","M","R","T","E","M","M","?","$","R","B","B",null,"R","$","E","B",null],"character_chosen":"THE_SILENT","items_purchased":["Kunai","Well Laid Plans","Dagger Throw","Reflex","AttackPotion","Omamori","Energy Potion","Reflex"],"campfire_rested":1,"item_purchase_floors":[2,5,5,22,22,36,36,39],"current_hp_per_floor":[38,38,38,38,38,38,38,21,21,21,21,21,21,21,21,15,53,44,41,29,29,29,29,29,29,29,29,14,6,3,3,3,3,50,50,50,50,50,50,50,50,50,50,50,50,50,50,50,50,50,50,50,50,50,50,20],"gold":28,"neow_bonus":"TWO_FIFTY_GOLD","is_prod":false,"is_daily":false,"chose_seed":false,"campfire_upgraded":8,"win_rate":0,"timestamp":1552378301,"path_taken":["M","$","?","?","$","R","M","E","T","R","M","R","?","?","R","BOSS","M","M","?","?","$","E","?","R","T","R","E","M","?","M","R","BOSS","M","?","M","M","?","E","M","R","T","E","M","?","?","$","R","BOSS","BOSS","R","$","E","BOSS"],"build_version":"2019-01-23","purchased_purges":4,"victory":true,"max_hp_per_floor":[66,66,66,66,66,66,66,66,66,66,66,66,66,66,66,66,66,66,66,66,66,66,66,66,66,66,66,66,66,66,66,66,66,66,66,66,66,66,66,66,66,66,66,66,66,66,66,66,66,66,66,66,66,66,66,66],"card_choices":[{"not_picked":["Underhanded Strike","Acrobatics"],"picked":"Masterful Stab","floor":1.0},{"not_picked":["Eviscerate","Deflect"],"picked":"Deadly Poison","floor":3.0},{"not_picked":["All Out Attack","Bane"],"picked":"Blade Dance","floor":7.0},{"not_picked":["Dagger Throw","Poisoned Stab"],"picked":"Footwork","floor":8.0},{"not_picked":["Dodge and Roll","Eviscerate","Heel Hook"],"picked":"SKIP","floor":11.0},{"not_picked":["Outmaneuver","Blade Dance"],"picked":"Finisher","floor":14.0},{"not_picked":["Tools of the Trade","A Thousand Cuts"],"picked":"Corpse Explosion","floor":16.0},{"not_picked":["Poisoned Stab+1","Bane","Quick Slash"],"picked":"SKIP","floor":18.0},{"not_picked":["Dash","Finisher"],"picked":"Concentrate","floor":19.0},{"not_picked":["Dash+1","Blade Dance"],"picked":"Escape Plan","floor":20.0},{"not_picked":["Dagger Spray+1","Underhanded Strike+1","A Thousand Cuts"],"picked":"SKIP","floor":23.0},{"not_picked":["Leg Sweep","Blade Dance"],"picked":"Calculated Gamble","floor":28.0},{"not_picked":["Dodge and Roll","Distraction"],"picked":"Reflex+1","floor":29.0},{"not_picked":["Deadly Poison","Prepared","Slice"],"picked":"SKIP","floor":30.0},{"not_picked":["Deadly Poison","Prepared","Slice"],"picked":"SKIP","floor":30.0},{"not_picked":["Sucker Punch","Escape Plan"],"picked":"Acrobatics","floor":31.0},{"not_picked":["Terror+1","Flying Knee","Dagger Spray"],"picked":"SKIP","floor":35.0},{"not_picked":["Dodge and Roll","Deflect"],"picked":"Acrobatics","floor":37.0},{"not_picked":["Blade Dance","Grand Finale"],"picked":"Expertise+1","floor":38.0},{"not_picked":["Choke+1","Flying Knee","Bane"],"picked":"SKIP","floor":40.0},{"not_picked":["Dagger Spray","Noxious Fumes","Terror"],"picked":"SKIP","floor":41.0},{"not_picked":["Expertise","Flying Knee+1"],"picked":"Night Terror","floor":44.0},{"not_picked":["Cloak And Dagger","Deadly Poison"],"picked":"Backflip+1","floor":45.0},{"not_picked":["Underhanded Strike+1","Quick Slash+1","Heel Hook"],"picked":"SKIP","floor":46.0},{"not_picked":["Bouncing Flask","Dodge and Roll+1","Deflect"],"picked":"SKIP","floor":55.0}],"player_experience":3514311,"relics_obtained":[{"floor":8.0,"key":"Gremlin Horn"},{"floor":20.0,"key":"Red Mask"},{"floor":23.0,"key":"MawBank"},{"floor":26.0,"key":"Sundial"},{"floor":28.0,"key":"Lantern"},{"floor":40.0,"key":"Bag of Preparation"},{"floor":43.0,"key":"Ornamental Fan"},{"floor":44.0,"key":"Centennial Puzzle"},{"floor":55.0,"key":"War Paint"}],"event_choices":[{"damage_healed":0.0,"max_hp_gain":0.0,"max_hp_loss":0.0,"gold_gain":58.0,"event_name":"Golden Wing","player_choice":"Gained Gold","floor":4.0,"gold_loss":0.0,"damage_taken":0.0},{"damage_healed":0.0,"max_hp_gain":0.0,"max_hp_loss":0.0,"gold_gain":0.0,"event_name":"Accursed Blacksmith","player_choice":"Forge","floor":13.0,"gold_loss":0.0,"damage_taken":0.0,"cards_upgraded":["Neutralize"]},{"damage_healed":0.0,"max_hp_gain":0.0,"max_hp_loss":0.0,"gold_gain":0.0,"event_name":"Masked Bandits","player_choice":"Fought Bandits","floor":20.0,"gold_loss":0.0,"damage_taken":0.0},{"damage_healed":0.0,"max_hp_gain":0.0,"max_hp_loss":0.0,"gold_gain":50.0,"event_name":"Nest","player_choice":"Stole From Cult","floor":21.0,"gold_loss":0.0,"damage_taken":0.0},{"damage_healed":0.0,"max_hp_gain":0.0,"max_hp_loss":0.0,"gold_gain":0.0,"event_name":"MindBloom","player_choice":"Upgrade","floor":47.0,"gold_loss":0.0,"damage_taken":0.0,"cards_upgraded":["Defend_G","Defend_G","Defend_G","Survivor","Masterful Stab","Dagger Throw","Finisher","Corpse Explosion","Escape Plan","Acrobatics","Reflex","Night Terror"],"relics_obtained":["Mark of the Bloom"]}],"is_beta":false,"boss_relics":[{"not_picked":["Ectoplasm","White Beast Statue"],"picked":"Empty Cage"},{"not_picked":["Black Star","Cursed Key"],"picked":"Astrolabe"}],"items_purged_floors":[2,22,36,48],"is_endless":false,"potions_floor_spawned":[1,8,11,23,28,29,30,35,38,44,45,55],"ascension_level":20}