{"gold_per_floor":[365,378,348,59,71,71,101,119,143,143,155,155,155,175,175,249,249,269,58,31,43,43,43,43,43,43,43,57,76,76,76,76,154,154,172,46,46,61,32,32,32],"floor_reached":41,"playtime":1471,"items_purged":["Strike_B"],"score":782,"play_id":"5c143b95-0f25-4569-8d08-4c013c006bb4","local_time":"20190228124559","is_ascension_mode":true,"campfire_choices":[{"data":"Sunder","floor":6.0,"key":"SMITH"},{"data":"Creative AI","floor":13.0,"key":"SMITH"},{"data":"Dualcast","floor":15.0,"key":"SMITH"},{"data":"Double Energy","floor":23.0,"key":"SMITH"},{"data":"White Noise","floor":25.0,"key":"SMITH"},{"data":"Zap","floor":27.0,"key":"SMITH"},{"data":"True Grit","floor":30,"key":"SMITH"},{"data":"Enlightenment","floor":32,"key":"SMITH"},{"data":"Biased Cognition","floor":40,"key":"SMITH"}],"neow_cost":"PERCENT_DAMAGE","seed_source_timestamp":3803224279706,"circlet_count":0,"master_deck":["AscendersBane","Defend_B","Defend_B","Defend_B","Defend_B","Zap+1","Dualcast+1","Cold Snap","Double Energy+1","Sunder+1","Genetic Algorithm","Shrug It Off","White Noise+1","Creative AI+1","Hologram","Rainbow","Enlightenment+1","Dash","Infinite Blades","Core Surge","True Grit+1","Compile Driver","Beam Cell","Sweeping Beam","Biased Cognition+1","Iron Wave","Hologram","Turbo","Turbo"],"special_seed":0,"relics":["Cracked Core","PrismaticShard","Dream Catcher","Ancient Tea Set","CultistMask","Emotion Chip","Eternal Feather","Strange Spoon","Mango","Vajra","Runic Dome"],"potions_floor_usage":[28,33,38,41],"damage_taken":[{"damage":2.0,"enemies":"Jaw Worm","floor":1.0,"turns":4.0},{"damage":0.0,"enemies":"Cultist","floor":2.0,"turns":3.0},{"damage":5.0,"enemies":"Small Slimes","floor":5.0,"turns":3.0},{"damage":5.0,"enemies":"3 Sentries","floor":7.0,"turns":4.0},{"damage":6.0,"enemies":"Exordium Thugs","floor":8.0,"turns":3.0},{"damage":7.0,"enemies":"Exordium Wildlife","floor":11.0,"turns":4.0},{"damage":1.0,"enemies":"Looter","floor":14.0,"turns":3.0},{"damage":14.0,"enemies":"Hexaghost","floor":16.0,"turns":9.0},{"damage":18.0,"enemies":"Spheric Guardian","floor":18.0,"turns":6.0},{"damage":7.0,"enemies":"2 Thieves","floor":20.0,"turns":4.0},{"damage":27.0,"enemies":"Centurion and Healer","floor":21.0,"turns":8.0},{"damage":18,"enemies":"Shelled Parasite and Fungi","floor":28,"turns":7},{"damage":28,"enemies":"3 Cultists","floor":29,"turns":6},{"damage":13,"enemies":"Collector","floor":33,"turns":11},{"damage":7,"enemies":"3 Shapes","floor":35,"turns":4},{"damage":40,"enemies":"3 Darklings","floor":38,"turns":8},{"damage":0,"enemies":"Reptomancer","floor":41,"turns":2}],"seed_played":"6732369047600880708","potions_obtained":[{"floor":3.0,"key":"SpeedPotion"},{"floor":3.0,"key":"AttackPotion"},{"floor":7.0,"key":"LiquidBronze"},{"floor":11.0,"key":"GamblersBrew"},{"floor":16.0,"key":"Ancient Potion"},{"floor":18.0,"key":"GamblersBrew"},{"floor":33,"key":"AttackPotion"},{"floor":35,"key":"PowerPotion"}],"is_trial":false,"path_per_floor":["M","M","?","$","M","R","E","M","T","?","M","T","R","M","R","B",null,"M","$","M","M","?","R","T","R","T","R","M","M","R","?","R","B",null,"M","$","?","M","$","R","E"],"character_chosen":"DEFECT","items_purchased":["Sunder","PrismaticShard","Strange Spoon","Hologram","Turbo"],"campfire_rested":0,"item_purchase_floors":[4,4,19,36,39],"current_hp_per_floor":[44,44,44,44,39,39,34,28,28,28,21,21,21,20,20,6,55,37,37,30,3,3,15,29,41,41,53,35,7,22,22,37,24,70,63,63,63,23,23,38,38],"gold":32,"neow_bonus":"TWO_FIFTY_GOLD","is_prod":false,"is_daily":false,"chose_seed":false,"campfire_upgraded":9,"win_rate":0,"timestamp":1551329159,"path_taken":["M","M","?","$","?","R","E","M","T","?","?","?","R","?","R","BOSS","M","$","M","M","?","R","?","R","T","R","M","?","R","?","R","BOSS","M","$","?","M","$","R","E"],"build_version":"2019-01-23","purchased_purges":1,"victory":false,"max_hp_per_floor":[71,71,71,71,71,71,71,71,71,71,71,71,71,71,71,71,71,71,71,71,71,71,71,85,85,85,85,85,85,85,85,85,85,85,85,85,85,85,85,85,85],"card_choices":[{"not_picked":["Compile Driver","Go for the Eyes"],"picked":"Cold Snap","floor":1.0},{"not_picked":["Barrage","Leap"],"picked":"Double Energy","floor":2.0},{"not_picked":["Slice","Armaments"],"picked":"Genetic Algorithm","floor":5.0},{"not_picked":["Intimidate","Flechettes"],"picked":"Shrug It Off","floor":7.0},{"not_picked":["Outmaneuver","Iron Wave"],"picked":"White Noise","floor":8.0},{"not_picked":["Swift Strike","Dodge and Roll"],"picked":"Creative AI","floor":11.0},{"not_picked":["Carnage","Twin Strike"],"picked":"Hologram","floor":14.0},{"not_picked":["Phantasmal Killer","Offering"],"picked":"Rainbow","floor":16.0},{"not_picked":["Finisher","Prepared"],"picked":"Enlightenment","floor":18.0},{"not_picked":["Reflex","Gash"],"picked":"Dash","floor":20.0},{"not_picked":["Clash","Leap"],"picked":"Infinite Blades","floor":21.0},{"not_picked":["Rampage","Shockwave"],"picked":"True Grit","floor":28},{"not_picked":["Ball Lightning","Poisoned Stab"],"picked":"Compile Driver","floor":29},{"not_picked":["Dark Embrace","Thinking Ahead"],"picked":"Biased Cognition","floor":33},{"not_picked":["Twin Strike","Flex"],"picked":"Iron Wave","floor":35},{"not_picked":["Compile Driver","Fire Breathing"],"picked":"Turbo","floor":38}],"player_experience":3217815,"relics_obtained":[{"floor":7.0,"key":"Dream Catcher"},{"floor":9.0,"key":"Ancient Tea Set"},{"floor":12.0,"key":"Emotion Chip"},{"floor":24.0,"key":"Mango"},{"floor":26.0,"key":"Vajra"}],"event_choices":[{"damage_healed":0.0,"max_hp_gain":0.0,"max_hp_loss":0.0,"gold_gain":0.0,"event_name":"The Woman in Blue","player_choice":"Bought 2 Potions","floor":3.0,"gold_loss":0.0,"damage_taken":0.0},{"damage_healed":0.0,"max_hp_gain":0.0,"max_hp_loss":0.0,"gold_gain":0.0,"event_name":"FaceTrader","player_choice":"Trade","floor":10.0,"gold_loss":0.0,"damage_taken":0.0,"relics_obtained":["CultistMask"]},{"damage_healed":0.0,"max_hp_gain":0.0,"max_hp_loss":0.0,"gold_gain":0.0,"event_name":"The Library","player_choice":"Read","floor":22.0,"gold_loss":0.0,"damage_taken":0.0,"cards_obtained":["Core Surge"]},{"damage_healed":0,"gold_gain":0,"cards_transformed":["Strike_B","Strike_B"],"player_choice":"Became Test Subject","damage_taken":0,"max_hp_gain":0,"max_hp_loss":0,"event_name":"Drug Dealer","floor":31,"gold_loss":0,"cards_obtained":["Beam Cell","Sweeping Beam"]},{"cards_removed":["Strike_B"],"damage_healed":0,"gold_gain":0,"player_choice":"Purged","damage_taken":0,"max_hp_gain":0,"max_hp_loss":0,"event_name":"Purifier","floor":37,"gold_loss":0}],"is_beta":false,"boss_relics":[{"not_picked":["Tiny House","Lizard Tail"],"picked":"Eternal Feather"},{"not_picked":["White Beast Statue","Fusion Hammer"],"picked":"Runic Dome"}],"items_purged_floors":[36],"is_endless":false,"potions_floor_spawned":[7,11,14,16,18,33,35],"killed_by":"Reptomancer","ascension_level":20}