{"gold_per_floor":[10,10,22,22,50,62,100,112,193,205,236,267,308,69,69,143,143,158,174,174,174,194,194,194],"floor_reached":24,"playtime":747,"items_purged":[],"score":462,"play_id":"d731fb15-fadb-46cb-942c-c376eed1888d","local_time":"20190122204309","is_ascension_mode":true,"campfire_choices":[{"data":"A Thousand Cuts","floor":6.0,"key":"SMITH"},{"data":"Neutralize","floor":8.0,"key":"SMITH"},{"data":"Leg Sweep","floor":15.0,"key":"SMITH"},{"data":"Well Laid Plans","floor":23.0,"key":"SMITH"}],"neow_cost":"NO_GOLD","seed_source_timestamp":18969759175253,"circlet_count":0,"master_deck":["AscendersBane","Defend_G","Defend_G","Defend_G","Defend_G","Defend_G","Strike_G","Strike_G","Strike_G","Strike_G","Survivor","Neutralize+1","A Thousand Cuts+1","Flying Knee","All Out Attack+1","Backflip","Acrobatics","Leg Sweep+1","Well Laid Plans+1"],"special_seed":0,"relics":["Ring of the Snake","MawBank","Art of War","Singing Bowl","Bag of Preparation","Sozu","Enchiridion"],"potions_floor_usage":[],"damage_taken":[{"damage":5.0,"enemies":"2 Louse","floor":1.0,"turns":3.0},{"damage":2.0,"enemies":"Cultist","floor":3.0,"turns":4.0},{"damage":2.0,"enemies":"Small Slimes","floor":5.0,"turns":3.0},{"damage":22.0,"enemies":"3 Sentries","floor":7.0,"turns":4.0},{"damage":6.0,"enemies":"3 Louse","floor":11.0,"turns":2.0},{"damage":0.0,"enemies":"Lots of Slimes","floor":12.0,"turns":1.0},{"damage":0.0,"enemies":"Gremlin Nob","floor":13.0,"turns":3.0},{"damage":2.0,"enemies":"The Guardian","floor":16.0,"turns":16.0},{"damage":1.0,"enemies":"Shell Parasite","floor":18.0,"turns":6.0},{"damage":6.0,"enemies":"Spheric Guardian","floor":19.0,"turns":6.0},{"damage":13.0,"enemies":"Snake Plant","floor":22.0,"turns":6.0},{"damage":20,"enemies":"Slavers","floor":24,"turns":3}],"seed_played":"-1805954966835852411","potions_obtained":[{"floor":1.0,"key":"Energy Potion"},{"floor":7.0,"key":"PowerPotion"}],"is_trial":false,"path_per_floor":["?","?","?","M","?","?"],"character_chosen":"THE_SILENT","items_purchased":["Well Laid Plans","Bag of Preparation"],"campfire_rested":0,"item_purchase_floors":[14,14],"current_hp_per_floor":[54,54,52,34,32,32,10,10,10,10,4,4,4,4,4,4,52,53,49,28,28,17,17,0],"gold":194,"neow_bonus":"THREE_RARE_CARDS","is_prod":false,"is_daily":false,"chose_seed":false,"campfire_upgraded":4,"win_rate":0,"timestamp":1548160989,"path_taken":["M","?","M","?","M","R","E","R","T","?","M","M","E","$","R","BOSS","M","?","?","?","M","R","E"],"build_version":"2019-01-20","purchased_purges":0,"victory":false,"max_hp_per_floor":[66,66,66,66,66,66,66,66,66,66,66,66,66,66,66,68,68,70,72,72,72,74,74,74],"card_choices":[{"not_picked":["Night Terror","Phantasmal Killer"],"picked":"A Thousand Cuts","floor":0.0},{"not_picked":["Outmaneuver","Backstab"],"picked":"Flying Knee","floor":1.0},{"not_picked":["Dagger Throw","Expertise","Deadly Poison"],"picked":"SKIP","floor":3.0},{"not_picked":["Dagger Throw","Expertise","Deadly Poison"],"picked":"SKIP","floor":3.0},{"not_picked":["Deadly Poison","Catalyst"],"picked":"Backflip","floor":5.0},{"not_picked":["Catalyst","Flying Knee","Quick Slash"],"picked":"SKIP","floor":7.0},{"not_picked":["Bouncing Flask","Bane","Finisher"],"picked":"SKIP","floor":11.0},{"not_picked":["Endless Agony","Outmaneuver"],"picked":"Acrobatics","floor":12.0},{"not_picked":["Slice","Cloak And Dagger"],"picked":"Leg Sweep","floor":13.0},{"not_picked":["Phantasmal Killer","Tools of the Trade","Glass Knife"],"picked":"Singing Bowl","floor":16.0},{"not_picked":["Underhanded Strike","Caltrops","Infinite Blades+1"],"picked":"Singing Bowl","floor":18.0},{"not_picked":["Dodge and Roll","Distraction","Outmaneuver"],"picked":"Singing Bowl","floor":19.0},{"not_picked":["Dash","Flying Knee","Masterful Stab"],"picked":"Singing Bowl","floor":22.0}],"player_experience":1318198,"relics_obtained":[{"floor":7.0,"key":"Art of War"},{"floor":13.0,"key":"Singing Bowl"},{"floor":20.0,"key":"Enchiridion"}],"event_choices":[{"damage_healed":0.0,"max_hp_gain":0.0,"max_hp_loss":0.0,"gold_gain":0.0,"cards_transformed":["Strike_G"],"event_name":"Living Wall","player_choice":"Change","floor":2.0,"gold_loss":0.0,"damage_taken":0.0,"cards_obtained":["All Out Attack"]},{"damage_healed":0.0,"max_hp_gain":0.0,"max_hp_loss":0.0,"gold_gain":0.0,"event_name":"Scrap Ooze","player_choice":"Success","floor":4.0,"gold_loss":0.0,"damage_taken":18.0,"relics_obtained":["MawBank"]},{"damage_healed":0.0,"max_hp_gain":0.0,"max_hp_loss":0.0,"gold_gain":0.0,"event_name":"Upgrade Shrine","player_choice":"Upgraded","floor":10.0,"gold_loss":0.0,"damage_taken":0.0,"cards_upgraded":["All Out Attack"]},{"damage_healed":0.0,"max_hp_gain":0.0,"max_hp_loss":0.0,"gold_gain":0.0,"event_name":"Cursed Tome","player_choice":"Obtained Book","floor":20.0,"gold_loss":0.0,"damage_taken":21.0},{"damage_healed":0.0,"max_hp_gain":0.0,"max_hp_loss":0.0,"gold_gain":0.0,"event_name":"Lab","player_choice":"Got Potions","floor":21.0,"gold_loss":0.0,"damage_taken":0.0}],"is_beta":true,"boss_relics":[{"not_picked":["Lizard Tail","Philosopher\u0027s Stone"],"picked":"Sozu"}],"items_purged_floors":[],"is_endless":false,"potions_floor_spawned":[1,7,19],"killed_by":"Slavers","ascension_level":20}