{"gold_per_floor":[119,134,17,17,37,37,57,89,89,89,100,118,153,103,103,179,179,190,201,151,161,161,191,191,207,289,307,322,322,136,163,163,240,240,252,264,214,230,121,148,148,167,167,200,200,255,288,288,288,288,288,288,152,184,184],"floor_reached":56,"playtime":2809,"items_purged":["Strike_G","Strike_G","Defend_G","Defend_G","Decay","Defend_G","Strike_G+1"],"score":3064,"play_id":"3cc17a41-000b-4e7a-8e5a-adc24ec87435","local_time":"20181115210938","is_ascension_mode":true,"campfire_choices":[{"data":"Neutralize","floor":6,"key":"SMITH"},{"data":"Tactician","floor":10,"key":"SMITH"},{"data":"Well Laid Plans","floor":15,"key":"SMITH"},{"data":"Acrobatics","floor":24,"key":"SMITH"},{"data":"Choke","floor":29,"key":"SMITH"},{"data":"Footwork","floor":32,"key":"SMITH"},{"floor":41,"key":"RECALL"},{"data":"Acrobatics","floor":49,"key":"SMITH"},{"data":"Backflip","floor":52,"key":"SMITH"}],"neow_cost":"TEN_PERCENT_HP_LOSS","seed_source_timestamp":8308077713221,"circlet_count":0,"master_deck":["AscendersBane","Defend_G","Defend_G","Survivor","Neutralize+1","Dagger Throw","Well Laid Plans+1","Acrobatics+1","Masterful Stab+1","Footwork+1","Tactician+1","Acrobatics+1","Backflip+1","Concentrate+1","Prepared+1","Choke+1","Blur+1","Acrobatics+1","Escape Plan+1","Acrobatics+1","Heel Hook","Reflex+1","Escape Plan+1"],"relics":["Ring of the Snake","Smiling Mask","Matryoshka","Vajra","Oddly Smooth Stone","Whetstone","Cursed Key","Bottled Lightning","Pear","Toxic Egg 2","Omamori","Sozu","Lantern","Art of War","Gambling Chip","Mummified Hand","Peace Pipe"],"potions_floor_usage":[8,8,54],"damage_taken":[{"damage":0,"enemies":"Cultist","floor":1,"turns":4},{"damage":0,"enemies":"Jaw Worm","floor":2,"turns":5},{"damage":0,"enemies":"2 Louse","floor":5,"turns":3},{"damage":0,"enemies":"Looter","floor":7,"turns":4},{"damage":3,"enemies":"3 Sentries","floor":8,"turns":8},{"damage":0,"enemies":"Blue Slaver","floor":11,"turns":4},{"damage":0,"enemies":"Exordium Wildlife","floor":12,"turns":2},{"damage":0,"enemies":"Lagavulin","floor":13,"turns":6},{"damage":25,"enemies":"Slime Boss","floor":16,"turns":14},{"damage":0,"enemies":"Spheric Guardian","floor":18,"turns":4},{"damage":0,"enemies":"Chosen","floor":19,"turns":5},{"damage":0,"enemies":"Snake Plant","floor":21,"turns":3},{"damage":0,"enemies":"Book of Stabbing","floor":23,"turns":4},{"damage":0,"enemies":"Centurion and Healer","floor":25,"turns":3},{"damage":2,"enemies":"Sentry and Sphere","floor":27,"turns":4},{"damage":5,"enemies":"Cultist and Chosen","floor":28,"turns":6},{"damage":0,"enemies":"Slavers","floor":31,"turns":3},{"damage":0,"enemies":"Automaton","floor":33,"turns":5},{"damage":0,"enemies":"3 Darklings","floor":35,"turns":3},{"damage":0,"enemies":"Orb Walker","floor":36,"turns":2},{"damage":0,"enemies":"Transient","floor":38,"turns":6},{"damage":0,"enemies":"Nemesis","floor":40,"turns":3},{"damage":0,"enemies":"4 Shapes","floor":42,"turns":3},{"damage":0,"enemies":"Reptomancer","floor":44,"turns":2},{"damage":0,"enemies":"2 Orb Walkers","floor":46,"turns":2},{"damage":0,"enemies":"Nemesis","floor":47,"turns":1},{"damage":0,"enemies":"Awakened One","floor":50,"turns":2},{"damage":0,"enemies":"Shield and Spear","floor":54,"turns":1},{"damage":0,"enemies":"The Heart","floor":55,"turns":6}],"seed_played":"6739290254321462570","potions_obtained":[{"floor":1,"key":"SteroidPotion"},{"floor":5,"key":"PowerPotion"},{"floor":7,"key":"AttackPotion"},{"floor":11,"key":"Explosive Potion"},{"floor":19,"key":"Weak Potion"},{"floor":28,"key":"SkillPotion"}],"is_trial":false,"path_per_floor":["M","M","$","?","M","R","M","E","T","R","M","M","E","$","R","B",null,"M","M","$","M","?","E","R","M","T","M","M","R","$","E","R","B",null,"M","M","$","M","$","E","R","M","T","E","?","?","E","?","R","B",null,"R","$","E","B",null],"character_chosen":"THE_SILENT","items_purchased":["Footwork","Blur+1","Acrobatics+1","Acrobatics+1","Escape Plan+1"],"campfire_rested":0,"item_purchase_floors":[3,30,30,39,53],"current_hp_per_floor":[59,59,59,59,59,59,59,56,56,56,56,56,56,56,56,31,53,53,53,53,53,37,37,37,37,47,45,40,40,40,40,40,40,66,66,66,66,66,66,66,66,66,66,66,66,66,66,66,66,66,73,73,73,73,73],"gold":184,"neow_bonus":"TRANSFORM_TWO_CARDS","is_prod":false,"is_daily":false,"chose_seed":false,"campfire_upgraded":8,"win_rate":0,"timestamp":1542287378,"path_taken":["M","M","$","?","M","R","M","E","T","R","M","M","E","?","R","BOSS","M","M","$","M","?","E","R","M","T","M","M","R","$","E","R","BOSS","M","M","$","M","$","E","R","M","T","E","?","?","E","?","R","BOSS","R","$","E","BOSS"],"build_version":"2018-11-14","purchased_purges":7,"victory":true,"max_hp_per_floor":[60,60,60,60,60,60,60,60,60,60,60,60,60,60,60,60,60,60,60,60,60,65,65,65,65,75,75,75,75,75,75,75,75,75,75,75,75,75,75,75,75,75,75,75,75,75,75,75,75,75,75,75,75,75,75],"card_choices":[{"not_picked":["Blade Dance","Prepared"],"picked":"Acrobatics","floor":1},{"not_picked":["Deflect","Blade Dance"],"picked":"Masterful Stab","floor":2},{"not_picked":["Blade Dance","Sucker Punch","Dodge and Roll"],"picked":"SKIP","floor":5},{"not_picked":["Infinite Blades","PiercingWail","Backstab"],"picked":"SKIP","floor":7},{"not_picked":["Sucker Punch","Prepared"],"picked":"Tactician","floor":8},{"not_picked":["Reflex","Cloak And Dagger","Finisher"],"picked":"SKIP","floor":11},{"not_picked":["Endless Agony","Bane"],"picked":"Acrobatics","floor":12},{"not_picked":["Dash","Bane","Backstab"],"picked":"SKIP","floor":13},{"not_picked":["Predator","Choke"],"picked":"Backflip","floor":18},{"not_picked":["Prepared","Deflect"],"picked":"Concentrate+1","floor":19},{"not_picked":["Bane","Dagger Throw+1","Setup+1"],"picked":"SKIP","floor":21},{"not_picked":["Distraction","Flying Knee"],"picked":"Prepared+1","floor":23},{"not_picked":["Blade Dance","Bane"],"picked":"Choke","floor":25},{"not_picked":["Corpse Explosion+1","PiercingWail+1","Deadly Poison+1"],"picked":"SKIP","floor":27},{"not_picked":["Dodge and Roll+1","Underhanded Strike","Flying Knee"],"picked":"SKIP","floor":28},{"not_picked":["Blur+1","Deadly Poison+1"],"picked":"Escape Plan+1","floor":31},{"not_picked":["Envenom","Bullet Time+1"],"picked":"After Image","floor":33},{"not_picked":["Heel Hook","Expertise+1","Deadly Poison+1"],"picked":"SKIP","floor":35},{"not_picked":["Expertise+1","Blur+1","Acrobatics+1"],"picked":"SKIP","floor":36},{"not_picked":["Leg Sweep+1","Flying Knee","Noxious Fumes+1"],"picked":"SKIP","floor":38},{"not_picked":["Acrobatics+1","Finisher","Choke"],"picked":"SKIP","floor":40},{"not_picked":["Slice","Heel Hook","Quick Slash"],"picked":"SKIP","floor":42},{"not_picked":["Slice","Quick Slash"],"picked":"Heel Hook","floor":42},{"not_picked":["Dodge and Roll+1","Dagger Spray+1","Backflip+1"],"picked":"SKIP","floor":44},{"not_picked":["Dagger Throw+1","Dagger Spray+1"],"picked":"Reflex+1","floor":46},{"not_picked":["Sucker Punch+1","Accuracy","Calculated Gamble+1"],"picked":"SKIP","floor":47},{"not_picked":["Doppelganger+1","Dagger Spray+1","Phantasmal Killer+1"],"picked":"SKIP","floor":54}],"player_experience":1065087,"relics_obtained":[{"floor":8,"key":"Matryoshka"},{"floor":9,"key":"Vajra"},{"floor":9,"key":"Oddly Smooth Stone"},{"floor":13,"key":"Whetstone"},{"floor":23,"key":"Bottled Lightning"},{"floor":26,"key":"Pear"},{"floor":26,"key":"Toxic Egg 2"},{"floor":31,"key":"Omamori"},{"floor":40,"key":"Lantern"},{"floor":44,"key":"Art of War"},{"floor":46,"key":"Gambling Chip"},{"floor":47,"key":"Mummified Hand"},{"floor":54,"key":"Peace Pipe"}],"event_choices":[{"damage_healed":0,"gold_gain":0,"player_choice":"Gave Potion","damage_taken":0,"relics_obtained":["Smiling Mask"],"max_hp_gain":0,"max_hp_loss":0,"event_name":"WeMeetAgain","floor":4,"gold_loss":0},{"damage_healed":0,"gold_gain":0,"player_choice":"Shed Blood","damage_taken":21,"max_hp_gain":5,"max_hp_loss":0,"event_name":"Forgotten Altar","floor":22,"gold_loss":0},{"cards_removed":["After Image"],"damage_healed":0,"gold_gain":0,"player_choice":"Removed Power","damage_taken":0,"max_hp_gain":0,"max_hp_loss":0,"event_name":"Falling","floor":45,"gold_loss":0},{"damage_healed":0,"gold_gain":0,"player_choice":"Fight","damage_taken":0,"max_hp_gain":0,"max_hp_loss":0,"event_name":"Mysterious Sphere","floor":46,"gold_loss":0},{"damage_healed":0,"gold_gain":0,"player_choice":"Ignored","damage_taken":0,"max_hp_gain":0,"max_hp_loss":0,"event_name":"Tomb of Lord Red Mask","floor":48,"gold_loss":0}],"is_beta":true,"boss_relics":[{"not_picked":["Velvet Choker","Snecko Eye"],"picked":"Cursed Key"},{"not_picked":["Runic Dome","Ring of the Serpent"],"picked":"Sozu"}],"items_purged_floors":[3,14,20,30,37,39,53],"is_endless":false,"potions_floor_spawned":[1,5,7,11,19,27,28,31,35,40,42,54],"ascension_level":19}