{"gold_per_floor":[112,5,5,5,25,55,71,99,99,99,129,129,149,99,99,170,170,190,190,204,204,204,235,235,252,252,252,232,245,245,277,277,277],"floor_reached":33,"playtime":1082,"items_purged":["Strike_B"],"score":652,"play_id":"f9598354-6c5b-4cb3-8581-030589af1612","local_time":"20190221204008","is_ascension_mode":true,"campfire_choices":[{"floor":10.0,"key":"REST"},{"data":"Coolheaded","floor":12.0,"key":"SMITH"},{"data":"Double Energy","floor":15.0,"key":"SMITH"},{"floor":24.0,"key":"REST"},{"data":"Redo","floor":27.0,"key":"SMITH"},{"data":"Hologram","floor":30.0,"key":"SMITH"},{"data":"Dualcast","floor":32.0,"key":"SMITH"}],"neow_cost":"NONE","seed_source_timestamp":347238768202100,"circlet_count":0,"master_deck":["AscendersBane","Strike_B+1","Strike_B+1","Strike_B+1","Defend_B+1","Defend_B+1","Defend_B+1","Defend_B+1","Zap","Dualcast+1","Ball Lightning","Blizzard","Coolheaded+1","Echo Form","Double Energy+1","Redo+1","Rainbow","Go for the Eyes","Biased Cognition","Tempest+1","Hologram+1","Cold Snap+1","FTL+1","Turbo","Compile Driver+1"],"special_seed":0,"relics":["Cracked Core","NeowsBlessing","Regal Pillow","Singing Bowl","Smiling Mask","Bronze Scales","Orichalcum","Black Star","Molten Egg 2","Bottled Lightning","Oddly Smooth Stone","DataDisk"],"potions_floor_usage":[33],"damage_taken":[{"damage":0.0,"enemies":"Cultist","floor":1.0,"turns":1.0},{"damage":0.0,"enemies":"Jaw Worm","floor":5.0,"turns":1.0},{"damage":0.0,"enemies":"Gremlin Nob","floor":6.0,"turns":1.0},{"damage":9.0,"enemies":"Small Slimes","floor":7.0,"turns":3.0},{"damage":36.0,"enemies":"3 Sentries","floor":8.0,"turns":6.0},{"damage":6.0,"enemies":"Lagavulin","floor":11.0,"turns":5.0},{"damage":9.0,"enemies":"Blue Slaver","floor":13.0,"turns":4.0},{"damage":10.0,"enemies":"Slime Boss","floor":16.0,"turns":10.0},{"damage":3.0,"enemies":"3 Byrds","floor":18.0,"turns":2.0},{"damage":0.0,"enemies":"Chosen","floor":20.0,"turns":2.0},{"damage":14.0,"enemies":"Colosseum Slavers","floor":22.0,"turns":3.0},{"damage":54.0,"enemies":"Slavers","floor":23.0,"turns":5.0},{"damage":1.0,"enemies":"Snecko","floor":25.0,"turns":4.0},{"damage":5.0,"enemies":"Cultist and Chosen","floor":29.0,"turns":5.0},{"damage":15.0,"enemies":"Book of Stabbing","floor":31.0,"turns":4.0},{"damage":37,"enemies":"Collector","floor":33,"turns":6}],"seed_played":"-8805404541469865169","potions_obtained":[{"floor":5.0,"key":"LiquidBronze"},{"floor":7.0,"key":"Ancient Potion"},{"floor":13.0,"key":"GamblersBrew"},{"floor":16.0,"key":"FairyPotion"},{"floor":23.0,"key":"SkillPotion"},{"floor":28.0,"key":"Energy Potion"}],"is_trial":false,"path_per_floor":["M","$","$","?","M","E","M","E","T","R","E","R","M","$","R","B",null,"M","?","M","?","?","E","R","M","T","R","?","M","R","E","R","B"],"character_chosen":"DEFECT","items_purchased":["Blizzard","Coolheaded"],"campfire_rested":2,"item_purchase_floors":[2,2],"current_hp_per_floor":[64,64,64,46,46,46,37,1,1,37,31,31,24,24,24,14,58,55,55,55,55,41,2,38,37,37,37,37,32,32,17,17,0],"gold":277,"neow_bonus":"THREE_ENEMY_KILL","is_prod":false,"is_daily":false,"chose_seed":false,"campfire_upgraded":5,"win_rate":0,"timestamp":1550752808,"path_taken":["M","?","$","?","M","E","M","E","T","R","E","R","M","$","R","BOSS","M","?","M","?","?","E","R","M","T","R","?","?","R","E","R","BOSS"],"build_version":"2019-01-23","purchased_purges":1,"victory":false,"max_hp_per_floor":[71,71,71,71,71,71,71,71,71,71,71,71,73,73,73,73,73,73,73,73,73,73,73,73,73,73,73,73,73,73,73,73,73],"card_choices":[{"not_picked":["Leap","Static Discharge"],"picked":"Ball Lightning","floor":1.0},{"not_picked":["Go for the Eyes","Compile Driver"],"picked":"Echo Form","floor":5.0},{"not_picked":["Gash","Steam"],"picked":"Double Energy","floor":6.0},{"not_picked":["Melter","Doom and Gloom"],"picked":"Redo","floor":7.0},{"not_picked":["Barrage","Ball Lightning"],"picked":"Rainbow","floor":8.0},{"not_picked":["Redo","Reprogram"],"picked":"Go for the Eyes","floor":11.0},{"not_picked":["Genetic Algorithm","Storm","Ball Lightning"],"picked":"Singing Bowl","floor":13.0},{"not_picked":["Buffer","All For One"],"picked":"Biased Cognition","floor":16.0},{"not_picked":["Beam Cell","Cold Snap"],"picked":"Tempest+1","floor":18.0},{"not_picked":["Beam Cell","Reboot"],"picked":"Hologram","floor":20.0},{"not_picked":["Gash","Force Field+1"],"picked":"Cold Snap","floor":23.0},{"not_picked":["Steam","Hologram"],"picked":"FTL+1","floor":25.0},{"not_picked":["Sweeping Beam+1","Conserve Battery"],"picked":"Turbo","floor":29.0},{"not_picked":["Beam Cell+1","Creative AI"],"picked":"Compile Driver+1","floor":31.0}],"player_experience":888771,"relics_obtained":[{"floor":6.0,"key":"Singing Bowl"},{"floor":8.0,"key":"Smiling Mask"},{"floor":9.0,"key":"Bronze Scales"},{"floor":11.0,"key":"Orichalcum"},{"floor":23.0,"key":"Molten Egg 2"},{"floor":23.0,"key":"Bottled Lightning"},{"floor":31.0,"key":"Oddly Smooth Stone"},{"floor":31.0,"key":"DataDisk"}],"event_choices":[{"damage_healed":0.0,"max_hp_gain":0.0,"max_hp_loss":0.0,"gold_gain":0.0,"event_name":"Scrap Ooze","player_choice":"Success","floor":4.0,"gold_loss":0.0,"damage_taken":18.0,"relics_obtained":["Regal Pillow"]},{"damage_healed":0.0,"max_hp_gain":0.0,"max_hp_loss":0.0,"gold_gain":0.0,"event_name":"Ghosts","player_choice":"Ignored","floor":19.0,"gold_loss":0.0,"damage_taken":0.0},{"damage_healed":0.0,"max_hp_gain":0.0,"max_hp_loss":0.0,"gold_gain":0.0,"event_name":"Back to Basics","player_choice":"Simplicity","floor":21.0,"gold_loss":0.0,"damage_taken":0.0,"cards_upgraded":["Strike_B","Strike_B","Strike_B","Defend_B","Defend_B","Defend_B","Defend_B"]},{"damage_healed":0.0,"max_hp_gain":0.0,"max_hp_loss":0.0,"gold_gain":0.0,"event_name":"Colosseum","player_choice":"Fight","floor":22.0,"gold_loss":0.0,"damage_taken":0.0},{"damage_healed":0.0,"max_hp_gain":0.0,"max_hp_loss":0.0,"gold_gain":0.0,"event_name":"Colosseum","player_choice":"Fled From Nobs","floor":22.0,"gold_loss":0.0,"damage_taken":0.0},{"damage_healed":0.0,"max_hp_gain":0.0,"max_hp_loss":0.0,"gold_gain":0.0,"event_name":"The Woman in Blue","player_choice":"Bought 1 Potion","floor":28.0,"gold_loss":0.0,"damage_taken":0.0}],"is_beta":false,"boss_relics":[{"not_picked":["Snecko Eye","Lizard Tail"],"picked":"Black Star"}],"items_purged_floors":[14],"is_endless":false,"potions_floor_spawned":[5,7,13,16,18,23],"killed_by":"Collector","ascension_level":20}