{"gold_per_floor":[113,132,207,217,142,171,171,199,199,199,209,209,43,43,43,43],"floor_reached":16,"playtime":361,"items_purged":["Strike_R"],"score":216,"play_id":"d4b1a8f6-e301-4d02-8d30-c58eb40ad03c","local_time":"20181219224536","is_ascension_mode":true,"campfire_choices":[{"data":"Immolate","floor":7.0,"key":"SMITH"},{"data":"Bash","floor":10.0,"key":"SMITH"},{"floor":12.0,"key":"REST"},{"data":"Deep Breath","floor":15.0,"key":"SMITH"}],"neow_cost":"CURSE","seed_source_timestamp":8706430903940,"circlet_count":0,"master_deck":["AscendersBane","Strike_R","Strike_R","Strike_R","Defend_R","Defend_R","Defend_R","Defend_R","Bash+1","Clumsy","Immolate+1","Dropkick","Dropkick","Fiend Fire","Deep Breath+1"],"special_seed":0,"relics":["Burning Blood","Mercury Hourglass","Ancient Tea Set","Letter Opener","Golden Idol"],"potions_floor_usage":[16],"damage_taken":[{"damage":6.0,"enemies":"2 Louse","floor":1.0,"turns":3.0},{"damage":4.0,"enemies":"Jaw Worm","floor":2.0,"turns":4.0},{"damage":5.0,"enemies":"Small Slimes","floor":4.0,"turns":3.0},{"damage":24.0,"enemies":"Gremlin Nob","floor":6.0,"turns":4.0},{"damage":32.0,"enemies":"Lagavulin","floor":8.0,"turns":7.0},{"damage":13.0,"enemies":"Blue Slaver","floor":11.0,"turns":2.0},{"damage":34,"enemies":"The Guardian","floor":16,"turns":5}],"seed_played":"6434886361136274413","potions_obtained":[{"floor":1.0,"key":"SkillPotion"},{"floor":6.0,"key":"Explosive Potion"},{"floor":8.0,"key":"Poison Potion"}],"is_trial":false,"path_per_floor":["M","M","?","M","?","E","R","E","T","R","M","R","$","?","R","B"],"character_chosen":"IRONCLAD","items_purchased":["Deep Breath"],"campfire_rested":1,"item_purchase_floors":[13],"current_hp_per_floor":[68,70,59,60,60,42,42,16,16,16,9,31,31,31,31,0],"gold":43,"neow_bonus":"THREE_RARE_CARDS","is_prod":false,"is_daily":false,"chose_seed":false,"campfire_upgraded":3,"win_rate":0,"timestamp":1545230736,"path_taken":["M","M","?","M","?","E","R","E","T","R","M","R","$","?","R","BOSS"],"build_version":"2018-12-13","purchased_purges":1,"victory":false,"max_hp_per_floor":[75,75,75,75,75,75,75,75,75,75,75,75,75,68,68,68],"card_choices":[{"not_picked":["Fiend Fire","Exhume"],"picked":"Immolate","floor":0.0},{"not_picked":["Warcry","Bloodletting","Heavy Blade"],"picked":"SKIP","floor":1.0},{"not_picked":["Power Through","True Grit"],"picked":"Dropkick","floor":2.0},{"not_picked":["Wild Strike","Anger","Warcry"],"picked":"SKIP","floor":4.0},{"not_picked":["Anger","Fire Breathing"],"picked":"Dropkick","floor":6.0},{"not_picked":["Havoc","Pummel"],"picked":"Fiend Fire","floor":8.0},{"not_picked":["Armaments","Headbutt","Seeing Red"],"picked":"SKIP","floor":11.0}],"player_experience":1392437,"relics_obtained":[{"floor":6.0,"key":"Mercury Hourglass"},{"floor":8.0,"key":"Ancient Tea Set"},{"floor":9.0,"key":"Letter Opener"}],"event_choices":[{"damage_healed":0.0,"max_hp_gain":0.0,"max_hp_loss":0.0,"gold_gain":75.0,"event_name":"World of Goop","player_choice":"Gather Gold","floor":3.0,"gold_loss":0.0,"damage_taken":11.0},{"cards_removed":["Strike_R"],"damage_healed":0.0,"max_hp_gain":0.0,"max_hp_loss":0.0,"gold_gain":0.0,"event_name":"The Cleric","player_choice":"Card Removal","floor":5.0,"gold_loss":75.0,"damage_taken":0.0},{"damage_healed":0.0,"max_hp_gain":0.0,"max_hp_loss":7.0,"gold_gain":0.0,"event_name":"Golden Idol","player_choice":"Lose Max HP","floor":14.0,"gold_loss":0.0,"damage_taken":0.0,"relics_obtained":["Golden Idol"]}],"is_beta":false,"boss_relics":[],"items_purged_floors":[13],"is_endless":false,"potions_floor_spawned":[1,6,8],"killed_by":"The Guardian","ascension_level":20}