{"gold_per_floor":[118,43,53,53,53,53,78,37,37,37,57,76,96,4,4,78,78],"floor_reached":17,"playtime":318,"items_purged":["Strike_R"],"score":360,"play_id":"0177dda5-1561-4879-8612-48d5d9f8a4c4","local_time":"20190311014442","is_ascension_mode":true,"campfire_choices":[{"data":"Armaments","floor":6,"key":"SMITH"},{"data":"Carnage","floor":15,"key":"SMITH"}],"neow_cost":"NONE","seed_source_timestamp":54355484066827,"circlet_count":0,"master_deck":["AscendersBane","Strike_R","Strike_R","Strike_R","Strike_R","Defend_R","Defend_R","Defend_R","Defend_R","Bash","Evolve","Armaments+1","Offering","Carnage+1","Combust","Spot Weakness","Flash of Steel","Impervious"],"relics":["Burning Blood","NeowsBlessing","Strawberry","Darkstone Periapt","Orrery"],"potions_floor_usage":[],"damage_taken":[{"damage":0,"enemies":"Cultist","floor":1,"turns":1},{"damage":0,"enemies":"Small Slimes","floor":3,"turns":2},{"damage":0,"enemies":"3 Sentries","floor":7,"turns":2},{"damage":6,"enemies":"Jaw Worm","floor":11,"turns":2},{"damage":13,"enemies":"Exordium Thugs","floor":12,"turns":4},{"damage":6,"enemies":"Looter","floor":13,"turns":3},{"damage":46,"enemies":"Slime Boss","floor":16,"turns":9}],"seed_played":"4518661726993094747","potions_obtained":[{"floor":3,"key":"LiquidBronze"},{"floor":11,"key":"EssenceOfSteel"},{"floor":13,"key":"AttackPotion"}],"is_trial":false,"path_per_floor":["M","$","M","T","?","R","E","$","T","$","M","M","M","$","R","B",null],"character_chosen":"IRONCLAD","items_purchased":["Carnage","Flash of Steel"],"campfire_rested":0,"item_purchase_floors":[8,14],"current_hp_per_floor":[74,74,75,75,80,80,87,87,87,87,87,80,80,80,80,40,40],"gold":78,"neow_bonus":"THREE_ENEMY_KILL","is_prod":false,"is_daily":false,"chose_seed":false,"campfire_upgraded":2,"win_rate":0,"timestamp":1552239882,"path_taken":["M","?","?","?","?","R","E","$","T","?","M","?","M","$","R","BOSS"],"build_version":"2019-01-23","purchased_purges":1,"victory":false,"max_hp_per_floor":[75,75,75,75,80,80,87,87,87,87,87,87,87,87,87,87,87],"card_choices":[{"not_picked":["Warcry","Flex"],"picked":"Evolve","floor":1},{"not_picked":["Heavy Blade","Perfected Strike"],"picked":"Armaments","floor":3},{"not_picked":["Infernal Blade","Flame Barrier"],"picked":"Offering","floor":7},{"not_picked":["Havoc","Clash","Twin Strike"],"picked":"SKIP","floor":11},{"not_picked":["Clothesline","Havoc"],"picked":"Combust","floor":12},{"not_picked":["Iron Wave","Twin Strike"],"picked":"Spot Weakness","floor":13},{"not_picked":["Bludgeon","Fiend Fire"],"picked":"Impervious","floor":16}],"player_experience":3468898,"relics_obtained":[{"floor":7,"key":"Strawberry"},{"floor":9,"key":"Darkstone Periapt"}],"event_choices":[{"damage_healed":0,"gold_gain":0,"player_choice":"Donut","damage_taken":0,"max_hp_gain":5,"max_hp_loss":0,"event_name":"Big Fish","floor":5,"gold_loss":0}],"is_beta":false,"boss_relics":[{"not_picked":["Lizard Tail","Mark of Pain"],"picked":"Orrery"}],"items_purged_floors":[2],"is_endless":false,"potions_floor_spawned":[3,11,13],"ascension_level":20}