{"gold_per_floor":[112,112,136,159,159,200,200,214,292,326,326,339,355,355,355,454,454,479,236,259,259,283,316,316,231,231,231],"floor_reached":27,"playtime":1406,"items_purged":["Strike_R"],"score":482,"play_id":"9623954d-401d-4f13-941e-0c480dfdb422","local_time":"20190715001642","is_ascension_mode":true,"campfire_choices":[{"floor":7,"key":"REST"},{"floor":11,"key":"REST"},{"data":"Disarm","floor":15,"key":"SMITH"},{"data":"Corruption","floor":24,"key":"SMITH"}],"neow_cost":"NONE","seed_source_timestamp":80303233880049,"circlet_count":0,"master_deck":["AscendersBane","Strike_R","Strike_R","Strike_R","Defend_R","Defend_R","Defend_R","Defend_R","Bash","Thunderclap","Sword Boomerang","Disarm","Corruption+1","Disarm+1","Evolve","Barricade","Cleave","Ghostly Armor","Shrug It Off","Havoc+1"],"relics":["Burning Blood","Golden Idol","Ancient Tea Set","Vajra","Shuriken","StoneCalendar","Ginger","Coffee Dripper","PreservedInsect","Bronze Scales","The Courier","Sundial"],"potions_floor_usage":[6,10,18,27,27],"damage_taken":[{"damage":3,"enemies":"2 Louse","floor":1,"turns":4},{"damage":7,"enemies":"Jaw Worm","floor":4,"turns":3},{"damage":60,"enemies":"Lagavulin","floor":6,"turns":7},{"damage":0,"enemies":"Small Slimes","floor":8,"turns":3},{"damage":34,"enemies":"Gremlin Nob","floor":10,"turns":4},{"damage":4,"enemies":"3 Louse","floor":12,"turns":4},{"damage":0,"enemies":"Large Slime","floor":13,"turns":4},{"damage":23,"enemies":"Hexaghost","floor":16,"turns":8},{"damage":8,"enemies":"Chosen","floor":18,"turns":5},{"damage":48,"enemies":"Spheric Guardian","floor":20,"turns":7},{"damage":17,"enemies":"3 Cultists","floor":22,"turns":5},{"damage":17,"enemies":"Gremlin Leader","floor":23,"turns":7},{"damage":12,"enemies":"Shelled Parasite and Fungi","floor":27,"turns":3}],"seed_played":"1952838108291531364","potions_obtained":[{"floor":4,"key":"Fire Potion"},{"floor":8,"key":"Regen Potion"},{"floor":13,"key":"Regen Potion"},{"floor":20,"key":"FearPotion"},{"floor":23,"key":"Ancient Potion"}],"is_trial":false,"path_per_floor":["M","?","T","M","?","E","R","M","T","E","R","M","M","?","R","B",null,"M","$","M","?","M","E","R","?","T","M"],"character_chosen":"IRONCLAD","items_purchased":["PreservedInsect"],"campfire_rested":2,"item_purchase_floors":[19],"current_hp_per_floor":[78,74,74,73,66,12,34,40,40,24,46,48,54,36,36,19,60,72,72,30,30,19,8,8,8,8,0],"gold":231,"neow_bonus":"TEN_PERCENT_HP_BONUS","is_prod":false,"is_daily":false,"chose_seed":false,"campfire_upgraded":2,"win_rate":0,"timestamp":1563142602,"path_taken":["M","?","?","M","?","E","R","?","T","E","R","M","M","?","R","BOSS","M","$","M","?","M","E","R","?","T","M"],"build_version":"2019-07-05","purchased_purges":1,"victory":false,"max_hp_per_floor":[82,74,74,74,74,74,74,74,74,74,74,74,74,74,74,74,74,74,74,74,74,74,74,74,74,74,74],"card_choices":[{"not_picked":["Heavy Blade","Sever Soul","Anger"],"picked":"SKIP","floor":1},{"not_picked":["Shrug It Off","Headbutt"],"picked":"Thunderclap","floor":4},{"not_picked":["Evolve","Infernal Blade"],"picked":"Sword Boomerang","floor":6},{"not_picked":["Perfected Strike","Shrug It Off"],"picked":"Disarm","floor":8},{"not_picked":["Thunderclap","Battle Trance"],"picked":"Corruption","floor":10},{"not_picked":["Carnage","Flex"],"picked":"Disarm","floor":12},{"not_picked":["Twin Strike","Perfected Strike"],"picked":"Evolve","floor":13},{"not_picked":["Impervious","Juggernaut"],"picked":"Barricade","floor":16},{"not_picked":["Iron Wave","Twin Strike"],"picked":"Cleave","floor":18},{"not_picked":["Body Slam","Sword Boomerang","Wild Strike"],"picked":"SKIP","floor":20},{"not_picked":["Warcry","Iron Wave"],"picked":"Shrug It Off","floor":22},{"not_picked":["Headbutt","Warcry"],"picked":"Havoc+1","floor":23}],"player_experience":701726,"relics_obtained":[{"floor":3,"key":"Ancient Tea Set"},{"floor":6,"key":"Vajra"},{"floor":9,"key":"Shuriken"},{"floor":10,"key":"StoneCalendar"},{"floor":23,"key":"Bronze Scales"},{"floor":26,"key":"Sundial"}],"event_choices":[{"damage_healed":0,"gold_gain":0,"player_choice":"Lose Max HP","damage_taken":0,"relics_obtained":["Golden Idol"],"max_hp_gain":0,"max_hp_loss":8,"event_name":"Golden Idol","floor":2,"gold_loss":0},{"cards_removed":["Strike_R"],"damage_healed":0,"gold_gain":0,"player_choice":"Card Removal","damage_taken":7,"max_hp_gain":0,"max_hp_loss":0,"event_name":"Golden Wing","floor":5,"gold_loss":0},{"damage_healed":0,"gold_gain":0,"player_choice":"Success","damage_taken":18,"relics_obtained":["Ginger"],"max_hp_gain":0,"max_hp_loss":0,"event_name":"Scrap Ooze","floor":14,"gold_loss":0},{"damage_healed":0,"gold_gain":0,"player_choice":"Read","damage_taken":0,"max_hp_gain":0,"max_hp_loss":0,"event_name":"The Library","floor":21,"gold_loss":0,"cards_obtained":["Ghostly Armor"]},{"damage_healed":0,"gold_gain":0,"player_choice":"Obtained Relic","damage_taken":0,"relics_obtained":["The Courier"],"max_hp_gain":0,"max_hp_loss":0,"event_name":"Addict","floor":25,"gold_loss":85}],"is_beta":false,"boss_relics":[{"not_picked":["Astrolabe","Black Blood"],"picked":"Coffee Dripper"}],"items_purged_floors":[19],"is_endless":false,"potions_floor_spawned":[4,8,13,20,23],"killed_by":"Shelled Parasite and Fungi","ascension_level":20}