{"gold_per_floor":[118,134,59,59,73,73,73,73,126,142,142,2,18,28,28,128,128,128,128,128,128,52,52,52,52,52,52,52,52,52,52,52,52,52,52,52,52,52,52,52,52,52,52,52,16,16,16,16,16,16],"floor_reached":50,"playtime":3557,"items_purged":["Strike_R","Strike_R"],"score":722,"play_id":"232dda2f-f313-420e-8e41-9c97ab1924cd","local_time":"20190727123901","is_ascension_mode":true,"campfire_choices":[{"data":"Carnage","floor":6,"key":"SMITH"},{"data":"Twin Strike","floor":8,"key":"SMITH"},{"data":"Metallicize","floor":11,"key":"SMITH"},{"floor":15,"key":"REST"},{"data":"Inflame","floor":23,"key":"SMITH"},{"data":"Heavy Blade","floor":25,"key":"SMITH"},{"floor":28,"key":"REST"},{"floor":32,"key":"REST"},{"data":"Bludgeon","floor":40,"key":"SMITH"},{"data":"Dual Wield","floor":44,"key":"SMITH"},{"data":"Flame Barrier","floor":46,"key":"SMITH"},{"floor":49,"key":"REST"}],"neow_cost":"NONE","seed_source_timestamp":601580178309877,"circlet_count":0,"master_deck":["Defend_R+1","Defend_R+1","Defend_R+1","Defend_R+1","Bash","Carnage+1","Twin Strike+1","Metallicize+1","Inflame","Inflame+1","Bludgeon+1","Heavy Blade+1","Spot Weakness+1","Metallicize+1","Spot Weakness","Infernal Blade+1","Heavy Blade+1","Pommel Strike+1","Shockwave+1","Entrench+1","Dual Wield+1","Inflame","Flame Barrier+1","Ghostly Armor","Power Through","Inflame+1"],"relics":["Burning Blood","Dream Catcher","Regal Pillow","Ectoplasm","Orichalcum","Ancient Tea Set","Bottled Flame","Red Mask","Sozu","Potion Belt"],"potions_floor_usage":[16,16,19,24,33],"damage_taken":[{"damage":5,"enemies":"Small Slimes","floor":1,"turns":4},{"damage":7,"enemies":"Jaw Worm","floor":2,"turns":3},{"damage":0,"enemies":"Cultist","floor":5,"turns":2},{"damage":34,"enemies":"Exordium Thugs","floor":10,"turns":5},{"damage":0,"enemies":"3 Louse","floor":13,"turns":3},{"damage":10,"enemies":"Gremlin Gang","floor":14,"turns":5},{"damage":36,"enemies":"Slime Boss","floor":16,"turns":9},{"damage":8,"enemies":"Chosen","floor":18,"turns":3},{"damage":16,"enemies":"Shell Parasite","floor":19,"turns":4},{"damage":15,"enemies":"Snake Plant","floor":24,"turns":3},{"damage":12,"enemies":"Snecko","floor":27,"turns":4},{"damage":14,"enemies":"Gremlin Leader","floor":29,"turns":4},{"damage":10,"enemies":"Chosen and Byrds","floor":30,"turns":6},{"damage":27,"enemies":"Masked Bandits","floor":31,"turns":4},{"damage":32,"enemies":"Automaton","floor":33,"turns":6},{"damage":21,"enemies":"3 Darklings","floor":35,"turns":6},{"damage":0,"enemies":"3 Shapes","floor":37,"turns":4},{"damage":22,"enemies":"Spire Growth","floor":38,"turns":4},{"damage":14,"enemies":"3 Darklings","floor":39,"turns":4},{"damage":0,"enemies":"Jaw Worm Horde","floor":41,"turns":2},{"damage":0,"enemies":"Maw","floor":42,"turns":5},{"damage":0,"enemies":"4 Shapes","floor":48,"turns":7},{"damage":81,"enemies":"Time Eater","floor":50,"turns":12}],"seed_played":"-142634330107642447","potions_obtained":[{"floor":10,"key":"Explosive Potion"},{"floor":14,"key":"AttackPotion"},{"floor":16,"key":"Block Potion"},{"floor":19,"key":"SpeedPotion"},{"floor":30,"key":"Weak Potion"},{"floor":33,"key":"SpeedPotion"}],"is_trial":false,"path_per_floor":["M","M","$","?","M","R","?","R","T","M","R","$","M","M","R","B",null,"M","M","?","T","$","R","M","R","T","M","R","E","M","?","R","B",null,"M","?","M","M","M","R","M","M","T","R","$","R","?","M","R","B"],"character_chosen":"IRONCLAD","items_purchased":["Inflame","Metallicize","Power Through"],"campfire_rested":4,"item_purchase_floors":[12,22,45],"current_hp_per_floor":[73,72,72,72,78,78,78,78,78,50,50,50,56,52,80,50,73,71,61,61,61,61,61,52,52,52,46,80,72,68,47,80,54,74,59,59,65,49,41,41,47,53,53,53,53,53,53,59,80,0],"gold":16,"neow_bonus":"RANDOM_COMMON_RELIC","is_prod":false,"is_daily":false,"chose_seed":false,"campfire_upgraded":8,"win_rate":0,"timestamp":1564249141,"path_taken":["M","M","$","?","M","R","?","R","T","M","R","$","M","M","R","BOSS","M","M","?","?","$","R","?","R","T","M","R","E","M","?","R","BOSS","M","?","?","M","M","R","M","?","T","R","$","R","?","?","R","BOSS"],"build_version":"2019-07-17","purchased_purges":2,"victory":false,"max_hp_per_floor":[80,80,80,80,80,80,80,80,80,80,80,80,80,80,80,80,80,80,80,80,80,80,80,80,80,80,80,80,80,80,80,80,80,80,80,80,80,80,80,80,80,80,80,80,80,80,80,80,80,80],"card_choices":[{"not_picked":["Twin Strike","Second Wind"],"picked":"Carnage","floor":1},{"not_picked":["Flex","Heavy Blade"],"picked":"Twin Strike","floor":2},{"not_picked":["Anger","Fire Breathing","Headbutt"],"picked":"SKIP","floor":5},{"not_picked":["Evolve","Fire Breathing","Blood for Blood"],"picked":"SKIP","floor":10},{"not_picked":["Sword Boomerang","Bloodletting","Heavy Blade"],"picked":"SKIP","floor":13},{"not_picked":["Dual Wield","Twin Strike","Anger"],"picked":"SKIP","floor":14},{"not_picked":["Headbutt","Rampage"],"picked":"Inflame","floor":15},{"not_picked":["Dark Embrace","Berserk"],"picked":"Bludgeon","floor":16},{"not_picked":["Warcry","Pummel"],"picked":"Heavy Blade","floor":18},{"not_picked":["Twin Strike","Flex"],"picked":"Spot Weakness+1","floor":19},{"not_picked":["Clash+1","Bludgeon"],"picked":"Spot Weakness","floor":24},{"not_picked":["Hemokinesis","Uppercut"],"picked":"Infernal Blade+1","floor":27},{"not_picked":["Anger","Clothesline"],"picked":"Heavy Blade+1","floor":28},{"not_picked":["Sword Boomerang","Infernal Blade","Thunderclap"],"picked":"SKIP","floor":29},{"not_picked":["Fire Breathing+1","Sword Boomerang","Feel No Pain"],"picked":"SKIP","floor":30},{"not_picked":["Perfected Strike+1","True Grit"],"picked":"Pommel Strike+1","floor":31},{"not_picked":["Rage","Sword Boomerang"],"picked":"Shockwave+1","floor":32},{"not_picked":["Flame Barrier","Headbutt+1"],"picked":"Entrench+1","floor":35},{"not_picked":["Headbutt+1","Anger","Iron Wave"],"picked":"SKIP","floor":37},{"not_picked":["Whirlwind+1","Intimidate"],"picked":"Inflame","floor":38},{"not_picked":["Second Wind+1","Feel No Pain","Body Slam"],"picked":"SKIP","floor":39},{"not_picked":["Warcry","Perfected Strike+1"],"picked":"Flame Barrier","floor":41},{"not_picked":["Pommel Strike","Shockwave"],"picked":"Ghostly Armor","floor":42},{"not_picked":["Headbutt+1","Cleave+1"],"picked":"Inflame+1","floor":48}],"player_experience":336337,"relics_obtained":[{"floor":9,"key":"Regal Pillow"},{"floor":21,"key":"Orichalcum"},{"floor":26,"key":"Ancient Tea Set"},{"floor":29,"key":"Bottled Flame"},{"floor":31,"key":"Red Mask"},{"floor":43,"key":"Potion Belt"}],"event_choices":[{"damage_healed":0,"gold_gain":0,"cards_transformed":["Strike_R"],"player_choice":"Change","damage_taken":0,"max_hp_gain":0,"max_hp_loss":0,"event_name":"Living Wall","floor":4,"gold_loss":0,"cards_obtained":["Metallicize"]},{"cards_removed":["Strike_R"],"damage_healed":0,"gold_gain":0,"player_choice":"Purged","damage_taken":0,"max_hp_gain":0,"max_hp_loss":0,"event_name":"Purifier","floor":7,"gold_loss":0},{"damage_healed":0,"gold_gain":0,"player_choice":"Simplicity","damage_taken":0,"max_hp_gain":0,"max_hp_loss":0,"event_name":"Back to Basics","floor":20,"gold_loss":0,"cards_upgraded":["Strike_R","Defend_R","Defend_R","Defend_R","Defend_R"]},{"damage_healed":0,"gold_gain":0,"player_choice":"Fought Bandits","damage_taken":0,"max_hp_gain":0,"max_hp_loss":0,"event_name":"Masked Bandits","floor":31,"gold_loss":0},{"damage_healed":0,"gold_gain":0,"cards_transformed":["Strike_R"],"player_choice":"Transformed","damage_taken":0,"max_hp_gain":0,"max_hp_loss":0,"event_name":"Transmorgrifier","floor":36,"gold_loss":0,"cards_obtained":["Dual Wield"]},{"damage_healed":0,"gold_gain":0,"player_choice":"Upgraded","damage_taken":0,"max_hp_gain":0,"max_hp_loss":0,"event_name":"Upgrade Shrine","floor":47,"gold_loss":0,"cards_upgraded":["Metallicize"]}],"is_beta":false,"boss_relics":[{"not_picked":["Tiny House","Busted Crown"],"picked":"Ectoplasm"},{"not_picked":["Lizard Tail","Calling Bell"],"picked":"Sozu"}],"items_purged_floors":[3,12],"is_endless":false,"potions_floor_spawned":[10,14,16,19,30,33,35,39,48],"killed_by":"Time Eater","ascension_level":9}