{"gold_per_floor":[109,127,127,141,22,22,22,22,22,41,41,41,41,52,52,52],"floor_reached":16,"playtime":427,"items_purged":["Strike_G"],"score":180,"play_id":"6c46f966-2d25-4302-9454-7cbbb2ff122b","local_time":"20181230142133","is_ascension_mode":true,"campfire_choices":[{"data":"Neutralize","floor":6.0,"key":"SMITH"},{"data":"Footwork","floor":11,"key":"SMITH"},{"data":"Dagger Throw","floor":15,"key":"SMITH"}],"neow_cost":"NONE","seed_source_timestamp":8447632779549,"circlet_count":0,"master_deck":["AscendersBane","Defend_G","Defend_G","Defend_G","Strike_G","Strike_G","Strike_G","Survivor","Neutralize+1","Tactician","Footwork+1","Catalyst","Venomology","Heel Hook","Dagger Throw+1"],"special_seed":0,"relics":["Ring of the Snake","Torii","Letter Opener","FossilizedHelix"],"potions_floor_usage":[10,10],"damage_taken":[{"damage":0.0,"enemies":"2 Louse","floor":1.0,"turns":4.0},{"damage":0.0,"enemies":"Small Slimes","floor":2.0,"turns":4.0},{"damage":0.0,"enemies":"Cultist","floor":4.0,"turns":4.0},{"damage":1,"enemies":"Large Slime","floor":10,"turns":12},{"damage":14,"enemies":"Lots of Slimes","floor":14,"turns":7},{"damage":0,"enemies":"The Guardian","floor":16,"turns":1}],"seed_played":"2684520059702646529","potions_obtained":[{"floor":4.0,"key":"SkillPotion"},{"floor":14,"key":"Strength Potion"}],"is_trial":false,"path_per_floor":["M","M","?","M","$","R","?","?","T","M","R","$","?","M","R","B"],"character_chosen":"THE_SILENT","items_purchased":["Catalyst"],"campfire_rested":0,"item_purchase_floors":[5],"current_hp_per_floor":[59,59,52,52,52,52,52,52,52,51,51,51,25,11,11,11],"gold":52,"neow_bonus":"REMOVE_CARD","is_prod":false,"is_daily":false,"chose_seed":false,"campfire_upgraded":3,"win_rate":0,"timestamp":1546150893,"path_taken":["M","M","?","M","$","R","?","?","T","M","R","$","?","M","R","BOSS"],"build_version":"2018-12-20","purchased_purges":1,"victory":false,"max_hp_per_floor":[66,66,66,66,66,66,66,66,66,66,66,66,66,66,66,66],"card_choices":[{"not_picked":["Underhanded Strike","Eviscerate","Outmaneuver"],"picked":"SKIP","floor":1.0},{"not_picked":["Reflex","Riddle With Holes"],"picked":"Tactician","floor":2.0},{"not_picked":["Deadly Poison","Terror"],"picked":"Footwork","floor":4.0},{"not_picked":["Choke","Backstab"],"picked":"Heel Hook","floor":10},{"not_picked":["Blade Dance","Terror"],"picked":"Dagger Throw","floor":14}],"player_experience":1591459,"relics_obtained":[{"floor":9,"key":"Letter Opener"}],"event_choices":[{"cards_removed":["Defend_G"],"damage_healed":0.0,"max_hp_gain":0.0,"max_hp_loss":0.0,"gold_gain":0.0,"event_name":"Golden Wing","player_choice":"Card Removal","floor":3.0,"gold_loss":0.0,"damage_taken":7.0},{"damage_healed":0,"gold_gain":0,"player_choice":"Searched \u00271\u0027 times","damage_taken":0,"relics_obtained":["Torii"],"max_hp_gain":0,"max_hp_loss":0,"event_name":"Dead Adventurer","floor":7,"gold_loss":0},{"damage_healed":0,"gold_gain":0,"cards_transformed":["Defend_G"],"player_choice":"Change","damage_taken":0,"max_hp_gain":0,"max_hp_loss":0,"event_name":"Living Wall","floor":8,"gold_loss":0,"cards_obtained":["Venomology"]},{"damage_healed":0,"gold_gain":0,"player_choice":"Success","damage_taken":26,"relics_obtained":["FossilizedHelix"],"max_hp_gain":0,"max_hp_loss":0,"event_name":"Scrap Ooze","floor":13,"gold_loss":0}],"is_beta":false,"boss_relics":[],"items_purged_floors":[5],"is_endless":false,"potions_floor_spawned":[4,14],"killed_by":"The Guardian","ascension_level":20}