{"gold_per_floor":[209,49,49,61,86,98,122,34,58,85,105,105,137,137,137,235,235,259,259,272,272,287,287,337,353,353,353,394,189,189],"floor_reached":30,"playtime":710,"items_purged":["Strike_G","Strike_G","Defend_G"],"score":562,"play_id":"c99574e5-8863-4926-a8fa-3df6ab73c4a5","local_time":"20190318160702","is_ascension_mode":true,"campfire_choices":[{"data":"Catalyst","floor":6.0,"key":"SMITH"},{"data":"Catalyst","floor":12.0,"key":"SMITH"},{"floor":15.0,"key":"REST"},{"data":"Catalyst","floor":23,"key":"SMITH"},{"data":"Neutralize","floor":27,"key":"SMITH"}],"neow_cost":"NONE","seed_source_timestamp":18294405709488,"circlet_count":0,"master_deck":["AscendersBane","Defend_G","Defend_G","Defend_G","Defend_G+1","Survivor","Neutralize+1","Catalyst+1","Catalyst+1","Bouncing Flask+1","Burst","Grand Finale+1","Caltrops+1","Flying Knee+1","Catalyst+1","Well Laid Plans"],"special_seed":0,"relics":["Ring of the Snake","MawBank","War Paint","Snake Skull","Matryoshka","Golden Idol","Astrolabe","Blue Candle","Ice Cream","Ornamental Fan"],"potions_floor_usage":[],"damage_taken":[{"damage":2.0,"enemies":"2 Louse","floor":1.0,"turns":4.0},{"damage":1.0,"enemies":"Jaw Worm","floor":5.0,"turns":7.0},{"damage":1.0,"enemies":"Cultist","floor":7.0,"turns":4.0},{"damage":7.0,"enemies":"Lagavulin","floor":10.0,"turns":5.0},{"damage":0.0,"enemies":"Large Slime","floor":11.0,"turns":2.0},{"damage":34.0,"enemies":"3 Sentries","floor":13.0,"turns":8.0},{"damage":1.0,"enemies":"The Guardian","floor":16.0,"turns":5.0},{"damage":5.0,"enemies":"Spheric Guardian","floor":18.0,"turns":4.0},{"damage":17,"enemies":"2 Thieves","floor":20,"turns":4},{"damage":0,"enemies":"Snake Plant","floor":22,"turns":2},{"damage":0,"enemies":"Snecko","floor":25,"turns":2},{"damage":29,"enemies":"Gremlin Leader","floor":28,"turns":4},{"damage":24,"enemies":"Book of Stabbing","floor":30,"turns":1}],"seed_played":"-2721063563300883591","potions_obtained":[{"floor":5.0,"key":"SkillPotion"},{"floor":10.0,"key":"Explosive Potion"},{"floor":11.0,"key":"Fruit Juice"}],"is_trial":false,"path_per_floor":["M","$","?","$","M","R","M","$","T","E","M","R","E","?","R","B",null,"M","?","M","?","M","R","?","M","T","R","E","$","E"],"character_chosen":"THE_SILENT","items_purchased":["Catalyst","Well Laid Plans"],"campfire_rested":1,"item_purchase_floors":[2,29],"current_hp_per_floor":[57,57,46,46,45,45,44,44,44,37,42,42,8,8,27,26,55,50,50,33,33,33,33,33,33,33,33,4,4,0],"gold":189,"neow_bonus":"HUNDRED_GOLD","is_prod":false,"is_daily":false,"chose_seed":false,"campfire_upgraded":4,"win_rate":0,"timestamp":1552896422,"path_taken":["M","$","?","?","?","R","M","$","T","E","M","R","E","?","R","BOSS","M","?","M","?","M","R","?","M","T","R","E","$","E"],"build_version":"2019-01-23","purchased_purges":3,"victory":false,"max_hp_per_floor":[66,66,66,66,66,66,66,66,66,66,71,71,71,64,64,64,64,64,64,64,64,64,64,64,64,64,64,64,64,64],"card_choices":[{"not_picked":["Bane","Predator"],"picked":"Catalyst","floor":1.0},{"not_picked":["Skewer","Quick Slash"],"picked":"Bouncing Flask","floor":5.0},{"not_picked":["Bane","Sucker Punch","Dagger Spray"],"picked":"SKIP","floor":7.0},{"not_picked":["Quick Slash","Underhanded Strike","Crippling Poison"],"picked":"SKIP","floor":10.0},{"not_picked":["Dagger Spray","Expertise"],"picked":"Backflip","floor":11.0},{"not_picked":["PiercingWail","Cloak And Dagger","Prepared"],"picked":"SKIP","floor":13.0},{"not_picked":["Venomology","Storm of Steel"],"picked":"Burst","floor":16.0},{"not_picked":["Heel Hook","Skewer"],"picked":"Catalyst","floor":18.0},{"not_picked":["Quick Slash","Cloak And Dagger+1","Deflect"],"picked":"SKIP","floor":20},{"not_picked":["Endless Agony","Bane","Slice"],"picked":"SKIP","floor":22},{"not_picked":["Distraction","Cloak And Dagger","Accuracy"],"picked":"SKIP","floor":25},{"not_picked":["Blur","Footwork","PiercingWail"],"picked":"SKIP","floor":28}],"player_experience":3683854,"relics_obtained":[{"floor":9.0,"key":"War Paint"},{"floor":10.0,"key":"Snake Skull"},{"floor":13.0,"key":"Matryoshka"},{"floor":26,"key":"Blue Candle"},{"floor":26,"key":"Ice Cream"},{"floor":28,"key":"Ornamental Fan"}],"event_choices":[{"damage_healed":0.0,"max_hp_gain":0.0,"max_hp_loss":0.0,"gold_gain":0.0,"event_name":"Scrap Ooze","player_choice":"Success","floor":3.0,"gold_loss":0.0,"damage_taken":11.0,"relics_obtained":["MawBank"]},{"damage_healed":0.0,"max_hp_gain":0.0,"max_hp_loss":7.0,"gold_gain":0.0,"event_name":"Golden Idol","player_choice":"Lose Max HP","floor":14.0,"gold_loss":0.0,"damage_taken":0.0,"relics_obtained":["Golden Idol"]},{"damage_healed":0,"gold_gain":0,"player_choice":"Ignored","damage_taken":0,"max_hp_gain":0,"max_hp_loss":0,"event_name":"Cursed Tome","floor":19,"gold_loss":0},{"cards_removed":["Strike_G"],"damage_healed":0,"gold_gain":0,"player_choice":"Elegance","damage_taken":0,"max_hp_gain":0,"max_hp_loss":0,"event_name":"Back to Basics","floor":21,"gold_loss":0},{"damage_healed":0,"gold_gain":50,"player_choice":"Stole From Cult","damage_taken":0,"max_hp_gain":0,"max_hp_loss":0,"event_name":"Nest","floor":24,"gold_loss":0}],"is_beta":false,"boss_relics":[{"not_picked":["White Beast Statue","Fusion Hammer"],"picked":"Astrolabe"}],"items_purged_floors":[2,8,29],"is_endless":false,"potions_floor_spawned":[5,10,11],"killed_by":"Book of Stabbing","ascension_level":20}