{"gold_per_floor":[110,125,50,50,100,100,116,116,143,162,182,192,192,192,192,192],"floor_reached":16,"playtime":359,"items_purged":["Strike_R"],"score":184,"play_id":"595ac17d-763f-43c9-81cc-fe78a843b8ad","local_time":"20190726124617","is_ascension_mode":true,"campfire_choices":[{"data":"Body Slam","floor":6.0,"key":"SMITH"},{"data":"Iron Wave","floor":8.0,"key":"SMITH"},{"data":"Shrug It Off","floor":15,"key":"SMITH"}],"neow_cost":"PERCENT_DAMAGE","seed_source_timestamp":643454665614900,"circlet_count":0,"master_deck":["AscendersBane","Strike_R","Defend_R","Defend_R","Defend_R","Defend_R","Bash","Double Tap","Exhume","Body Slam+1","Iron Wave+1","Shrug It Off+1"],"special_seed":0,"relics":["Burning Blood","Golden Idol","SsserpentHead"],"potions_floor_usage":[16,16],"damage_taken":[{"damage":6.0,"enemies":"Cultist","floor":1.0,"turns":3.0},{"damage":11.0,"enemies":"2 Louse","floor":2.0,"turns":4.0},{"damage":14.0,"enemies":"Small Slimes","floor":7.0,"turns":5.0},{"damage":0,"enemies":"Red Slaver","floor":10,"turns":4},{"damage":6,"enemies":"Looter","floor":11,"turns":3},{"damage":20,"enemies":"3 Louse","floor":12,"turns":6},{"damage":24,"enemies":"Hexaghost","floor":16,"turns":10}],"seed_played":"-4881722781343790639","potions_obtained":[{"floor":2.0,"key":"SpeedPotion"},{"floor":10,"key":"Swift Potion"}],"is_trial":false,"path_per_floor":["M","M","$","?","?","R","M","R","T","M","M","M","?","?","R","B"],"character_chosen":"IRONCLAD","items_purchased":[],"campfire_rested":0,"item_purchase_floors":[],"current_hp_per_floor":[50,45,45,38,38,38,30,30,30,36,36,22,22,22,22,0],"gold":192,"neow_bonus":"TRANSFORM_TWO_CARDS","is_prod":false,"is_daily":false,"chose_seed":false,"campfire_upgraded":3,"win_rate":0,"timestamp":1564116377,"path_taken":["M","M","?","?","?","R","?","R","T","M","M","M","?","?","R","BOSS"],"build_version":"2019-07-17","purchased_purges":1,"victory":false,"max_hp_per_floor":[75,75,75,75,75,75,75,75,75,75,75,75,68,68,68,68],"card_choices":[{"not_picked":["Armaments","Clash"],"picked":"Body Slam","floor":1.0},{"not_picked":["Wild Strike","Clash","Bloodletting"],"picked":"SKIP","floor":2.0},{"not_picked":["Sentinel","Flex","Iron Wave"],"picked":"SKIP","floor":7.0},{"not_picked":["Sentinel","Flex"],"picked":"Iron Wave","floor":7.0},{"not_picked":["Iron Wave","Thunderclap","Hemokinesis"],"picked":"SKIP","floor":10},{"not_picked":["Combust","Warcry","Clothesline"],"picked":"SKIP","floor":11},{"not_picked":["Uppercut","Exhume"],"picked":"Shrug It Off","floor":12}],"player_experience":681088,"relics_obtained":[],"event_choices":[{"cards_removed":["Strike_R"],"damage_healed":0.0,"max_hp_gain":0.0,"max_hp_loss":0.0,"gold_gain":0.0,"event_name":"Golden Wing","player_choice":"Card Removal","floor":4.0,"gold_loss":0.0,"damage_taken":7.0},{"damage_healed":0.0,"max_hp_gain":0.0,"max_hp_loss":0.0,"gold_gain":50.0,"event_name":"Golden Shrine","player_choice":"Pray","floor":5.0,"gold_loss":0.0,"damage_taken":0.0},{"damage_healed":0,"gold_gain":0,"player_choice":"Lose Max HP","damage_taken":0,"relics_obtained":["Golden Idol"],"max_hp_gain":0,"max_hp_loss":7,"event_name":"Golden Idol","floor":13,"gold_loss":0},{"damage_healed":0,"gold_gain":0,"player_choice":"Trade","damage_taken":0,"relics_obtained":["SsserpentHead"],"max_hp_gain":0,"max_hp_loss":0,"event_name":"FaceTrader","floor":14,"gold_loss":0}],"is_beta":false,"boss_relics":[],"items_purged_floors":[3],"is_endless":false,"potions_floor_spawned":[2,10],"killed_by":"Hexaghost","ascension_level":20}