{"gold_per_floor":[112,125,143,156,172,207,207,207,230,259,259],"floor_reached":11,"playtime":384,"items_purged":[],"score":150,"play_id":"9558f584-3c77-4a5e-8982-c3736c94ca1b","local_time":"20190720152747","is_ascension_mode":true,"campfire_choices":[{"floor":7,"key":"REST"}],"neow_cost":"NONE","seed_source_timestamp":69612153924895,"circlet_count":0,"master_deck":["AscendersBane","Strike_G","Strike_G","Strike_G","Strike_G","Strike_G","Defend_G","Defend_G","Defend_G","Defend_G","Defend_G","Survivor","Neutralize","Quick Slash","Noxious Fumes","Blur","Predator"],"relics":["Busted Crown","Unceasing Top","Golden Idol","Bronze Scales","Odd Mushroom"],"potions_floor_usage":[6,6,6,6],"damage_taken":[{"damage":3,"enemies":"Cultist","floor":1,"turns":5},{"damage":0,"enemies":"2 Louse","floor":2,"turns":5},{"damage":0,"enemies":"Small Slimes","floor":3,"turns":4},{"damage":9,"enemies":"2 Fungi Beasts","floor":4,"turns":4},{"damage":7,"enemies":"Blue Slaver","floor":5,"turns":4},{"damage":38,"enemies":"Gremlin Nob","floor":6,"turns":5},{"damage":19,"enemies":"The Mushroom Lair","floor":10,"turns":5},{"damage":5,"enemies":"3 Louse","floor":11,"turns":1}],"seed_played":"7387605059119438882","potions_obtained":[{"floor":2,"key":"Block Potion"},{"floor":3,"key":"EntropicBrew"},{"floor":6,"key":"Strength Potion"}],"is_trial":false,"path_per_floor":["M","M","M","M","M","E","R","?","T","?","M"],"character_chosen":"THE_SILENT","items_purchased":[],"campfire_rested":1,"item_purchase_floors":[],"current_hp_per_floor":[56,56,56,47,40,2,21,21,21,2,0],"gold":259,"neow_bonus":"BOSS_RELIC","is_prod":false,"is_daily":false,"chose_seed":false,"campfire_upgraded":0,"win_rate":0,"timestamp":1563629267,"path_taken":["M","M","M","?","M","E","R","?","T","?","M"],"build_version":"2019-07-17","purchased_purges":0,"victory":false,"max_hp_per_floor":[66,66,66,66,66,66,66,60,60,60,60],"card_choices":[{"not_picked":[],"picked":"Quick Slash","floor":1},{"not_picked":["Heel Hook"],"picked":"SKIP","floor":2},{"not_picked":[],"picked":"Noxious Fumes","floor":3},{"not_picked":["Flechettes"],"picked":"SKIP","floor":4},{"not_picked":["Deflect"],"picked":"SKIP","floor":5},{"not_picked":[],"picked":"Blur","floor":6},{"not_picked":[],"picked":"Predator","floor":10}],"player_experience":731210,"relics_obtained":[{"floor":6,"key":"Unceasing Top"},{"floor":9,"key":"Bronze Scales"},{"floor":10,"key":"Odd Mushroom"}],"event_choices":[{"damage_healed":0,"gold_gain":0,"player_choice":"Lose Max HP","damage_taken":0,"relics_obtained":["Golden Idol"],"max_hp_gain":0,"max_hp_loss":6,"event_name":"Golden Idol","floor":8,"gold_loss":0},{"damage_healed":0,"gold_gain":0,"player_choice":"Fought Mushrooms","damage_taken":0,"max_hp_gain":0,"max_hp_loss":0,"event_name":"Mushrooms","floor":10,"gold_loss":0}],"is_beta":false,"boss_relics":[],"items_purged_floors":[],"is_endless":false,"potions_floor_spawned":[2,3,4,6],"killed_by":"3 Louse","ascension_level":20}