{"gold_per_floor":[115,131,143,153,165,165,190,202,202,202,227,245,245],"floor_reached":13,"playtime":399,"items_purged":[],"score":198,"play_id":"2a1f4308-02fb-438d-9fd5-b1c2a89e7205","local_time":"20190222215024","is_ascension_mode":true,"campfire_choices":[{"data":"Zap","floor":6,"key":"SMITH"},{"data":"Blizzard","floor":10,"key":"SMITH"}],"neow_cost":"NONE","seed_source_timestamp":438925401478150,"circlet_count":0,"master_deck":["AscendersBane","Strike_B","Strike_B","Strike_B","Strike_B","Defend_B","Defend_B","Defend_B","Defend_B","Zap+1","Dualcast","Cold Snap","Conserve Battery","Blizzard+1","Glacier","Self Repair","Biased Cognition","Recycle","Self Repair","Defragment"],"relics":["Cracked Core","NeowsBlessing","Thread and Needle","Matryoshka","Centennial Puzzle"],"potions_floor_usage":[4,11],"damage_taken":[{"damage":0,"enemies":"Jaw Worm","floor":1,"turns":1},{"damage":0,"enemies":"Small Slimes","floor":2,"turns":1},{"damage":0,"enemies":"2 Louse","floor":3,"turns":1},{"damage":0,"enemies":"Large Slime","floor":4,"turns":4},{"damage":5,"enemies":"2 Fungi Beasts","floor":5,"turns":4},{"damage":25,"enemies":"Lagavulin","floor":7,"turns":11},{"damage":0,"enemies":"Looter","floor":8,"turns":4},{"damage":34,"enemies":"Gremlin Nob","floor":11,"turns":5},{"damage":5,"enemies":"Red Slaver","floor":12,"turns":3},{"damage":12,"enemies":"Exordium Thugs","floor":13,"turns":3}],"seed_played":"1756370461228408396","potions_obtained":[{"floor":2,"key":"AttackPotion"},{"floor":5,"key":"Energy Potion"},{"floor":7,"key":"Energy Potion"},{"floor":8,"key":"Poison Potion"}],"is_trial":false,"path_per_floor":["M","M","M","M","M","R","E","M","T","R","E","M","M"],"character_chosen":"DEFECT","items_purchased":[],"campfire_rested":0,"item_purchase_floors":[],"current_hp_per_floor":[64,64,64,64,59,59,41,41,41,41,14,16,4],"gold":245,"neow_bonus":"THREE_ENEMY_KILL","is_prod":false,"is_daily":false,"chose_seed":false,"campfire_upgraded":2,"win_rate":0,"timestamp":1550843424,"path_taken":["M","M","M","M","M","R","E","M","T","R","E","M","M"],"build_version":"2019-01-23","purchased_purges":0,"victory":false,"max_hp_per_floor":[71,71,71,71,71,71,71,71,71,71,71,71,71],"card_choices":[{"not_picked":["Go for the Eyes","Beam Cell"],"picked":"Cold Snap","floor":1},{"not_picked":["Steam","Melter"],"picked":"Conserve Battery","floor":2},{"not_picked":["Go for the Eyes","Stack"],"picked":"Blizzard","floor":3},{"not_picked":["Skim","Aggregate"],"picked":"Glacier","floor":4},{"not_picked":["Scrape","Blizzard"],"picked":"Self Repair","floor":5},{"not_picked":["Gash","Cold Snap"],"picked":"Biased Cognition","floor":7},{"not_picked":["Streamline","Aggregate"],"picked":"Recycle","floor":8},{"not_picked":["Rip and Tear","Tempest"],"picked":"Self Repair","floor":11},{"not_picked":["Coolheaded","Blizzard"],"picked":"Defragment","floor":12}],"player_experience":914094,"relics_obtained":[{"floor":7,"key":"Thread and Needle"},{"floor":9,"key":"Matryoshka"},{"floor":11,"key":"Centennial Puzzle"}],"event_choices":[],"is_beta":false,"boss_relics":[],"items_purged_floors":[],"is_endless":false,"potions_floor_spawned":[2,5,7,8],"killed_by":"Exordium Thugs","ascension_level":20}