{"gold_per_floor":[114,114,17,17,33,33,49,84,84,84,84,102,114,126,126,199,199,212,226,238,257,84,84,104,139,186,186,186,204,233,108,108,185,185,197,197,216,66,85,85,117,117,143,153,182,194,194,223,223,223,223,223,48,75,75],"floor_reached":56,"playtime":3331,"items_purged":["Strike_G","Strike_G+1","Strike_G+1","Defend_G","Finisher+1"],"score":2601,"play_id":"f3c111e4-4b45-4233-bb16-b4b762182842","local_time":"20190315160337","is_ascension_mode":true,"campfire_choices":[{"data":"Predator","floor":6.0,"key":"SMITH"},{"data":"Choke","floor":11.0,"key":"SMITH"},{"data":"Tactician","floor":15.0,"key":"SMITH"},{"data":"Acrobatics","floor":23.0,"key":"SMITH"},{"data":"Acrobatics","floor":28.0,"key":"SMITH"},{"data":"Well Laid Plans","floor":32.0,"key":"SMITH"},{"data":"Terror","floor":40.0,"key":"SMITH"},{"data":"Reflex","floor":42.0,"key":"SMITH"},{"floor":49.0,"key":"RECALL"},{"data":"1","floor":52.0,"key":"LIFT"}],"neow_cost":"TEN_PERCENT_HP_LOSS","seed_source_timestamp":134238946252468,"circlet_count":0,"master_deck":["AscendersBane","Defend_G+1","Defend_G+1","Defend_G+1","Survivor+1","Neutralize+1","Acrobatics+1","Tactician+1","Backflip+1","Venomology+1","After Image+1","Tactician+1","Concentrate+1","PiercingWail+1","Well Laid Plans+1","Acrobatics+1","Terror+1","Grand Finale+1","Footwork+1","Reflex+1"],"special_seed":0,"relics":["Ring of the Snake","FossilizedHelix","Unceasing Top","Meat on the Bone","Astrolabe","Snake Skull","Lantern","Letter Opener","Empty Cage","Question Card","Girya","Mark of the Bloom","Dodecahedron","Bag of Preparation"],"potions_floor_usage":[55,55],"damage_taken":[{"damage":0.0,"enemies":"Jaw Worm","floor":1.0,"turns":5.0},{"damage":0.0,"enemies":"Cultist","floor":5.0,"turns":4.0},{"damage":0.0,"enemies":"Small Slimes","floor":7.0,"turns":3.0},{"damage":20.0,"enemies":"Lagavulin","floor":8.0,"turns":5.0},{"damage":0.0,"enemies":"Blue Slaver","floor":12.0,"turns":2.0},{"damage":0.0,"enemies":"Large Slime","floor":13.0,"turns":4.0},{"damage":0.0,"enemies":"3 Louse","floor":14.0,"turns":3.0},{"damage":28.0,"enemies":"Slime Boss","floor":16.0,"turns":10.0},{"damage":2.0,"enemies":"Shell Parasite","floor":18.0,"turns":8.0},{"damage":18.0,"enemies":"3 Byrds","floor":19.0,"turns":6.0},{"damage":0.0,"enemies":"Centurion and Healer","floor":20.0,"turns":5.0},{"damage":0.0,"enemies":"Cultist and Chosen","floor":21.0,"turns":7.0},{"damage":0.0,"enemies":"Snecko","floor":24.0,"turns":4.0},{"damage":0.0,"enemies":"Gremlin Leader","floor":25.0,"turns":4.0},{"damage":0.0,"enemies":"Shelled Parasite and Fungi","floor":29.0,"turns":4.0},{"damage":0.0,"enemies":"Book of Stabbing","floor":30.0,"turns":3.0},{"damage":0.0,"enemies":"Champ","floor":33.0,"turns":7.0},{"damage":0.0,"enemies":"Orb Walker","floor":35.0,"turns":3.0},{"damage":0.0,"enemies":"3 Shapes","floor":37.0,"turns":3.0},{"damage":0.0,"enemies":"Spire Growth","floor":39.0,"turns":3.0},{"damage":2.0,"enemies":"Reptomancer","floor":41.0,"turns":7.0},{"damage":0.0,"enemies":"Writhing Mass","floor":44.0,"turns":4.0},{"damage":0.0,"enemies":"Giant Head","floor":45.0,"turns":4.0},{"damage":0.0,"enemies":"Sphere and 2 Shapes","floor":46.0,"turns":4.0},{"damage":0.0,"enemies":"Nemesis","floor":48.0,"turns":7.0},{"damage":0.0,"enemies":"Donu and Deca","floor":50.0,"turns":5.0},{"damage":0.0,"enemies":"Shield and Spear","floor":54.0,"turns":3.0},{"damage":0,"enemies":"The Heart","floor":55,"turns":5}],"seed_played":"8307660857925479694","potions_obtained":[{"floor":7.0,"key":"Fire Potion"},{"floor":12.0,"key":"Block Potion"},{"floor":16.0,"key":"SpeedPotion"},{"floor":19.0,"key":"SneckoOil"},{"floor":25.0,"key":"GhostInAJar"},{"floor":30.0,"key":"FearPotion"},{"floor":54,"key":"FearPotion"}],"is_trial":false,"path_per_floor":["M","?","$","?","M","R","M","E","T","$","R","M","M","M","R","B",null,"M","M","M","M","$","R","M","E","T","?","R","M","E","$","R","B",null,"M","?","M","$","M","R","E","R","T","M","E","M","?","E","R","B",null,"R","$","E","B",null],"character_chosen":"THE_SILENT","items_purchased":["Acrobatics","Terror"],"campfire_rested":0,"item_purchase_floors":[3,22],"current_hp_per_floor":[59,41,41,41,41,41,41,21,21,21,21,33,33,33,33,17,49,47,41,41,41,41,41,41,41,41,41,41,41,41,41,41,41,55,55,55,55,55,55,55,53,53,53,53,53,53,53,53,53,53,53,53,53,53,53],"gold":75,"neow_bonus":"ONE_RARE_RELIC","is_prod":false,"is_daily":false,"chose_seed":false,"campfire_upgraded":8,"win_rate":0,"timestamp":1552633417,"path_taken":["M","?","$","?","M","R","M","E","T","$","R","?","M","M","R","BOSS","M","?","M","M","$","R","M","E","T","?","R","M","E","?","R","BOSS","M","?","M","$","M","R","E","R","T","M","E","M","?","E","R","BOSS","R","$","E","BOSS"],"build_version":"2019-01-23","purchased_purges":5,"victory":true,"max_hp_per_floor":[60,60,60,60,60,60,60,60,60,60,60,60,60,60,60,60,60,60,60,60,60,60,60,60,60,60,60,60,60,60,60,60,60,60,60,60,60,60,60,60,60,60,60,60,60,60,60,60,60,60,60,60,60,60,60],"card_choices":[{"not_picked":["Underhanded Strike","Sucker Punch"],"picked":"Choke","floor":1.0},{"not_picked":["Deadly Poison","Acrobatics"],"picked":"Predator","floor":5.0},{"not_picked":["Deadly Poison","Acrobatics","Catalyst"],"picked":"SKIP","floor":7.0},{"not_picked":["Masterful Stab","Sucker Punch","Underhanded Strike"],"picked":"SKIP","floor":8.0},{"not_picked":["Setup","Sucker Punch"],"picked":"Tactician","floor":12.0},{"not_picked":["Infinite Blades","Escape Plan"],"picked":"Backflip","floor":13.0},{"not_picked":["Skewer","Crippling Poison"],"picked":"Venomology","floor":14.0},{"not_picked":["A Thousand Cuts","Unload"],"picked":"After Image","floor":16.0},{"not_picked":["Blade Dance","Dagger Spray"],"picked":"PiercingWail","floor":18.0},{"not_picked":["Flechettes","Blade Dance"],"picked":"Well Laid Plans","floor":19.0},{"not_picked":["Flechettes","Bane","Night Terror"],"picked":"SKIP","floor":20.0},{"not_picked":["Concentrate","Deflect+1"],"picked":"Acrobatics","floor":21.0},{"not_picked":["Infinite Blades","All Out Attack","Bane"],"picked":"SKIP","floor":24.0},{"not_picked":["Escape Plan","Dagger Throw","Quick Slash"],"picked":"SKIP","floor":25.0},{"not_picked":["Outmaneuver","Deadly Poison","Slice"],"picked":"SKIP","floor":29.0},{"not_picked":["Bane","Dodge and Roll","Infinite Blades"],"picked":"SKIP","floor":30.0},{"not_picked":["Tools of the Trade","Storm of Steel"],"picked":"Grand Finale","floor":33.0},{"not_picked":["Acrobatics","Dash+1"],"picked":"Footwork","floor":35.0},{"not_picked":["Skewer","Choke","Eviscerate"],"picked":"SKIP","floor":37.0},{"not_picked":["Slice","Endless Agony","Blur"],"picked":"SKIP","floor":39.0},{"not_picked":["Catalyst+1","Deadly Poison"],"picked":"Reflex","floor":41.0},{"not_picked":["Deflect+1","Sucker Punch+1","Deadly Poison","Storm of Steel"],"picked":"SKIP","floor":44.0},{"not_picked":["Leg Sweep","Poisoned Stab","Riddle With Holes+1","Well Laid Plans"],"picked":"SKIP","floor":45.0},{"not_picked":["Setup","Backflip+1","Terror","Quick Slash"],"picked":"SKIP","floor":46.0},{"not_picked":["All Out Attack+1","Backflip","Flechettes+1","Deflect"],"picked":"SKIP","floor":48.0},{"not_picked":["Backstab","Distraction+1","Calculated Gamble","Dagger Throw"],"picked":"SKIP","floor":54}],"player_experience":101165,"relics_obtained":[{"floor":8.0,"key":"Unceasing Top"},{"floor":9.0,"key":"Meat on the Bone"},{"floor":25.0,"key":"Snake Skull"},{"floor":26.0,"key":"Lantern"},{"floor":30.0,"key":"Letter Opener"},{"floor":41.0,"key":"Question Card"},{"floor":45.0,"key":"Girya"},{"floor":48.0,"key":"Dodecahedron"},{"floor":54,"key":"Bag of Preparation"}],"event_choices":[{"damage_healed":0.0,"max_hp_gain":0.0,"max_hp_loss":0.0,"gold_gain":0.0,"event_name":"Shining Light","player_choice":"Entered Light","floor":2.0,"gold_loss":0.0,"damage_taken":18.0,"cards_upgraded":["Strike_G","Strike_G"]},{"damage_healed":0.0,"max_hp_gain":0.0,"max_hp_loss":0.0,"gold_gain":0.0,"event_name":"WeMeetAgain","player_choice":"Ignored","floor":4.0,"gold_loss":0.0,"damage_taken":0.0},{"damage_healed":0.0,"max_hp_gain":0.0,"max_hp_loss":0.0,"gold_gain":0.0,"event_name":"The Mausoleum","player_choice":"Ignored","floor":27.0,"gold_loss":0.0,"damage_taken":0.0},{"damage_healed":0.0,"max_hp_gain":0.0,"max_hp_loss":0.0,"gold_gain":0.0,"event_name":"Tomb of Lord Red Mask","player_choice":"Ignored","floor":36.0,"gold_loss":0.0,"damage_taken":0.0},{"damage_healed":0.0,"max_hp_gain":0.0,"max_hp_loss":0.0,"gold_gain":0.0,"event_name":"MindBloom","player_choice":"Upgrade","floor":47.0,"gold_loss":0.0,"damage_taken":0.0,"cards_upgraded":["Defend_G","Defend_G","Defend_G","Survivor","Neutralize","Backflip","Venomology","After Image","PiercingWail","Grand Finale","Footwork"],"relics_obtained":["Mark of the Bloom"]}],"is_beta":false,"boss_relics":[{"not_picked":["White Beast Statue","Lizard Tail"],"picked":"Astrolabe"},{"not_picked":["Sozu","Velvet Choker"],"picked":"Empty Cage"}],"items_purged_floors":[3,22,31,38,53],"is_endless":false,"potions_floor_spawned":[7,12,16,19,25,29,30,33,35,37,45,46,48,54],"ascension_level":15}