{"gold_per_floor":[113,129,40,40,50,50,69,69,69,85,85,114,189,189,189,262,262,277,292,54,54,64,64,64,64],"floor_reached":25,"playtime":485,"items_purged":[],"score":452,"play_id":"f0188166-1500-42a3-a180-d8726c8506f7","local_time":"20190109140143","is_ascension_mode":true,"campfire_choices":[{"data":"Catalyst","floor":6.0,"key":"SMITH"},{"data":"Deadly Poison","floor":8.0,"key":"SMITH"},{"data":"Deadly Poison","floor":11.0,"key":"SMITH"},{"data":"Noxious Fumes","floor":15.0,"key":"SMITH"},{"data":"Catalyst","floor":23,"key":"SMITH"}],"neow_cost":"NONE","seed_source_timestamp":6881971966523,"circlet_count":0,"master_deck":["AscendersBane","Defend_G","Defend_G","Defend_G","Defend_G","Defend_G","Strike_G","Strike_G","Strike_G","Strike_G","Survivor","Neutralize","Endless Agony","Catalyst+1","Deadly Poison+1","Backflip","Deadly Poison+1","Noxious Fumes+1","Malaise","Catalyst+1","Footwork","Acrobatics"],"special_seed":0,"relics":["Ring of the Snake","NeowsBlessing","Prayer Wheel","The Courier","Sozu","ClockworkSouvenir"],"potions_floor_usage":[],"damage_taken":[{"damage":0.0,"enemies":"Cultist","floor":1.0,"turns":1.0},{"damage":0.0,"enemies":"2 Louse","floor":2.0,"turns":1.0},{"damage":0.0,"enemies":"Small Slimes","floor":5.0,"turns":1.0},{"damage":0.0,"enemies":"Red Slaver","floor":7.0,"turns":4.0},{"damage":9.0,"enemies":"Exordium Wildlife","floor":10.0,"turns":5.0},{"damage":7.0,"enemies":"Lagavulin","floor":12.0,"turns":4.0},{"damage":11.0,"enemies":"The Guardian","floor":16.0,"turns":7.0},{"damage":9.0,"enemies":"3 Byrds","floor":18.0,"turns":5.0},{"damage":14.0,"enemies":"2 Thieves","floor":19.0,"turns":4.0},{"damage":0,"enemies":"Snecko","floor":22,"turns":5},{"damage":0,"enemies":"Slavers","floor":25,"turns":1}],"seed_played":"-6677809552530052165","potions_obtained":[{"floor":5.0,"key":"GhostInAJar"},{"floor":12.0,"key":"SkillPotion"},{"floor":16.0,"key":"Fire Potion"}],"is_trial":false,"path_per_floor":["M","M","$","?","M","R","M","R","T","M","R","E","?","?","R","B",null,"M","M","$","?","M","R","?","E"],"character_chosen":"THE_SILENT","items_purchased":["Catalyst","ClockworkSouvenir","Footwork"],"campfire_rested":0,"item_purchase_floors":[3,20,20],"current_hp_per_floor":[59,59,59,41,41,41,41,41,41,32,32,25,14,14,14,3,50,41,27,27,27,27,27,27,27],"gold":64,"neow_bonus":"THREE_ENEMY_KILL","is_prod":false,"is_daily":false,"chose_seed":false,"campfire_upgraded":5,"win_rate":0,"timestamp":1547013703,"path_taken":["M","M","$","?","M","R","M","R","T","M","R","E","?","?","R","BOSS","M","M","$","?","?","R","?","E"],"build_version":"2019-01-03v4","purchased_purges":0,"victory":false,"max_hp_per_floor":[66,66,66,66,66,66,66,66,66,66,66,66,66,66,66,66,66,66,66,66,66,66,66,66,66],"card_choices":[{"not_picked":["Bane","Dagger Throw"],"picked":"Endless Agony","floor":1.0},{"not_picked":["Crippling Poison","Outmaneuver","Flying Knee"],"picked":"SKIP","floor":2.0},{"not_picked":["Dodge and Roll","Backflip"],"picked":"Deadly Poison","floor":5.0},{"not_picked":["Heel Hook","Outmaneuver","Masterful Stab"],"picked":"SKIP","floor":5.0},{"not_picked":["Infinite Blades","Doppelganger"],"picked":"Backflip","floor":7.0},{"not_picked":["Flying Knee","Blade Dance","Cloak And Dagger"],"picked":"SKIP","floor":7.0},{"not_picked":["Acrobatics","Masterful Stab"],"picked":"Deadly Poison","floor":10.0},{"not_picked":["Flying Knee","Poisoned Stab","Riddle With Holes"],"picked":"SKIP","floor":10.0},{"not_picked":["Distraction","Quick Slash"],"picked":"Noxious Fumes","floor":12.0},{"not_picked":["Unload","Glass Knife"],"picked":"Malaise","floor":16.0},{"not_picked":["Underhanded Strike","Deflect"],"picked":"Catalyst","floor":18.0},{"not_picked":["Finisher","Dagger Spray+1","Prepared"],"picked":"SKIP","floor":18.0},{"not_picked":["Heel Hook","Caltrops","Sucker Punch"],"picked":"SKIP","floor":19.0},{"not_picked":["Finisher","Deadly Poison","Tactician"],"picked":"SKIP","floor":19.0},{"not_picked":["Deflect","Doppelganger","Dagger Throw"],"picked":"SKIP","floor":22},{"not_picked":["Bane","Dodge and Roll","Prepared+1"],"picked":"SKIP","floor":22}],"player_experience":1878533,"relics_obtained":[{"floor":12.0,"key":"The Courier"}],"event_choices":[{"damage_healed":0.0,"max_hp_gain":0.0,"max_hp_loss":0.0,"gold_gain":0.0,"event_name":"Scrap Ooze","player_choice":"Success","floor":4.0,"gold_loss":0.0,"damage_taken":18.0,"relics_obtained":["Prayer Wheel"]},{"damage_healed":0.0,"max_hp_gain":0.0,"max_hp_loss":0.0,"gold_gain":75.0,"event_name":"World of Goop","player_choice":"Gather Gold","floor":13.0,"gold_loss":0.0,"damage_taken":11.0},{"damage_healed":0.0,"max_hp_gain":0.0,"max_hp_loss":0.0,"gold_gain":0.0,"event_name":"Shining Light","player_choice":"Ignored","floor":14.0,"gold_loss":0.0,"damage_taken":0.0},{"damage_healed":0,"gold_gain":0,"cards_transformed":["Strike_G"],"player_choice":"Transformed","damage_taken":0,"max_hp_gain":0,"max_hp_loss":0,"event_name":"Transmorgrifier","floor":21,"gold_loss":0,"cards_obtained":["Acrobatics"]}],"is_beta":false,"boss_relics":[{"not_picked":["Lizard Tail","Black Star"],"picked":"Sozu"}],"items_purged_floors":[],"is_endless":false,"potions_floor_spawned":[5,12,16],"killed_by":"Slavers","ascension_level":20}