{"gold_per_floor":[109,34,53,66,66,94,105,46,46,63,63,81,81,94,94,94],"floor_reached":16,"playtime":513,"items_purged":[],"score":208,"play_id":"6d99c7a7-6057-4d98-a5e8-6d65921d7b8b","local_time":"20190128160453","is_ascension_mode":true,"campfire_choices":[{"data":"Catalyst","floor":11,"key":"SMITH"},{"data":"Poisoned Stab","floor":15,"key":"SMITH"}],"neow_cost":"NONE","seed_source_timestamp":24662723110804,"circlet_count":0,"master_deck":["AscendersBane","Defend_G","Defend_G","Defend_G","Defend_G","Defend_G","Strike_G","Strike_G","Strike_G","Survivor","Neutralize","Endless Agony","Masterful Stab","Catalyst+1","Acrobatics","Poisoned Stab+1","Backflip"],"relics":["Ring of the Snake","NeowsBlessing","Potion Belt","Paper Crane"],"potions_floor_usage":[6,14,16],"damage_taken":[{"damage":0,"enemies":"Small Slimes","floor":1,"turns":1},{"damage":0,"enemies":"Jaw Worm","floor":3,"turns":1},{"damage":0,"enemies":"Cultist","floor":4,"turns":1},{"damage":14,"enemies":"3 Sentries","floor":6,"turns":12},{"damage":15,"enemies":"Lots of Slimes","floor":7,"turns":9},{"damage":2,"enemies":"Blue Slaver","floor":10,"turns":4},{"damage":6,"enemies":"3 Louse","floor":12,"turns":5},{"damage":4,"enemies":"Exordium Thugs","floor":14,"turns":5},{"damage":1,"enemies":"Hexaghost","floor":16,"turns":7}],"seed_played":"-6026410633099252889","potions_obtained":[{"floor":1,"key":"Strength Potion"},{"floor":6,"key":"GamblersBrew"},{"floor":12,"key":"SteroidPotion"}],"is_trial":false,"path_per_floor":["M","?","M","M","?","E","M","$","T","M","R","M","?","M","R","B"],"character_chosen":"THE_SILENT","items_purchased":["Acrobatics"],"campfire_rested":0,"item_purchase_floors":[8],"current_hp_per_floor":[59,59,59,59,52,38,23,23,23,21,21,15,15,11,11,10],"gold":94,"neow_bonus":"THREE_ENEMY_KILL","is_prod":false,"is_daily":false,"chose_seed":false,"campfire_upgraded":2,"win_rate":0,"timestamp":1548662693,"path_taken":["M","?","M","M","?","E","M","$","T","M","R","M","?","?","R","BOSS"],"build_version":"2019-01-23","purchased_purges":0,"victory":false,"max_hp_per_floor":[66,66,66,66,66,66,66,66,66,66,66,66,66,66,66,66],"card_choices":[{"not_picked":["Tactician","Bane"],"picked":"Endless Agony","floor":1},{"not_picked":["Dodge and Roll","Escape Plan","Prepared"],"picked":"SKIP","floor":3},{"not_picked":["Dodge and Roll","Expertise"],"picked":"Masterful Stab","floor":4},{"not_picked":["Flying Knee","Accuracy"],"picked":"Catalyst","floor":6},{"not_picked":["Deflect","Underhanded Strike","Expertise"],"picked":"SKIP","floor":7},{"not_picked":["Prepared","Calculated Gamble"],"picked":"Poisoned Stab","floor":10},{"not_picked":["Accuracy","Backflip","Heel Hook"],"picked":"SKIP","floor":12},{"not_picked":["Dagger Spray","Predator"],"picked":"Backflip","floor":14}],"player_experience":1369642,"relics_obtained":[{"floor":6,"key":"Potion Belt"},{"floor":9,"key":"Paper Crane"}],"event_choices":[{"cards_removed":["Strike_G"],"damage_healed":0,"gold_gain":0,"player_choice":"Card Removal","damage_taken":0,"max_hp_gain":0,"max_hp_loss":0,"event_name":"The Cleric","floor":2,"gold_loss":75},{"cards_removed":["Strike_G"],"damage_healed":0,"gold_gain":0,"player_choice":"Card Removal","damage_taken":7,"max_hp_gain":0,"max_hp_loss":0,"event_name":"Golden Wing","floor":5,"gold_loss":0},{"damage_healed":0,"gold_gain":0,"player_choice":"0 cards matched","damage_taken":0,"max_hp_gain":0,"max_hp_loss":0,"event_name":"Match and Keep!","floor":13,"gold_loss":0,"cards_obtained":[]}],"is_beta":true,"boss_relics":[],"items_purged_floors":[],"is_endless":false,"potions_floor_spawned":[1,6,12],"killed_by":"Hexaghost","ascension_level":20}