{"gold_per_floor":[112,112,112,287,306,306,20,20,20,20,120,120,136,153,153,256,256,237,162,162,162,212,212,225,235,287,13,44,44,55,55,55,153,153,167,100,113,182,196,196,211,211,261,311,311,324,340,352,352,352],"floor_reached":51,"playtime":1775,"items_purged":["Defend_B","Defend_B"],"score":832,"play_id":"a48e4bd4-bae4-4675-abe2-4cb145d39867","local_time":"20190616095441","is_ascension_mode":false,"campfire_choices":[{"data":"Dualcast","floor":6.0,"key":"SMITH"},{"data":"Panacea","floor":8.0,"key":"SMITH"},{"data":"Capacitor","floor":12.0,"key":"SMITH"},{"data":"Defragment","floor":15.0,"key":"SMITH"},{"data":"Skim","floor":23.0,"key":"SMITH"},{"data":"Recycle","floor":32,"key":"SMITH"},{"data":"Biased Cognition","floor":40,"key":"SMITH"},{"data":"Capacitor","floor":42,"key":"SMITH"},{"data":"Buffer","floor":45,"key":"SMITH"},{"data":"Rainbow","floor":49,"key":"SMITH"}],"neow_cost":"TEN_PERCENT_HP_LOSS","seed_source_timestamp":6796335447008,"circlet_count":0,"master_deck":["Defend_B","Defend_B","Zap+1","Dualcast+1","Finesse","Panacea+1","Capacitor+1","Skim+1","Glacier","Barrage+1","Defragment+1","Biased Cognition+1","Cold Snap+1","Recycle+1","Heatsinks+1","Coolheaded","Chill","Rainbow+1","Turbo+1","Capacitor+1","Buffer+1","White Noise+1","Coolheaded+1","Glacier"],"special_seed":0,"relics":["Cracked Core","ClockworkSouvenir","Art of War","Empty Cage","Enchiridion","Whetstone","Membership Card","Question Card","SsserpentHead","Nuclear Battery","DataDisk"],"potions_floor_usage":[41,50,50,50],"damage_taken":[{"damage":0.0,"enemies":"2 Louse","floor":1.0,"turns":3.0},{"damage":7.0,"enemies":"Small Slimes","floor":5.0,"turns":4.0},{"damage":0.0,"enemies":"Cultist","floor":13.0,"turns":4.0},{"damage":8.0,"enemies":"Red Slaver","floor":14.0,"turns":2.0},{"damage":21.0,"enemies":"The Guardian","floor":16.0,"turns":11.0},{"damage":1.0,"enemies":"2 Thieves","floor":18.0,"turns":4.0},{"damage":0.0,"enemies":"3 Byrds","floor":24.0,"turns":4.0},{"damage":7,"enemies":"Shelled Parasite and Fungi","floor":25,"turns":4},{"damage":26,"enemies":"Slavers","floor":28,"turns":5},{"damage":9,"enemies":"Chosen and Byrds","floor":30,"turns":5},{"damage":0,"enemies":"Collector","floor":33,"turns":7},{"damage":0,"enemies":"3 Darklings","floor":35,"turns":4},{"damage":0,"enemies":"3 Shapes","floor":37,"turns":1},{"damage":0,"enemies":"Spire Growth","floor":38,"turns":3},{"damage":0,"enemies":"Jaw Worm Horde","floor":39,"turns":1},{"damage":0,"enemies":"3 Darklings","floor":41,"turns":2},{"damage":0,"enemies":"Writhing Mass","floor":46,"turns":4},{"damage":0,"enemies":"Sphere and 2 Shapes","floor":47,"turns":3},{"damage":0,"enemies":"Transient","floor":48,"turns":5},{"damage":0,"enemies":"Donu and Deca","floor":50,"turns":7}],"seed_played":"4259871207061703117","potions_obtained":[{"floor":5.0,"key":"Block Potion"},{"floor":13.0,"key":"Block Potion"},{"floor":33,"key":"AttackPotion"},{"floor":39,"key":"Energy Potion"},{"floor":41,"key":"Energy Potion"},{"floor":44,"key":"Swift Potion"}],"is_trial":false,"path_per_floor":["M","?","?","?","M","R","$","R","T","?","?","R","M","M","R","B",null,"M","?","?","?","?","R","M","M","T","$","E","?","M","?","R","B",null,"M","$","M","M","M","R","M","R","T","?","R","M","M","M","R","B",null],"character_chosen":"DEFECT","items_purchased":["ClockworkSouvenir","Glacier","Membership Card","FocusPotion","Capacitor"],"campfire_rested":0,"item_purchase_floors":[7,7,27,27,36],"current_hp_per_floor":[68,61,47,47,40,40,40,40,40,40,40,40,40,32,32,11,68,67,67,67,51,51,51,51,44,44,44,18,18,9,9,9,9,68,68,68,68,68,68,68,68,68,68,68,68,68,68,68,68,68],"gold":352,"neow_bonus":"RANDOM_COLORLESS_2","is_prod":false,"is_daily":false,"chose_seed":false,"campfire_upgraded":10,"win_rate":0,"timestamp":1560650081,"path_taken":["M","?","?","?","M","R","$","R","T","?","?","R","?","M","R","BOSS","M","?","?","?","?","R","?","M","T","$","E","?","M","?","R","BOSS","M","$","M","?","M","R","M","R","T","?","R","M","M","M","R","BOSS"],"build_version":"2019-01-23","purchased_purges":2,"victory":true,"max_hp_per_floor":[68,68,68,68,68,68,68,68,68,68,68,68,68,68,68,68,68,68,68,68,68,68,68,68,68,68,68,68,68,68,68,68,68,68,68,68,68,68,68,68,68,68,68,68,68,68,68,68,68,68],"card_choices":[{"not_picked":["Beam Cell","Steam"],"picked":"Capacitor","floor":1.0},{"not_picked":["Redo","Blizzard"],"picked":"Skim","floor":5.0},{"not_picked":["Go for the Eyes","Leap"],"picked":"Barrage","floor":13.0},{"not_picked":["Ball Lightning","Streamline"],"picked":"Defragment","floor":14.0},{"not_picked":["Rainbow","Hyperbeam"],"picked":"Biased Cognition","floor":16.0},{"not_picked":["Conserve Battery","Stack"],"picked":"Cold Snap","floor":18.0},{"not_picked":["Cold Snap","FTL"],"picked":"Heatsinks+1","floor":24.0},{"not_picked":["Compile Driver","Melter"],"picked":"Coolheaded","floor":25},{"not_picked":["Conserve Battery","Leap","Consume+1"],"picked":"SKIP","floor":28},{"not_picked":["Coolheaded","Redo","Hyperbeam"],"picked":"Chill","floor":30},{"not_picked":["Echo Form","All For One","Buffer"],"picked":"Rainbow","floor":33},{"not_picked":["Rip and Tear","Reinforced Body+1","Cold Snap+1"],"picked":"Turbo+1","floor":35},{"not_picked":["Steam","Aggregate","Streamline","Ball Lightning+1"],"picked":"SKIP","floor":37},{"not_picked":["Lockon","Sweeping Beam+1","Redo","Sunder"],"picked":"SKIP","floor":38},{"not_picked":["Consume","Conserve Battery","Force Field+1"],"picked":"Buffer","floor":39},{"not_picked":["Storm","Consume+1","Go for the Eyes+1"],"picked":"White Noise+1","floor":41},{"not_picked":["Stack","Rebound","Streamline"],"picked":"Coolheaded+1","floor":46},{"not_picked":["Stack+1","Sweeping Beam","Leap"],"picked":"Glacier","floor":47},{"not_picked":["Doom and Gloom+1","Barrage+1","Chaos+1","Redo"],"picked":"SKIP","floor":48}],"player_experience":5289091,"relics_obtained":[{"floor":9.0,"key":"Art of War"},{"floor":21.0,"key":"Enchiridion"},{"floor":26,"key":"Whetstone"},{"floor":28,"key":"Question Card"},{"floor":43,"key":"DataDisk"}],"event_choices":[{"cards_removed":["Strike_B"],"damage_healed":0.0,"max_hp_gain":0.0,"max_hp_loss":0.0,"gold_gain":0.0,"event_name":"Golden Wing","player_choice":"Card Removal","floor":2.0,"gold_loss":0.0,"damage_taken":7.0},{"damage_healed":0.0,"max_hp_gain":0.0,"max_hp_loss":0.0,"gold_gain":0.0,"event_name":"Shining Light","player_choice":"Entered Light","floor":3.0,"gold_loss":0.0,"damage_taken":14.0,"cards_upgraded":["Strike_B","Zap"]},{"damage_healed":0.0,"max_hp_gain":0.0,"max_hp_loss":0.0,"gold_gain":175.0,"event_name":"Liars Game","player_choice":"AGREE","floor":4.0,"gold_loss":0.0,"damage_taken":0.0,"cards_obtained":["Doubt"]},{"damage_healed":0.0,"max_hp_gain":0.0,"max_hp_loss":0.0,"gold_gain":0.0,"event_name":"Dead Adventurer","player_choice":"Searched \u00270\u0027 times","floor":10.0,"gold_loss":0.0,"damage_taken":0.0},{"damage_healed":0.0,"max_hp_gain":0.0,"max_hp_loss":0.0,"gold_gain":100.0,"event_name":"Golden Shrine","player_choice":"Pray","floor":11.0,"gold_loss":0.0,"damage_taken":0.0},{"cards_removed":["Strike_B"],"damage_healed":0.0,"max_hp_gain":0.0,"max_hp_loss":0.0,"gold_gain":0.0,"event_name":"Beggar","player_choice":"Gave Gold","floor":19.0,"gold_loss":75.0,"damage_taken":0.0},{"damage_healed":0.0,"max_hp_gain":0.0,"max_hp_loss":0.0,"gold_gain":0.0,"event_name":"The Library","player_choice":"Read","floor":20.0,"gold_loss":0.0,"damage_taken":0.0,"cards_obtained":["Recycle"]},{"damage_healed":0.0,"max_hp_gain":0.0,"max_hp_loss":0.0,"gold_gain":0.0,"event_name":"Cursed Tome","player_choice":"Obtained Book","floor":21.0,"gold_loss":0.0,"damage_taken":16.0},{"damage_healed":0.0,"max_hp_gain":0.0,"max_hp_loss":0.0,"gold_gain":100.0,"event_name":"The Joust","player_choice":"Bet on Murderer","floor":22.0,"gold_loss":50.0,"damage_taken":0.0},{"cards_removed":["Strike_B"],"damage_healed":0,"gold_gain":0,"player_choice":"Elegance","damage_taken":0,"max_hp_gain":0,"max_hp_loss":0,"event_name":"Back to Basics","floor":29,"gold_loss":0},{"damage_healed":0,"gold_gain":0,"player_choice":"Trade","damage_taken":0,"relics_obtained":["SsserpentHead"],"max_hp_gain":0,"max_hp_loss":0,"event_name":"FaceTrader","floor":31,"gold_loss":0},{"damage_healed":0,"gold_gain":0,"player_choice":"Got Potions","damage_taken":0,"max_hp_gain":0,"max_hp_loss":0,"event_name":"Lab","floor":44,"gold_loss":0}],"is_beta":false,"boss_relics":[{"not_picked":["Snecko Eye","Lizard Tail"],"picked":"Empty Cage"},{"not_picked":["Velvet Choker","Fusion Hammer"],"picked":"Nuclear Battery"}],"items_purged_floors":[27,36],"is_endless":false,"potions_floor_spawned":[5,13,33,39,41,47],"ascension_level":0}