{"gold_per_floor":[116,41,116,134,134,134,134,144,191,201,201,526,526,526,526,526],"floor_reached":16,"playtime":1207,"items_purged":["Strike_R"],"score":196,"play_id":"492efaf7-a8e8-4da2-8159-e5a5e3a59b4c","local_time":"20190531005259","is_ascension_mode":true,"campfire_choices":[{"data":"Flex","floor":6.0,"key":"SMITH"},{"data":"Searing Blow","floor":11.0,"key":"SMITH"},{"data":"Searing Blow+1","floor":13.0,"key":"SMITH"},{"data":"Searing Blow+2","floor":15.0,"key":"SMITH"}],"neow_cost":"TEN_PERCENT_HP_LOSS","seed_source_timestamp":49991884639033,"circlet_count":0,"master_deck":["AscendersBane","Strike_R+1","Strike_R","Strike_R","Defend_R","Defend_R","Defend_R","Defend_R+1","Bash","Flex+1","Carnage","Searing Blow+3","Bloodletting"],"special_seed":0,"relics":["Burning Blood","Torii","Omamori","Old Coin","PreservedInsect"],"potions_floor_usage":[16,16],"damage_taken":[{"damage":1.0,"enemies":"2 Louse","floor":1.0,"turns":3.0},{"damage":1.0,"enemies":"Small Slimes","floor":4.0,"turns":4.0},{"damage":2.0,"enemies":"Cultist","floor":8.0,"turns":4.0},{"damage":2.0,"enemies":"Looter","floor":10.0,"turns":4.0},{"damage":32.0,"enemies":"Gremlin Nob","floor":12.0,"turns":4.0},{"damage":30,"enemies":"Slime Boss","floor":16,"turns":6}],"seed_played":"8551043747586854301","potions_obtained":[{"floor":10.0,"key":"EssenceOfSteel"},{"floor":12.0,"key":"BloodPotion"}],"is_trial":false,"path_per_floor":["M","$","?","M","?","R","?","M","T","M","R","E","R","?","R","B"],"character_chosen":"IRONCLAD","items_purchased":[],"campfire_rested":0,"item_purchase_floors":[],"current_hp_per_floor":[68,68,57,62,42,42,42,46,46,50,50,24,24,24,24,0],"gold":526,"neow_bonus":"ONE_RARE_RELIC","is_prod":false,"is_daily":false,"chose_seed":false,"campfire_upgraded":4,"win_rate":0,"timestamp":1559235179,"path_taken":["M","$","?","M","?","R","?","?","T","M","R","E","R","?","R","BOSS"],"build_version":"2019-01-23","purchased_purges":1,"victory":false,"max_hp_per_floor":[68,68,68,68,68,68,68,68,68,68,68,68,68,68,68,68],"card_choices":[{"not_picked":["Headbutt","Hemokinesis"],"picked":"Flex","floor":1.0},{"not_picked":["Iron Wave","Infernal Blade","Headbutt"],"picked":"SKIP","floor":4.0},{"not_picked":["Havoc","Flame Barrier"],"picked":"Carnage","floor":8.0},{"not_picked":["Iron Wave","Heavy Blade"],"picked":"Searing Blow","floor":10.0},{"not_picked":["Sword Boomerang","Anger","Bloodletting"],"picked":"SKIP","floor":12.0},{"not_picked":["Sword Boomerang","Anger"],"picked":"Bloodletting","floor":12.0}],"player_experience":4904961,"relics_obtained":[{"floor":9.0,"key":"Omamori"},{"floor":12.0,"key":"Old Coin"},{"floor":14.0,"key":"PreservedInsect"}],"event_choices":[{"damage_healed":0.0,"max_hp_gain":0.0,"max_hp_loss":0.0,"gold_gain":75.0,"event_name":"World of Goop","player_choice":"Gather Gold","floor":3.0,"gold_loss":0.0,"damage_taken":11.0},{"damage_healed":0.0,"max_hp_gain":0.0,"max_hp_loss":0.0,"gold_gain":0.0,"event_name":"Shining Light","player_choice":"Entered Light","floor":5.0,"gold_loss":0.0,"damage_taken":20.0,"cards_upgraded":["Defend_R","Strike_R"]},{"cards_removed":["Strike_R"],"damage_healed":0.0,"max_hp_gain":0.0,"max_hp_loss":0.0,"gold_gain":0.0,"event_name":"Purifier","player_choice":"Purged","floor":7.0,"gold_loss":0.0,"damage_taken":0.0},{"damage_healed":0.0,"max_hp_gain":0.0,"max_hp_loss":0.0,"gold_gain":0.0,"event_name":"Wheel of Change","player_choice":"Relic","floor":14.0,"gold_loss":0.0,"damage_taken":0.0}],"is_beta":false,"boss_relics":[],"items_purged_floors":[2],"is_endless":false,"potions_floor_spawned":[10,12],"killed_by":"Slime Boss","ascension_level":20}