{"gold_per_floor":[113,69,69,80,5,33,83,83,83,83,83,98,114,132,132,204,204,219,219,237,237,237],"floor_reached":22,"playtime":1506,"items_purged":["Strike_G"],"score":418,"play_id":"034924a8-9e84-4993-9036-3c2440c5fe6e","local_time":"20190128172151","is_ascension_mode":true,"campfire_choices":[{"data":"Acrobatics","floor":11.0,"key":"SMITH"},{"data":"Flechettes","floor":15.0,"key":"SMITH"}],"neow_cost":"NONE","seed_source_timestamp":25127338563283,"circlet_count":0,"master_deck":["AscendersBane","Defend_G","Defend_G","Defend_G","Defend_G","Defend_G","Strike_G","Strike_G","Strike_G","Survivor","Neutralize","Noxious Fumes","Tactician","Acrobatics+1","Flechettes+1","Venomology","Malaise","Catalyst","PiercingWail+1"],"special_seed":0,"relics":["Ring of the Snake","NeowsBlessing","CultistMask","Bag of Marbles","Snake Skull","Runic Pyramid"],"potions_floor_usage":[],"damage_taken":[{"damage":0.0,"enemies":"Small Slimes","floor":1.0,"turns":1.0},{"damage":0.0,"enemies":"Cultist","floor":4.0,"turns":1.0},{"damage":0.0,"enemies":"3 Sentries","floor":6.0,"turns":2.0},{"damage":2.0,"enemies":"2 Louse","floor":12.0,"turns":4.0},{"damage":0.0,"enemies":"Exordium Thugs","floor":13.0,"turns":6.0},{"damage":2.0,"enemies":"3 Louse","floor":14.0,"turns":3.0},{"damage":49.0,"enemies":"Slime Boss","floor":16.0,"turns":11.0},{"damage":0.0,"enemies":"theJungle:MUSHROOMGANG","floor":18.0,"turns":5.0},{"damage":0.0,"enemies":"theJungle:5_Spyders","floor":20.0,"turns":4.0},{"damage":50,"enemies":"theJungle:2_Flameangoes","floor":22,"turns":8}],"seed_played":"-1877870446595261996","potions_obtained":[{"floor":1.0,"key":"Block Potion"},{"floor":6.0,"key":"PowerPotion"},{"floor":18.0,"key":"Explosive Potion"}],"is_trial":false,"path_per_floor":["M","$","?","M","$","E","?","$","T","?","R","M","M","M","R","B",null,"M","?","M","?","M"],"character_chosen":"THE_SILENT","items_purchased":["Noxious Fumes"],"campfire_rested":0,"item_purchase_floors":[2],"current_hp_per_floor":[59,59,59,59,59,59,59,59,59,59,59,57,57,55,55,6,51,51,51,51,51,1],"gold":237,"neow_bonus":"THREE_ENEMY_KILL","is_prod":false,"is_daily":false,"chose_seed":false,"campfire_upgraded":2,"win_rate":0,"timestamp":1548667311,"path_taken":["M","$","?","?","$","E","?","?","T","?","R","M","?","M","R","BOSS","M","?","?","?","M"],"build_version":"2019-01-23","purchased_purges":1,"victory":false,"max_hp_per_floor":[66,66,66,66,66,66,66,66,66,66,66,66,66,66,66,66,66,66,66,66,66,66],"card_choices":[{"not_picked":["Leg Sweep","Slice","Deflect"],"picked":"SKIP","floor":1.0},{"not_picked":["Prepared","Backflip"],"picked":"Tactician","floor":4.0},{"not_picked":["Flying Knee","Poisoned Stab"],"picked":"Acrobatics","floor":6.0},{"not_picked":["Poisoned Stab","Bane","Deflect"],"picked":"SKIP","floor":12.0},{"not_picked":["Flying Knee","Footwork"],"picked":"Flechettes","floor":13.0},{"not_picked":["Caltrops","Finisher"],"picked":"Venomology","floor":14.0},{"not_picked":["Phantasmal Killer","Corpse Explosion"],"picked":"Malaise","floor":16.0},{"not_picked":["Bane","Outmaneuver"],"picked":"Catalyst","floor":18.0},{"not_picked":["Deadly Poison","Deflect"],"picked":"PiercingWail+1","floor":20.0}],"player_experience":2351762,"relics_obtained":[{"floor":6.0,"key":"Bag of Marbles"},{"floor":9.0,"key":"Snake Skull"}],"event_choices":[{"damage_healed":0.0,"max_hp_gain":0.0,"max_hp_loss":0.0,"gold_gain":0.0,"event_name":"FaceTrader","player_choice":"Trade","floor":3.0,"gold_loss":0.0,"damage_taken":0.0,"relics_obtained":["CultistMask"]},{"damage_healed":0.0,"max_hp_gain":0.0,"max_hp_loss":0.0,"gold_gain":50.0,"event_name":"Golden Shrine","player_choice":"Pray","floor":7.0,"gold_loss":0.0,"damage_taken":0.0},{"cards_removed":["Strike_G"],"damage_healed":0.0,"max_hp_gain":0.0,"max_hp_loss":0.0,"gold_gain":0.0,"event_name":"Bonfire Elementals","player_choice":"Offered Basic","floor":10.0,"gold_loss":0.0,"damage_taken":0.0},{"damage_healed":0.0,"max_hp_gain":0.0,"max_hp_loss":0.0,"gold_gain":0.0,"event_name":"Lab","player_choice":"Got Potions","floor":19.0,"gold_loss":0.0,"damage_taken":0.0}],"is_beta":false,"boss_relics":[{"not_picked":["Snecko Eye","White Beast Statue"],"picked":"Runic Pyramid"}],"items_purged_floors":[5],"is_endless":false,"potions_floor_spawned":[1,6,13,18],"killed_by":"theJungle:2_Flameangoes","ascension_level":20}