{"gold_per_floor":[113,132,144,55,74,74,85,147,147,147,147,179,179,192,192,265,265,279,279,298,318,337,337,357,357,357,297,297,307,317,333,333,333],"floor_reached":33,"playtime":9820,"items_purged":["Strike_G"],"score":506,"play_id":"1dc268d2-32d3-49af-a0c6-53e4bc634b3f","local_time":"20190317204527","is_ascension_mode":true,"campfire_choices":[{"data":"Discovery","floor":6.0,"key":"SMITH"},{"data":"Tactician","floor":13.0,"key":"SMITH"},{"data":"Acrobatics","floor":15.0,"key":"SMITH"},{"data":"Calculated Gamble","floor":23,"key":"SMITH"},{"data":"Wraith Form v2","floor":25,"key":"SMITH"},{"data":"Neutralize","floor":28,"key":"SMITH"},{"data":"Survivor","floor":32,"key":"SMITH"}],"neow_cost":"NONE","seed_source_timestamp":36709420640612,"circlet_count":0,"master_deck":["AscendersBane","Defend_G","Defend_G","Defend_G","Defend_G","Defend_G","Strike_G","Strike_G","Strike_G","Strike_G","Survivor+1","Neutralize+1","Tactician+1","Underhanded Strike","Discovery+1","Leg Sweep","Acrobatics+1","Dagger Throw","Wraith Form v2+1","After Image","Calculated Gamble+1"],"special_seed":0,"relics":["Runic Pyramid","Vajra","The Courier","Girya","Busted Crown","Bottled Lightning"],"potions_floor_usage":[21,24,33],"damage_taken":[{"damage":0.0,"enemies":"Jaw Worm","floor":1.0,"turns":5.0},{"damage":0.0,"enemies":"Small Slimes","floor":2.0,"turns":5.0},{"damage":2.0,"enemies":"2 Louse","floor":3.0,"turns":3.0},{"damage":5.0,"enemies":"Gremlin Gang","floor":5.0,"turns":3.0},{"damage":0.0,"enemies":"Exordium Thugs","floor":7.0,"turns":5.0},{"damage":14.0,"enemies":"3 Sentries","floor":8.0,"turns":8.0},{"damage":27.0,"enemies":"Gremlin Nob","floor":12.0,"turns":4.0},{"damage":0.0,"enemies":"Blue Slaver","floor":14.0,"turns":3.0},{"damage":10.0,"enemies":"Slime Boss","floor":16.0,"turns":14.0},{"damage":2.0,"enemies":"Spheric Guardian","floor":18.0,"turns":7.0},{"damage":3.0,"enemies":"3 Byrds","floor":20.0,"turns":2.0},{"damage":1,"enemies":"Cultist and Chosen","floor":21,"turns":9},{"damage":3,"enemies":"Snake Plant","floor":22,"turns":6},{"damage":3,"enemies":"Chosen and Byrds","floor":24,"turns":12},{"damage":0,"enemies":"Centurion and Healer","floor":29,"turns":6},{"damage":0,"enemies":"3 Cultists","floor":30,"turns":7},{"damage":0,"enemies":"Snecko","floor":31,"turns":5},{"damage":24,"enemies":"Automaton","floor":33,"turns":11}],"seed_played":"-1055359592641301359","potions_obtained":[{"floor":2.0,"key":"Weak Potion"},{"floor":3.0,"key":"Explosive Potion"},{"floor":12.0,"key":"LiquidBronze"},{"floor":16.0,"key":"SteroidPotion"},{"floor":20.0,"key":"AttackPotion"},{"floor":29,"key":"SpeedPotion"},{"floor":31,"key":"SkillPotion"}],"is_trial":false,"path_per_floor":["M","M","M","$","M","R","M","?","T","?","T","E","R","M","R","B",null,"M","?","M","M","M","R","M","R","T","$","R","M","M","M","R","B"],"character_chosen":"THE_SILENT","items_purchased":["Discovery"],"campfire_rested":0,"item_purchase_floors":[4],"current_hp_per_floor":[59,59,57,57,52,52,52,38,38,38,38,11,11,11,11,1,50,48,48,45,44,41,41,38,38,38,38,38,38,38,38,38,14],"gold":333,"neow_bonus":"BOSS_RELIC","is_prod":false,"is_daily":false,"chose_seed":false,"campfire_upgraded":7,"win_rate":0,"timestamp":1552826727,"path_taken":["M","M","M","$","M","R","M","?","T","?","?","E","R","M","R","BOSS","M","?","M","M","M","R","M","R","T","$","R","M","M","M","R","BOSS"],"build_version":"2019-01-23","purchased_purges":1,"victory":false,"max_hp_per_floor":[66,66,66,66,66,66,66,66,66,66,66,66,66,66,66,66,66,66,66,66,66,66,66,66,66,66,66,66,66,66,66,66,66],"card_choices":[{"not_picked":["Outmaneuver","Endless Agony"],"picked":"Tactician","floor":1.0},{"not_picked":["Bane","Flying Knee"],"picked":"Underhanded Strike","floor":2.0},{"not_picked":["Bane","Underhanded Strike","Backstab"],"picked":"SKIP","floor":3.0},{"not_picked":["Underhanded Strike","Slice"],"picked":"Leg Sweep","floor":5.0},{"not_picked":["Flying Knee","Cloak And Dagger"],"picked":"Acrobatics","floor":7.0},{"not_picked":["Prepared","Sucker Punch"],"picked":"Dagger Throw","floor":8.0},{"not_picked":["Acrobatics","Riddle With Holes"],"picked":"Wraith Form v2","floor":12.0},{"not_picked":["Dagger Throw","Dodge and Roll","Quick Slash"],"picked":"SKIP","floor":14.0},{"not_picked":["Doppelganger","Night Terror"],"picked":"After Image","floor":16.0},{"not_picked":["Expertise"],"picked":"SKIP","floor":18.0},{"not_picked":["Leg Sweep"],"picked":"SKIP","floor":20.0},{"not_picked":["Backstab"],"picked":"SKIP","floor":21},{"not_picked":["Well Laid Plans+1"],"picked":"SKIP","floor":22},{"not_picked":["Expertise"],"picked":"SKIP","floor":24},{"not_picked":["Dagger Throw"],"picked":"SKIP","floor":29},{"not_picked":["Dash+1"],"picked":"SKIP","floor":30},{"not_picked":["Dagger Spray"],"picked":"SKIP","floor":31}],"player_experience":3656472,"relics_obtained":[{"floor":8.0,"key":"Vajra"},{"floor":11.0,"key":"The Courier"},{"floor":12.0,"key":"Girya"},{"floor":26,"key":"Bottled Lightning"}],"event_choices":[{"damage_healed":0.0,"max_hp_gain":0.0,"max_hp_loss":0.0,"gold_gain":0.0,"event_name":"Dead Adventurer","player_choice":"Searched \u00271\u0027 times","floor":8.0,"gold_loss":0.0,"damage_taken":0.0},{"damage_healed":0.0,"max_hp_gain":0.0,"max_hp_loss":0.0,"gold_gain":0.0,"event_name":"Liars Game","player_choice":"Ignored","floor":10.0,"gold_loss":0.0,"damage_taken":0.0},{"damage_healed":0.0,"max_hp_gain":0.0,"max_hp_loss":0.0,"gold_gain":0.0,"event_name":"The Library","player_choice":"Read","floor":19.0,"gold_loss":0.0,"damage_taken":0.0,"cards_obtained":["Calculated Gamble"]}],"is_beta":false,"boss_relics":[{"not_picked":["Philosopher\u0027s Stone","Velvet Choker"],"picked":"Busted Crown"}],"items_purged_floors":[27],"is_endless":false,"potions_floor_spawned":[2,3,12,16,18,20,29,31],"killed_by":"Automaton","ascension_level":20}