{"gold_per_floor":[112,112,112,112,37,37,58,58,58,58,77,116,116,129,129,218,218,238,21,37,52,66,66,101,121,121,121,154,154,154,172,172,245,245,260,360,377,377,159,184,202,236,236,265,165,197,197,208,208,208,208,208,208,88,88],"floor_reached":55,"playtime":3033,"items_purged":["Strike_R","Strike_R","Strike_R","Defend_R"],"score":2146,"play_id":"446fdee9-807d-443b-87fd-ab58102088ca","local_time":"20190122161707","is_ascension_mode":true,"campfire_choices":[{"data":"Flex","floor":6.0,"key":"SMITH"},{"data":"Limit Break","floor":8.0,"key":"SMITH"},{"data":"Armaments","floor":10.0,"key":"SMITH"},{"data":"Demon Form","floor":15.0,"key":"SMITH"},{"data":"Sword Boomerang","floor":23.0,"key":"SMITH"},{"data":"Exhume","floor":27.0,"key":"SMITH"},{"data":"Flex","floor":32.0,"key":"SMITH"},{"floor":49.0,"key":"RECALL"},{"data":"Limit Break","floor":53.0,"key":"SMITH"}],"neow_cost":"PERCENT_DAMAGE","seed_source_timestamp":18335958879130,"circlet_count":0,"master_deck":["AscendersBane","Strike_R","Defend_R","Defend_R","Defend_R","Bash","Limit Break+1","Flex+1","Armaments+1","Flex+1","Demon Form+1","Reaper","Sword Boomerang+1","Exhume+1","True Grit+1","Reaper","Limit Break+1"],"special_seed":0,"relics":["Burning Blood","Happy Flower","Bloody Idol","Pocketwatch","FossilizedHelix","Sozu","Brimstone","The Courier","WingedGreaves","Dream Catcher","Black Star","Prayer Wheel","Bag of Preparation","Question Card","Bag of Marbles","Ornamental Fan","Self Forming Clay","Meat on the Bone","Incense Burner","Omamori","Red Skull"],"potions_floor_usage":[55],"damage_taken":[{"damage":14.0,"enemies":"2 Louse","floor":1.0,"turns":3.0},{"damage":5.0,"enemies":"Small Slimes","floor":7.0,"turns":4.0},{"damage":0.0,"enemies":"Cultist","floor":11.0,"turns":3.0},{"damage":10.0,"enemies":"Gremlin Nob","floor":12.0,"turns":3.0},{"damage":0.0,"enemies":"Looter","floor":14.0,"turns":3.0},{"damage":2.0,"enemies":"The Guardian","floor":16.0,"turns":9.0},{"damage":27.0,"enemies":"2 Thieves","floor":18.0,"turns":4.0},{"damage":23.0,"enemies":"Chosen","floor":20.0,"turns":4.0},{"damage":20.0,"enemies":"Snake Plant","floor":21.0,"turns":3.0},{"damage":41.0,"enemies":"Shelled Parasite and Fungi","floor":22.0,"turns":4.0},{"damage":49.0,"enemies":"Book of Stabbing","floor":24.0,"turns":4.0},{"damage":10.0,"enemies":"Snecko","floor":25.0,"turns":4.0},{"damage":21.0,"enemies":"Gremlin Leader","floor":28.0,"turns":5.0},{"damage":17.0,"enemies":"3 Cultists","floor":31.0,"turns":4.0},{"damage":43.0,"enemies":"Automaton","floor":33.0,"turns":6.0},{"damage":22.0,"enemies":"3 Shapes","floor":35.0,"turns":5.0},{"damage":0.0,"enemies":"Mind Bloom Boss Battle","floor":36.0,"turns":3.0},{"damage":4.0,"enemies":"Orb Walker","floor":37.0,"turns":3.0},{"damage":0.0,"enemies":"Giant Head","floor":40.0,"turns":4.0},{"damage":26.0,"enemies":"Spire Growth","floor":41.0,"turns":4.0},{"damage":101.0,"enemies":"Reptomancer","floor":42.0,"turns":5.0},{"damage":16.0,"enemies":"Nemesis","floor":44.0,"turns":3.0},{"damage":30.0,"enemies":"Giant Head","floor":46.0,"turns":5.0},{"damage":57.0,"enemies":"Sphere and 2 Shapes","floor":48.0,"turns":4.0},{"damage":0.0,"enemies":"Time Eater","floor":50.0,"turns":6.0},{"damage":83.0,"enemies":"Donu and Deca","floor":51.0,"turns":5.0},{"damage":64,"enemies":"Shield and Spear","floor":55,"turns":2}],"seed_played":"-8523286507125791924","potions_obtained":[{"floor":1.0,"key":"Explosive Potion"},{"floor":7.0,"key":"Regen Potion"},{"floor":12.0,"key":"PowerPotion"}],"is_trial":false,"path_per_floor":["M","?","?","?","$","R","M","R","T","R","M","E","?","M","R","B",null,"M","$","M","M","M","R","E","M","T","R","E","?","?","M","R","B",null,"M","?","M","?","$","E","M","E","T","E","$","E","?","M","R","B","B",null,"R","$","E"],"character_chosen":"IRONCLAD","items_purchased":["Brimstone","Bag of Preparation"],"campfire_rested":0,"item_purchase_floors":[19,39],"current_hp_per_floor":[42,67,49,49,49,49,50,50,50,50,56,52,52,58,58,62,67,68,68,51,68,68,68,58,68,68,68,68,68,68,68,68,68,68,68,68,68,58,58,68,68,68,68,68,68,49,49,68,68,68,42,62,62,62,0],"gold":88,"neow_bonus":"THREE_RARE_CARDS","is_prod":false,"is_daily":false,"chose_seed":false,"campfire_upgraded":8,"win_rate":0,"timestamp":1548145027,"path_taken":["M","?","?","?","$","R","M","R","T","R","M","E","?","?","R","BOSS","M","$","M","M","M","R","E","M","T","R","E","?","?","M","R","BOSS","M","?","M","?","$","E","M","E","T","E","$","E","?","?","R","BOSS","BOSS","R","$","E"],"build_version":"2019-01-17v2","purchased_purges":4,"victory":false,"max_hp_per_floor":[75,75,75,68,68,68,68,68,68,68,68,68,68,68,68,68,68,68,68,68,68,68,68,68,68,68,68,68,68,68,68,68,68,68,68,68,68,68,68,68,68,68,68,68,68,68,68,68,68,68,68,68,68,68,68],"card_choices":[{"not_picked":["Impervious","Offering"],"picked":"Limit Break","floor":0.0},{"not_picked":["Whirlwind","Pommel Strike"],"picked":"Flex","floor":1.0},{"not_picked":["Havoc","Wild Strike"],"picked":"Armaments","floor":7.0},{"not_picked":["Cleave","Corruption"],"picked":"Flex","floor":11.0},{"not_picked":["Sentinel","Searing Blow"],"picked":"Demon Form","floor":12.0},{"not_picked":["Cleave","Power Through","Anger"],"picked":"SKIP","floor":14.0},{"not_picked":["Exhume","Barricade"],"picked":"Reaper","floor":16.0},{"not_picked":["Flame Barrier","Body Slam","Shrug It Off"],"picked":"SKIP","floor":18.0},{"not_picked":["Clash+1","Cleave","Infernal Blade+1"],"picked":"SKIP","floor":20.0},{"not_picked":["True Grit","Havoc","Flex"],"picked":"SKIP","floor":21.0},{"not_picked":["Clash","Sword Boomerang","Power Through"],"picked":"SKIP","floor":22.0},{"not_picked":["Clash","Power Through"],"picked":"Sword Boomerang","floor":22.0},{"not_picked":["Cleave","Corruption","Headbutt"],"picked":"SKIP","floor":24.0},{"not_picked":["Anger","Disarm"],"picked":"Exhume","floor":25.0},{"not_picked":["Wild Strike","Feel No Pain","Sword Boomerang"],"picked":"SKIP","floor":28.0},{"not_picked":["Seeing Red+1","Dropkick"],"picked":"True Grit+1","floor":31.0},{"not_picked":["Bludgeon","Impervious"],"picked":"Reaper","floor":33.0},{"not_picked":["Heavy Blade","Corruption","Twin Strike+1"],"picked":"SKIP","floor":35.0},{"not_picked":["Thunderclap+1","Uppercut+1","Combust"],"picked":"SKIP","floor":37.0},{"not_picked":["Rage+1","Seeing Red","Rupture"],"picked":"SKIP","floor":37.0},{"not_picked":["Seeing Red","Perfected Strike+1","Hemokinesis"],"picked":"SKIP","floor":40.0},{"not_picked":["Thunderclap","True Grit","Seeing Red","Body Slam+1"],"picked":"SKIP","floor":41.0},{"not_picked":["Havoc","Feel No Pain","Bloodletting+1","Power Through"],"picked":"SKIP","floor":41.0},{"not_picked":["Blood for Blood","Feel No Pain","Anger","Body Slam+1"],"picked":"SKIP","floor":42.0},{"not_picked":["Infernal Blade","Seeing Red","Perfected Strike","Clash"],"picked":"SKIP","floor":44.0},{"not_picked":["Body Slam","True Grit","Burning Pact"],"picked":"Limit Break","floor":46.0},{"not_picked":["Perfected Strike","Rampage","Body Slam+1","Battle Trance"],"picked":"SKIP","floor":48.0},{"not_picked":["Rupture","True Grit","Clothesline+1","Wild Strike"],"picked":"SKIP","floor":48.0}],"player_experience":2136521,"relics_obtained":[{"floor":9.0,"key":"Pocketwatch"},{"floor":12.0,"key":"FossilizedHelix"},{"floor":24.0,"key":"The Courier"},{"floor":26.0,"key":"WingedGreaves"},{"floor":28.0,"key":"Dream Catcher"},{"floor":36.0,"key":"Prayer Wheel"},{"floor":40.0,"key":"Question Card"},{"floor":40.0,"key":"Bag of Marbles"},{"floor":42.0,"key":"Ornamental Fan"},{"floor":42.0,"key":"Self Forming Clay"},{"floor":44.0,"key":"Meat on the Bone"},{"floor":44.0,"key":"Incense Burner"},{"floor":46.0,"key":"Omamori"},{"floor":46.0,"key":"Red Skull"}],"event_choices":[{"damage_healed":25.0,"max_hp_gain":0.0,"max_hp_loss":0.0,"gold_gain":0.0,"event_name":"Big Fish","player_choice":"Banana","floor":2.0,"gold_loss":0.0,"damage_taken":0.0},{"damage_healed":0.0,"max_hp_gain":0.0,"max_hp_loss":0.0,"gold_gain":0.0,"event_name":"Scrap Ooze","player_choice":"Success","floor":3.0,"gold_loss":0.0,"damage_taken":18.0,"relics_obtained":["Happy Flower"]},{"damage_healed":0.0,"max_hp_gain":0.0,"max_hp_loss":7.0,"gold_gain":0.0,"event_name":"Golden Idol","player_choice":"Lose Max HP","floor":4.0,"gold_loss":0.0,"damage_taken":0.0,"relics_obtained":["Golden Idol"]},{"cards_removed":["Strike_R"],"damage_healed":0.0,"max_hp_gain":0.0,"max_hp_loss":0.0,"gold_gain":0.0,"event_name":"Purifier","player_choice":"Purged","floor":13.0,"gold_loss":0.0,"damage_taken":0.0},{"damage_healed":0.0,"max_hp_gain":0.0,"max_hp_loss":0.0,"gold_gain":0.0,"event_name":"Forgotten Altar","player_choice":"Gave Idol","floor":29.0,"relics_lost":["Golden Idol"],"gold_loss":0.0,"damage_taken":0.0,"relics_obtained":["Bloody Idol"]},{"damage_healed":0.0,"max_hp_gain":0.0,"max_hp_loss":0.0,"gold_gain":0.0,"event_name":"The Mausoleum","player_choice":"Ignored","floor":30.0,"gold_loss":0.0,"damage_taken":0.0},{"damage_healed":0.0,"max_hp_gain":0.0,"max_hp_loss":0.0,"gold_gain":0.0,"event_name":"MindBloom","player_choice":"Fight","floor":36.0,"gold_loss":0.0,"damage_taken":0.0},{"damage_healed":0.0,"max_hp_gain":0.0,"max_hp_loss":0.0,"gold_gain":0.0,"event_name":"SensoryStone","player_choice":"Memory 3","floor":38.0,"gold_loss":0.0,"damage_taken":10.0},{"damage_healed":0.0,"max_hp_gain":0.0,"max_hp_loss":0.0,"gold_gain":0.0,"event_name":"Tomb of Lord Red Mask","player_choice":"Ignored","floor":47.0,"gold_loss":0.0,"damage_taken":0.0}],"is_beta":false,"boss_relics":[{"not_picked":["Mark of Pain","Cursed Key"],"picked":"Sozu"},{"not_picked":["Lizard Tail","Runic Dome"],"picked":"Black Star"}],"items_purged_floors":[5,39,45,54],"is_endless":false,"potions_floor_spawned":[1,7,12,14,20,21,24,25,37,42,44,46,48],"killed_by":"Shield and Spear","ascension_level":20}