{"gold_per_floor":[115,135,152,37,37,37,362,362,362,362,362,362,377,393,393,488,488,502,477,343,353,228,228,239,256,256,286,58,58,74,93,93,195,195,207,226,226,226,226,226,226,244,270,95,106,125,125,139,139,139],"floor_reached":51,"playtime":2992,"items_purged":["Strike_G","Defend_G","Strike_G","Defend_G","Strike_G"],"score":673,"play_id":"24551d05-e4cb-4505-b7d6-2b8746ed7b93","local_time":"20181019082755","is_ascension_mode":false,"campfire_choices":[{"data":"Noxious Fumes","floor":6.0,"key":"SMITH"},{"data":"Deadly Poison","floor":8.0,"key":"SMITH"},{"data":"Backflip","floor":10.0,"key":"SMITH"},{"data":"Survivor","floor":15.0,"key":"SMITH"},{"data":"Well Laid Plans","floor":23.0,"key":"SMITH"},{"data":"Footwork","floor":32,"key":"SMITH"},{"data":"Night Terror","floor":40,"key":"SMITH"},{"data":"Defend_G","floor":49,"key":"SMITH"}],"neow_cost":"NONE","seed_source_timestamp":0,"circlet_count":0,"master_deck":["Defend_G+1","Defend_G+1","Defend_G","Strike_G+1","Survivor+1","Neutralize+1","Deadly Poison+1","Backflip+1","Noxious Fumes+1","Venomology","Venomology","PiercingWail+1","Well Laid Plans+1","Bouncing Flask+1","Dodge and Roll+1","Footwork+1","Well Laid Plans","Dodge and Roll+1","Night Terror+1","Madness","Madness","Heel Hook+1","Blur+1"],"special_seed":0,"relics":["Ring of the Snake","Old Coin","Sundial","Velvet Choker","Calipers","Bottled Tornado","Runic Pyramid","Meat on the Bone","PreservedInsect"],"potions_floor_usage":[30,30,31,31,33,33,35,35,36,36,36,36,38,38,38,45,45,46,46,50,50,50,50,50,50],"damage_taken":[{"damage":0.0,"enemies":"Jaw Worm","floor":1.0,"turns":4.0},{"damage":5.0,"enemies":"2 Louse","floor":2.0,"turns":3.0},{"damage":0.0,"enemies":"Cultist","floor":3.0,"turns":3.0},{"damage":0.0,"enemies":"Lagavulin","floor":7.0,"turns":6.0},{"damage":5.0,"enemies":"Exordium Wildlife","floor":13.0,"turns":6.0},{"damage":2.0,"enemies":"2 Fungi Beasts","floor":14.0,"turns":3.0},{"damage":3.0,"enemies":"Hexaghost","floor":16.0,"turns":8.0},{"damage":0.0,"enemies":"3 Byrds","floor":18.0,"turns":4.0},{"damage":0.0,"enemies":"2 Thieves","floor":19.0,"turns":5.0},{"damage":0.0,"enemies":"Shelled Parasite and Fungi","floor":21.0,"turns":6.0},{"damage":0.0,"enemies":"Centurion and Healer","floor":24.0,"turns":6.0},{"damage":0.0,"enemies":"3 Cultists","floor":25.0,"turns":7.0},{"damage":1.0,"enemies":"Slavers","floor":27.0,"turns":6.0},{"damage":0,"enemies":"Shelled Parasite and Fungi","floor":30,"turns":5},{"damage":0,"enemies":"Centurion and Healer","floor":31,"turns":6},{"damage":4,"enemies":"Collector","floor":33,"turns":9},{"damage":3,"enemies":"3 Darklings","floor":35,"turns":6},{"damage":0,"enemies":"3 Shapes","floor":36,"turns":5},{"damage":9,"enemies":"Sphere and 2 Shapes","floor":38,"turns":3},{"damage":17,"enemies":"Reptomancer","floor":42,"turns":8},{"damage":0,"enemies":"3 Darklings","floor":45,"turns":7},{"damage":7,"enemies":"Transient","floor":46,"turns":5},{"damage":0,"enemies":"Maw","floor":48,"turns":9},{"damage":9,"enemies":"Awakened One","floor":50,"turns":22}],"seed_played":"-2344583103954468953","potions_obtained":[{"floor":2.0,"key":"Fire Potion"},{"floor":13.0,"key":"Weak Potion"},{"floor":14.0,"key":"Dexterity Potion"},{"floor":21.0,"key":"Strength Potion"},{"floor":25.0,"key":"PowerPotion"},{"floor":27.0,"key":"Poison Potion"},{"floor":33,"key":"Explosive Potion"},{"floor":45,"key":"GhostInAJar"}],"is_trial":false,"path_per_floor":["M","M","M","$","?","R","E","R","T","R","?","?","M","M","R","B",null,"M","M","$","M","$","R","M","M","T","E","$","?","M","M","R","B",null,"M","M","?","M","?","R","T","M","T","$","M","M","$","M","R","B"],"character_chosen":"THE_SILENT","items_purchased":["Noxious Fumes","Well Laid Plans","Well Laid Plans"],"campfire_rested":0,"item_purchase_floors":[4,20,28],"current_hp_per_floor":[70,65,65,65,51,51,51,51,51,51,51,51,46,44,44,41,70,70,70,70,70,70,70,70,70,70,69,69,69,69,69,69,65,70,67,70,61,57,57,57,57,40,40,40,40,45,45,45,45,36],"gold":139,"neow_bonus":"UPGRADE_CARD","is_prod":false,"is_daily":false,"chose_seed":false,"campfire_upgraded":8,"win_rate":0,"timestamp":1539908875,"path_taken":["M","M","M","$","?","R","E","R","T","R","?","?","?","M","R","BOSS","M","M","$","M","$","R","M","M","T","E","$","?","M","M","R","BOSS","M","?","?","M","?","R","?","?","T","$","M","M","$","M","R","BOSS"],"build_version":"2018-10-11","purchased_purges":5,"victory":true,"max_hp_per_floor":[70,70,70,70,70,70,70,70,70,70,70,70,70,70,70,70,70,70,70,70,70,70,70,70,70,70,70,70,70,70,70,70,70,70,70,70,70,70,70,70,70,70,70,70,70,70,70,70,70,70],"card_choices":[{"not_picked":["Poisoned Stab","Dagger Throw"],"picked":"Deadly Poison","floor":1.0},{"not_picked":["Quick Slash","Slice","Underhanded Strike"],"picked":"SKIP","floor":2.0},{"not_picked":["Endless Agony","Blade Dance"],"picked":"Backflip","floor":3.0},{"not_picked":["Acrobatics","Outmaneuver"],"picked":"Venomology","floor":7.0},{"not_picked":["Sucker Punch","Outmaneuver","Bane"],"picked":"SKIP","floor":13.0},{"not_picked":["Blade Dance","Finisher","Flying Knee"],"picked":"SKIP","floor":14.0},{"not_picked":["Tools of the Trade","Bullet Time"],"picked":"Venomology","floor":16.0},{"not_picked":["Dodge and Roll","Cloak And Dagger"],"picked":"PiercingWail+1","floor":18.0},{"not_picked":["Underhanded Strike+1","Bane+1","Acrobatics"],"picked":"SKIP","floor":19.0},{"not_picked":["Expertise","Skewer"],"picked":"Bouncing Flask+1","floor":21.0},{"not_picked":["Eviscerate+1","Flying Knee"],"picked":"Dodge and Roll+1","floor":24.0},{"not_picked":["Sucker Punch","Eviscerate","All Out Attack"],"picked":"SKIP","floor":25.0},{"not_picked":["Quick Slash","Die Die Die"],"picked":"Footwork","floor":27.0},{"not_picked":["Dagger Throw","Bane"],"picked":"Dodge and Roll+1","floor":30},{"not_picked":["Flechettes","Riddle With Holes+1","Reflex"],"picked":"SKIP","floor":31},{"not_picked":["Glass Knife","A Thousand Cuts"],"picked":"Night Terror","floor":33},{"not_picked":["Quick Slash","Sucker Punch","Acrobatics+1"],"picked":"SKIP","floor":35},{"not_picked":["Outmaneuver","All Out Attack+1","Flying Knee+1"],"picked":"SKIP","floor":36},{"not_picked":["Noxious Fumes+1","Predator","Dodge and Roll+1"],"picked":"SKIP","floor":42},{"not_picked":["Prepared","Caltrops"],"picked":"Heel Hook+1","floor":45},{"not_picked":["Dodge and Roll","Poisoned Stab+1"],"picked":"Blur+1","floor":46},{"not_picked":["Calculated Gamble","Acrobatics+1","Deadly Poison+1"],"picked":"SKIP","floor":48}],"player_experience":361387,"relics_obtained":[{"floor":7.0,"key":"Old Coin"},{"floor":9.0,"key":"Sundial"},{"floor":26.0,"key":"Calipers"},{"floor":27.0,"key":"Bottled Tornado"},{"floor":41,"key":"Meat on the Bone"},{"floor":43,"key":"PreservedInsect"}],"event_choices":[{"event_name":"Shining Light","player_choice":"Entered Light","floor":5.0,"damage_taken":0.0},{"event_name":"Liars Game","player_choice":"disagreed","floor":11.0,"damage_taken":0.0},{"event_name":"Purifier","player_choice":"One Purge","floor":12.0,"damage_taken":0.0},{"event_name":"The Woman in Blue","player_choice":"Bought 0 Potions","floor":29.0,"damage_taken":0.0},{"event_name":"Winding Halls","player_choice":"Embrace Madness","floor":37,"damage_taken":0},{"event_name":"SecretPortal","player_choice":"Rejected Portal.","floor":39,"damage_taken":0}],"is_beta":false,"boss_relics":[{"not_picked":["Ectoplasm","Coffee Dripper"],"picked":"Velvet Choker"},{"not_picked":["Black Star","HoveringKite"],"picked":"Runic Pyramid"}],"items_purged_floors":[4,20,22,28,44],"is_endless":false,"potions_floor_spawned":[2,13,14,21,25,27,33,38,42,45,48],"ascension_level":0}