{"gold_per_floor":[117,131,49,124,144,144,176,176,176,176,126,126,167,167,167,292,292,317,317,317,335,353,353,373,155,155,155,254,272,90,119,119,216,216,227,238,238,25,0,0,12,12,36,53,78,96,116,116,116,116],"floor_reached":51,"playtime":2782,"items_purged":["Strike_R","Strike_R+1","Defend_R"],"score":823,"play_id":"a39eed2c-abf3-47e8-bd9b-23b3b5dd6fbe","local_time":"20190718224310","is_ascension_mode":false,"campfire_choices":[{"data":"True Grit","floor":6.0,"key":"SMITH"},{"data":"Rampage","floor":8.0,"key":"SMITH"},{"data":"Impatience","floor":12.0,"key":"SMITH"},{"data":"Shockwave","floor":15.0,"key":"SMITH"},{"data":"Defend_R","floor":23.0,"key":"SMITH"},{"data":"Dark Embrace","floor":27.0,"key":"SMITH"},{"data":"Defend_R","floor":32.0,"key":"SMITH"},{"data":"Dark Embrace","floor":40,"key":"SMITH"},{"floor":42,"key":"RECALL"},{"floor":49,"key":"REST"}],"neow_cost":"NONE","seed_source_timestamp":13513812730054,"circlet_count":0,"master_deck":["Defend_R+1","Defend_R+1","Impatience+1","True Grit+1","Shockwave+1","Rampage+1","True Grit+1","Offering+1","Exhume+1","Offering+1","Flame Barrier+1","Warcry+1","Dark Embrace+1","Warcry+1","Madness+1","Bloodletting+1","Dark Embrace+1","Warcry+1","Deep Breath+1","Warcry+1"],"special_seed":0,"relics":["Burning Blood","Toxic Egg 2","Blood Vial","Bloody Idol","Vajra","Astrolabe","Pocketwatch","Centennial Puzzle","Eternal Feather","Red Mask","Art of War","War Paint"],"potions_floor_usage":[],"damage_taken":[{"damage":3.0,"enemies":"Small Slimes","floor":1.0,"turns":3.0},{"damage":0.0,"enemies":"2 Louse","floor":2.0,"turns":2.0},{"damage":3.0,"enemies":"Jaw Worm","floor":5.0,"turns":5.0},{"damage":24.0,"enemies":"Lagavulin","floor":7.0,"turns":11.0},{"damage":15.0,"enemies":"Gremlin Nob","floor":13.0,"turns":4.0},{"damage":7.0,"enemies":"Hexaghost","floor":16.0,"turns":9.0},{"damage":12.0,"enemies":"Spheric Guardian","floor":18.0,"turns":2.0},{"damage":12.0,"enemies":"2 Thieves","floor":21.0,"turns":3.0},{"damage":15.0,"enemies":"Shelled Parasite and Fungi","floor":22.0,"turns":2.0},{"damage":18.0,"enemies":"Snake Plant","floor":24.0,"turns":1.0},{"damage":18.0,"enemies":"3 Cultists","floor":29.0,"turns":1.0},{"damage":18.0,"enemies":"Slavers","floor":31.0,"turns":1.0},{"damage":27.0,"enemies":"Champ","floor":33.0,"turns":1.0},{"damage":15,"enemies":"Orb Walker","floor":35,"turns":1},{"damage":12,"enemies":"3 Shapes","floor":36,"turns":1},{"damage":12,"enemies":"Jaw Worm Horde","floor":41,"turns":1},{"damage":18,"enemies":"4 Shapes","floor":44,"turns":1},{"damage":6,"enemies":"3 Darklings","floor":46,"turns":1},{"damage":9,"enemies":"Jaw Worm Horde","floor":47,"turns":1},{"damage":9,"enemies":"Donu and Deca","floor":50,"turns":1}],"seed_played":"2890358367712115219","potions_obtained":[{"floor":2.0,"key":"Explosive Potion"},{"floor":5.0,"key":"SpeedPotion"},{"floor":13.0,"key":"Fire Potion"},{"floor":22.0,"key":"Swift Potion"}],"is_trial":false,"path_per_floor":["M","M","$","?","M","R","E","R","T","?","?","R","E","?","R","B",null,"M","?","?","M","M","R","M","$","T","R","?","M","$","E","R","B",null,"M","M","?","$","?","R","M","R","T","M","T","M","M","?","R","B",null],"character_chosen":"IRONCLAD","items_purchased":["Rampage","Dark Embrace","Madness+1","Deep Breath+1"],"campfire_rested":1,"item_purchase_floors":[3,25,30,38],"current_hp_per_floor":[80,80,80,69,72,72,54,54,54,34,34,34,27,11,11,12,80,74,74,74,80,76,76,71,71,71,71,76,71,71,66,66,52,80,76,77,77,77,77,80,79,80,80,73,78,80,80,80,80,77],"gold":116,"neow_bonus":"RANDOM_COLORLESS","is_prod":false,"is_daily":false,"chose_seed":false,"campfire_upgraded":8,"win_rate":0,"timestamp":1563460990,"path_taken":["M","M","$","?","M","R","E","R","T","?","?","R","E","?","R","BOSS","M","?","?","M","M","R","M","$","T","R","?","?","?","E","R","BOSS","M","M","?","$","?","R","M","R","T","M","?","M","?","?","R","BOSS"],"build_version":"2019-07-17","purchased_purges":3,"victory":true,"max_hp_per_floor":[80,80,80,80,80,80,80,80,80,80,80,80,80,80,80,80,80,80,80,80,80,80,80,80,80,80,80,80,80,80,80,80,80,80,80,80,80,80,80,80,80,80,80,80,80,80,80,80,80,80],"card_choices":[{"not_picked":["Rage","Thunderclap"],"picked":"True Grit","floor":1.0},{"not_picked":["Warcry","Anger"],"picked":"Shockwave","floor":2.0},{"not_picked":["Heavy Blade","Clash","Warcry"],"picked":"SKIP","floor":5.0},{"not_picked":["Twin Strike","Shockwave"],"picked":"True Grit","floor":7.0},{"not_picked":["Metallicize","Anger","Carnage"],"picked":"SKIP","floor":13.0},{"not_picked":["Fiend Fire","Barricade"],"picked":"Offering+1","floor":16.0},{"not_picked":["Perfected Strike","Clothesline","Blood for Blood"],"picked":"SKIP","floor":18.0},{"not_picked":["Iron Wave","Reckless Charge"],"picked":"Warcry+1","floor":21.0},{"not_picked":["Clothesline","Twin Strike","Clash"],"picked":"SKIP","floor":22.0},{"not_picked":["Flex+1","Heavy Blade","Clash"],"picked":"SKIP","floor":24.0},{"not_picked":["Heavy Blade","Shrug It Off+1"],"picked":"Warcry+1","floor":29.0},{"not_picked":["Rage+1","Entrench+1"],"picked":"Bloodletting+1","floor":31.0},{"not_picked":["Bludgeon","Reaper"],"picked":"Dark Embrace","floor":33.0},{"not_picked":["Rupture","Twin Strike+1","Heavy Blade"],"picked":"SKIP","floor":35},{"not_picked":["Sever Soul+1","True Grit+1"],"picked":"Warcry+1","floor":36},{"not_picked":["Havoc+1","Fire Breathing","Ghostly Armor+1"],"picked":"SKIP","floor":41},{"not_picked":["Clash+1","Cleave","Iron Wave+1"],"picked":"SKIP","floor":44},{"not_picked":["Twin Strike","Seeing Red+1"],"picked":"Warcry+1","floor":46},{"not_picked":["Double Tap+1","Anger+1","Clothesline+1"],"picked":"SKIP","floor":47}],"player_experience":5786786,"relics_obtained":[{"floor":7.0,"key":"Toxic Egg 2"},{"floor":9.0,"key":"Blood Vial"},{"floor":13.0,"key":"Vajra"},{"floor":26.0,"key":"Pocketwatch"},{"floor":31.0,"key":"Centennial Puzzle"},{"floor":43,"key":"Art of War"},{"floor":45,"key":"War Paint"}],"event_choices":[{"damage_healed":0.0,"max_hp_gain":0.0,"max_hp_loss":0.0,"gold_gain":75.0,"event_name":"World of Goop","player_choice":"Gather Gold","floor":4.0,"gold_loss":0.0,"damage_taken":11.0},{"damage_healed":0.0,"max_hp_gain":0.0,"max_hp_loss":0.0,"gold_gain":0.0,"event_name":"Golden Idol","player_choice":"Take Damage","floor":10.0,"gold_loss":0.0,"damage_taken":20.0,"relics_obtained":["Golden Idol"]},{"cards_removed":["Bash"],"damage_healed":0.0,"max_hp_gain":0.0,"max_hp_loss":0.0,"gold_gain":0.0,"event_name":"The Cleric","player_choice":"Card Removal","floor":11.0,"gold_loss":50.0,"damage_taken":0.0},{"damage_healed":0.0,"max_hp_gain":0.0,"max_hp_loss":0.0,"gold_gain":0.0,"event_name":"Shining Light","player_choice":"Entered Light","floor":14.0,"gold_loss":0.0,"damage_taken":16.0,"cards_upgraded":["Strike_R","Defend_R"]},{"damage_healed":0.0,"max_hp_gain":0.0,"max_hp_loss":0.0,"gold_gain":0.0,"event_name":"Forgotten Altar","player_choice":"Gave Idol","floor":19.0,"relics_lost":["Golden Idol"],"gold_loss":0.0,"damage_taken":0.0,"relics_obtained":["Bloody Idol"]},{"damage_healed":0.0,"max_hp_gain":0.0,"max_hp_loss":0.0,"gold_gain":0.0,"event_name":"Vampires","player_choice":"Ignored","floor":20.0,"gold_loss":0.0,"damage_taken":0.0},{"damage_healed":0.0,"max_hp_gain":0.0,"max_hp_loss":0.0,"gold_gain":99.0,"event_name":"Nest","player_choice":"Stole From Cult","floor":28.0,"gold_loss":0.0,"damage_taken":0.0},{"cards_removed":["Defend_R"],"damage_healed":0,"gold_gain":0,"player_choice":"Removed Skill","damage_taken":0,"max_hp_gain":0,"max_hp_loss":0,"event_name":"Falling","floor":37,"gold_loss":0},{"damage_healed":0,"gold_gain":0,"player_choice":"Paid","damage_taken":0,"relics_obtained":["Red Mask"],"max_hp_gain":0,"max_hp_loss":0,"event_name":"Tomb of Lord Red Mask","floor":39,"gold_loss":25},{"damage_healed":0,"gold_gain":0,"player_choice":"Ignored","damage_taken":0,"max_hp_gain":0,"max_hp_loss":0,"event_name":"Mysterious Sphere","floor":48,"gold_loss":0}],"is_beta":false,"boss_relics":[{"not_picked":["Sozu","Busted Crown"],"picked":"Astrolabe"},{"not_picked":["Coffee Dripper","Pandora\u0027s Box"],"picked":"Eternal Feather"}],"items_purged_floors":[25,30,38],"is_endless":false,"potions_floor_spawned":[2,5,13,21,22,29,41,46,47],"ascension_level":0}