{"gold_per_floor":[114,189,31,47,47,86,99,99,170,170,25,41,75,96,96,189,189,214,214,239,263,284,284,320,339,339,339,339,9,9,45,45,45],"floor_reached":33,"playtime":2372,"items_purged":["Strike_G","Writhe"],"score":592,"play_id":"0a07c08d-8b3d-4e4b-9f9a-4a51081d2910","local_time":"20190505215158","is_ascension_mode":true,"campfire_choices":[{"floor":8,"key":"REST"},{"data":"A Thousand Cuts","floor":15,"key":"SMITH"},{"floor":23,"key":"DIG"},{"floor":28,"key":"DIG"},{"floor":32,"key":"DIG"}],"neow_cost":"NONE","seed_source_timestamp":122014896857294,"circlet_count":0,"master_deck":["AscendersBane","Defend_G","Defend_G","Defend_G","Defend_G","Defend_G","Strike_G","Strike_G","Strike_G","Strike_G","Survivor","Neutralize","Deadly Poison","Poisoned Stab+1","Cloak And Dagger","Backstab","Crippling Poison","Dagger Throw+1","Deflect","A Thousand Cuts+1","Backflip","Adrenaline","Well Laid Plans","Blur","Blade Dance","Dodge and Roll"],"relics":["Ring of the Snake","Strawberry","Golden Idol","Oddly Smooth Stone","Kunai","Shovel","Coffee Dripper","Regal Pillow","Ancient Tea Set","PreservedInsect","Omamori","Whetstone","MealTicket","Potion Belt","Snake Skull"],"potions_floor_usage":[6,20,21,31],"damage_taken":[{"damage":18,"enemies":"Jaw Worm","floor":1,"turns":7},{"damage":0,"enemies":"2 Louse","floor":4,"turns":2},{"damage":29,"enemies":"Lagavulin","floor":6,"turns":6},{"damage":0,"enemies":"Small Slimes","floor":7,"turns":4},{"damage":12,"enemies":"Exordium Thugs","floor":12,"turns":8},{"damage":18,"enemies":"3 Sentries","floor":13,"turns":12},{"damage":0,"enemies":"Looter","floor":14,"turns":3},{"damage":19,"enemies":"The Guardian","floor":16,"turns":12},{"damage":4,"enemies":"Shell Parasite","floor":18,"turns":7},{"damage":7,"enemies":"2 Thieves","floor":20,"turns":4},{"damage":0,"enemies":"3 Cultists","floor":21,"turns":5},{"damage":12,"enemies":"Sentry and Sphere","floor":22,"turns":7},{"damage":13,"enemies":"Book of Stabbing","floor":24,"turns":6},{"damage":3,"enemies":"Centurion and Healer","floor":25,"turns":7},{"damage":0,"enemies":"Gremlin Leader","floor":31,"turns":5},{"damage":81,"enemies":"Automaton","floor":33,"turns":12}],"seed_played":"-8693599984075936608","potions_obtained":[{"floor":4,"key":"Swift Potion"},{"floor":7,"key":"Weak Potion"},{"floor":14,"key":"GamblersBrew"},{"floor":16,"key":"Fire Potion"},{"floor":20,"key":"SkillPotion"},{"floor":21,"key":"FairyPotion"},{"floor":30,"key":"Fruit Juice"},{"floor":31,"key":"Ancient Potion"}],"is_trial":false,"path_per_floor":["M","?","$","M","?","E","M","R","T","?","$","M","E","M","R","B",null,"M","?","M","M","M","R","E","M","T","?","R","$","?","E","R","B"],"character_chosen":"THE_SILENT","items_purchased":["Flechettes","Crippling Poison","Dagger Throw","MealTicket"],"campfire_rested":1,"item_purchase_floors":[3,11,11,29],"current_hp_per_floor":[48,37,37,37,37,8,8,27,27,66,66,54,36,36,36,17,54,50,46,39,39,27,27,14,11,11,11,11,11,11,16,16,0],"gold":45,"neow_bonus":"RANDOM_COMMON_RELIC","is_prod":false,"is_daily":false,"chose_seed":false,"campfire_upgraded":1,"win_rate":0,"timestamp":1557085918,"path_taken":["M","?","$","M","?","E","M","R","T","?","$","?","E","M","R","BOSS","M","?","?","M","M","R","E","M","T","?","R","$","?","E","R","BOSS"],"build_version":"2019-01-23","purchased_purges":2,"victory":false,"max_hp_per_floor":[73,73,73,73,66,66,66,66,66,66,66,66,66,66,66,66,66,66,66,66,66,66,66,66,66,66,66,66,66,66,71,71,71],"card_choices":[{"not_picked":["Sucker Punch","Flying Knee"],"picked":"Deadly Poison","floor":1},{"not_picked":["Blade Dance","Concentrate"],"picked":"Poisoned Stab","floor":4},{"not_picked":["Calculated Gamble","Expertise"],"picked":"Cloak And Dagger","floor":6},{"not_picked":["Heel Hook","Prepared"],"picked":"Backstab","floor":7},{"not_picked":["Accuracy","Poisoned Stab"],"picked":"Deflect","floor":12},{"not_picked":["Terror","Slice"],"picked":"A Thousand Cuts","floor":13},{"not_picked":["Outmaneuver","Terror"],"picked":"Backflip","floor":14},{"not_picked":["Tools of the Trade","A Thousand Cuts"],"picked":"Adrenaline","floor":16},{"not_picked":["Flying Knee","Underhanded Strike"],"picked":"Well Laid Plans","floor":18},{"not_picked":["Terror","Escape Plan"],"picked":"Blur","floor":20},{"not_picked":["Flechettes","Finisher"],"picked":"Blade Dance","floor":21},{"not_picked":["Catalyst","Concentrate","Acrobatics"],"picked":"SKIP","floor":22},{"not_picked":["Distraction","Eviscerate","Concentrate"],"picked":"SKIP","floor":24},{"not_picked":["Caltrops","Acrobatics","Prepared"],"picked":"SKIP","floor":25},{"not_picked":["Infinite Blades","Slice"],"picked":"Dodge and Roll","floor":31}],"player_experience":565276,"relics_obtained":[{"floor":6,"key":"Oddly Smooth Stone"},{"floor":9,"key":"Kunai"},{"floor":13,"key":"Shovel"},{"floor":23,"key":"Regal Pillow"},{"floor":24,"key":"Ancient Tea Set"},{"floor":26,"key":"PreservedInsect"},{"floor":28,"key":"Whetstone"},{"floor":31,"key":"Potion Belt"},{"floor":32,"key":"Snake Skull"}],"event_choices":[{"damage_healed":0,"gold_gain":75,"player_choice":"Gather Gold","damage_taken":11,"max_hp_gain":0,"max_hp_loss":0,"event_name":"World of Goop","floor":2,"gold_loss":0},{"damage_healed":0,"gold_gain":0,"player_choice":"Lose Max HP","damage_taken":0,"relics_obtained":["Golden Idol"],"max_hp_gain":0,"max_hp_loss":7,"event_name":"Golden Idol","floor":5,"gold_loss":0},{"cards_removed":["Flechettes"],"damage_healed":39,"gold_gain":0,"player_choice":"Offered Uncommon","damage_taken":0,"max_hp_gain":0,"max_hp_loss":0,"event_name":"Bonfire Elementals","floor":10,"gold_loss":0},{"damage_healed":0,"gold_gain":0,"player_choice":"Bought 0 Potions","damage_taken":0,"max_hp_gain":0,"max_hp_loss":0,"event_name":"The Woman in Blue","floor":19,"gold_loss":0},{"damage_healed":0,"gold_gain":0,"player_choice":"Opened","damage_taken":0,"relics_obtained":["Omamori"],"max_hp_gain":0,"max_hp_loss":0,"event_name":"The Mausoleum","floor":27,"gold_loss":0,"cards_obtained":["Writhe"]},{"damage_healed":0,"gold_gain":0,"player_choice":"Got Potions","damage_taken":0,"max_hp_gain":0,"max_hp_loss":0,"event_name":"Lab","floor":30,"gold_loss":0}],"is_beta":false,"boss_relics":[{"not_picked":["Lizard Tail","Busted Crown"],"picked":"Coffee Dripper"}],"items_purged_floors":[3,29],"is_endless":false,"potions_floor_spawned":[4,7,14,16,18,20,21,31],"killed_by":"Automaton","ascension_level":17}