{"gold_per_floor":[119,132,132,149,149,149,74,74,74,92,92,111,111,76,76,150,150,166,9,9,24,35,35,35],"floor_reached":24,"playtime":1578,"items_purged":["Strike_G","Strike_G"],"score":372,"play_id":"49dd51a6-8b61-4e73-aaed-647c71607f78","local_time":"20190211132722","is_ascension_mode":true,"campfire_choices":[{"data":"Neutralize","floor":6.0,"key":"SMITH"},{"data":"Concentrate","floor":13.0,"key":"SMITH"},{"data":"Backflip","floor":15.0,"key":"SMITH"},{"data":"Malaise","floor":23.0,"key":"SMITH"}],"neow_cost":"NONE","seed_source_timestamp":1950687847930,"circlet_count":0,"master_deck":["AscendersBane","Defend_G+1","Defend_G","Defend_G","Defend_G","Strike_G+1","Survivor","Neutralize+1","Backflip+1","Heel Hook","A Thousand Cuts+1","Concentrate+1","Malaise+1","Tools of the Trade+1","Sucker Punch"],"special_seed":0,"relics":["Runic Pyramid","Frozen Egg 2","Philosopher\u0027s Stone"],"potions_floor_usage":[24,24],"damage_taken":[{"damage":2.0,"enemies":"Small Slimes","floor":1.0,"turns":5.0},{"damage":15.0,"enemies":"2 Louse","floor":2.0,"turns":2.0},{"damage":0.0,"enemies":"Cultist","floor":4.0,"turns":4.0},{"damage":0.0,"enemies":"Blue Slaver","floor":10.0,"turns":4.0},{"damage":4.0,"enemies":"Exordium Thugs","floor":12.0,"turns":5.0},{"damage":3.0,"enemies":"The Guardian","floor":16.0,"turns":10.0},{"damage":11.0,"enemies":"3 Byrds","floor":18.0,"turns":5.0},{"damage":8.0,"enemies":"2 Thieves","floor":21.0,"turns":5.0},{"damage":9.0,"enemies":"Centurion and Healer","floor":22.0,"turns":5.0},{"damage":30,"enemies":"Slavers","floor":24,"turns":3}],"seed_played":"-1137105137979643134","potions_obtained":[{"floor":2.0,"key":"Dexterity Potion"},{"floor":10.0,"key":"Explosive Potion"},{"floor":18.0,"key":"PowerPotion"}],"is_trial":false,"path_per_floor":["M","M","?","M","?","R","$","?","T","M","$","M","R","?","R","B",null,"M","$","?","M","M","R","E"],"character_chosen":"THE_SILENT","items_purchased":["Dexterity Potion"],"campfire_rested":0,"item_purchase_floors":[19],"current_hp_per_floor":[57,42,47,47,40,40,40,19,19,19,19,15,15,15,15,12,56,45,45,45,37,28,28,0],"gold":35,"neow_bonus":"BOSS_RELIC","is_prod":false,"is_daily":false,"chose_seed":false,"campfire_upgraded":4,"win_rate":0,"timestamp":1549862842,"path_taken":["M","M","?","M","?","R","$","?","T","M","$","M","R","?","R","BOSS","M","$","?","M","M","R","E"],"build_version":"2019-01-23","purchased_purges":2,"victory":false,"max_hp_per_floor":[66,66,71,71,71,71,71,71,71,71,71,71,71,71,71,71,71,71,71,71,71,71,71,71],"card_choices":[{"not_picked":["Underhanded Strike","Flying Knee"],"picked":"Backflip","floor":1.0},{"not_picked":["All Out Attack","Distraction"],"picked":"Heel Hook","floor":2.0},{"not_picked":["Underhanded Strike","Prepared","Dagger Spray"],"picked":"SKIP","floor":4.0},{"not_picked":["Prepared","Backflip"],"picked":"A Thousand Cuts+1","floor":10.0},{"not_picked":["Masterful Stab","Leg Sweep"],"picked":"Concentrate","floor":12.0},{"not_picked":["Glass Knife","Die Die Die"],"picked":"Malaise","floor":16.0},{"not_picked":["Underhanded Strike","Outmaneuver","Infinite Blades+1"],"picked":"SKIP","floor":18.0},{"not_picked":["Underhanded Strike","Quick Slash","Poisoned Stab+1"],"picked":"SKIP","floor":21.0},{"not_picked":["Poisoned Stab","Sucker Punch","Blade Dance"],"picked":"SKIP","floor":22.0}],"player_experience":2598722,"relics_obtained":[{"floor":9.0,"key":"Frozen Egg 2"}],"event_choices":[{"damage_healed":0.0,"max_hp_gain":5.0,"max_hp_loss":0.0,"gold_gain":0.0,"event_name":"Big Fish","player_choice":"Donut","floor":3.0,"gold_loss":0.0,"damage_taken":0.0},{"cards_removed":["Strike_G"],"damage_healed":0.0,"max_hp_gain":0.0,"max_hp_loss":0.0,"gold_gain":0.0,"event_name":"Golden Wing","player_choice":"Card Removal","floor":5.0,"gold_loss":0.0,"damage_taken":7.0},{"damage_healed":0.0,"max_hp_gain":0.0,"max_hp_loss":0.0,"gold_gain":0.0,"event_name":"Shining Light","player_choice":"Entered Light","floor":8.0,"gold_loss":0.0,"damage_taken":21.0,"cards_upgraded":["Strike_G","Defend_G"]},{"damage_healed":0.0,"max_hp_gain":0.0,"max_hp_loss":0.0,"gold_gain":0.0,"event_name":"World of Goop","player_choice":"Left Gold","floor":14.0,"gold_loss":35.0,"damage_taken":0.0},{"damage_healed":0.0,"max_hp_gain":0.0,"max_hp_loss":0.0,"gold_gain":0.0,"cards_transformed":["Strike_G","Defend_G"],"event_name":"Drug Dealer","player_choice":"Became Test Subject","floor":20.0,"gold_loss":0.0,"damage_taken":0.0,"cards_obtained":["Tools of the Trade","Sucker Punch"]}],"is_beta":false,"boss_relics":[{"not_picked":["Snecko Eye","WristBlade"],"picked":"Philosopher\u0027s Stone"}],"items_purged_floors":[7,19],"is_endless":false,"potions_floor_spawned":[2,10,18],"killed_by":"Slavers","ascension_level":20}