{"gold_per_floor":[19,19,19,44,112,112,132,155,178,192,192,88,112,155,155,155],"floor_reached":16,"playtime":343,"items_purged":["Decay"],"score":204,"play_id":"55a7ff1c-f695-44ac-af42-46fefe4055ae","local_time":"20190709013118","is_ascension_mode":true,"campfire_choices":[{"data":"Dagger Spray","floor":6,"key":"SMITH"},{"data":"Caltrops","floor":15,"key":"SMITH"}],"neow_cost":"NO_GOLD","seed_source_timestamp":886879313282700,"circlet_count":0,"master_deck":["AscendersBane","Strike_G","Strike_G","Strike_G","Strike_G","Defend_G","Defend_G","Defend_G","Defend_G","Survivor","Neutralize","Dagger Spray+1","Caltrops+1","Poisoned Stab","Adrenaline"],"relics":["Ring of the Snake","Golden Idol","Letter Opener","Boot","FaceOfCleric","Dream Catcher"],"potions_floor_usage":[14],"damage_taken":[{"damage":0,"enemies":"2 Louse","floor":1,"turns":5},{"damage":3,"enemies":"Cultist","floor":4,"turns":4},{"damage":0,"enemies":"Jaw Worm","floor":7,"turns":4},{"damage":22,"enemies":"Gremlin Gang","floor":8,"turns":3},{"damage":3,"enemies":"3 Louse","floor":10,"turns":3},{"damage":18,"enemies":"Red Slaver","floor":13,"turns":4},{"damage":20,"enemies":"Lagavulin","floor":14,"turns":5},{"damage":14,"enemies":"Hexaghost","floor":16,"turns":8}],"seed_played":"-2860191693228416087","potions_obtained":[{"floor":4,"key":"FairyPotion"},{"floor":7,"key":"Strength Potion"}],"is_trial":false,"path_per_floor":["M","?","?","M","T","R","M","M","T","M","?","$","M","E","R","B"],"character_chosen":"THE_SILENT","items_purchased":["Poisoned Stab"],"campfire_rested":0,"item_purchase_floors":[12],"current_hp_per_floor":[59,59,59,56,56,56,56,34,34,31,31,31,14,7,7,0],"gold":155,"neow_bonus":"REMOVE_TWO","is_prod":false,"is_daily":false,"chose_seed":false,"campfire_upgraded":2,"win_rate":0,"timestamp":1562607078,"path_taken":["M","?","?","?","?","R","?","M","T","M","?","$","?","E","R","BOSS"],"build_version":"2019-07-05","purchased_purges":1,"victory":false,"max_hp_per_floor":[66,60,60,60,60,60,60,60,60,60,60,60,61,62,62,62],"card_choices":[{"not_picked":["PiercingWail","Bane"],"picked":"Dagger Spray","floor":1},{"not_picked":["Flying Knee","All Out Attack","Poisoned Stab"],"picked":"SKIP","floor":4},{"not_picked":["Footwork","Outmaneuver","Finisher"],"picked":"SKIP","floor":7},{"not_picked":["Poisoned Stab","Setup","Prepared"],"picked":"SKIP","floor":8},{"not_picked":["Dash","Dagger Spray"],"picked":"Caltrops","floor":10},{"not_picked":["Flechettes","Blade Dance","Cloak And Dagger"],"picked":"SKIP","floor":13},{"not_picked":["Cloak And Dagger","Bane"],"picked":"Adrenaline","floor":14}],"player_experience":648319,"relics_obtained":[{"floor":5,"key":"Letter Opener"},{"floor":9,"key":"Boot"},{"floor":14,"key":"Dream Catcher"}],"event_choices":[{"damage_healed":0,"gold_gain":0,"player_choice":"Lose Max HP","damage_taken":0,"relics_obtained":["Golden Idol"],"max_hp_gain":0,"max_hp_loss":6,"event_name":"Golden Idol","floor":2,"gold_loss":0},{"damage_healed":0,"gold_gain":0,"player_choice":"Cursed","damage_taken":0,"max_hp_gain":0,"max_hp_loss":0,"event_name":"Wheel of Change","floor":3,"gold_loss":0,"cards_obtained":["Decay"]},{"damage_healed":0,"gold_gain":0,"player_choice":"Trade","damage_taken":0,"relics_obtained":["FaceOfCleric"],"max_hp_gain":0,"max_hp_loss":0,"event_name":"FaceTrader","floor":11,"gold_loss":0}],"is_beta":false,"boss_relics":[],"items_purged_floors":[12],"is_endless":false,"potions_floor_spawned":[4,7,10],"killed_by":"Hexaghost","ascension_level":20}