{"gold_per_floor":[362,63,63,77,87,118,118,136,218,218,143,163,163,176,176,176],"floor_reached":16,"playtime":1005,"items_purged":[],"score":204,"play_id":"b495410e-a85c-486e-bb8c-d4f5fee27304","local_time":"20181224132254","is_ascension_mode":true,"campfire_choices":[{"data":"Well Laid Plans","floor":7.0,"key":"SMITH"},{"data":"Calculated Gamble","floor":10.0,"key":"SMITH"},{"data":"Expertise","floor":13.0,"key":"SMITH"},{"data":"Flechettes","floor":15.0,"key":"SMITH"}],"neow_cost":"TEN_PERCENT_HP_LOSS","seed_source_timestamp":14913953157520,"circlet_count":0,"master_deck":["AscendersBane","Defend_G","Defend_G","Defend_G","Defend_G","Defend_G","Strike_G","Strike_G","Strike_G","Strike_G","Survivor","Neutralize","Expertise+1","Well Laid Plans+1","Backflip","Flechettes+1","Concentrate","Calculated Gamble+1","Bouncing Flask"],"special_seed":0,"relics":["Ring of the Snake","ClockworkSouvenir","Bird Faced Urn","Bottled Tornado"],"potions_floor_usage":[16,16],"damage_taken":[{"damage":1.0,"enemies":"Small Slimes","floor":1.0,"turns":5.0},{"damage":0.0,"enemies":"2 Louse","floor":4.0,"turns":3.0},{"damage":12.0,"enemies":"Cultist","floor":5.0,"turns":6.0},{"damage":38.0,"enemies":"Gremlin Nob","floor":6.0,"turns":5.0},{"damage":1.0,"enemies":"3 Louse","floor":8.0,"turns":5.0},{"damage":0.0,"enemies":"Looter","floor":12.0,"turns":3.0},{"damage":0.0,"enemies":"2 Fungi Beasts","floor":14.0,"turns":5.0},{"damage":20,"enemies":"Slime Boss","floor":16,"turns":13}],"seed_played":"470574606144580552","potions_obtained":[{"floor":1.0,"key":"Dexterity Potion"},{"floor":6.0,"key":"SpeedPotion"}],"is_trial":false,"path_per_floor":["M","$","?","M","M","E","R","M","T","R","?","M","R","M","R","B"],"character_chosen":"THE_SILENT","items_purchased":["Well Laid Plans","ClockworkSouvenir"],"campfire_rested":0,"item_purchase_floors":[2,2],"current_hp_per_floor":[58,58,63,63,51,13,13,14,14,14,14,16,16,18,18,0],"gold":176,"neow_bonus":"TWO_FIFTY_GOLD","is_prod":false,"is_daily":false,"chose_seed":false,"campfire_upgraded":4,"win_rate":0,"timestamp":1545628974,"path_taken":["M","$","?","M","M","E","R","M","T","R","?","M","R","M","R","BOSS"],"build_version":"2018-12-20","purchased_purges":0,"victory":false,"max_hp_per_floor":[60,60,65,65,65,65,65,65,65,65,65,65,65,65,65,65],"card_choices":[{"not_picked":["PiercingWail","Poisoned Stab"],"picked":"Expertise","floor":1.0},{"not_picked":["Dagger Spray","Prepared"],"picked":"Backflip","floor":4.0},{"not_picked":["Slice","Cloak And Dagger"],"picked":"Flechettes","floor":5.0},{"not_picked":["Dagger Throw","Dagger Spray"],"picked":"Concentrate","floor":6.0},{"not_picked":["Cloak And Dagger","Acrobatics"],"picked":"Calculated Gamble","floor":8.0},{"not_picked":["Unload","PiercingWail","Sucker Punch"],"picked":"SKIP","floor":12.0},{"not_picked":["Deadly Poison","Caltrops"],"picked":"Bouncing Flask","floor":14.0}],"player_experience":1467288,"relics_obtained":[{"floor":6.0,"key":"Bird Faced Urn"},{"floor":9.0,"key":"Bottled Tornado"}],"event_choices":[{"damage_healed":0.0,"max_hp_gain":5.0,"max_hp_loss":0.0,"gold_gain":0.0,"event_name":"Big Fish","player_choice":"Donut","floor":3.0,"gold_loss":0.0,"damage_taken":0.0},{"cards_removed":["Strike_G"],"damage_healed":0.0,"max_hp_gain":0.0,"max_hp_loss":0.0,"gold_gain":0.0,"event_name":"The Cleric","player_choice":"Card Removal","floor":11.0,"gold_loss":75.0,"damage_taken":0.0}],"is_beta":false,"boss_relics":[],"items_purged_floors":[],"is_endless":false,"potions_floor_spawned":[1,6,12],"killed_by":"Slime Boss","ascension_level":20}