{"gold_per_floor":[360,360,4,14,32,57,76,76,76,130,130,34,64,78,78,151,151,165,90,90,4,24,24,49,68,93,93,11,11,11],"floor_reached":30,"playtime":1449,"items_purged":[],"score":512,"play_id":"6dfcba58-135c-4d75-ab7b-7456ed156f96","local_time":"20190801174723","is_ascension_mode":true,"campfire_choices":[{"floor":8.0,"key":"REST"},{"data":"Catalyst","floor":15.0,"key":"SMITH"},{"floor":23,"key":"REST"},{"data":"Envenom","floor":27,"key":"SMITH"},{"data":"Bouncing Flask","floor":29,"key":"SMITH"}],"neow_cost":"TEN_PERCENT_HP_LOSS","seed_source_timestamp":0,"circlet_count":0,"master_deck":["AscendersBane","Strike_G","Strike_G","Defend_G+1","Defend_G","Defend_G","Defend_G","Defend_G+1","Survivor","Neutralize","Skewer","Dagger Spray","Poisoned Stab","Poisoned Stab","Envenom+1","Bouncing Flask+1","Backflip","Catalyst+1","Endless Agony","Corpse Explosion","Leg Sweep","Venomology","Backflip","Backflip"],"special_seed":0,"relics":["Ring of the Snake","NlothsMask","Membership Card","PreservedInsect","War Paint","Anchor","Sundial","Centennial Puzzle","Unceasing Top","Velvet Choker","Juzu Bracelet","Darkstone Periapt","Smiling Mask","Snake Skull"],"potions_floor_usage":[24,25,30],"damage_taken":[{"damage":5.0,"enemies":"Jaw Worm","floor":1.0,"turns":8.0},{"damage":0.0,"enemies":"Cultist","floor":4.0,"turns":4.0},{"damage":2.0,"enemies":"2 Louse","floor":5.0,"turns":2.0},{"damage":10.0,"enemies":"Lagavulin","floor":6.0,"turns":5.0},{"damage":11.0,"enemies":"Blue Slaver","floor":7.0,"turns":3.0},{"damage":6.0,"enemies":"Gremlin Nob","floor":13.0,"turns":3.0},{"damage":1.0,"enemies":"Large Slime","floor":14.0,"turns":5.0},{"damage":20.0,"enemies":"Hexaghost","floor":16.0,"turns":7.0},{"damage":4.0,"enemies":"2 Thieves","floor":18.0,"turns":2.0},{"damage":11,"enemies":"Shell Parasite","floor":22,"turns":4},{"damage":19,"enemies":"Book of Stabbing","floor":24,"turns":4},{"damage":1,"enemies":"Snecko","floor":25,"turns":4},{"damage":39,"enemies":"Gremlin Leader","floor":30,"turns":3}],"seed_played":"2101016531322782730","potions_obtained":[{"floor":1.0,"key":"Fire Potion"},{"floor":7.0,"key":"Explosive Potion"},{"floor":13.0,"key":"FearPotion"},{"floor":25,"key":"LiquidBronze"}],"is_trial":false,"path_per_floor":["M","?","$","M","M","E","M","R","T","T","T","$","E","M","R","B",null,"M","?","?","$","M","R","E","M","T","R","$","R","E"],"character_chosen":"THE_SILENT","items_purchased":["Membership Card","PreservedInsect","Dagger Spray","Block Potion","Backflip","Centennial Puzzle","Juzu Bracelet","Snake Skull"],"campfire_rested":2,"item_purchase_floors":[3,3,3,3,12,12,21,28],"current_hp_per_floor":[54,54,54,54,52,42,31,49,49,49,49,49,43,42,42,22,51,47,47,47,47,36,54,35,34,34,34,34,34,0],"gold":11,"neow_bonus":"TWO_FIFTY_GOLD","is_prod":false,"is_daily":false,"chose_seed":false,"campfire_upgraded":3,"win_rate":0,"timestamp":1564674443,"path_taken":["M","?","$","?","M","E","M","R","T","?","?","$","E","M","R","BOSS","M","?","?","$","M","R","E","M","T","R","?","R","E"],"build_version":"2019-07-17","purchased_purges":0,"victory":false,"max_hp_per_floor":[60,60,60,60,60,60,60,60,60,60,60,60,60,60,60,60,60,60,60,60,60,60,60,60,60,60,60,60,60,60],"card_choices":[{"not_picked":["PiercingWail","Prepared"],"picked":"Skewer","floor":1.0},{"not_picked":["Prepared","Cloak And Dagger"],"picked":"Poisoned Stab","floor":4.0},{"not_picked":["Flying Knee","Skewer"],"picked":"Poisoned Stab","floor":5.0},{"not_picked":["Endless Agony","Dagger Throw"],"picked":"Envenom","floor":6.0},{"not_picked":["Quick Slash","Deflect"],"picked":"Bouncing Flask","floor":7.0},{"not_picked":["Deflect","All Out Attack"],"picked":"Catalyst","floor":13.0},{"not_picked":["Deadly Poison","Dodge and Roll"],"picked":"Endless Agony","floor":14.0},{"not_picked":["Night Terror","Burst"],"picked":"Corpse Explosion","floor":16.0},{"not_picked":["Dagger Throw","All Out Attack","Flying Knee"],"picked":"SKIP","floor":18.0},{"not_picked":["Finisher","Caltrops","Expertise"],"picked":"SKIP","floor":22},{"not_picked":["Noxious Fumes","Die Die Die"],"picked":"Backflip","floor":24},{"not_picked":["Slice","Eviscerate"],"picked":"Backflip","floor":25}],"player_experience":808805,"relics_obtained":[{"floor":6.0,"key":"War Paint"},{"floor":10.0,"key":"Anchor"},{"floor":11.0,"key":"Sundial"},{"floor":13.0,"key":"Unceasing Top"},{"floor":24,"key":"Darkstone Periapt"},{"floor":26,"key":"Smiling Mask"}],"event_choices":[{"damage_healed":0.0,"max_hp_gain":0.0,"max_hp_loss":0.0,"gold_gain":0.0,"event_name":"FaceTrader","player_choice":"Trade","floor":2.0,"gold_loss":0.0,"damage_taken":0.0,"relics_obtained":["NlothsMask"]},{"cards_removed":["Strike_G"],"damage_healed":0.0,"max_hp_gain":0.0,"max_hp_loss":0.0,"gold_gain":0.0,"event_name":"Beggar","player_choice":"Gave Gold","floor":19.0,"gold_loss":75.0,"damage_taken":0.0},{"damage_healed":0.0,"max_hp_gain":0.0,"max_hp_loss":0.0,"gold_gain":0.0,"cards_transformed":["Strike_G","Strike_G"],"event_name":"Drug Dealer","player_choice":"Became Test Subject","floor":20.0,"gold_loss":0.0,"damage_taken":0.0,"cards_obtained":["Leg Sweep","Venomology"]}],"is_beta":false,"boss_relics":[{"not_picked":["Astrolabe","Coffee Dripper"],"picked":"Velvet Choker"}],"items_purged_floors":[],"is_endless":false,"potions_floor_spawned":[1,7,13,24,25],"killed_by":"Gremlin Leader","ascension_level":20}