{"gold_per_floor":[118,118,34,45,60,60,60,60,84,84,84,84,102,27,27,106,106,120,320,38,40,40,40,40],"floor_reached":24,"playtime":753,"items_purged":["Pain"],"score":464,"play_id":"e4d6ad72-8dae-45a9-97eb-1033fb171e72","local_time":"20181226211959","is_ascension_mode":true,"campfire_choices":[{"data":"Well Laid Plans","floor":6.0,"key":"SMITH"},{"data":"Calculated Gamble","floor":8.0,"key":"SMITH"},{"data":"Neutralize","floor":10.0,"key":"SMITH"},{"data":"1","floor":12.0,"key":"LIFT"},{"data":"2","floor":15.0,"key":"LIFT"},{"data":"3","floor":23,"key":"LIFT"}],"neow_cost":"NONE","seed_source_timestamp":32811779736525,"circlet_count":0,"master_deck":["AscendersBane","Defend_G","Defend_G+1","Defend_G","Defend_G+1","Defend_G+1","Strike_G","Strike_G","Strike_G","Strike_G","Strike_G","Survivor+1","Neutralize+1","Reflex","Well Laid Plans+1","Calculated Gamble+1","Concentrate","Adrenaline","Footwork","Tactician","Calculated Gamble"],"special_seed":0,"relics":["Ring of the Snake","NeowsBlessing","WarpedTongs","Girya","War Paint","Black Star","Bag of Preparation"],"potions_floor_usage":[18],"damage_taken":[{"damage":0.0,"enemies":"Small Slimes","floor":1.0,"turns":1.0},{"damage":0.0,"enemies":"Cultist","floor":4.0,"turns":1.0},{"damage":1.0,"enemies":"2 Louse","floor":5.0,"turns":2.0},{"damage":4.0,"enemies":"Looter","floor":13.0,"turns":3.0},{"damage":0.0,"enemies":"The Guardian","floor":16.0,"turns":14.0},{"damage":25,"enemies":"3 Byrds","floor":18,"turns":15},{"damage":5,"enemies":"2 Thieves","floor":21,"turns":5},{"damage":13,"enemies":"3 Cultists","floor":24,"turns":6}],"seed_played":"4969455750924937259","potions_obtained":[{"floor":4.0,"key":"Strength Potion"},{"floor":5.0,"key":"SpeedPotion"},{"floor":21,"key":"SpeedPotion"}],"is_trial":false,"path_per_floor":["M","?","$","M","M","R","?","R","T","R","?","R","M","$","R","B",null,"M","?","$","M","?","R","M"],"character_chosen":"THE_SILENT","items_purchased":["Well Laid Plans","Tactician","Calculated Gamble","Bag of Preparation"],"campfire_rested":0,"item_purchase_floors":[3,20,20,20],"current_hp_per_floor":[59,59,59,59,58,58,47,47,47,47,27,27,23,23,23,23,55,30,30,30,25,25,25,12],"gold":40,"neow_bonus":"THREE_ENEMY_KILL","is_prod":false,"is_daily":false,"chose_seed":false,"campfire_upgraded":3,"win_rate":0,"timestamp":1545830399,"path_taken":["M","?","?","?","M","R","?","R","T","R","?","R","M","?","R","BOSS","M","?","$","?","?","R","M"],"build_version":"2018-12-20","purchased_purges":1,"victory":false,"max_hp_per_floor":[66,66,66,66,66,66,66,66,66,66,66,66,66,66,66,66,66,66,66,66,66,66,66,66],"card_choices":[{"not_picked":["Blade Dance","Cloak And Dagger"],"picked":"Reflex","floor":1.0},{"not_picked":["Dagger Spray","Backflip","Flechettes"],"picked":"SKIP","floor":4.0},{"not_picked":["Choke","Acrobatics"],"picked":"Calculated Gamble","floor":5.0},{"not_picked":["Dagger Throw","Poisoned Stab"],"picked":"Concentrate","floor":13.0},{"not_picked":["Doppelganger","Burst"],"picked":"Adrenaline","floor":16.0},{"not_picked":["Sucker Punch+1","Infinite Blades"],"picked":"Footwork","floor":18},{"not_picked":["Cloak And Dagger","Prepared","PiercingWail+1"],"picked":"SKIP","floor":21}],"player_experience":1502252,"relics_obtained":[{"floor":9.0,"key":"War Paint"}],"event_choices":[{"damage_healed":0.0,"max_hp_gain":0.0,"max_hp_loss":0.0,"gold_gain":0.0,"event_name":"Accursed Blacksmith","player_choice":"Rummage","floor":2.0,"gold_loss":0.0,"damage_taken":0.0,"relics_obtained":["WarpedTongs"],"cards_obtained":["Pain"]},{"damage_healed":0.0,"max_hp_gain":0.0,"max_hp_loss":0.0,"gold_gain":0.0,"event_name":"Scrap Ooze","player_choice":"Success","floor":7.0,"gold_loss":0.0,"damage_taken":11.0,"relics_obtained":["Girya"]},{"damage_healed":0.0,"max_hp_gain":0.0,"max_hp_loss":0.0,"gold_gain":0.0,"event_name":"Shining Light","player_choice":"Entered Light","floor":11.0,"gold_loss":0.0,"damage_taken":20.0,"cards_upgraded":["Defend_G","Defend_G"]},{"damage_healed":0,"gold_gain":200,"player_choice":"Gold","damage_taken":0,"max_hp_gain":0,"max_hp_loss":0,"event_name":"Wheel of Change","floor":19,"gold_loss":0},{"damage_healed":0,"gold_gain":0,"player_choice":"Ignored","damage_taken":0,"max_hp_gain":0,"max_hp_loss":0,"event_name":"Beggar","floor":22,"gold_loss":0}],"is_beta":false,"boss_relics":[{"not_picked":["Calling Bell","Fusion Hammer"],"picked":"Black Star"}],"items_purged_floors":[14],"is_endless":false,"potions_floor_spawned":[4,5,13,21],"killed_by":"3 Cultists","ascension_level":20}