{"gold_per_floor":[111,123,139,7,7,7,39,39,66,85,85,10,54,54,54,149,149,174,174,45,69,69,69,100,100,175,175,175,82,82,95,95,168,168,180,36,36,36,53,53,68,80,104,104],"floor_reached":44,"playtime":1163,"items_purged":["Pain","Auto Shields"],"score":964,"play_id":"fb6b35a9-a738-4028-8d65-53fdc304a9d4","local_time":"20190227003139","is_ascension_mode":true,"campfire_choices":[{"data":"Defragment","floor":6.0,"key":"SMITH"},{"data":"Hologram","floor":8.0,"key":"SMITH"},{"data":"Zap","floor":15.0,"key":"SMITH"},{"data":"Fusion","floor":23.0,"key":"SMITH"},{"data":"Coolheaded","floor":25.0,"key":"SMITH"},{"data":"Heatsinks","floor":28.0,"key":"SMITH"},{"data":"Chaos","floor":32.0,"key":"SMITH"},{"data":"Capacitor","floor":40.0,"key":"SMITH"}],"neow_cost":"NONE","seed_source_timestamp":793305883314315,"circlet_count":0,"master_deck":["AscendersBane","Zap+1","Dualcast","Conserve Battery","Stack","Echo Form","Defragment+1","Hologram+1","Compile Driver","Ball Lightning","Core Surge","All For One","Reinforced Body","Thunder Strike","Fusion+1","Heatsinks+1","Conserve Battery+1","Chaos+1","White Noise","Capacitor+1","Coolheaded+1","Electrodynamics","Turbo","Blizzard","Echo Form","Loop","Turbo+1","Steam+1","Coolheaded+1"],"special_seed":0,"relics":["Cracked Core","NeowsBlessing","WarpedTongs","Pen Nib","Bronze Scales","Bloody Idol","Whetstone","Pandora\u0027s Box","Vajra","Mummified Hand","White Beast Statue"],"potions_floor_usage":[],"damage_taken":[{"damage":0.0,"enemies":"Jaw Worm","floor":1.0,"turns":1.0},{"damage":0.0,"enemies":"Cultist","floor":2.0,"turns":1.0},{"damage":0.0,"enemies":"2 Louse","floor":3.0,"turns":1.0},{"damage":17.0,"enemies":"3 Sentries","floor":7.0,"turns":8.0},{"damage":6.0,"enemies":"Looter","floor":10.0,"turns":4.0},{"damage":39.0,"enemies":"Gremlin Nob","floor":13.0,"turns":4.0},{"damage":0.0,"enemies":"The Guardian","floor":16.0,"turns":8.0},{"damage":5.0,"enemies":"3 Byrds","floor":18.0,"turns":3.0},{"damage":15.0,"enemies":"Shell Parasite","floor":21.0,"turns":5.0},{"damage":10.0,"enemies":"Slavers","floor":24.0,"turns":3.0},{"damage":3.0,"enemies":"Centurion and Healer","floor":31.0,"turns":3.0},{"damage":2.0,"enemies":"Champ","floor":33.0,"turns":7.0},{"damage":4.0,"enemies":"3 Shapes","floor":35.0,"turns":3.0},{"damage":28.0,"enemies":"Orb Walker","floor":39.0,"turns":4.0},{"damage":0.0,"enemies":"Spire Growth","floor":41.0,"turns":3.0},{"damage":44.0,"enemies":"Jaw Worm Horde","floor":42.0,"turns":4.0},{"damage":7,"enemies":"Writhing Mass","floor":44,"turns":3}],"seed_played":"-1347621200438959713","potions_obtained":[{"floor":1.0,"key":"Swift Potion"},{"floor":2.0,"key":"PowerPotion"},{"floor":18.0,"key":"Block Potion"},{"floor":35.0,"key":"Fire Potion"},{"floor":39.0,"key":"Ancient Potion"}],"is_trial":false,"path_per_floor":["M","M","M","$","?","R","E","R","T","M","?","$","E","?","R","B",null,"M","?","$","M","?","R","E","R","T","?","R","$","?","M","R","B",null,"M","$","?","?","M","R","M","M","T","M"],"character_chosen":"DEFECT","items_purchased":["Defragment","Hologram","Capacitor","Coolheaded","Turbo","Blizzard","Loop"],"campfire_rested":0,"item_purchase_floors":[4,4,20,20,29,29,36],"current_hp_per_floor":[64,64,64,64,64,64,47,47,47,41,41,41,2,2,2,2,49,44,44,44,29,29,29,24,24,29,29,29,29,29,31,31,34,57,58,58,58,64,41,41,46,7,12,5],"gold":104,"neow_bonus":"THREE_ENEMY_KILL","is_prod":false,"is_daily":false,"chose_seed":false,"campfire_upgraded":8,"win_rate":0,"timestamp":1551198699,"path_taken":["M","M","M","$","?","R","E","R","T","?","?","$","E","?","R","BOSS","M","?","$","M","?","R","E","R","T","?","R","$","?","M","R","BOSS","M","$","?","?","M","R","M","M","T","M"],"build_version":"2019-01-23","purchased_purges":2,"victory":false,"max_hp_per_floor":[71,71,71,71,71,71,71,71,71,71,64,64,64,64,64,64,64,64,64,64,64,64,64,64,64,64,64,64,64,64,64,64,64,64,64,64,64,64,64,64,64,64,64,64],"card_choices":[{"not_picked":["Scrape","Undo"],"picked":"Conserve Battery","floor":1.0},{"not_picked":["Streamline","Chaos"],"picked":"Stack","floor":2.0},{"not_picked":["Conserve Battery","Sweeping Beam"],"picked":"Echo Form","floor":3.0},{"not_picked":["Self Repair","Stack"],"picked":"Compile Driver","floor":7.0},{"not_picked":["Barrage","Sweeping Beam","FTL"],"picked":"SKIP","floor":10.0},{"not_picked":["Thunder Strike","Hologram"],"picked":"Ball Lightning","floor":13.0},{"not_picked":["Machine Learning","Hyperbeam"],"picked":"Core Surge","floor":16.0},{"not_picked":["Rebound","Beam Cell+1"],"picked":"Conserve Battery+1","floor":18.0},{"not_picked":["Go for the Eyes","Self Repair"],"picked":"Electrodynamics","floor":21.0},{"not_picked":["Conserve Battery+1","Scrape"],"picked":"Chill","floor":24.0},{"not_picked":["White Noise","Sweeping Beam","Darkness"],"picked":"SKIP","floor":31.0},{"not_picked":["Core Surge","Amplify"],"picked":"Echo Form","floor":33.0},{"not_picked":["Cold Snap","Gash+1","Streamline"],"picked":"SKIP","floor":35.0},{"not_picked":["Aggregate","Ball Lightning"],"picked":"Turbo+1","floor":39.0},{"not_picked":["Steam Power+1","Beam Cell"],"picked":"Steam+1","floor":41.0},{"not_picked":["Stack","Redo"],"picked":"Coolheaded+1","floor":42.0}],"player_experience":1013629,"relics_obtained":[{"floor":7.0,"key":"Pen Nib"},{"floor":9.0,"key":"Bronze Scales"},{"floor":13.0,"key":"Whetstone"},{"floor":24.0,"key":"Vajra"},{"floor":26.0,"key":"Mummified Hand"}],"event_choices":[{"damage_healed":0.0,"max_hp_gain":0.0,"max_hp_loss":0.0,"gold_gain":0.0,"event_name":"Accursed Blacksmith","player_choice":"Rummage","floor":5.0,"gold_loss":0.0,"damage_taken":0.0,"relics_obtained":["WarpedTongs"],"cards_obtained":["Pain"]},{"damage_healed":0.0,"max_hp_gain":0.0,"max_hp_loss":7.0,"gold_gain":0.0,"event_name":"Golden Idol","player_choice":"Lose Max HP","floor":11.0,"gold_loss":0.0,"damage_taken":0.0,"relics_obtained":["Golden Idol"]},{"damage_healed":0.0,"max_hp_gain":0.0,"max_hp_loss":0.0,"gold_gain":0.0,"event_name":"FaceTrader","player_choice":"Leave","floor":14.0,"gold_loss":0.0,"damage_taken":0.0},{"damage_healed":0.0,"max_hp_gain":0.0,"max_hp_loss":0.0,"gold_gain":0.0,"cards_transformed":["Hyperbeam","Fusion"],"event_name":"Drug Dealer","player_choice":"Became Test Subject","floor":19.0,"gold_loss":0.0,"damage_taken":0.0,"cards_obtained":["Chaos","White Noise"]},{"damage_healed":0.0,"max_hp_gain":0.0,"max_hp_loss":0.0,"gold_gain":0.0,"event_name":"Forgotten Altar","player_choice":"Gave Idol","floor":22.0,"relics_lost":["Golden Idol"],"gold_loss":0.0,"damage_taken":0.0,"relics_obtained":["Bloody Idol"]},{"damage_healed":0.0,"max_hp_gain":0.0,"max_hp_loss":0.0,"gold_gain":0.0,"event_name":"Vampires","player_choice":"Ignored","floor":27.0,"gold_loss":0.0,"damage_taken":0.0},{"damage_healed":0.0,"max_hp_gain":0.0,"max_hp_loss":0.0,"gold_gain":0.0,"event_name":"The Mausoleum","player_choice":"Ignored","floor":30.0,"gold_loss":0.0,"damage_taken":0.0},{"damage_healed":0.0,"max_hp_gain":0.0,"max_hp_loss":0.0,"gold_gain":0.0,"event_name":"Mysterious Sphere","player_choice":"Ignored","floor":37.0,"gold_loss":0.0,"damage_taken":0.0},{"cards_removed":["Chill"],"damage_healed":6.0,"max_hp_gain":0.0,"max_hp_loss":0.0,"gold_gain":0.0,"event_name":"Bonfire Elementals","player_choice":"Offered Uncommon","floor":38.0,"gold_loss":0.0,"damage_taken":0.0}],"is_beta":false,"boss_relics":[{"not_picked":["Sozu","Runic Dome"],"picked":"Pandora\u0027s Box"},{"not_picked":["Fusion Hammer","Velvet Choker"],"picked":"White Beast Statue"}],"items_purged_floors":[12,36],"is_endless":false,"potions_floor_spawned":[1,2,3,10,18,35,39,41,42],"killed_by":"Writhing Mass","ascension_level":20}