{"gold_per_floor":[115,165,70,97,115,115,178,196,196,218,218,218,48,67,67,67],"floor_reached":16,"playtime":227,"items_purged":["Strike_R"],"score":246,"play_id":"4c4679da-9786-4097-8729-5089a42ff3c8","local_time":"20190123203837","is_ascension_mode":true,"campfire_choices":[{"data":"Bash","floor":6,"key":"SMITH"},{"data":"Second Wind","floor":11,"key":"SMITH"},{"data":"Madness","floor":15,"key":"SMITH"}],"neow_cost":"NONE","seed_source_timestamp":26440287485386,"circlet_count":0,"master_deck":["AscendersBane","Strike_R","Strike_R","Strike_R","Strike_R","Defend_R","Defend_R","Defend_R","Defend_R","Bash+1","Finesse","Second Wind+1","Madness+1","Power Through"],"special_seed":0,"relics":["Burning Blood","NeowsBlessing","Tiny Chest","Regal Pillow","Odd Mushroom"],"potions_floor_usage":[14],"damage_taken":[{"damage":0.0,"enemies":"Jaw Worm","floor":1.0,"turns":1.0},{"damage":0,"enemies":"Cultist","floor":5,"turns":1},{"damage":0,"enemies":"Gremlin Nob","floor":7,"turns":1},{"damage":8,"enemies":"Small Slimes","floor":8,"turns":3},{"damage":52,"enemies":"The Mushroom Lair","floor":10,"turns":6},{"damage":0,"enemies":"3 Louse","floor":14,"turns":1},{"damage":0,"enemies":"Hexaghost","floor":16,"turns":2}],"seed_played":"-6787738689896667681","potions_obtained":[{"floor":8,"key":"AttackPotion"},{"floor":10,"key":"SteroidPotion"}],"is_trial":false,"path_per_floor":["M","?","$","T","M","R","E","M","T","?","R","?","$","M","R","B"],"character_chosen":"IRONCLAD","items_purchased":["Finesse","Madness"],"campfire_rested":0,"item_purchase_floors":[3,13],"current_hp_per_floor":[74,67,67,67,73,73,75,73,73,27,27,27,27,33,33,33],"gold":67,"neow_bonus":"THREE_ENEMY_KILL","is_prod":false,"is_daily":false,"chose_seed":false,"campfire_upgraded":3,"win_rate":0,"timestamp":1548247117,"path_taken":["M","?","?","?","M","R","E","M","T","?","R","?","$","M","R","BOSS"],"build_version":"2019-01-17v2","purchased_purges":1,"victory":false,"max_hp_per_floor":[75,75,75,75,75,75,75,75,75,75,75,75,75,75,75,75],"card_choices":[{"not_picked":["Warcry","Headbutt","Cleave"],"picked":"SKIP","floor":1.0},{"not_picked":["Ghostly Armor","Iron Wave","Sword Boomerang"],"picked":"SKIP","floor":5},{"not_picked":["Headbutt","Whirlwind","Perfected Strike"],"picked":"SKIP","floor":7},{"not_picked":["Clash","Sever Soul"],"picked":"Second Wind","floor":8},{"not_picked":["Spot Weakness","Intimidate"],"picked":"Power Through","floor":14}],"player_experience":2177554,"relics_obtained":[{"floor":7,"key":"Tiny Chest"},{"floor":9,"key":"Regal Pillow"},{"floor":10,"key":"Odd Mushroom"}],"event_choices":[{"damage_healed":0,"gold_gain":50,"player_choice":"Touch","damage_taken":7,"max_hp_gain":0,"max_hp_loss":0,"event_name":"FaceTrader","floor":2,"gold_loss":0},{"damage_healed":0,"gold_gain":0,"player_choice":"Fought Mushrooms","damage_taken":0,"max_hp_gain":0,"max_hp_loss":0,"event_name":"Mushrooms","floor":10,"gold_loss":0},{"damage_healed":0,"gold_gain":0,"player_choice":"Ignored","damage_taken":0,"max_hp_gain":0,"max_hp_loss":0,"event_name":"Liars Game","floor":12,"gold_loss":0}],"is_beta":false,"boss_relics":[],"items_purged_floors":[13],"is_endless":false,"potions_floor_spawned":[8,10],"killed_by":"Hexaghost","ascension_level":20}