{"gold_per_floor":[16,28,38,58,58,93,93,103,153,78,78,78,153,53,53,153,153,133,145,165,165,181,181,96,96,96,108,146,33,62,77,77,177,177,188,38,56,56,70,70,86,97,97,97,122,136,146,0,0,0],"floor_reached":51,"playtime":2215,"items_purged":["Strike_G","Strike_G","Strike_G","Defend_G"],"score":794,"play_id":"9761df9c-93d3-4fb2-89e5-840ac8624079","local_time":"20181124202013","is_ascension_mode":false,"campfire_choices":[{"data":"Bouncing Flask","floor":7.0,"key":"SMITH"},{"data":"Footwork","floor":11.0,"key":"SMITH"},{"data":"Neutralize","floor":15.0,"key":"SMITH"},{"data":"Well Laid Plans","floor":23.0,"key":"SMITH"},{"data":"Noxious Fumes","floor":25.0,"key":"SMITH"},{"data":"Wraith Form v2","floor":27.0,"key":"SMITH"},{"data":"Catalyst","floor":32.0,"key":"SMITH"},{"data":"Catalyst","floor":40.0,"key":"SMITH"},{"data":"Malaise","floor":44.0,"key":"SMITH"},{"data":"Well Laid Plans","floor":49,"key":"SMITH"}],"neow_cost":"NO_GOLD","seed_source_timestamp":37468665296833,"circlet_count":0,"master_deck":["Defend_G","Defend_G","Defend_G","Defend_G","Survivor","Neutralize+1","Venomology","Escape Plan","Bouncing Flask+1","Footwork+1","Malaise+1","Leg Sweep","Well Laid Plans+1","Noxious Fumes+1","Wraith Form v2+1","Purity","Night Terror","Catalyst+1","Well Laid Plans+1","Catalyst+1","Backflip+1","Corpse Explosion","Bullet Time"],"special_seed":0,"relics":["Ring of the Serpent","Bottled Lightning","Ancient Tea Set","Velvet Choker","MawBank","Bottled Flame","Snake Skull","Dodecahedron","Vajra","Red Mask"],"potions_floor_usage":[50,50,50,50],"damage_taken":[{"damage":0.0,"enemies":"Jaw Worm","floor":1.0,"turns":9.0},{"damage":3.0,"enemies":"Small Slimes","floor":2.0,"turns":3.0},{"damage":0.0,"enemies":"2 Louse","floor":3.0,"turns":3.0},{"damage":4.0,"enemies":"Blue Slaver","floor":4.0,"turns":5.0},{"damage":21.0,"enemies":"3 Sentries","floor":6.0,"turns":9.0},{"damage":1.0,"enemies":"Exordium Wildlife","floor":8.0,"turns":4.0},{"damage":8.0,"enemies":"Hexaghost","floor":16.0,"turns":9.0},{"damage":0.0,"enemies":"2 Thieves","floor":18.0,"turns":5.0},{"damage":0.0,"enemies":"Chosen","floor":19.0,"turns":6.0},{"damage":0.0,"enemies":"Centurion and Healer","floor":20.0,"turns":10.0},{"damage":5.0,"enemies":"Sentry and Sphere","floor":22.0,"turns":6.0},{"damage":25.0,"enemies":"Slavers","floor":28.0,"turns":6.0},{"damage":0.0,"enemies":"Book of Stabbing","floor":30.0,"turns":8.0},{"damage":0.0,"enemies":"Snake Plant","floor":31.0,"turns":5.0},{"damage":3.0,"enemies":"Collector","floor":33.0,"turns":4.0},{"damage":0.0,"enemies":"Orb Walker","floor":35.0,"turns":4.0},{"damage":0.0,"enemies":"3 Shapes","floor":37.0,"turns":7.0},{"damage":18.0,"enemies":"Jaw Worm Horde","floor":39.0,"turns":5.0},{"damage":0.0,"enemies":"3 Darklings","floor":41.0,"turns":4.0},{"damage":7.0,"enemies":"4 Shapes","floor":42.0,"turns":3.0},{"damage":0.0,"enemies":"Giant Head","floor":45.0,"turns":5.0},{"damage":6.0,"enemies":"Maw","floor":46.0,"turns":4.0},{"damage":5,"enemies":"Sphere and 2 Shapes","floor":47,"turns":4},{"damage":22,"enemies":"Awakened One","floor":50,"turns":16}],"seed_played":"5512797194831767306","potions_obtained":[{"floor":2.0,"key":"SkillPotion"},{"floor":6.0,"key":"GhostInAJar"},{"floor":8.0,"key":"Poison Potion"},{"floor":18.0,"key":"SteroidPotion"},{"floor":30.0,"key":"PowerPotion"},{"floor":41.0,"key":"EssenceOfSteel"}],"is_trial":false,"path_per_floor":["M","M","M","M","?","E","R","M","T","$","R","?","?","$","R","B",null,"M","M","M","?","M","R","$","R","T","R","E","$","E","M","R","B",null,"M","$","M","?","M","R","M","M","T","R","E","M","M","?","R","B",null],"character_chosen":"THE_SILENT","items_purchased":["Purity"],"campfire_rested":0,"item_purchase_floors":[24],"current_hp_per_floor":[70,67,67,63,56,35,35,34,34,34,34,34,23,23,23,15,70,70,70,70,70,65,65,65,65,65,65,40,40,55,55,55,52,70,70,70,70,70,52,52,52,45,45,45,45,39,34,34,34,12],"gold":0,"neow_bonus":"THREE_RARE_CARDS","is_prod":false,"is_daily":false,"chose_seed":false,"campfire_upgraded":10,"win_rate":0,"timestamp":1543062013,"path_taken":["M","M","M","M","?","E","R","M","T","$","R","?","?","?","R","BOSS","M","M","M","?","M","R","$","R","T","R","E","?","E","M","R","BOSS","M","$","M","?","M","R","M","M","T","R","E","M","M","?","R","BOSS"],"build_version":"2018-11-15","purchased_purges":4,"victory":true,"max_hp_per_floor":[70,70,70,70,70,70,70,70,70,70,70,70,70,70,70,70,70,70,70,70,70,70,70,70,70,70,70,70,70,70,70,70,70,70,70,70,70,70,70,70,70,70,70,70,70,70,70,70,70,70],"card_choices":[{"not_picked":["A Thousand Cuts","Tools of the Trade"],"picked":"Venomology","floor":0.0},{"not_picked":["Predator","Quick Slash"],"picked":"Escape Plan","floor":1.0},{"not_picked":["Dodge and Roll","Caltrops"],"picked":"Bouncing Flask","floor":2.0},{"not_picked":["Acrobatics","Quick Slash","Expertise"],"picked":"SKIP","floor":3.0},{"not_picked":["Acrobatics","Deflect","Expertise"],"picked":"SKIP","floor":4.0},{"not_picked":["Dodge and Roll","Dagger Spray","Terror"],"picked":"SKIP","floor":6.0},{"not_picked":["Dodge and Roll","Dagger Spray","Terror"],"picked":"SKIP","floor":6.0},{"not_picked":["Flying Knee","Sucker Punch"],"picked":"Footwork","floor":8.0},{"not_picked":["Venomology","Storm of Steel"],"picked":"Malaise","floor":16.0},{"not_picked":["Dodge and Roll","Blade Dance+1"],"picked":"Leg Sweep","floor":18.0},{"not_picked":["Backflip+1","PiercingWail+1"],"picked":"Well Laid Plans","floor":19.0},{"not_picked":["Eviscerate+1","Predator+1","Escape Plan"],"picked":"SKIP","floor":20.0},{"not_picked":["Underhanded Strike","Deflect","Skewer"],"picked":"SKIP","floor":22.0},{"not_picked":["Bouncing Flask+1","Dodge and Roll"],"picked":"Night Terror","floor":28.0},{"not_picked":["PiercingWail+1","Underhanded Strike"],"picked":"Catalyst","floor":30.0},{"not_picked":["Backflip+1","Slice+1"],"picked":"Well Laid Plans","floor":31.0},{"not_picked":["Venomology","Bullet Time"],"picked":"After Image","floor":33.0},{"not_picked":["Dagger Throw","Deflect"],"picked":"Catalyst","floor":35.0},{"not_picked":["Poisoned Stab","Flying Knee+1"],"picked":"Backflip+1","floor":37.0},{"not_picked":["Deflect+1","Acrobatics+1"],"picked":"Corpse Explosion","floor":39.0},{"not_picked":["Slice","Bouncing Flask+1","Quick Slash"],"picked":"SKIP","floor":41.0},{"not_picked":["Deflect","Bane","All Out Attack"],"picked":"SKIP","floor":42.0},{"not_picked":["Deadly Poison","Predator+1"],"picked":"Bullet Time","floor":45.0},{"not_picked":["Quick Slash","Slice+1","Dagger Throw"],"picked":"SKIP","floor":46.0},{"not_picked":["Flying Knee+1","All Out Attack","Infinite Blades+1"],"picked":"SKIP","floor":47}],"player_experience":1161853,"relics_obtained":[{"floor":6.0,"key":"Bottled Lightning"},{"floor":9.0,"key":"Ancient Tea Set"},{"floor":26.0,"key":"MawBank"},{"floor":28.0,"key":"Bottled Flame"},{"floor":30.0,"key":"Snake Skull"},{"floor":43.0,"key":"Dodecahedron"},{"floor":45.0,"key":"Vajra"}],"event_choices":[{"cards_removed":["Strike_G"],"damage_healed":0.0,"max_hp_gain":0.0,"max_hp_loss":0.0,"gold_gain":0.0,"event_name":"Golden Wing","player_choice":"Card Removal","floor":5.0,"gold_loss":0.0,"damage_taken":7.0},{"cards_removed":["Strike_G"],"damage_healed":0.0,"max_hp_gain":0.0,"max_hp_loss":0.0,"gold_gain":0.0,"event_name":"Living Wall","player_choice":"Forget","floor":12.0,"gold_loss":0.0,"damage_taken":0.0},{"damage_healed":0.0,"max_hp_gain":0.0,"max_hp_loss":0.0,"gold_gain":75.0,"event_name":"World of Goop","player_choice":"Gather Gold","floor":13.0,"gold_loss":0.0,"damage_taken":11.0},{"damage_healed":0.0,"max_hp_gain":0.0,"max_hp_loss":0.0,"gold_gain":0.0,"event_name":"Match and Keep!","player_choice":"2 cards matched","floor":21.0,"gold_loss":0.0,"damage_taken":0.0,"cards_obtained":["Noxious Fumes","Wraith Form v2"]},{"cards_removed":["After Image"],"damage_healed":0.0,"max_hp_gain":0.0,"max_hp_loss":0.0,"gold_gain":0.0,"event_name":"Falling","player_choice":"Removed Power","floor":38.0,"gold_loss":0.0,"damage_taken":0.0},{"damage_healed":0,"gold_gain":0,"player_choice":"Paid","damage_taken":0,"relics_obtained":["Red Mask"],"max_hp_gain":0,"max_hp_loss":0,"event_name":"Tomb of Lord Red Mask","floor":48,"gold_loss":146}],"is_beta":false,"boss_relics":[{"not_picked":["Philosopher\u0027s Stone","Runic Dome"],"picked":"Velvet Choker"},{"not_picked":["WristBlade","Fusion Hammer"],"picked":"Ring of the Serpent"}],"items_purged_floors":[10,14,29,36],"is_endless":false,"potions_floor_spawned":[2,6,8,18,30,35,41,46],"ascension_level":0}