{"gold_per_floor":[110,110,129,144,154,154,154,154,207,237,249,267,267,267],"floor_reached":14,"playtime":399,"items_purged":[],"score":184,"play_id":"bdbddb5b-7cd4-49d2-ae36-c3dd68501839","local_time":"20190121211133","is_ascension_mode":true,"campfire_choices":[{"data":"Coolheaded","floor":6,"key":"SMITH"},{"data":"Gash","floor":8,"key":"SMITH"},{"floor":13,"key":"REST"}],"neow_cost":"TEN_PERCENT_HP_LOSS","seed_source_timestamp":37134533448015,"circlet_count":0,"master_deck":["AscendersBane","Strike_B","Strike_B","Defend_B","Defend_B","Defend_B","Defend_B","Zap","Dualcast","Reinforced Body","Gash+1","Coolheaded+1","Pain","Beam Cell","Defragment"],"relics":["Cracked Core","WarpedTongs","Tiny Chest","Omamori"],"potions_floor_usage":[5,10],"damage_taken":[{"damage":0,"enemies":"Small Slimes","floor":1,"turns":4},{"damage":0,"enemies":"2 Louse","floor":3,"turns":2},{"damage":0,"enemies":"Cultist","floor":4,"turns":4},{"damage":1,"enemies":"Large Slime","floor":5,"turns":7},{"damage":31,"enemies":"3 Sentries","floor":10,"turns":9},{"damage":16,"enemies":"Exordium Thugs","floor":11,"turns":6},{"damage":13,"enemies":"Looter","floor":12,"turns":4},{"damage":0,"enemies":"Lagavulin","floor":14,"turns":1}],"seed_played":"3080535833873738913","potions_obtained":[{"floor":1,"key":"EssenceOfSteel"},{"floor":3,"key":"Strength Potion"},{"floor":4,"key":"Block Potion"}],"is_trial":false,"path_per_floor":["M","?","M","M","M","R","?","R","T","E","M","M","R","E"],"character_chosen":"DEFECT","items_purchased":[],"campfire_rested":1,"item_purchase_floors":[],"current_hp_per_floor":[64,64,64,64,63,63,63,63,63,32,16,3,22,22],"gold":267,"neow_bonus":"REMOVE_TWO","is_prod":false,"is_daily":false,"chose_seed":false,"campfire_upgraded":2,"win_rate":0,"timestamp":1548076293,"path_taken":["M","?","M","M","M","R","?","R","T","E","M","?","R","E"],"build_version":"2019-01-17v2","purchased_purges":0,"victory":false,"max_hp_per_floor":[64,64,64,64,64,64,64,64,64,64,64,64,64,64],"card_choices":[{"not_picked":["Consume","Cold Snap"],"picked":"Reinforced Body","floor":1},{"not_picked":["Redo","Barrage"],"picked":"Gash","floor":3},{"not_picked":["Storm","Blizzard","Fusion"],"picked":"SKIP","floor":4},{"not_picked":["Leap","Compile Driver"],"picked":"Coolheaded","floor":5},{"not_picked":["Conserve Battery","Chaos"],"picked":"Beam Cell","floor":10},{"not_picked":["Barrage","Rebound","Reinforced Body"],"picked":"SKIP","floor":11},{"not_picked":["Glacier","BootSequence"],"picked":"Defragment","floor":12}],"player_experience":2114851,"relics_obtained":[{"floor":9,"key":"Tiny Chest"},{"floor":10,"key":"Omamori"}],"event_choices":[{"damage_healed":0,"gold_gain":0,"player_choice":"Ignored","damage_taken":0,"max_hp_gain":0,"max_hp_loss":0,"event_name":"Liars Game","floor":2,"gold_loss":0},{"damage_healed":0,"gold_gain":0,"player_choice":"Rummage","damage_taken":0,"relics_obtained":["WarpedTongs"],"max_hp_gain":0,"max_hp_loss":0,"event_name":"Accursed Blacksmith","floor":7,"gold_loss":0,"cards_obtained":["Pain"]}],"is_beta":false,"boss_relics":[],"items_purged_floors":[],"is_endless":false,"potions_floor_spawned":[1,3,4],"killed_by":"Lagavulin","ascension_level":20}