{"gold_per_floor":[112,37,37,37,37,37,37,37,37,55,74,74,74],"floor_reached":13,"playtime":168,"items_purged":["Strike_R"],"score":142,"play_id":"cad9cc6b-dd46-4b07-a2e1-c068479b7496","local_time":"20190202150243","is_ascension_mode":true,"campfire_choices":[{"data":"Bash","floor":6,"key":"SMITH"},{"data":"Double Tap","floor":12,"key":"SMITH"}],"neow_cost":"NONE","seed_source_timestamp":9637001546699,"circlet_count":0,"master_deck":["AscendersBane","Strike_R+1","Strike_R","Strike_R","Strike_R","Defend_R","Defend_R","Defend_R","Defend_R+1","Bash+1","Double Tap+1","Evolve"],"relics":["Burning Blood","NeowsBlessing","Golden Idol","Ornamental Fan"],"potions_floor_usage":[],"damage_taken":[{"damage":0,"enemies":"Small Slimes","floor":1,"turns":1},{"damage":0,"enemies":"Jaw Worm","floor":10,"turns":1},{"damage":0,"enemies":"Cultist","floor":11,"turns":1},{"damage":0,"enemies":"Large Slime","floor":13,"turns":1}],"seed_played":"2140320272340865458","potions_obtained":[{"floor":8,"key":"Ancient Potion"},{"floor":8,"key":"EssenceOfSteel"}],"is_trial":false,"path_per_floor":["M","$","?","$","?","R","$","?","T","M","M","R","M"],"character_chosen":"IRONCLAD","items_purchased":[],"campfire_rested":0,"item_purchase_floors":[],"current_hp_per_floor":[74,74,51,51,51,51,51,51,51,57,63,63,63],"gold":74,"neow_bonus":"THREE_ENEMY_KILL","is_prod":false,"is_daily":false,"chose_seed":false,"campfire_upgraded":2,"win_rate":0,"timestamp":1549090963,"path_taken":["M","$","?","$","?","R","?","?","T","M","?","R","M"],"build_version":"2019-01-23","purchased_purges":1,"victory":false,"max_hp_per_floor":[75,75,75,75,68,68,68,68,68,68,68,68,68],"card_choices":[{"not_picked":["Havoc","Pommel Strike","Anger"],"picked":"SKIP","floor":1},{"not_picked":["Iron Wave","Entrench"],"picked":"Double Tap","floor":10},{"not_picked":["Metallicize","Power Through"],"picked":"Evolve","floor":11}],"player_experience":2454292,"relics_obtained":[{"floor":9,"key":"Ornamental Fan"}],"event_choices":[{"damage_healed":0,"gold_gain":0,"player_choice":"Entered Light","damage_taken":23,"max_hp_gain":0,"max_hp_loss":0,"event_name":"Shining Light","floor":3,"gold_loss":0,"cards_upgraded":["Defend_R","Strike_R"]},{"damage_healed":0,"gold_gain":0,"player_choice":"Lose Max HP","damage_taken":0,"relics_obtained":["Golden Idol"],"max_hp_gain":0,"max_hp_loss":7,"event_name":"Golden Idol","floor":5,"gold_loss":0},{"damage_healed":0,"gold_gain":0,"player_choice":"Got Potions","damage_taken":0,"max_hp_gain":0,"max_hp_loss":0,"event_name":"Lab","floor":8,"gold_loss":0}],"is_beta":false,"boss_relics":[],"items_purged_floors":[2],"is_endless":false,"potions_floor_spawned":[10,11],"killed_by":"Large Slime","ascension_level":20}