{"gold_per_floor":[118,133,147,72,72,102,102,2,29,29,29,29],"floor_reached":12,"playtime":314,"items_purged":["Strike_G","Strike_G"],"score":152,"play_id":"14c5f156-5eca-48fe-a944-9c384a3f546d","local_time":"20181118002713","is_ascension_mode":true,"campfire_choices":[{"data":"Crippling Poison","floor":7.0,"key":"SMITH"}],"neow_cost":"TEN_PERCENT_HP_LOSS","seed_source_timestamp":1517663860439929,"circlet_count":0,"master_deck":["AscendersBane","Defend_G","Defend_G","Defend_G","Defend_G","Defend_G","Strike_G","Survivor","Neutralize","Backflip","Corpse Explosion","Crippling Poison+1","Well Laid Plans"],"special_seed":0,"relics":["Ring of the Snake","Juzu Bracelet"],"potions_floor_usage":[],"damage_taken":[{"damage":6.0,"enemies":"Cultist","floor":1.0,"turns":6.0},{"damage":4.0,"enemies":"Small Slimes","floor":2.0,"turns":4.0},{"damage":0.0,"enemies":"Jaw Worm","floor":3.0,"turns":5.0},{"damage":13.0,"enemies":"3 Sentries","floor":6.0,"turns":4.0},{"damage":28,"enemies":"Gremlin Nob","floor":12,"turns":4}],"seed_played":"-8364100753069280894","potions_obtained":[{"floor":1.0,"key":"AttackPotion"}],"is_trial":false,"path_per_floor":["M","M","M","$","?","E","R","$","T","?","$","E"],"character_chosen":"THE_SILENT","items_purchased":[],"campfire_rested":0,"item_purchase_floors":[],"current_hp_per_floor":[53,49,49,49,49,36,36,36,36,36,36,8],"gold":29,"neow_bonus":"TRANSFORM_TWO_CARDS","is_prod":false,"is_daily":false,"chose_seed":false,"campfire_upgraded":1,"win_rate":0,"timestamp":1542472033,"path_taken":["M","M","?","$","?","E","R","$","T","?","?","E"],"build_version":"2018-11-15","purchased_purges":2,"victory":false,"max_hp_per_floor":[60,60,60,60,60,60,60,60,60,60,60,60],"card_choices":[{"not_picked":["Choke","Slice"],"picked":"Crippling Poison","floor":1.0},{"not_picked":["Blur","Prepared"],"picked":"Well Laid Plans","floor":2.0},{"not_picked":["Heel Hook","Calculated Gamble","Dagger Throw"],"picked":"SKIP","floor":3.0},{"not_picked":["Dagger Spray","PiercingWail","Dodge and Roll"],"picked":"SKIP","floor":6.0}],"player_experience":522279,"relics_obtained":[{"floor":6.0,"key":"Juzu Bracelet"}],"event_choices":[{"damage_healed":0.0,"max_hp_gain":0.0,"max_hp_loss":0.0,"gold_gain":0.0,"event_name":"Liars Game","player_choice":"Ignored","floor":5.0,"gold_loss":0.0,"damage_taken":0.0},{"damage_healed":0,"gold_gain":0,"player_choice":"Searched \u00270\u0027 times","damage_taken":0,"max_hp_gain":0,"max_hp_loss":0,"event_name":"Dead Adventurer","floor":10,"gold_loss":0}],"is_beta":true,"boss_relics":[],"items_purged_floors":[4,8],"is_endless":false,"potions_floor_spawned":[1],"killed_by":"Gremlin Nob","ascension_level":20}