{"gold_per_floor":[115,115,126,137,149,149,324,324,324,341,226,176,176,188,188,285,285,302,79,79,99,117,117,39,68,68,68,68],"floor_reached":28,"playtime":2073,"items_purged":["Doubt","Strike_R"],"score":353,"play_id":"3ee09b67-c72e-4d53-adad-7f0f6dd7f41c","local_time":"20190730084744","is_ascension_mode":true,"campfire_choices":[{"data":"Immolate","floor":6,"key":"SMITH"},{"data":"Juggernaut","floor":8,"key":"SMITH"},{"data":"Iron Wave","floor":13,"key":"SMITH"},{"data":"True Grit","floor":15,"key":"SMITH"},{"data":"Shrug It Off","floor":23,"key":"SMITH"}],"neow_cost":"TEN_PERCENT_HP_LOSS","seed_source_timestamp":382393010455,"circlet_count":0,"master_deck":["AscendersBane","Strike_R","Strike_R","Defend_R","Defend_R","Defend_R","Defend_R","Bash","Juggernaut+1","Iron Wave+1","Immolate+1","Bash","True Grit+1","Pommel Strike","Shrug It Off+1","Impervious+1","Entrench+1","Shockwave+1","Offering+1","Metallicize","Shrug It Off+1","Warcry+1","Rampage","Necronomicurse"],"relics":["Burning Blood","Toxic Egg 2","White Beast Statue","Blue Candle","Shuriken","Necronomicon"],"potions_floor_usage":[16,25,25],"damage_taken":[{"damage":13,"enemies":"Jaw Worm","floor":1,"turns":4},{"damage":1,"enemies":"Cultist","floor":3,"turns":4},{"damage":0,"enemies":"2 Louse","floor":4,"turns":2},{"damage":9,"enemies":"2 Fungi Beasts","floor":5,"turns":2},{"damage":0,"enemies":"3 Louse","floor":10,"turns":2},{"damage":8,"enemies":"Blue Slaver","floor":14,"turns":3},{"damage":35,"enemies":"The Guardian","floor":16,"turns":15},{"damage":22,"enemies":"Chosen","floor":18,"turns":6},{"damage":11,"enemies":"Shell Parasite","floor":21,"turns":7},{"damage":18,"enemies":"Centurion and Healer","floor":22,"turns":9},{"damage":37,"enemies":"Slavers","floor":25,"turns":5},{"damage":11,"enemies":"Shelled Parasite and Fungi","floor":28,"turns":3}],"seed_played":"-3924808137756307865","potions_obtained":[{"floor":5,"key":"SpeedPotion"},{"floor":14,"key":"Swift Potion"},{"floor":18,"key":"EssenceOfSteel"},{"floor":25,"key":"FairyPotion"}],"is_trial":false,"path_per_floor":["M","?","M","M","M","R","?","R","T","M","$","?","R","M","R","B",null,"M","$","?","M","M","R","$","E","T","?","M"],"character_chosen":"IRONCLAD","items_purchased":["Entrench+1","Metallicize","Shrug It Off+1","Regen Potion"],"campfire_rested":0,"item_purchase_floors":[11,19,19,24],"current_hp_per_floor":[65,65,70,72,69,69,69,69,69,72,72,72,72,70,70,41,64,48,48,48,43,31,31,31,14,14,7,0],"gold":68,"neow_bonus":"THREE_RARE_CARDS","is_prod":false,"is_daily":false,"chose_seed":false,"campfire_upgraded":5,"win_rate":0,"timestamp":1564494464,"path_taken":["M","?","M","M","?","R","?","R","T","M","$","?","R","M","R","BOSS","M","$","?","M","M","R","$","E","T","?","M"],"build_version":"2019-07-17","purchased_purges":2,"victory":false,"max_hp_per_floor":[72,72,72,72,72,72,72,72,72,72,72,72,72,72,72,72,72,72,72,72,72,72,72,72,72,72,72,72],"card_choices":[{"not_picked":["Fiend Fire","Immolate"],"picked":"Juggernaut","floor":0},{"not_picked":["Clash","Cleave"],"picked":"Iron Wave","floor":1},{"not_picked":["Body Slam","Reckless Charge"],"picked":"True Grit","floor":3},{"not_picked":["Heavy Blade","Thunderclap"],"picked":"Pommel Strike","floor":4},{"not_picked":["Infernal Blade","Warcry"],"picked":"Shrug It Off","floor":5},{"not_picked":["Pummel","Combust"],"picked":"Impervious+1","floor":10},{"not_picked":["Clothesline","Whirlwind"],"picked":"Shockwave+1","floor":14},{"not_picked":["Berserk","Dark Embrace"],"picked":"Offering+1","floor":16},{"not_picked":["Pommel Strike","Blood for Blood","Anger"],"picked":"SKIP","floor":18},{"not_picked":["Clothesline","Clash","Anger"],"picked":"SKIP","floor":21},{"not_picked":["Reckless Charge","Sword Boomerang"],"picked":"Warcry+1","floor":22},{"not_picked":["Shockwave+1","Headbutt+1"],"picked":"Rampage","floor":25}],"player_experience":390028,"relics_obtained":[{"floor":9,"key":"Toxic Egg 2"},{"floor":25,"key":"Blue Candle"},{"floor":26,"key":"Shuriken"},{"floor":27,"key":"Necronomicon"}],"event_choices":[{"damage_healed":0,"gold_gain":0,"player_choice":"2 cards matched","damage_taken":0,"max_hp_gain":0,"max_hp_loss":0,"event_name":"Match and Keep!","floor":2,"gold_loss":0,"cards_obtained":["Immolate","Bash"]},{"damage_healed":0,"gold_gain":175,"player_choice":"AGREE","damage_taken":0,"max_hp_gain":0,"max_hp_loss":0,"event_name":"Liars Game","floor":7,"gold_loss":0,"cards_obtained":["Doubt"]},{"cards_removed":["Strike_R"],"damage_healed":0,"gold_gain":0,"player_choice":"Card Removal","damage_taken":0,"max_hp_gain":0,"max_hp_loss":0,"event_name":"The Cleric","floor":12,"gold_loss":50},{"cards_removed":["Strike_R"],"damage_healed":0,"gold_gain":0,"player_choice":"Elegance","damage_taken":0,"max_hp_gain":0,"max_hp_loss":0,"event_name":"Back to Basics","floor":20,"gold_loss":0},{"damage_healed":0,"gold_gain":0,"player_choice":"Obtained Book","damage_taken":16,"max_hp_gain":0,"max_hp_loss":0,"event_name":"Cursed Tome","floor":27,"gold_loss":0}],"is_beta":false,"boss_relics":[{"not_picked":["Runic Pyramid","Snecko Eye"],"picked":"White Beast Statue"}],"items_purged_floors":[11,19],"is_endless":false,"potions_floor_spawned":[5,14,18,21,22,25],"killed_by":"Shelled Parasite and Fungi","ascension_level":11}